4192 6260
630 366 734 419 299

1713 369 2340 425 ‘ENNODII‘EI’ISCUPI
2378 368 2751 429 TlCINENSlS

3765 374 3870 427 30')

700 484 972 537 Excuses.
1023 484 1316 547 Prwterea,
1352 493 1406 536 ut
1440 493 1521 538 εει
1543 484 1684 538 fandi
1735 486 1972 555 locuples
2020 498 2187 556 pater,
2222 495 2264 552 Α
2297 503 2521 541 tuacem.
2553 489 2711 541 Miror
2756 497 2959 553 tamen,
2994 485 3092 538 nisi
3138 484 3275 554 quod
3319 485 3475 553 effugi
3521 486 3587 539 de
3630 486 3867 543 barbaris

629 585 683 628 et
714 576 921 629 vivendi
949 576 1292 629 diuturnitate
1328 575 1515 629 didicit
1554 587 1885 643 przesentare
1922 580 2063 647 quod
2111 580 2191 632 lo-

634 668 832 734 quitur,
864 667 1064 720 callens
1092 667 1365 734 imponere
1397 668 1771 723 necessitatem
1800 669 2068 724 mentibus
2101 685 2195 738 per

628 754 882 818 auditum,
933 755 1060 809 dicit
1109 756 1356 810 omnibus
1418 758 1469 810 in
1519 758 1846 813 humanitate
1876 760 2193 830 degentibus

628 847 804 900 cibum
834 860 953 899 esse
978 861 1333 912 communem,
1364 857 1419 902 et
1441 848 1508 902 ab
1545 865 1648 903 uuo
1671 851 1869 919 ﬂagitat
1912 853 2052 921 quod
2085 867 2189 906 non

629 937 755 990 licet
776 949 1095 1004 quemquam
1132 952 1353 1006 negare,
1383 938 1710 1007 generaliter
1732 940 1963 1009 allegans
2009 940 2191 995 deberi

630 1027 891 1080 universis
920 1026 1171 1096 quidquid
1205 1038 1342 1081 terra
1375 1030 1703 1096 produxerit.
1737 1028 1841 1083 Sed
1871 1030 2086 1099 quando
2138 1030 2192 1083 in

628 1133 964 1172 communem
993 1133 1141 1171 usum
1174 1133 1324 1187 seges
1352 1120 1611 1173 triticeam
1649 1120 1890 1175 sobolem
1925 1131 1980 1176 et
2015 1121 2193 1191 liquo-

630 1222 741 1259 rem
767 1208 942 1260 vineta
967 1206 1276 1269 fundebant,
1311 1223 1408 1262 nec
1437 1209 1632 1263 viritim
1666 1211 1823 1263 tellus
1870 1222 1986 1265 erat
2014 1212 2195 1266 distri-

627 1296 749 1350 buta
777 1299 1105 1353 cultoribus:
1139 1302 1314 1353 nullus
1347 1302 1484 1354 inter
1514 1301 1695 1355 h0stcs
1728 1302 1891 1358 ﬁlium
1950 1306 2030 1358 sic
2074 1306 2198 1360 reli-

626 1390 782 1456 quit,
839 1397 898 1442 ut
950 1390 1257 1444 crederetur
1309 1391 1534 1458 gemitus
1591 1394 1890 1461 praetulisse
1938 1396 2191 1450 servitiis.

630 1480 838 1545 Ignoro,
883 1480 1110 1547 judices,
1146 1493 1423 1549 postquam
1446 1483 1667 1552 elegerit
1699 1484 1984 1554 lacryznas,
2016 1487 2083 1542 de
2110 1504 2198 1541 su-

628 1572 846 1638 perstite
873 1572 997 1639 quid
1034 1573 1284 1640 requirat.
1326 1574 1432 1628 Sed
1466 1586 1662 1630 metum
1696 1578 1848 1630 llOblS
1880 1578 2008 1646 legis
2045 1581 2195 1647 obje-

624 1669 753 1724 ctat,
781 1670 833 1715 et
859 1660 999 1729 quod
1026 1660 1165 1714 inter
1188 1672 1438 1729 parentes
1458 1672 1512 1717 et
1550 1664 1747 1718 liberos
1794 1668 2049 1735 scriptum
2090 1677 2192 1733 est,

625 1750 727 1804 sibi
753 1749 936 1803 deberi
956 1751 1089 1814 vult,
1113 1752 1201 1819 qui
1228 1751 1611 1807 nihilexhibuit
1643 1754 1709 1808 de
1738 1768 1977 1823 parente.
2004 1758 2192 1812 Volun-

628 1851 787 1896 tatem
818 1852 1079 1907 nostram,
1106 1842 1230 1897 dum
1259 1845 1519 1913 cogimur,
1553 1846 1774 1915 quaerit;
1823 1857 1876 1901 et
1924 1848 2191 1903 desiderat

626 1936 727 1988 hoc
758 1950 855 1988 nos
906 1936 1160 1990 exhibere
1212 1938 1414 2005 pietati,
1469 1938 1609 2007 quod
1656 1940 1770 2007 ipse
1811 1939 2083 2006 professus
2112 1954 2194 1997 est

623 2035 966 2079 excusantem
1013 2042 1119 2079 non
1168 2041 1322 2095 posse
1367 2044 1563 2097 negare
1601 2029 1891 2084 formidini.
1944 2030 2191 2102 Nunquid

624 2116 1007 2171 misericordiae
1060 2118 1209 2173 locus
1240 2128 1321 2173 est
1360 2120 1449 2175 ubi
1478 2121 1639 2175 instat
1694 2122 2014 2188 imperium?
2054 2125 2192 2193 quod

624 2222 730 2261 non
761 2206 885 2262 licet
909 2209 1172 2275 subtrahi,
1206 2225 1312 2264 non
1345 2225 1627 2279 possumus
1654 2211 1834 2267 dicere
1873 2214 2194 2271 liberalitate

623 2298 893 2366 conferri;
924 2300 1204 2356 clementia
1235 2304 1337 2357 nisi
1358 2304 1583 2373 ingenua
1608 2320 1713 2360 non
1744 2315 1963 2361 vocatur
1991 2326 2004 2360 :
2042 2309 2195 2378 quid-

623 2389 748 2455 quid
781 2406 887 2443 non
924 2390 1050 2445 dare
1071 2394 1347 2462 prmvalcs,
1380 2410 1475 2450 ceu
1501 2397 1833 2453 intermunus
1856 2409 2122 2467 computa,
2151 2401 2193 2454 si

622 2477 837 2533 dedisti.
873 2482 942 2534 At
972 2482 1222 2551 frequens
1270 2485 1426 2541 nobis
1472 2496 1676 2543 naturae
1724 2490 1938 2545 iteratio
1987 2502 2041 2546 et
2070 2506 2193 2545 san-

623 2578 769 2624 ctum
822 2574 1078 2628 creatoris
1108 2590 1299 2631 nomen
1331 2578 1574 2646 obsistet,
1621 2582 1773 2651 quasi
1820 2599 1977 2638 usura
2030 2586 2191 2651 lucis,

624 2657 765 2715 dono
797 2671 943 2730 parta
965 2664 1283 2733 cwlestium,
1312 2665 1451 2721 inter
1488 2670 1575 2724 illa
1609 2686 1727 2740 qua:
1773 2672 1841 2727 ab
1892 2674 2197 2729 hominibus

624 2753 928 2811 tribuuntur
989 2758 1155 2826 possit
1192 2760 1388 2815 ascribi
1434 2780 1445 2814 :
1495 2765 1832 2834 sacrilegium
1861 2777 1943 2821 est
1969 2782 2196 2837 supero-

623 2858 739 2897 rum
780 2845 1161 2916 indulgentiam
1190 2865 1373 2905 semen
1402 2852 1602 2909 dixisse
1632 2857 1935 2911 mortalium
1957 2901 1970 2923 ,
2004 2858 2071 2913 de
2086 2860 2196 2913 sola

622 2934 785 2989 habet
832 2936 1056 2994 libidine
1113 2942 1471 2998 testimonium
1505 2955 1658 3014 pater
1711 2949 1960 3003 crudelis.
2014 2950 2196 3019 .lungit

611 3027 782 3080 etiam
812 3030 1066 3085 oneribus
1094 3033 1248 3102 meis,
1276 3033 1401 3088 dum
1432 3039 1663 3106 reposcit
1692 3039 1881 3095 solatia
1914 3042 2154 3097 destituti
2176 3088 2191 3114 ,

615 3117 807 3174 dicens
836 3120 937 3175 sibi
966 3122 1232 3177 civitatem
1262 3129 1497 3194 potuisse
1524 3143 1837 3186 succurrere
1856 3173 1870 3198 ,
1922 3134 1972 3186 ni
2022 3135 2196 3189 redis-

614 3226 758 3265 sem.
786 3211 920 3278 Quid
939 3215 1081 3270 aliud
1110 3218 1357 3275 voluntas
1386 3221 1485 3275 ista
1515 3225 1835 3291 manifestat,
1863 3228 1964 3281 nisi
1994 3238 2049 3282 ut
2074 3245 2188 3284 rur—
2221 3231 2265 3294 C

622 3316 715 3356 sus
746 3318 831 3358 me
862 3306 1027 3372 pirata
1055 3310 1309 3377 suscipiat
1335 3329 1348 3365 :
1395 3312 1438 3365 si
1464 3316 1644 3382 gravis
1670 3325 1753 3370 est
1798 3318 2029 3389 inempta
2060 3322 2194 3375 visio

616 3391 793 3459 prolis
821 3400 957 3459 tute;
990 3406 1154 3465 certe,
1189 3400 1274 3453 vel
1297 3402 1438 3469 quod
1459 3405 1598 3459 soles
1630 3422 1824 3477 magno
1851 3424 2192 3480 comparare,

623 3495 799 3535 meum
848 3482 1057 3539 bustum
1081 3489 1196 3543 sine
1228 3491 1396 3558 pretio
1436 3496 1731 3563 possidebis
1760 3515 1771 3550 :
1801 3508 1933 3553 tetas
1978 3504 2193 3571 quidem

624 3573 901 3640 pollicetur
931 3577 1087 3631 vitam
1110 3618 1125 3645 ,
1160 3581 1252 3635 sed
1278 3590 1659 3643 tormemorum
1684 3594 2009 3661 magnitudo,
2038 3612 2195 3666 quant

624 3664 955 3718 acerbiorem
985 3678 1034 3720 te
1064 3668 1306 3737 digresso
1339 3675 1551 3745 pertuli,
1588 3684 1846 3746 promittit
1872 3664 2121 3740 exitium.

695 3751 967 3822 Exempla.
998 3756 1199 3813 Deinde
1231 3764 1492 3829 protulisti
1516 3770 1760 3837 exempla
1792 3784 2012 3839 paterno
2038 3776 2195 3846 digna

625 3848 935 3914 proposito:
966 3850 1059 3903 sed
1093 3853 1533 3922 interpretatione
1553 3860 1854 3920 viluerunt:
1886 3869 2037 3935 quasi
2066 3882 2196 3924 tetas

624 3951 754 3989 cana
805 3938 1085 3997 desideriis
1142 3944 1243 4000 tuis
1290 3948 1540 4018 formam,
1589 3962 1643 4007 et
1689 3971 1796 4009 non
1848 3958 2196 4014 imitationem

626 4027 825 4081 sanctis
856 4033 1165 4098 praestiterit
1193 4034 1465 4092 institutis.
1492 4042 1626 4106 Quid
1664 4047 1839 4114 magni
1872 4047 2059 4103 :‘Eneze
2099 4049 2196 4103 hu-

628 4116 761 4170 meri
815 4119 1066 4186 ponderis
1121 4123 1188 4178 de
1243 4129 1498 4183 creatoris
1552 4132 1694 4187 fasce
1743 4141 2061 4209 senserunt]?
2108 4151 2199 4195 aut

628 4207 822 4275 pressit
865 4210 1029 4266 ﬁlium
1058 4229 1302 4285 corpore,
1335 4221 1485 4289 cujus
1530 4225 1640 4293 ipse
1685 4225 1783 4281 fuit
1811 4246 1951 4298 saepe
1988 4207 2200 4302 bajulus

626 4299 872 4354 actione?
904 4300 993 4356 Vis
1041 4305 1180 4361 scire
1228 4309 1347 4377 quia
1397 4313 1531 4383 eripi
1578 4317 1644 4370 de
1684 4317 1925 4375 hostibus
1970 4299 2199 4381 meruit?

626 4399 750 4444 ante
782 4392 965 4447 oculos
995 4394 1224 4454 locatum
1256 4413 1337 4456 est
1379 4407 1519 4474 quod
1569 4410 1766 4479 noluit,
1811 4430 1877 4468 ne
1923 4429 2197 4486 gravaret,

625 4480 851 4537 credens
876 4485 978 4539 sibi
1001 4490 1327 4558 sepulturam
1361 4502 1755 4565 procurnbentis
1782 4504 1857 4559 Ilii
1891 4480 2039 4563 ruina
2068 4527 2199 4579 pra:-

626 4573 755 4626 stari
785 4588 798 4625 ε
828 4585 882 4629 et
908 4592 974 4631 ne
1002 4583 1377 4647 procedentem
1402 4600 1581 4644 natum
1612 4594 1714 4647 vita
1741 4596 2035 4665 digniorem
2063 4573 2202 4655 seni-
2231 4593 2282 4652 D

629 4659 697 4715 lia
728 4666 966 4721 membra
1006 4671 1330 4742 retinerent,
1362 4690 1612 4735 occasum
1638 4684 1869 4740 civitatis
1911 4689 2041 4742 dixit
2069 4696 2200 4749 satis

626 4766 748 4807 esse
782 4770 880 4824 pro
911 4762 1132 4816 tumulo.
1172 4761 1264 4818 Ille
1307 4769 1644 4835 praedonibus
1683 4775 1944 4833 evadente
1973 4780 2081 4835 ﬁlio
2118 4800 2201 4838 re-

628 4857 845 4899 manere
872 4849 1038 4905 voluit
1066 4868 1079 4905 :
1110 4856 1358 4910 remeasti
1382 4858 1448 4912 ad
1480 4862 1704 4929 patriam
1734 4875 1786 4919 tu
1827 4870 2035 4927 relicto.
2061 4876 2138 4940 Qu
2166 4876 2199 4930 d

628 4932 823 4988 nobilia
852 4936 1116 5006 Scipionis
1146 4959 1241 5013 pro
1279 4950 1519 5015 genitore
1556 4968 1652 5008 suo
1692 4955 1827 5012 facta
1872 4975 2199 5019 commemo-

628 5022 747 5076 ras?
776 5040 895 5080 cum
929 5030 1017 5084 ille
1046 5047 1143 5101 pro
1171 5046 1390 5093 auctore
1416 5043 1601 5097 sedulo
1631 5045 1758 5101 dum
1792 5064 1850 5104 se
1877 5053 2085 5116 obtulit,
2122 5068 2199 5108 to-

632 5121 743 5167 tum
773 5116 948 5184 dedit,
975 5123 1067 5177 sed
1099 5140 1201 5182 non
1223 5136 1554 5203 consumpsit
1579 5140 1824 5195 universa
1853 5160 1971 5212 quae
1997 5147 2195 5203 debuit.

629 5204 852 5276 Semper
880 5221 1123 5270 votorum
1159 5218 1417 5279 bonorum
1447 5237 1530 5281 est
1559 5244 1714 5285 causn
1745 5236 2066 5305 consimilis,
2103 5258 2201 5297 nec

627 5295 860 5398 discreta
884 5313 1009 5358 sunt
1036 5308 1205 5363 studia
1235 5312 1596 5384 benignitatis.
1635 5322 1849 5378 Pronun
1876 5326 1949 5381 iat
1978 5295 2101 5398 quid
2134 5295 2201 5388 de

629 5386 738 5443 filio
771 5403 1057 5463 mereatur,
1097 5400 1185 5467 qui
1216 5415 1338 5457 eum
1366 5406 1431 5460 ad
1462 5409 1638 5465 ofﬁcia
1672 5424 1909 5484 naturae,
1942 5386 2046 5474 n'si
2074 5436 2198 5475 coa-

628 5490 795 5550 ctum,
825 5488 1052 5542 aestimat
1080 5505 1182 5545 non
1216 5496 1421 5552 venire.
1459 5499 1671 5570 Vincla,
1706 5506 1806 5560 nisi
1839 5522 2084 5575 paream,
2115 5513 2200 5567 lex

630 5574 903 5632 minatur:
936 5582 1058 5651 quid
1089 5583 1285 5640 refert?
1326 5587 1406 5643 Ad
1446 5590 1581 5647 hanc
1626 5611 1713 5652 me
1755 5574 2197 5659 consuetudinem

630 5668 1006 5734 suppliciorum
1054 5690 1082 5728 a
1116 5682 1167 5731 te
1206 5691 1488 5747 procurata
1536 5684 1784 5744 formavit
1823 5690 2145 5749 diuturnitas
2175 5736 2189 5759 ,

622 5759 870 5822 quamvis
896 5763 1043 5834 longa
1075 5782 1349 5835 pinnarum
1383 5775 1658 5834 tolerantia
1689 5797 1794 5837 non
1823 5784 1977 5840 faciat
2003 5796 2193 5842 contu-

2303 589 2450 647 pater
2472 578 2705 632 llllule'll
2731 593 2745 629 :
2772 577 2899 631 nihil
2931 586 3010 630 est
3054 576 3192 629 unde
3214 576 3546 631 declinentur
3568 579 3869 649 prasdones,

2297 669 2339 721 si
2366 683 2485 722 sors
2519 668 2632 737 ipsa
2672 677 2923 735 sequatur
2954 667 3003 719 in
3032 668 3254 735 patriam
3284 710 3299 735 ,
3337 684 3436 721 una
3464 679 3573 734 ett,
3614 680 3869 738 quanturn

2301 758 2488 823 video,
2531 758 2779 827 genitalis
2828 758 2926 811 soli
2957 768 3009 811 et
3052 759 3495 826 peregrinationis
3540 760 3866 831 adversitas,

2300 862 2397 901 uec
2428 848 2607 917 dispar
2644 848 2946 903 amaritudo
2994 850 3341 905 redeuntibus
3387 860 3442 904 et
3485 851 3732 918 capulis.
3764 852 3869 906 Ne-

2296 955 2559 1009 quaquam
2593 950 2769 994 tamen
2815 941 2939 1010 quid
2985 941 3193 995 intersit
3233 942 3466 1005 invenio,
3498 958 3596 996 nec
3632 960 3749 1011 quae
3780 961 3873 1012 po-

2300 1027 2560 1082 tissimum
2588 1031 2824 1084 cervices
2866 1045 3012 1085 meas
3041 1039 3226 1085 catena
3268 1040 3445 1085 nectat
3511 1030 3763 1101 inquiro:
3804 1036 3873 1087 ri-

2297 1123 2472 1188 gentis
2503 1122 2628 1175 ferri
2664 1138 2832 1177 nexus
2874 1123 3161 1188 incurram,
3193 1131 3285 1177 aut
3309 1124 3444 1192 gulae
3476 1124 3694 1192 vectigal
3726 1125 3874 1179 exhi-

2300 1211 2453 1265 beam
2475 1252 2490 1276 ,
2520 1228 2623 1266 una
2665 1213 2901 1267 conditio
2928 1222 3029 1267 est.
3062 1213 3281 1282 Jejunus
3320 1213 3505 1280 epulas
3532 1214 3753 1282 portabo
3788 1229 3872 1267 Stt-

2302 1299 2460 1362 tiato,
2511 1309 2583 1365 et,
2633 1300 2771 1369 quod
2818 1310 2897 1353 cst
2943 1301 3210 1370 deterius,
3245 1316 3347 1355 non
3395 1302 3612 1353 atnanti.
3655 1303 3872 1368 Quantis

2300 1385 2475 1440 oblata
2516 1402 2545 1439 a
2587 1402 2673 1442 me
2716 1389 2959 1457 projiciet
2997 1390 3249 1443 alimenta
3290 1389 3546 1444 fastidiis?
3576 1407 3680 1459 quo
3709 1393 3870 1446 ἀρνυ-

2300 1475 2498 1528 tionem
2529 1491 2702 1529 meam
2734 1491 2955 1531 raucore
2985 1478 3248 1532 calcabit?
3280 1479 3440 1532 homo
3477 1494 3632 1547 quem
3664 1482 3871 1534 miseris

2300 1564 2515 1618 cordem
2557 1564 2754 1618 l‘i‘a‘bere
2775 1606 2789 1627 ,
2829 1575 2883 1619 et
2928 1565 3054 1620 dum
3087 1582 3257 1621 essem
3298 1568 3434 1620 inter
3468 1579 3735 1633 extrema,
3769 1587 3871 1625 non

2302 1650 2465 1719 potui.
2502 1651 2582 1704 Ex
2608 1668 2759 1719 aequo
2785 1668 2871 1707 me
2895 1664 2946 1708 et
2972 1669 3281 1723 germanum
3311 1672 3484 1710 meum
3512 1658 3871 1726 redemptione

2301 1741 2492 1796 litteris
2528 1745 2831 1811 poposcisse
2870 1744 3189 1810 denuntiat,
3224 1746 3439 1815 paribus
3486 1747 3873 1805 absolutionem

2303 1830 2614 1900 implorasse
2662 1834 2941 1902 larrytnis,
2986 1835 3037 1889 in
3069 1836 3229 1889 simili
3269 1837 3521 1904 epistolas
3560 1841 3875 1895 constitutos

2297 1928 2441 1975 sorte
2480 1920 2730 1975 dictasse.
2776 1922 2889 1975 Non
2937 1938 3133 1989 renuo,
3186 1941 3289 1979 non
3329 1928 3500 1980 reluto
3530 1969 3545 1994 ,
3583 1928 3772 1983 habeat
3810 1930 3875 1986 de

2298 2010 2396 2065 hac
2434 2011 2732 2079 objectione
2767 2011 3063 2067 victoriam.
3109 2015 3239 2068 Illud
3284 2027 3459 2069 tamen
3507 2015 3722 2084 ﬂagito,
3755 2035 3875 2087 quae

2297 2113 2456 2152 causa
2493 2099 2674 2153 fecerit
2716 2116 2747 2152 u
2799 2102 2937 2169 quod
2976 2101 3079 2155 duo
3137 2114 3523 2171 poposcerunt,
3567 2107 3769 2161 duobus
3795 2119 3877 2167 est

2299 2188 2558 2255 debitum,
2584 2204 2722 2242 unus
2745 2205 2851 2241 arci
2875 2190 3044 2259 perit?
3074 2190 3175 2244 Pro
3198 2192 3435 2261 utrisque
3458 2194 3619 2247 maria
3648 2196 3874 2259 intra-ti,

2297 2290 2350 2333 et
2380 2280 2631 2349 liquentis
2655 2280 2904 2337 elementi
2954 2280 3154 2347 minas,
3196 2292 3449 2350 quantum
3497 2285 3722 2350 asseris,
3768 2287 3876 2352 pie-

2300 2377 2404 2421 tate
2432 2368 2567 2422 duce
2608 2369 2863 2421 transisti.
2914 2367 3046 2435 Quis
3079 2368 3146 2422 de
3189 2369 3397 2435 gemina
3448 2372 3671 2425 caritate
3699 2372 3877 2425 exedat

2299 2458 2503 2513 homini
2531 2476 2649 2514 cum
2675 2478 2778 2513 uno
2804 2460 3080 2514 redeunti?
3102 2461 3379 2530 Nunquam
3398 2463 3758 2517 misericordia
3779 2465 3879 2517 nisi

2299 2547 2592 2616 periclitata
2640 2550 2882 2603 la.;datur
2917 2566 2932 2614 ;
2974 2566 3079 2620 quo
3129 2551 3330 2619 pudore
3394 2564 3643 2606 cessante
3687 2554 3878 2609 effectu

2303 2638 2626 2704 pradicatur
2672 2638 2919 2691 all'eCtio?
2947 2638 3197 2708 Nunquid
3247 2655 3456 2709 semper
3484 2652 3749 2696 secretum
3788 2659 3881 2712 pc-

2297 2730 2460 2784 ctoris
2508 2730 2792 2783 iunoteseit
2849 2732 3116 2784 veraciter
3168 2732 3318 2787 clave
3366 2735 3667 2788 sermonis?
3710 2737 3877 2804 pictas

2299 2832 2416 2885 qua:
2450 2833 2550 2871 non
2592 2821 2750 2872 etiam
2798 2829 2937 2871 muta
2983 2820 3145 2874 rebus
3182 2829 3416 2887 tenetur,
3458 2833 3729 2877 ostentum
3774 2837 3875 2880 est.

2301 2904 2444 2958 Inter
2469 2921 2655 2959 omnes
2699 2906 2946 2960 homines
2995 2908 3303 2962 inconvulsa
3350 2926 3500 2964 amor
3538 2913 3715 2967 radice
3753 2916 3878 2969 sub-

2299 2994 2472 3058 sistet,
2504 2996 2546 3047 si
2577 2996 2717 3049 valet
2754 2997 2851 3049 ism
2892 2998 3132 3066 jactatio.
3170 3000 3275 3054 Lex
3309 3002 3435 3056 dicit
3461 3020 3474 3059 :
3504 3005 3602 3056 Aut
3628 3007 3761 3071 alat,
3791 3018 3880 3062 aut

2298 3082 2564 3137 tinciatur.
2610 3084 2811 3139 Clamat
2855 3098 3045 3155 pater:
3083 3089 3271 3144 Pastus
3320 3094 3412 3146 iste
3453 3098 3683 3164 parenti,
3726 3099 3803 3151 re!
3836 3102 3880 3154 si

2304 3188 2403 3226 non
2430 3176 2669 3240 redimat,
2702 3181 2808 3246 iam
2839 3181 3064 3234 debetur.
3094 3183 3171 3236 Ad
3198 3183 3292 3236 has
3322 3193 3372 3237 te
3402 3188 3644 3254 equidem
3677 3200 3876 3257 partes,

2299 3274 2419 3315 cum
2451 3263 2517 3317 ab
2547 3262 2725 3319 ofﬁcio
2748 3267 2830 3320 cui
2861 3283 2980 3322 eras
3012 3285 3105 3336 per
3138 3280 3381 3325 naturam
3412 3274 3673 3330 obnoxius
3702 3294 3881 3333 cessa-

2305 3351 2411 3412 ris,
2459 3354 2706 3417 armasti;
2762 3355 2970 3423 proﬁcit
3005 3368 3226 3411 ventoso
3259 3363 3573 3428 munimini,
3613 3367 3752 3433 quod
3792 3384 3880 3436 ge-

2305 3443 2482 3495 nuinas
2515 3453 2762 3512 negatum
2790 3455 2871 3498 est
2899 3448 3129 3515 turpiter
3158 3452 3392 3517 puritati.
3417 3451 3589 3508 Crede
3618 3457 3765 3519 mihi,
3798 3460 3876 3512 lex

2303 3544 2421 3583 cum
2458 3542 2732 3597 parentem
2767 3534 2936 3587 locuta
2966 3548 3076 3602 εει,
3112 3554 3213 3591 non
3250 3545 3409 3595 tacuit
3439 3546 3825 3614 redemptorem
3862 3570 3874 3603 :

2304 3619 2511 3673 hortata
2542 3631 2645 3687 est,
2670 3623 2861 3691 jussit,
2895 3627 3118 3681 extorsit
3150 3633 3392 3685 UﬂlVCTS:l
3434 3634 3762 3692 sufficienter
3783 3641 3879 3692 im-

2308 3711 2441 3778 pleri
2466 3712 2699 3780 religiosi
2726 3719 2899 3784 operis
2922 3731 3252 3775 sacramenta
3280 3740 3373 3791 pt'l'
3401 3728 3628 3780 nomina.
3652 3730 3879 3785 Calami-

2306 3813 2385 3855 tas
2411 3818 2525 3856 mea
2548 3820 2739 3858 sensus
2770 3815 2886 3860 tuos
2913 3810 2976 3861 ad
3011 3811 3167 3879 hujus
3193 3813 3268 3866 rei
3299 3815 3593 3871 intellectus
3616 3818 3875 3875 obnubit:

2303 3893 2603 3957 redemptio
2637 3897 2728 3950 lilii
2766 3913 2884 3965 quae
2914 3908 2996 3953 est
3039 3902 3089 3956 in
3121 3902 3391 3974 diligentia
3437 3910 3871 3979 necessitudinis,

2300 3996 2420 4037 esse
2450 3999 2553 4037 non
2594 3986 2760 4053 pomit
2803 3988 2853 4040 in
2898 3993 3197 4060 prmceptis.
3235 3994 3563 4063 lmpietatem
3596 4016 3792 4069 meam,
3826 4013 3881 4058 et

2304 4075 2356 4127 in
2382 4075 2693 4133 liberatione
2723 4079 2901 4134 fratris
2942 4084 3226 4151 invidiam,
3271 4087 3397 4143 dum
3438 4092 3623 4147 Ledaea
3656 4096 3876 4164 pignora

2303 4168 2505 4234 laudas,
2532 4186 2768 4225 accusas.
2799 4173 2981 4228 Nescis
3038 4179 3158 4244 quia
3189 4181 3229 4231 si
3256 4180 3395 4235 inter
3422 4184 3539 4238 iflos
3569 4193 3672 4240 tuas
3699 4188 3881 4243 distri-

2305 4258 2541 4313 butionis
2574 4263 2926 4329 processisset
2956 4268 3206 4333 :equatio,
3256 4284 3569 4338 generasset
3600 4290 3834 4331 errorem
3863 4296 3875 4331 :

2305 4362 2426 4401 nam
2455 4365 2615 4402 unum
2642 4351 2692 4404 in
2736 4364 2992 4420 perpetuo
3016 4355 3211 4412 decore
3244 4360 3398 4425 lucis,
3430 4362 3655 4417 alterum
3696 4366 3746 4418 in
3767 4368 3880 4435 jngi

2294 4441 2474 4493 ‘noctis
2504 4443 2839 4507 possessione
2862 4445 3183 4503 damnasset.
3214 4450 3461 4518 Mentior,
3491 4454 3533 4507 si
3559 4455 3656 4507 alia
3680 4456 3877 4524 judicia

2307 4538 2394 4583 tua
2425 4533 2679 4585 exstitere
2708 4534 2775 4585 de
2809 4535 2948 4590 ﬁ!ii-.
2982 4538 3241 4604 Quidnam
3294 4558 3412 4597 e~se
3439 4546 3723 4614 censuisti,
3759 4563 3880 4602 cum

2315 4636 2473 4673 unum
2504 4638 2771 4690 nunquam
2821 4625 3094 4681 habiturus
3139 4631 3303 4697 pirata
3351 4634 3673 4700 dimitteret,
3720 4639 3882 4693 alium

2313 4726 2578 4779 nunquam
2610 4714 2897 4769 relicturus
2934 4719 3083 4786 quasi
3135 4732 3285 4789 patre
3329 4727 3568 4782 tradente
3599 4730 3883 4785 retineret?

2310 4800 2562 4870 quidquid
2593 4812 2712 4871 post
2736 4806 2921 4859 oculos
2949 4818 3067 4862 tuos
3090 4809 3140 4863 in
3168 4811 3253 4864 illa
3284 4812 3433 4868 ferali
3465 4827 3603 4872 terra
3631 4820 3879 4889 sustinui,

2309 4907 2337 4944 a
2368 4900 2420 4944 te
2451 4894 2772 4958 processisse
2802 4912 2905 4948 non
2935 4897 3140 4953 dubito.
3173 4901 3304 4971 Spes
3336 4907 3461 4959 mihi
3488 4910 3733 4964 universa
3759 4927 3884 4965 con-

2308 4991 2517 5051 sumpta
2546 4994 2655 5053 est,
2691 5000 2968 5056 postquam
3004 4990 3114 5046 -ine
3144 5009 3228 5049 me
3257 4995 3321 5048 de
3351 4998 3467 5051 solo
3495 4999 3774 5057 barbarico
3802 5020 3887 5060 re-

2309 5073 2553 5142 demptor
2575 5076 2851 5131 abscessit.
2895 5081 3039 5147 Quas
3084 5099 3248 5139 naves
3276 5089 3339 5141 ad
3387 5090 3559 5143 littora
3594 5092 3885 5150 inhumana

2311 5169 2587 5222 tendentes
2611 5185 2714 5222 non
2736 5164 2940 5239 primus
2965 5176 3189 5242 inspexi,
3213 5190 3261 5231 et
3287 5180 3544 5250 quidquid
3565 5196 3883 5240 vanescente

2310 5259 2511 5311 visione
2538 5275 2639 5312 non
2670 5264 3025 5329 sequebantur
3053 5267 3191 5320 oculi
3210 5308 3225 5331 ,
3260 5281 3436 5325 mente
3463 5274 3883 5339 comprehendi?

2310 5348 2427 5415 quin
2460 5349 2700 5417 sagacius
2732 5351 3020 5418 inspiciunt
3048 5356 3268 5425 aliquid,
3298 5362 3387 5430 qui
3420 5366 3714 5431 promptius
3747 5383 3882 5435 pra:-

2309 5441 2591 5494 stolantur.
2624 5442 2880 5506 Quotiens
2906 5456 3031 5500 ante
3060 5448 3346 5505 adventum
3377 5463 3518 5507 tuum
3539 5496 3552 5517 ,
3587 5456 3632 5509 si
3669 5462 3883 5527 quando

2306 5548 2405 5584 nos
2433 5534 2657 5587 lustrare
2678 5549 2854 5589 aerem
2880 5538 3047 5602 pirata
3086 5545 3343 5609 permisit,
3379 5547 3429 5600 in
3454 5552 3726 5605 extraneis
3752 5554 3879 5607 mihi

2304 5622 2546 5687 personis
2576 5631 2723 5689 pater
2748 5627 3010 5693 occurrit,
3060 5641 3113 5683 et
3140 5631 3244 5685 vidi
3293 5636 3387 5690 has
3420 5652 3551 5707 quas
3592 5642 3690 5695 sibi
3730 5658 3881 5697 amor

2301 5710 2416 5764 sine
2448 5714 2734 5768 mentiendi
2765 5715 3029 5775 dedecore
3054 5722 3221 5793 pingit
3243 5727 3488 5797 efﬁgies?
3521 5732 3612 5786 llis
3643 5735 3878 5805 imagini-

2303 5803 2399 5859 bus
2444 5804 2532 5860 diu
2563 5806 2844 5864 sollicitata
2892 5813 3052 5869 corda
3107 5817 3388 5875 leriuntar.
3443 5824 3584 5881 lleu!
3632 5803 3877 5896 quotiens
