4192 6260
324 404 435 459 501

330 612 493 665 barus
522 616 887 672 consolatione
912 618 1188 685 subvenit,
1220 620 1301 674 Nil
1330 631 1532 675 metuas
1551 663 1566 688 ,
1608 623 1678 676 nil
1707 623 1771 677 de
1800 623 1897 675 hic

327 700 623 756 afﬂictione
650 708 885 773 suSpires
911 726 922 758 :
949 712 992 760 si
1018 720 1226 765 creator
1256 720 1377 765 tuus
1405 722 1676 781 superest,
1712 728 1896 781 parum

322 805 357 843 a
390 791 653 847 libertatis
681 796 909 849 statione
930 799 1243 869 sejungeris.
1268 802 1402 855 Ecce
1423 803 1707 870 aliquando
1732 802 1897 856 adfuit

321 894 447 933 sors
471 884 663 949 cupitis
692 923 707 947 ,
738 888 914 939 alacer
948 888 1073 941 mihi
1122 890 1407 945 adventura
1457 893 1607 946 istius
1636 902 1688 945 et
1720 895 1895 958 prtedo

320 972 609 1025 nuntiavit.
648 972 759 1026 Non
794 975 949 1045 longe
978 977 1076 1032 fuit
1102 981 1169 1033 ab
1202 981 1419 1050 intcgrre
1449 998 1630 1037 amore
1660 984 1895 1038 clemen-

320 1061 434 1123 εἰει),
466 1064 554 1130 qui
587 1065 977 1135 redemptorem
1010 1071 1162 1126 laetus
1192 1075 1419 1141 excepit.
1451 1074 1565 1128 Non
1595 1075 1893 1140 habuimus,

313 1153 549 1220 judiCc-s,
579 1158 823 1213 dominos
853 1161 1170 1218 inlmmanos
1197 1182 1211 1222 ;
1245 1165 1457 1221 fuerunt
1486 1168 1574 1236 qui
1600 1170 1898 1236 potuissent

313 1251 371 1295 et
404 1260 563 1309 prece
590 1249 783 1302 molliri
817 1268 830 1301 :
859 1250 904 1303 si
928 1252 1043 1304 auri
1073 1256 1302 1322 inopiam
1333 1268 1770 1323 compensassent
1821 1258 1898 1311 la-

314 1348 550 1403 crymai,
586 1354 692 1391 uno
735 1348 970 1409 tempore
1012 1354 1266 1414 utrosque
1301 1347 1591 1402 reduxerat
1623 1366 1637 1413 ;
1674 1358 1896 1404 testatus

315 1430 405 1476 est
445 1425 677 1479 noluisse
707 1428 851 1493 fieri,
881 1434 1020 1500 quod
1051 1451 1154 1488 non
1187 1446 1269 1490 est
1297 1452 1486 1505 magno
1518 1450 1762 1506 precatus
1798 1444 1895 1495 im-

315 1516 541 1581 pendio.
571 1518 890 1587 Expendite,
928 1538 1140 1592 quaeso,
1171 1528 1295 1594 quid
1324 1544 1353 1581 a
1382 1544 1466 1583 me
1492 1530 1611 1597 jure
1645 1533 1891 1598 postulet,

316 1608 408 1667 qui
448 1608 574 1661 mihi
609 1610 658 1662 itt
704 1613 904 1666 ultimis
934 1631 1031 1669 ncc
1075 1620 1457 1686 supplicatione
1493 1623 1757 1677 subvenit.
1786 1624 1893 1677 Ad-

310 1695 489 1762 jecisti
545 1699 683 1766 quod
720 1703 1006 1771 privdegiis
1031 1715 1234 1761 naturae
1268 1710 1495 1764 munitus
1522 1715 1626 1778 s's,
1659 1722 1713 1767 et
1752 1712 1890 1779 quod

314 1786 367 1837 in
403 1802 489 1841 me
519 1788 785 1858 deliquisti
822 1808 923 1846 neu
955 1795 1113 1849 liceat
1142 1799 1417 1853 vindicari.
1446 1802 1550 1855 Sed
1596 1818 1698 1856 non
1733 1803 1891 1856 habet

1762 418 2126 473 DlC'flONKS.

329 522 574 576 renuenti
603 523 730 578 mihi
755 526 903 581 cibos
928 541 1061 597 quos
1086 541 1251 599 pirata
1285 531 1601 602 prmstabat,
1644 531 1744 585 hac
1776 530 1894 586 bar-
1928 537 1973 594 Α

3467 435 3567 487 “502

2594 551 2788 589 THJIA.
2834 553 2951 590 LEX.

2104 620 2179 674 De
2202 631 2351 689 capta
2379 622 2575 678 civitate
2603 624 2820 678 hostium
2847 628 3128 680 sacerdotes
3158 637 3202 681 et
3234 626 3461 683 Vestales

2398 694 2613 762 virgines
2642 696 2782 748 liberi
2808 698 3151 750 dimittantur.

2071 803 2193 859 Post
2239 805 2500 859 secundos
2547 806 2718 861 bellici
2767 812 3076 863 certaminis
3126 822 3379 875 eventus,
3434 814 3571 867 inter

2001 892 2297 962 triumphos
2327 902 2381 948 et
2413 895 2620 948 lauri-as
2651 898 2790 949 vires
2826 899 3019 952 habere
3048 915 3149 952 non
3182 911 3355 967 potest
3385 902 3467 956 lex
3501 902 3567 955 ad

2002 982 2350 1036 resistendum
2386 986 2604 1037 recitata
2638 984 2943 1039 victoribus.
2983 988 3116 1053 Quid
3148 989 3335 1055 gladiis
3366 1006 3460 1058 per
3490 990 3568 1042 af-

2000 1068 2281 1124 fectionem
2328 1073 2511 1123 tnortis
2550 1074 2785 1141 egimus,
2820 1074 2864 1127 si
2905 1078 3006 1127 erit
3043 1078 3181 1142 quod
3223 1091 3341 1145 post
3385 1080 3566 1145 prtclia

2001 1153 2379 1211 formidemus?
2406 1160 2552 1214 Jacet
2582 1173 2704 1215 ante
2733 1163 2913 1216 oculos
2941 1180 3086 1218 meos
3108 1167 3360 1234 quidquid
3391 1169 3569 1224 hacte-

1999 1261 2097 1300 nus
2118 1248 2419 1303 minabatur
2437 1251 2736 1304 exanimnm
2768 1292 2783 1316 ,
2818 1261 2872 1306 et
2918 1265 3197 1321 postquam
3227 1256 3339 1309 fusa
3363 1268 3444 1311 est
3470 1259 3567 1311 ini-

1999 1336 2129 1389 mica
2157 1340 2485 1406 congressio,
2516 1341 2693 1393 nescio
2719 1341 2842 1409 quid
2874 1343 3023 1395 nobis
3043 1343 3269 1397 afferunt
3292 1346 3567 1399 defuncto-

1998 1441 2110 1479 rum
2171 1430 2465 1498 principum
2533 1432 2745 1486 decreta
2798 1435 3033 1487 terroris.
3098 1436 3279 1491 Nescit
3332 1444 3566 1506 prolatae

1995 1517 2298 1584 qualitatem
2324 1520 2532 1574 virtutis
2555 1523 2875 1590 expendere,
2899 1524 2985 1589 qui
3007 1523 3072 1577 de
3094 1525 3392 1579 chararum
3416 1529 3564 1582 freno

1995 1606 2234 1669 superbit
2262 1609 2499 1661 armatis.
2534 1608 2886 1672 Acquiescant
2924 1612 3037 1665 istis
3069 1613 3254 1666 inertia
3284 1617 3442 1668 corda
3479 1634 3565 1669 re-
3636 1638 3639 1647 ·

1997 1695 2195 1761 pagulis
2225 1711 2239 1759 ;
2270 1710 2367 1763 ego
2398 1698 2648 1766 quidquid
2693 1700 2816 1752 mihi
2859 1700 3124 1754 licentiam
3158 1704 3405 1768 tollebat,
3437 1720 3563 1757 ense

1993 1780 2241 1847 diSpersi.
2273 1782 2403 1836 Illud
2445 1794 2645 1838 tantum
2684 1797 2855 1853 potest
2892 1788 3043 1842 nobis
3070 1805 3291 1857 qusjue
3332 1808 3558 1861 negare,

316 1876 643 1933 innocentia:
675 1884 1097 1951 prierogativam,
1128 1888 1219 1955 (lui
1248 1888 1607 1944 defensionem
1640 1907 1788 1946 suam
1814 1894 1891 1945 lo-
1927 1899 1966 1955 Β
1994 1871 2133 1937 (μηδ
2164 1872 2431 1928 η⁰¹¹¹¹¹¹¹¹⁵⁶
2466 1876 2612 1927 mum
2655 1881 2936 1931 “manus
2986 1895 3102 1933 sum
3150 1880 3345 1935 habere
3387 1890 3564 1935 “nm-

313 1980 399 2019 cat
429 1969 479 2022 in
509 1971 681 2038 apice.
718 1974 900 2028 lnsons
926 1979 1152 2031 actionis
1183 1980 1298 2034 luce
1329 1984 1491 2036 niteat
1517 2001 1531 2037 :
1561 1984 1693 2037 citra
1734 1986 1892 2039 dissi-

316 2060 666 2115 mulationem
708 2065 932 2119 critniua
970 2068 1267 2134 conﬁtetur,
1310 2073 1397 2140 qui
1439 2074 1489 2126 in
1538 2077 1639 2127 hoc
1668 2077 1888 2129 tutelam

313 2161 464 2201 suam
506 2153 734 2207 aestimat
774 2157 918 2223 quod
963 2161 1211 2225 prrecedit
1247 2178 1262 2216 :
1306 2178 1423 2217 reos
1466 2165 1606 2218 nulla
1657 2166 1891 2222 defendit

315 2244 604 2297 auctoritas
635 2261 651 2309 ;
686 2246 736 2299 in
774 2248 1085 2320 facinorosis
1114 2266 1447 2310 sacramenta
1494 2260 1721 2313 nominis
1766 2277 1890 2316 eva-

316 2343 558 2386 nescuut.

380 2422 657 2495 Epilogus.
693 2426 757 2480 Et
787 2429 908 2495 hoc,
942 2432 1262 2487 sanctissimi
1293 2437 1595 2504 cognitores
1616 2478 1630 2502 ,
1669 2438 1737 2491 ita
1770 2451 1889 2508 post

312 2520 583 2573 custodias
638 2521 901 2577 latronum
967 2526 1070 2579 alio
1125 2528 1305 2583 labore
1358 2530 1585 2597 pectoris
1631 2531 1885 2601 allegavi,

313 2609 489 2675 quasi,
541 2613 642 2664 etsi
682 2626 854 2667 essent
898 2616 1129 2684 debitor,
1181 2621 1405 2673 valerem
1450 2621 1705 2676 exhibere
1747 2626 1885 2693 quod

314 2700 571 2764 poscitur.
600 2702 715 2756 Non
744 2706 1051 2761 considerat
1074 2710 1300 2777 spoliata
1333 2714 1584 2767 carnibus
1615 2729 1766 2781 ossa,
1800 2716 1888 2769 do-

316 2791 579 2843 minnrum
618 2794 1005 2852 inhumanitate
1046 2800 1311 2854 sordentia
1336 2843 1351 2866 ,
1399 2814 1450 2856 et
1492 2804 1751 2872 patefacta
1796 2821 1889 2873 per

317 2883 599 2938 carnifices
641 2898 841 2943 natura:
882 2902 1088 2945 secreta
1136 2910 1239 2947 non
1290 2897 1524 2963 reSpicit.
1570 2900 1621 2951 lu
1663 2914 1887 2966 corpore

310 2987 437 3026 meo
473 2975 528 3028 in
570 2976 738 3032 lucem
787 2983 1040 3051 quidquid
1085 2985 1243 3039 homo
1282 2998 1363 3041 cst
1416 2993 1746 3057 protulerunt
1787 3002 1888 3046 tor-

309 3076 488 3119 menta
518 3107 534 3130 ,
565 3079 619 3123 et
663 3075 955 3138 penetralia
1000 3078 1264 3131 viscerum
1299 3079 1527 3135 instante
1565 3085 1885 3137 cruciatibus

310 3154 573 3225 barbaro,
606 3177 725 3215 cum
765 3174 915 3229 pater
956 3168 1084 3221 mihi
1119 3170 1493 3239 dedignaretur
1520 3175 1739 3241 adesse,
1771 3178 1886 3230 vul-

310 3257 427 3316 gata
454 3261 601 3305 sunt.
633 3253 843 3307 Modum
875 3260 1059 3312 transit
1092 3262 1366 3327 atrocitas,
1397 3278 1513 3331 qua:
1540 3265 1623 3317 vel
1656 3266 1707 3318 in
1733 3266 1881 3319 debi-
1913 3252 1957 3311 Ο

313 3339 377 3392 tis
404 3342 682 3409 exigendis
709 3360 813 3397 non
854 3347 1091 3415 principe
1121 3350 1240 3403 loco
1279 3354 1421 3405 vires
1466 3353 1774 3424 interrogat.
1805 3355 1883 3409 Tu

311 3442 428 3483 cum
481 3432 665 3485 videas
710 3436 883 3489 aetatis
925 3436 981 3490 in
1024 3453 1112 3492 me
1154 3439 1507 3495 valetudinem
1550 3444 1883 3500 miseriarum

312 3517 454 3574 fasce
486 3523 745 3577 mollitam
766 3565 780 3588 ,
813 3541 932 3581 cum
958 3530 1056 3581 aevi
1088 3530 1249 3584 robur
1272 3534 1643 3601 multiplicium
1669 3536 1884 3591 calami-

318 3617 480 3665 tatum
511 3616 766 3671 varietate
810 3623 1129 3685 contritum,
1174 3638 1291 3677 cum
1340 3634 1395 3678 et
1436 3628 1753 3681 necessitate
1796 3642 1884 3683 se-

324 3712 486 3755 nectae
509 3705 730 3759 habeam
764 3718 816 3761 et
838 3711 1093 3764 invidiam
1138 3713 1434 3781 juventutis
1451 3755 1467 3779 ,
1501 3730 1604 3769 non
1629 3731 1657 3768 a
1681 3732 1766 3771 me
1788 3719 1882 3772 de-

320 3790 460 3844 sistis
483 3809 704 3860 poscere
769 3804 910 3866 quod
958 3811 1011 3854 et
1054 3802 1223 3857 hostis
1266 3805 1559 3859 remisisset
1604 3807 1883 3861 exhausto.

222 3910 227 3919 ι
314 3880 388 3935 Tu
420 3888 652 3952 accipies
700 3890 1031 3946 tributariam
1083 3895 1440 3959 fttttctionem,
1490 3907 1544 3951 et
1590 3900 1760 3954 adhuc
1800 3916 1887 3956 me

316 3976 677 4041 magnitudine
700 3982 949 4047 nominis,
975 3992 1029 4037 et
1047 3986 1203 4053 genio
1224 3989 1458 4053 parentis
1481 3988 1703 4042 incessis
1723 4030 1740 4056 ,
1767 4005 1884 4045 cum

314 4063 706 4123 miserationem
732 4086 888 4141 quam
929 4074 1092 4129 debes
1121 4077 1415 4149 cuicunque
1444 4080 1678 4146 homini,
1711 4082 1887 4161 despi-

310 4154 418 4207 cias
447 4158 704 4215 exhibere
744 4165 823 4217 vel
870 4164 1090 4235 pignori.
1137 4169 1377 4238 Superna
1422 4158 1753 4241 dispensatio
1790 4175 1888 4229 hac

310 4244 659 4303 intentionem
686 4259 825 4307 tuam
851 4258 1093 4312 mercede
1116 4260 1418 4329 locupletet,
1442 4270 1502 4315 ut
1521 4279 1703 4316 rursus
1724 4265 1885 4333 prolis

312 4344 418 4389 tua:
445 4336 631 4393 funera
669 4343 843 4398 votiva
884 4347 1169 4415 respicias;
1210 4361 1263 4405 et
1300 4350 1389 4421 qui
1426 4353 1664 4420 gravaris
1704 4352 1770 4407 de
1808 4355 1886 4408 vi-

310 4426 424 4480 vaci
454 4435 770 4499 praesentia,
800 4436 1186 4493 desideriorum
1211 4456 1471 4496 summam
1503 4446 1681 4512 capias
1707 4444 1777 4498 de
1805 4459 1888 4498 εει

309 4514 529 4581 pulcris.

885 4594 1105 4651 DlCTlO
1145 4598 1309 4652 XXII.

813 4685 1196 4731 CONTROVEBSIA
1238 4695 1389 4734 NONA.

972 4752 1241 4822 Praefatio.

374 4833 607 4902 Copiose
648 4838 859 4902 quidem
898 4847 1141 4913 egregius
1189 4848 1498 4906 adolescens
1544 4853 1880 4911 inventorum

305 4935 523 4975 suorum
548 4922 759 4981 divitias
788 4929 838 4981 in
867 4930 1105 4986 ordinem
1134 4934 1400 5003 digerens,
1435 4941 1718 4996 verborum
1752 4962 1881 5013 quo-

306 5024 403 5071 quo
430 5009 674 5066 ubertate
698 5014 904 5083 ditavit,
935 5028 989 5073 et
1017 5036 1135 5089 qme
1167 5038 1261 5090 pro
1284 5025 1535 5094 religione
1564 5044 1684 5083 esse
1709 5009 1883 5086 credi-

304 5100 398 5166 dit,
430 5102 596 5172 digno
621 5111 918 5163 reverentia
942 5126 1035 5166 ore
1061 5114 1409 5184 deprompsit.
1432 5119 1535 5173 Sed
1562 5123 1740 5188 procul
1766 5126 1881 5190 epi-

307 5189 479 5244 nionis
532 5194 758 5250 insidias
795 5210 1006 5253 cessent
1041 5204 1389 5272 malignorum
1432 5220 1729 5263 commenta
1763 5219 1872 5263 tra-

305 5290 560 5335 ctatuum.
594 5283 702 5338 Nos
741 5298 923 5342 contra
965 5290 1245 5347 Aratorem
1275 5296 1523 5351 dictionis
1566 5307 1747 5365 pectus
1775 5315 1872 5368 op-

309 5370 570 5429 ponimus.
626 5371 734 5427 Sed
787 5390 886 5431 nec
935 5390 1303 5447 erumpentem
1370 5383 1422 5436 in
1481 5384 1650 5438 lucem
1707 5387 1877 5441 laudis

308 5456 576 5519 palmitem
621 5460 836 5516 inimica
881 5465 1014 5520 falce
1046 5477 1353 5525 truncamus
1385 5489 1395 5522 :
1431 5473 1523 5526 sed
1562 5488 1715 5542 quem
1752 5490 1874 5529 ver-

306 5542 490 5599 borum
521 5548 715 5603 callem
759 5554 908 5619 sequi
952 5554 1145 5622 debeat
1189 5557 1648 5627 demonstrantes,
1680 5566 1877 5619 scimus

306 5632 354 5683 in
396 5634 487 5688 illo
533 5638 690 5690 nobis
732 5640 958 5705 clarius,
1007 5645 1051 5697 si
1101 5659 1221 5699 eum
1270 5649 1507 5715 prteferri
1561 5654 1873 5721 contigerit,

304 5730 737 5799 triumphandum
784 5736 906 5803 quia
954 5738 1020 5794 de
1050 5742 1248 5795 nostris
1271 5742 1443 5796 hausit
1489 5746 1741 5814 quidquid
1770 5750 1873 5803 Deo

303 5819 663 5887 amplificante
692 5821 757 5875 de
782 5824 998 5878 scientia
1031 5842 1189 5895 opum
1223 5830 1413 5896 largius
1443 5831 1710 5889 effuderit.

1996 1976 2150 2028 num,
2186 1962 2251 2016 ad
2298 1963 2452 2031 cuj-cs
2501 1981 2585 2019 me
2633 1975 2811 2035 transg
2842 1969 3103 2021 essioncm
3154 1970 3415 2023 desideria
3460 1986 3561 2024 non

1995 2064 2266 2107 vocarunt.
2301 2055 2426 2108 Mihi
2461 2056 2714 2123 quidquid
2750 2059 3078 2124 prazvaluero
3114 2060 3311 2115 habere
3346 2060 3427 2114 lex
3465 2063 3562 2113 tri-

1993 2141 2125 2195 buit.
2157 2142 2330 2195 Otium
2362 2155 2415 2197 et
2444 2155 2559 2213 toga
2593 2146 2915 2215 dcnegantes
2945 2149 3141 2217 aliquid
3191 2152 3358 2203 ferant
3387 2168 3399 2203 :
3434 2153 3560 2205 mihi

1995 2242 2159 2285 totum
2189 2243 2373 2286 natura
2408 2237 2642 2303 peperit,
2688 2240 2941 2306 quidquid
2977 2242 3024 2293 in
3064 2244 3333 2308 procinctu
3362 2247 3561 2297 consti-

1992 2327 2133 2373 tntns
2160 2330 2451 2375 extorscr-t.
2484 2324 2604 2376 Sola
2638 2326 2789 2378 nobis
2816 2328 3009 2394 scripta
3034 2329 3150 2397 jura
3198 2331 3354 2397 sunt,
3390 2334 3459 2383 nil
3496 2335 3563 2384 ti-

1993 2424 2155 2461 mete.
2192 2409 2253 2462 Et
2286 2410 2399 2465 lucc
2444 2412 2655 2480 quidem
2703 2416 2919 2470 auribus
2962 2420 3182 2484 vestris,
3231 2423 3378 2488 quasi
3424 2424 3557 2477 bona

1992 2505 2137 2548 esset
2170 2497 2392 2550 formula
2443 2516 2561 2568 qua:
2604 2502 2988 2573 objectabatu‘r,
3016 2510 3235 2561 asserui.
3269 2509 3449 2564 Nutrix
3486 2522 3563 2564 Ia-

1993 2602 2111 2640 tnen
2142 2590 2371 2643 virorum
2403 2590 2615 2646 fortium
2644 2595 2756 2659 lex,
2800 2597 2993 2651 vindex
3037 2598 3296 2653 libertatis
3318 2642 3332 2666 ,
3377 2604 3561 2671 patrize

1991 2678 2405 2741 munimentum,
2434 2680 2582 2748 jubet
2608 2693 2726 2751 post
2754 2698 3021 2739 certamen
3057 2688 3244 2742 heroas
3275 2701 3399 2745 suos
3430 2696 3562 2747 reci-

1990 2767 2165 2821 divam
2195 2771 2540 2826 intentionem
2571 2774 2765 2828 habere
2798 2776 2863 2829 de
2894 2778 3143 2844 prmmio;
3174 2789 3226 2833 et
3260 2782 3425 2851 gestis
3455 2798 3557 2836 nou

1991 2871 2234 2913 contenta
2260 2861 2524 2927 felicibus,
2548 2864 2675 2918 dum
2704 2867 2839 2919 tollit
2863 2867 3070 2921 sudoris
3093 2871 3341 2936 pretium,
3368 2871 3562 2938 frangit

1988 2950 2157 3001 studia
2197 2951 2503 3007 dimicandi.
2540 2956 2676 3021 Ergo
2727 2972 2794 3009 ne
2826 2957 2960 3010 bona
2989 2965 3111 3010 sunt
3145 2970 3403 3027 praecepta
3440 2977 3558 3028 qua:

1990 3054 2056 3092 ne
2097 3040 2215 3091 boni
2263 3041 2557 3095 efﬁciamur
2593 3047 2910 3098 occurrunt?
2948 3046 3285 3114 Quaecunque
3331 3047 3557 3102 fructum

1988 3128 2226 3180 adinmnt
2258 3130 2517 3195 laborum,
2548 3147 2797 3187 censcires
2830 3136 3257 3203 prudentissimi,
3292 3138 3356 3191 de
3385 3140 3557 3193 al'eoa

1991 3234 2086 3271 nos
2130 3218 2375 3274 facultate
2416 3224 2695 3291 castigant.
2728 3224 2971 3295 Nunquid
3003 3241 3211 3295 aequum
3243 3240 3323 3280 est
3364 3228 3560 3283 habere

1989 3308 2348 3362 valetudinem
2381 3312 2681 3365 sanctiones
2710 3314 2775 3367 de
2805 3326 3025 3368 externo
3054 3317 3172 3383 jure
3197 3318 3559 3384 conscriptas?

1988 3408 2080 3452 aut
2108 3400 2313 3454 videtur
2342 3401 2535 3455 rationi
2582 3404 2810 3458 vicinum
2871 3421 3017 3475 spem
3050 3406 3116 3459 de
3147 3406 3320 3460 futura
3352 3423 3559 3475 posses-

1986 3492 2138 3546 sione
2167 3492 2486 3558 prmcidere?
2512 3495 2645 3559 Quid
2676 3498 2827 3549 nobis
2847 3499 3116 3566 religionis
3141 3498 3191 3550 in
3218 3500 3554 3552 sacerdotum

1991 3582 2230 3647 persoois
2253 3583 2553 3651 opponitis?
2577 3586 2685 3637 Deo
2705 3586 2859 3647 duce,
2882 3602 3038 3655 quem
3063 3587 3113 3639 iu
3136 3586 3238 3640 illis
3261 3590 3552 3651 veneraris,

1988 3670 2210 3725 obtinui.
2242 3674 2403 3741 Cujus
2449 3674 2636 3728 intuitu
2672 3676 2946 3731 desideras
2984 3692 3079 3732 eos
3107 3678 3173 3732 de
3207 3678 3334 3746 jugo
3363 3691 3558 3731 nostra:

1987 3766 2257 3819 servitutis
2287 3766 2545 3831 evadere,
2592 3768 2735 3836 ipsos
2774 3771 2989 3824 noveris
3034 3770 3200 3824 teneri
3246 3772 3336 3823 illo
3385 3772 3558 3839 impe-

1990 3866 2141 3907 rante
2177 3858 2434 3924 captivos.
2490 3857 2684 3911 Contra
2712 3875 2933 3927 superos
2964 3860 3145 3914 nititur
3174 3862 3262 3930 qui
3291 3878 3558 3931 quoscun-

1986 3958 2088 4010 que
2113 3944 2321 3997 illorum
2352 3948 2613 4001 sententia
2653 3952 2941 4017 prosternit
2981 3952 3264 4005 extulerit:
3298 3968 3431 4022 quos
3484 3957 3558 4009 fe-

1987 4031 2153 4086 Stinas
2180 4035 2408 4101 eripere,
2441 4051 2770 4107 nequaquam
2801 4041 3007 4096 fuerant
3032 4044 3205 4099 effecti
3248 4045 3556 4110 hominum,

1988 4124 2032 4177 si
2072 4126 2393 4180 meruissent
2437 4129 2665 4184 ministri
2705 4146 2825 4187 esse
2865 4137 3182 4190 cmlestinm.
3215 4139 3349 4194 Ecce
3382 4150 3555 4193 tecum

1988 4214 2055 4268 de
2079 4230 2269 4283 sapore
2296 4217 2448 4286 legis,
2480 4221 2628 4285 quasi
2652 4235 2755 4275 non
2781 4225 3000 4279 habeam
3024 4242 3141 4295 quae
3168 4232 3409 4298 responsi
3441 4232 3558 4285 loco

1988 4304 2234 4371 objiciam
2281 4308 2406 4369 tela,
2456 4312 2743 4365 contendo.
2793 4313 2960 4377 Quam
3002 4318 3259 4384 justitiam
3310 4331 3460 4388 putas
3505 4323 3557 4375 in

1990 4392 2080 4446 illa
2102 4394 2363 4460 jussione,
2393 4413 2511 4465 qua}
2540 4410 2595 4452 ut
2635 4400 2838 4455 hostem
2872 4403 3050 4459 fulciat
3106 4408 3283 4461 socios
3332 4410 3553 4479 imperia

1991 4497 2339 4552 propagantes
2367 4488 2599 4543 addicit?
2622 4491 2772 4546 Tulle
2800 4508 2945 4561 spem
2977 4498 3168 4564 prmdze
3192 4539 3208 4563 ,
3244 4500 3405 4553 tulisti
3435 4513 3554 4555 vota

1918 4609 1965 4668 Β
1992 4576 2327 4641 certaminis;
2361 4590 2412 4632 et
2439 4581 2482 4633 si
2513 4581 2822 4640 defrudatur
2847 4588 3033 4656 genius
3057 4590 3308 4656 laureati,
3348 4597 3413 4646 ad
3448 4611 3558 4662 ptr-

1994 4665 2268 4721 nitentiatn
2301 4671 2468 4725 rediet
2499 4674 2751 4745 quidquid
2798 4690 3103 4749 contemptu
3147 4683 3278 4736 lucis
3313 4688 3552 4755 expetiit.

1993 4757 2243 4815 Facessat
2284 4776 2311 4815 a
2363 4767 2709 4833 prudentibus
2755 4773 3052 4840 aequitatem
3103 4774 3403 4843 ltnjusmodi
3452 4795 3554 4831 non

1990 4846 2108 4903 dico
2138 4849 2251 4918 lege
2270 4893 2285 4915 ,
2315 4856 2408 4907 sed
2449 4859 2720 4927 tyrannica
2749 4860 3089 4930 inscriptioiie
3114 4868 3411 4935 requirere,
3439 4887 3557 4941 qur.

1991 4939 2193 5009 ingrata
2225 4947 2559 5011 numinibus,
2590 4950 2803 5004 inimica
2837 4953 3044 5019 virtuti,
3076 4966 3257 5011 contra
3294 4960 3371 5013 fas
3399 4974 3450 5015 et
3473 4963 3558 5032 jo-

1989 5032 2185 5084 stitiam
2217 5046 2412 5103 pugnat
2439 5040 2661 5092 mentito
2683 5041 2864 5097 colore
2892 5044 3119 5112 pietatis.
3151 5050 3351 5117 Nescis,
3379 5054 3559 5125 loqua-

1990 5123 2203 5177 cissime
2230 5124 2522 5192 hominum,
2552 5145 2705 5197 quam
2728 5130 2900 5197 justus
2924 5135 3077 5191 dolor
3099 5138 3164 5193 de
3190 5143 3385 5197 anti~sa
3414 5123 3561 5200 labo-

1992 5212 2064 5265 ris
2086 5213 2232 5284 fruge
2262 5231 2528 5275 nascatur.
2572 5221 2681 5276 Hoc
2710 5234 2788 5278 est
2812 5225 3020 5295 dicere,
3053 5233 3307 5302 quidquid
3340 5237 3440 5290 diis
3462 5240 3559 5293 dn—

1991 5304 2141 5359 cibus
2186 5310 2520 5377 acquis'stis,
2566 5312 2842 5382 eripimus.
2895 5317 3008 5373 Vidi
3060 5325 3243 5378 urbem
3289 5327 3556 5381 inimicam

1989 5394 2138 5461 quasi
2171 5411 2275 5449 uno
2312 5398 2553 5455 incendio
2582 5416 2982 5473 senescentem,
3016 5423 3069 5467 et
3110 5416 3225 5469 illas
3254 5420 3556 5473 cmlicolutu

1989 5485 2142 5538 sedes
2182 5487 2422 5543 desertas
2459 5500 2512 5545 et
2551 5497 2805 5561 spoliatas
2841 5501 3115 5558 divinitate
3160 5509 3420 5572 promerui
3456 5526 3470 5563 :
3507 5523 3560 5564 ct

1987 5583 2137 5640 putas
2172 5580 2492 5634 remansisse
2544 5586 2830 5654 quidquam
2886 5593 3024 5660 qttod
3064 5610 3167 5648 non
3198 5596 3389 5651 debeat
3438 5617 3559 5657 esse

1984 5665 2235 5719 victoris?
2266 5668 2401 5732 Quid
2427 5675 2566 5740 quod
2598 5676 2708 5746 ipsa
2742 5679 2927 5734 frivola
2957 5691 3009 5736 et
3043 5684 3216 5738 inanis
3250 5693 3557 5746 constitutio

1982 5756 2303 5811 obscuritate
2325 5763 2731 5841 confunditur?
2758 5770 2892 5823 Dicit
2919 5772 3092 5838 enim,
3126 5780 3435 5836 sacerdotes
3472 5788 3556 5841 vel

1987 5845 2219 5901 Vestales
2266 5836 2501 5919 virgines
2545 5853 2740 5909 debere
2782 5858 3025 5915 libertate
3075 5836 3325 5931 gaudere.
3382 5870 3556 5928 Credo
