4184 6260
663 403 764 457 505

1772 384 2044 441 ENNODII
2086 381 2388 439 EPIStZUl'l
2428 380 2803 437 TICINENSIS

3802 374 3906 428 504

664 517 778 568 illos
821 511 1057 566 nom'nat
1107 507 1158 562 in
1201 505 1391 576 quibus
1421 499 1744 556 domicilium
1775 514 1931 554 suum
1965 515 2082 554 esse
2113 499 2230 553 εωιὶ
2269 503 2306 557 Α
2341 520 2577 589 perditus
2612 520 2772 583 unus,
2802 523 3076 585 postquam
3107 513 3312 568 necavi,
3346 521 3570 581 patrem.
3605 511 3909 580 ορτηίοηρηι

661 605 924 658 habitator
953 598 1276 660 ostenderit,-
1320 607 1454 662 quos
1484 591 1714 659 maiores
1764 605 1883 644 esse
1933 590 2233 643 hominibus

662 694 910 748 mtherius
941 690 1087 744 favor
1114 703 1209 741 sua
1236 686 1352 739 luce
1384 681 1690 751 signaverit.
1722 681 1906 734 Indicit
1935 695 2117 734 eorum
2152 696 2236 732 re~

664 784 953 839 verentiam
1011 794 1144 848 quos
1210 774 1424 845 agnosci
1471 775 1654 825 volunt
1703 772 1880 824 divina
1936 771 2230 838 pot‘ttiliees.

665 879 900 931 \‘idimus
926 873 1145 927 miseros
1170 885 1300 939 quos
1331 877 1504 921 tuetur
1555 867 1653 918 iste
1684 865 1822 918 inter
1853 862 2054 915 favillas
2078 863 2234 928 lapsa:

663 969 811 1022 urbis
839 967 905 1020 de
932 966 1043 1019 sola
1085 969 1454 1027 exsiieCtautes
1485 955 1862 1010 lamentatione
1898 953 2230 1022 prms'dium,

663 1069 738 1124 et,
773 1059 903 1113 nihil
947 1057 1202 1109 habentes
1237 1051 1440 1104 fiducia:
1471 1049 1534 1102 de
1569 1046 1862 1116 proposito,
1896 1045 2032 1096 inter
2057 1042 2236 1095 turbas

665 1150 966 1217 captivitate
1015 1160 1226 1214 pressas
1273 1155 1472 1197 errare.
1531 1139 1645 1192 Non
1707 1137 1811 1191 illis
1864 1144 1978 1188 erat
2028 1133 2238 1187 divinus

665 1243 916 1312 Splendor
947 1241 997 1293 in
1028 1238 1257 1291 vultibus
1279 1278 1291 1298 ,
1326 1249 1426 1286 non
1454 1247 1572 1300 qua:
1599 1229 1832 1283 officium
1865 1228 2134 1280 nuntiaret
2161 1224 2238 1276 lii-

668 1338 870 1391 laritas.
922 1333 1170 1387 Nesciunt
1217 1329 1353 1381 inter
1398 1324 1621 1378 adversa
1671 1320 1902 1384 turbari,
1948 1317 2138 1385 quibus
2186 1315 2237 1366 in

669 1427 846 1483 smculi
879 1420 1280 1490 tempestatibus
1310 1419 1374 1470 de
1407 1412 1675 1469 innocenti
1703 1410 2024 1464 conscientia
2059 1417 2240 1474 portus

669 1519 920 1574 occurrit.
956 1512 1196 1566 Vidimus
1227 1509 1530 1562 :tfllictiores
1572 1503 1780 1558 ceteris
1824 1500 2235 1568 trepidantibus,

669 1609 860 1679 quibus
891 1605 1026 1660 nuda
1058 1603 1267 1657 nomina
1310 1601 1394 1654 lex
1441 1595 1656 1652 ridenda
1689 1593 1948 1648 concedit.
1982 1591 2112 1657 Quis
2152 1605 2240 1642 re-

667 1701 867 1756 mansit
895 1699 1040 1752 locus
1082 1695 1134 1747 in
1165 1690 1366 1746 meritis
1386 1729 1402 1756 ,
1447 1691 1490 1741 si
1523 1693 1912 1740 sacramentum
1958 1682 2094 1734 istud
2126 1681 2241 1734 solo

672 1801 838 1850 restat
861 1793 912 1846 in
943 1788 1126 1844 titulo?
1159 1786 1268 1839 Dici
1288 1781 1456 1837 credo
1481 1779 1653 1843 aliud,
1697 1776 1833 1831 aliud
1863 1791 1982 1830 esse
2025 1773 2235 1842 pontiti-

2338 612 2522 664 matris
2547 611 2818 663 contendit
2841 608 3181 676 exstinguere
3208 624 3220 657 :
3257 606 3444 659 dolens
3469 604 3607 673 quod
3639 605 3908 658 evasimus

2338 705 2640 770 pugionem,
2667 702 2776 754 telo
2807 701 2995 753 famam
3030 698 3350 767 insequitur,
3382 697 3463 748 cui
3499 713 3591 762 pro
3621 711 3785 749 sexus
3819 710 3912 748 ve-

2339 792 2585 846 recundia
2617 792 2731 860 plus
2755 795 3021 843 timemus.
3049 789 3152 840 Nos
3177 798 3388 854 ruptum
3421 787 3572 854 patri.
3615 801 3712 838 nos
3740 785 3911 839 scelc.

2341 886 2436 936 rati
2482 885 2581 938 iter
2609 883 2960 936 ostendimus.
2999 880 3096 933 llle
3125 889 3307 932 contra
3337 879 3496 930 verba
3529 892 3631 929 non
3662 877 3908 944 paenitet.

2341 977 2414 1030 Ne
2452 976 2588 1040 quod
2633 975 2785 1029 nobis
2825 974 2983 1026 fidum
3021 973 3258 1024 videatur
3287 969 3563 1024 exstitisse
3613 968 3910 1022 subsidium

2340 1070 2402 1120 ad
2432 1067 2744 1122 sententiam
2772 1081 2919 1118 suam
2955 1062 3113 1118 traxit
3145 1062 3423 1130 parvulum
3458 1073 3718 1123 noS'rum,
3750 1075 3910 1128 quem

2343 1159 2442 1211 fuci
2501 1158 2736 1211 nescium
2797 1155 3047 1208 fabriiata
3101 1153 3386 1205 verborum
3439 1161 3553 1204 arte
3606 1149 3910 1212 sobvertit,

2342 1247 2538 1300 faciens
2565 1256 2618 1299 et
2642 1247 2786 1299 illum
2818 1245 2990 1312 perire
3010 1287 3023 1309 ,
3060 1243 3148 1310 qui
3184 1241 3412 1308 putabat
3439 1256 3465 1290 r
3497 1254 3616 1292 esse
3647 1238 3911 1291 residuus.

2341 1337 2476 1406 Quid
2521 1335 2801 1406 praestigiis
2846 1333 3038 1386 nudam
3075 1331 3354 1384 desideras
3399 1329 3577 1381 velare
3618 1326 3914 1395 justitiam?

2344 1444 2440 1484 nec
2454 1429 2670 1482 odiosus
2687 1440 2905 1494 parcere
2919 1425 3107 1491 potuit,
3125 1436 3221 1475 nec
3239 1436 3396 1489 quem
3417 1419 3658 1472 mentiris
3682 1432 3914 1481 amasse,

2346 1528 2644 1588 percutere.
2674 1517 2918 1585 Nunquid
2949 1515 3276 1583 argumentis
3302 1527 3434 1578 opus
3464 1517 3569 1575 est,
3601 1509 3687 1562 ubi
3720 1507 3917 1563 factum

2343 1626 2497 1664 suum
2533 1611 2744 1679 propria
2773 1622 2902 1661 voce
2930 1606 3130 1660 veritas
3166 1603 3430 1659 testatur?
3462 1599 3736 1670 perdidisti
3768 1613 3918 1666 spent

2344 1700 2689 1767 defensionis,
2708 1713 2827 1752 cum
2852 1695 3122 1766 genitricis
3145 1694 3288 1748 ferro
3305 1693 3539 1747 membra
3564 1689 3917 1744 describeres.

2345 1792 2449 1847 Sed
2481 1792 2603 1845 licet
2633 1795 2944 1858 procuratur
2974 1786 3235 1840 formosus
3266 1793 3318 1838 et
3341 1783 3555 1844 nitidus,
3579 1796 3676 1835 nos
3705 1781 3767 1833 ad
3809 1780 3918 1834 Ιιςιεα

672 1901 812 1942 cem.
842 1883 958 1937 Vidi
987 1895 1127 1946 :repe
1153 1866 1570 1930 antecenfeétas
1599 1869 1812 1938 jejuniis
1854 1867 2012 1920 facies
2039 1865 2238 1918 directa
2273 1852 2313 1910 Β
2349 1884 2400 1936 in
2433 1852 2674 1953 piciend’a
2703 1880 2886 1932 oculos
2915 1892 3017 1928 ι,οη
3054 1875 3329 1928 hahemns.

674 1980 724 2032 in
758 1974 995 2044 jugulum
1030 1969 1132 2023 tela
1171 1966 1468 2028 cecidisse,
1509 1972 1561 2016 et
1590 1973 1798 2016 retusos
1844 1959 1910 2011 ab
1954 1955 2244 2009 inermibus

674 2066 878 2137 gladios
907 2065 1167 2132 rigentem
1209 2055 1502 2127 perdidisse
1533 2061 1796 2106 naturam.
1829 2049 1881 2104 Si
1919 2047 2134 2102 creditis
2164 2060 2246 2099 re-

677 2158 856 2226 ligiosa
909 2154 1150 2210 dieturo.
1199 2164 1305 2203 non
1349 2147 1446 2199 fuit
1485 2143 1806 2212 templorum
1852 2139 2111 2200 minister,
2156 2137 2244 2204 qui

676 2225 815 2302 inter
855 2243 1109 2312 qualibet
1135 2237 1440 2292 discrimina
1479 2236 1710 2286 humano
1741 2239 1859 2298 eget
1888 2228 2100 2280 auxilio.
2136 2225 2248 2279 Scit

678 2350 958 2405 supremus
992 2332 1192 2385 arbiter
1223 2326 1611 2396 posSt-ssionem
1654 2335 1801 2374 suam
1849 2333 1981 2372 nova
2016 2319 2129 2371 luce
2158 2331 2248 2370 ve-

678 2430 828 2482 stire.
861 2425 977 2478 Non
1007 2424 1135 2476 latet
1175 2419 1407 2472 C(BleSlls
1439 2417 1524 2468 illa
1570 2413 1877 2482 pern.i~tio;
1911 2419 1964 2463 et
2009 2409 2248 2476 quamvis

679 2517 923 2572 humana:
957 2511 1254 2579 fragilitatis
1279 2508 1454 2560 tunica
1480 2506 1751 2568 vestiatur,
1783 2501 2080 2570 effulgurat.
2111 2499 2246 2564 Quid

678 2607 818 2678 quod
843 2605 938 2674 ipsi
970 2601 1136 2672 parati
1164 2599 1228 2652 ad
1261 2595 1617 2651 famulandum
1642 2595 1874 2657 veniunt,
1907 2592 1994 2661 qui
2026 2591 2160 2644 trahi
2183 2592 2248 2644 ad

681 2699 894 2754 servitia
921 2710 1022 2750 non
1051 2691 1361 2748 merentur?
1395 2691 1500 2742 llac
1529 2687 1862 2741 extremitate
1889 2686 1978 2754 qui
2006 2685 2249 2753 indignus

681 2799 760 2843 est
781 2833 794 2857 ,
841 2803 944 2840 non
975 2783 1221 2840 rebellat.
1253 2781 1549 2835 Occurrunt
1591 2777 1655 2831 ad
1687 2777 1938 2844 obsequia
1961 2817 1974 2840 ,
2023 2790 2248 2844 quorum

682 2895 832 2934 mens
859 2886 942 2932 est
962 2877 1116 2942 digna
1143 2870 1462 2928 culminibus
1491 2887 1504 2935 ;
1539 2880 1589 2923 et
1632 2867 1980 2936 pervicaciam
2016 2865 2250 2919 mortali-

681 2973 804 3025 tatis
847 2968 1152 3031 eliminant,
1198 2978 1330 3032 quos
1375 2961 1522 3015 nefas
1561 2969 1644 3015 est
1688 2959 1753 3012 ad
1797 2958 2074 3011 inhonesta
2119 2971 2249 3010 con-

674 3063 886 3131 stringi.
928 3059 1020 3114 Isti
1055 3058 1128 3111 tui
1159 3053 1390 3123 pericula
1412 3097 1425 3119 ,
1460 3053 1502 3107 si
1532 3065 1864 3120 nequaquam
1896 3048 2094 3101 absolvi
2141 3062 2252 3100 me-

679 3161 918 3220 reantur,
939 3149 1246 3205 intendunt.
1274 3145 1386 3199 Non
1415 3153 1636 3212 possunt
1657 3141 1894 3195 subtrahi
1926 3137 2245 3203 hominibus,

677 3258 810 3314 quos
841 3257 945 3295 non
998 3237 1342 3305 intelligimus
1385 3233 1666 3303 quidquam
1697 3231 1923 3298 amplius
1956 3230 2150 3283 habere
2185 3227 2250 3282 de
2277 3216 2319 3275 (ἶ

680 3332 1002 3388 hominibus.
1051 3328 1239 3381 Juvate
1279 3341 1397 3389 me,
1430 3324 1587 3391 socii,
1629 3324 1812 3390 juvate
1851 3331 2166 3374 consortes:
2199 3326 2252 3372 et

677 3419 1044 3490 garrulitatem
1105 3412 1490 3482 impugnatoris
1538 3413 1643 3464 mei
1697 3411 1983 3462 auxiliante
2032 3409 2252 3461 veritate

669 3509 1032 3580 comprimite.
1061 3507 1245 3576 Agitur
1276 3519 1360 3558 res
1412 3503 1478 3556 de
1503 3518 1602 3572 qua
1627 3500 1749 3570 quid
1779 3499 2006 3554 senserit
2032 3513 2254 3566 supero-

674 3619 798 3657 rum
829 3599 1089 3655 sententia
1137 3596 1246 3664 jam
1280 3605 1540 3648 tenemus.
1592 3593 1918 3646 Addicantur
1967 3590 2251 3655 immeriti,

674 3705 736 3748 ut
784 3693 954 3745 bonos
1008 3687 1273 3757 possimus
1326 3683 1521 3738 habere
1571 3682 1855 3735 antistites.
1913 3681 2253 3735 lnstituantur

679 3797 772 3850 per
815 3782 945 3835 istos
1005 3792 1137 3848 quos
1177 3790 1302 3828 suos
1339 3787 1461 3829 esse
1516 3786 1621 3827 non
1675 3771 2006 3825 conciliatrix
2040 3770 2211 3824 rabula
2237 3809 2250 3832 ,

679 3889 782 3928 non
831 3872 1032 3926 incerta
1081 3868 1352 3933 defensio,
1401 3864 1494 3920 sed
1543 3865 1656 3934 ipse
1698 3863 1891 3916 summi
1939 3861 2031 3915 Dei
2083 3861 2254 3930 fulgor

679 3962 932 4018 enuntiet.

1244 4045 1463 4100 DlCTlO
1500 4043 1685 4099 XXIII.

718 4147 733 4176 ¹
781 4143 845 4198 1η
879 4142 1199 4206 abdicatum,
1231 4139 1340 4207 qui,
1391 4146 1532 4205 patre
1578 4143 1772 4198 necato,
1824 4135 1973 4187 nzatri
2021 4148 2218 4202 quoque

1286 4227 1643 4280 insidiabatur.

1136 4333 1526 4376 CONTROVERSIA
1568 4331 1782 4371 DITCIIIA.

744 4420 1053 4487 Postquam,
1071 4411 1297 4482 iudices,
1326 4409 1596 4464 abdicatus
1622 4407 1783 4475 filius,
1813 4407 1864 4460 in
1889 4405 2016 4473 justi
2040 4419 2254 4460 exsecu-

679 4514 873 4568 tionem
897 4507 1112 4565 doloris.
1143 4507 1304 4572 patris
1329 4503 1545 4567 factum,
1570 4501 1757 4554 matris
1779 4515 2118 4564 consensum,
2139 4497 2248 4567 gla-

2910 1966 3133 2021 DICTIO
3167 1964 3353 2018 XXIV.

2517 2060 2606 2114 «Ea:
2628 2071 2867 2126 tempore,
2893 2073 3042 2126 quam
3077 2057 3184 2123 ipse
3213 2054 3475 2106 lleuterius
3498 2051 3742 2121 iujnvafit.

2932 2161 3118 2200 ETIIICA
3160 2161 3334 2198 IRIMA.

3031 2255 3232 2292 ἹΙΙΕΜᾹ.

2455 2335 2767 2390 Perfunctus
2794 2335 2984 2403 pelago
3012 2331 3315 2394 Diomedes,
3348 2339 3490 2384 tutus
3523 2339 3572 2382 et
3603 2328 3744 2382 arvis

2526 2428 2865 2495 Naufragium
2892 2426 3076 2489 deflet,
3100 2424 3237 2493 quod
3263 2422 3376 2475 sine
3404 2420 3615 2490 lympha
3648 2419 3762 2472 fuit.

2454 2520 2619 2584 Qua'n
2649 2528 2862 2587 propter
2886 2517 3058 2569 varios
3086 2514 3415 2568 contendens
3445 2513 3644 2564 vicerat
3668 2519 3852 2569 aestus,

2529 2610 2671 2663 Uxor
2697 2608 2760 2660 ad
2785 2607 3001 2660 alterius
3031 2605 3313 2658 transierat
3341 2603 3610 2669 cupulam.

2457 2701 2625 2756 Causa
2656 2699 2995 2768 Querelarum
3021 2697 3268 2749 simulato
3294 2694 3507 2748 nomine
3538 2707 3656 2744 vera
3686 2700 3790 2744 est.

2529 2792 2693 2860 Hujus
2717 2790 2896 2855 verba,
2930 2803 3139 2856 precor,
3166 2787 3360 2840 comite
3382 2799 3474 2837 vos
3497 2783 3707 2853 placidi.

2957 2880 2975 2908 ²
3004 2891 3320 2931 Αιιοουτιο.

2421 2975 2463 3029 Ο
2494 2974 2728 3036 numina,
2760 2973 2806 3026 si
2829 2972 2978 3037 vobis
3010 2985 3114 3023 non
3139 2968 3384 3022 eveniunt
3415 2973 3602 3020 cuncta
3630 2963 3922 3030 disponen-

2356 3069 2515 3131 tibus,
2545 3067 2709 3120 divisa
2751 3073 2982 3134 potestas
3025 3072 3127 3127 est,
3165 3071 3255 3115 aut
3284 3069 3336 3114 et
3381 3060 3641 3113 malorum
3671 3057 3801 3109 estis
3826 3070 3921 3107 au-

2353 3171 2547 3215 ctores.
2597 3159 2747 3224 Quod
2790 3159 2830 3211 si
2873 3158 3222 3210 humanarum
3268 3167 3445 3206 rerum
3491 3164 3808 3218 quemquam
3859 3163 3922 3200 ex

2355 3267 2575 3306 numero
2612 3261 2786 3304 vestro
2826 3263 2950 3301 cura
2995 3246 3282 3310 sollicitat,
3328 3242 3628 3296 felicitatem
3672 3239 3800 3292 mihi
3843 3253 3922 3289 re-

2353 3344 2562 3397 deuntis
2590 3343 2824 3405 tribuite,
2850 3349 2937 3392 aut
2966 3352 3204 3392 errorem
3229 3349 3383 3401 quem
3413 3333 3605 3385 finistis
3633 3329 3840 3398 ingrati.
3866 3327 3922 3382 Si

2353 3435 2543 3488 etelum
2569 3433 2799 3486 vocanda
2826 3433 3031 3499 piorum
3058 3426 3342 3497 possessio,
3359 3425 3399 3477 si
3419 3440 3532 3492 pro;
3555 3433 3633 3475 ter
3656 3431 3920 3474 momenta

2356 3527 2549 3580 laetitia:
2582 3525 2894 3578 mortalibus
2922 3531 3068 3574 orata
3101 3518 3440 3585 tribuunturJ
3463 3518 3625 3570 nolite
3653 3516 3923 3568 beneficiis

2353 3619 2541 3670 vestris
2564 3616 2769 3669 sociare
2795 3615 3095 3666 vindictam.
3114 3615 3222 3664 Cur
3245 3611 3419 3662 taliter
3441 3609 3504 3661 ad
3532 3607 3773 3660 effectum
3801 3617 3922 3658 vcta

2356 3707 2674 3760 tetendimus
2699 3749 2711 3770 ,
2747 3714 2802 3757 ut
2831 3713 3106 3772 pararetur
3135 3701 3370 3755 caelitum
3401 3696 3647 3764 suffragio
3672 3697 3739 3749 de
3766 3709 3924 3748 occas

2354 3800 2410 3852 si.
2436 3815 2502 3851 ne
2531 3798 2896 3866 prosperitatis
2920 3792 3258 3847 adversitas?
3289 3790 3528 3852 Reddite,
3557 3801 3759 3853 qua-so,
3797 3800 3924 3851 pro-

2356 3890 2464 3958 pitii
2489 3887 2819 3942 incommoda
2844 3902 2958 3954 quae
2989 3885 3059 3938 tul
3085 3885 3179 3937 stis
3208 3899 3221 3947 ;
3256 3884 3559 3936 restituatur
3586 3877 3816 3944 pelagus,
3850 3889 3922 3928 ne

2353 3994 2568 4038 terreno
2596 3990 2774 4046 pereat
2797 3979 2932 4032 fama
2959 3975 3252 4045 naufragio.
3279 3972 3539 4028 Secundis
3558 3969 3722 4024 rebus
3746 3967 3927 4036 proxic

2349 4089 2498 4126 imum
2531 4081 2609 4125 est
2665 4083 2990 4138 qtnecunque
3017 4064 3336 4119 accesserint
3366 4062 3501 4114 mala
3535 4057 3745 4112 nesciri.
3775 4058 3926 4125 Igno-

2356 4165 2513 4217 minia
2543 4176 2659 4230 qua:
2683 4175 2767 4214 me
2796 4160 2843 4212 in
2877 4158 3006 4212 facie
3036 4155 3281 4225 perculit,
3312 4169 3414 4208 non
3449 4152 3708 4220 tetigisset
3733 4149 3926 4204 absen-

2355 4263 2479 4308 tem.
2527 4254 2780 4316 Uxorem,
2831 4265 2924 4319 pro
2975 4248 3154 4302 nefas!
3205 4247 3302 4300 nisi
3344 4245 3409 4299 ad
3457 4260 3575 4298 eam
3621 4242 3923 4303 rediissem,

2356 4345 2600 4399 amisisse
2630 4357 2734 4396 non
2765 4341 3014 4396 crederer
3040 4355 3054 4392 :
3097 4337 3299 4392 inflexit
3327 4345 3520 4389 statum
3553 4348 3728 4386 meum
3769 4330 3927 4396 abju-

2353 4447 2467 4492 rata
2510 4436 2804 4491 calamitas.
2844 4432 3070 4486 Statioui
3114 4429 3328 4496 propior
3369 4425 3465 4480 fuit
3495 4424 3742 4492 liquentis
3770 4438 3928 4475 error

2354 4527 2600 4581 elementi
2644 4543 2656 4577 :
2702 4535 2910 4591 portum
2962 4523 3012 4575 in
3060 4520 3277 4590 gt'llilall
3326 4519 3438 4571 solo
3487 4515 3716 4586 perdidi,
3765 4528 3925 4581 qurm

714 4606 724 4616 ,
825 4602 836 4614 .
919 4601 929 4611 .
1037 4599 1049 4610 .
1589 4592 1599 4602 .
1756 4592 1766 4602 .
2008 4591 2018 4600 .
2354 4569 2600 4581 νιν-ιη’·ἠ
2644 4569 2655 4577 '
2705 4569 2909 4591 νυν-ηυν
2963 4569 3012 4575 ---
3061 4569 3088 4590 ο
3131 4569 3277 4573 ---~—-~
3328 4569 3399 4571 κν
3489 4569 3540 4586 τί
3705 4569 3715 4578 ν
3782 4569 3796 4581 .

676 4604 763 4657 dm
789 4601 1100 4665 v'nd'cavn’
1145 4595 1360 4687 "‘er
1398 4599 2246 4687 ⁸⁸,ίῖθδί¹,π1²ί,¹¹¹“,⁰⁰θΪ“¹³,“¹,⁰⁰·
2275 4569 2323 4628 D
2351 4634 2494 4687 saepe
2521 4619 2571 4670 in
2599 4617 2728 4669 ινδειί
2759 4615 2980 4684 gurgitis
3007 4614 3210 4667 sinibus
3241 4610 3514 4679 acquisivi.
3569 4605 3812 4660 llmccine
3841 4612 3929 4656 est

675 4695 965 4766 gnitorum,
981 4698 1032 4747 et
1049 4687 1243 4758 aliquid
1261 4685 1328 4740 de
1347 4683 1610 4738 manifesti
1636 4682 1887 4736 facinoris
1914 4681 2248 4733 absolutione

675 4786 978 4854 subripere.
1026 4780 1301 4836 Nescimus
1344 4791 1462 4845 quae
1512 4775 1563 4828 in
1610 4773 1919 4828 defensione
1966 4773 2044 4825 sui
2087 4771 2245 4826 ve:ba

674 4874 1041 4930 commentitia
1071 4871 1366 4927 sceleratus
1410 4866 1674 4932 inveniat,
1722 4865 1787 4916 ad
1815 4863 1962 4931 cujus
1995 4877 2091 4916 nos
2122 4875 2248 4915 con-

675 4965 989 5019 futationem
1026 4962 1216 5017 vulnus
1261 4958 1614 5014 ostendimus.
1664 4955 1798 5008 Malo
1842 4955 2246 5022 perseverantia:

747 5101 763 5128 ¹
792 5098 856 5151 1η
883 5095 1192 5164 abdicatum]
1222 5092 1636 5164 Titulocaretitt
1661 5088 1868 5164 duobus
1891 5087 2158 5164 antiquis;
2192 5088 2243 5142 in

677 5173 855 5232 tertio,
885 5166 972 5234 qui
1000 5157 1260 5234 recentior
1288 5173 1387 5228 cst,
1413 5161 1718 5216 inscribitur
1742 5177 1752 5211 :
1782 5157 1804 5210 Ι
1815 5158 2028 5234 invectiva
2044 5159 2094 5208 in
2114 5157 2243 5210 Ure-

675 5250 820 5304 stem,
845 5229 928 5304 qui
951 5235 1131 5286 occidit
1159 5233 1573 5304 Clytemnestram
1600 5239 1829 5304 matrem:
1857 5229 1960 5304 Sed
1993 5230 2244 5295 deceptus

675 5321 749 5365 est
777 5298 1016 5376 quisquis
1042 5304 1195 5376 huius
1219 5298 1577 5376 inscriptionis
1599 5311 1785 5354 auctor
1798 5298 2243 5376 fuit_,_-argtnnen-ti

674 5369 1046 5434 similitudine.
1095 5373 1223 5425 Nam
1255 5371 1471 5424 Orestes
1502 5379 1720 5424 matrem
1758 5369 1974 5431 occidit,
2015 5383 2117 5419 non
2149 5383 2242 5432 pa-

675 5461 808 5504 trem
841 5467 850 5500 :
886 5446 969 5499 hic
989 5453 1164 5496 autem
1195 5451 1393 5508 patrem
1420 5441 1646 5504 necavit,
1667 5449 1886 5490 matrem
1913 5454 2015 5489 non
2048 5439 2235 5504 potuit.

676 5522 846 5586 Quare
872 5515 1144 5571 indefinite
1175 5511 1366 5586 scripta
1400 5517 1479 5561 est
1507 5509 1556 5559 in
1582 5508 1744 5586 lilium
1776 5508 2076 5586 abdicatum
2105 5525 2115 5557 ε
2147 5521 2241 5559 cu-

677 5577 898 5658 iusmodi
916 5587 1038 5658 alite
1049 5581 1350 5658 complures
1368 5588 1498 5658 sunt
1511 5578 1648 5658 apud
1668 5578 1944 5658 Senecam,
1964 5577 2238 5658 bibauium

676 5645 729 5714 ἐι
755 5659 965 5725 διιοεοίη
995 5645 1301 5708 οὺάὶεειήιεε
1333 5649 1411 5704 vel
1453 5649 1744 5711 abdicatos,
1776 5645 2233 5722 ἀποκηρύττοντας,

678 5730 704 5787 ἦ
728 5728 1240 5802 (ξπῳεῃρυτῖοέιένους.

745 5779 771 5827 ί
788 5779 1064 5862 autaut-0]
1083 5779 1265 5859 Quam
1291 5787 1611 5861 ethopceiam
1635 5800 1662 5839 a
1686 5783 1888 5841 Graecis
1911 5785 2012 5839 dici
2043 5785 2222 5840 monui

2352 4710 2540 4761 domus
2567 4715 2764 4773 Optata,
2789 4705 2938 4774 cujus
2965 4703 3230 4758 desiderio
3257 4699 3612 4770 periculorum
3646 4695 3929 4765 promitte-

2355 4801 2505 4854 batur
2548 4797 2772 4863 oblivio,
2822 4813 2945 4850 cum
2994 4811 3088 4864 spe
3134 4793 3406 4863 sequentis
3453 4789 3629 4859 gaudii
3684 4800 3928 4856 przesens

2353 4893 2606 4945 malorun
2643 4898 2846 4956 po‘erat
2871 4889 3042 4941 forma
3070 4886 3302 4940 nesciri?
3333 4883 3427 4936 Cni
3459 4894 3688 4950 unquam
3718 4878 3784 4931 de
3816 4881 3926 4929 m-

2350 4983 2606 5038 Sl‘l'al'illlll
2634 4981 2873 5035 terminis
2895 4988 3015 5032 sunt
3048 4987 3166 5030 nata
3193 4974 3471 5044 principia,
3497 4982 3588 5024 aut
3618 4969 3684 5023 de
3709 4968 3932 5037 μοι-[ωι-

2351 5113 2488 5163 mus,
2521 5110 2636 5149 eam
2665 5093 2835 5147 Latini
2864 5093 3062 5146 saeculo
3082 5089 3319 5163 Ennodii
3351 5088 3730 5163 allocutionem
3762 5097 3928 5163 voca-

2351 5155 2491 5220 rnut'.
2537 5167 2623 5218 Sic
2659 5166 2798 5218 cnim
2843 5176 2894 5216 et
2931 5162 3228 5215 Priscianus
3275 5162 3323 5212 in
3372 5155 3929 5211 Prmexcrcitamentis

2352 5235 2630 5290 I'ltClOl‘lt'tt}
2660 5250 2672 5286 :
2709 5234 2957 5286 Allocutio
2988 5241 3055 5283 ιδι
3083 5231 3297 5282 inritatio
3328 5229 3571 5281 sermonis
3595 5229 3661 5277 ad
3690 5240 3854 5276 mores
3880 5233 3930 5275 et

2348 5307 2640 5372 suppositas
2678 5321 2918 5372 personas
2958 5303 3357 5372 accommodata,
3404 5308 3479 5364 ut,
3529 5298 3721 5362 Quibus
3762 5295 3928 5346 verbis

2352 5365 2424 5429 uti
2449 5365 2696 5436 ὐοιιιὶετεὶ
2741 5373 3084 5425 Andromache
3129 5369 3344 5423 Hectore
3375 5379 3572 5420 mortuo
3609 5381 3626 5418 :
3656 5365 3800 5436 quod
3827 5375 3931 5436 est

2350 5434 2486 5514 apud
2537 5444 2843 5514 Libanium,
2892 5446 3026 5500 τίνας
3078 5437 3141 5514 ἂν.
3185 5439 3553 5514 ὅποι-λόγους
3585 5434 3925 5514 ,Ανδρομάχη

2343 5507 2545 5585 κὲιμένῳ
2586 5512 2652 5584 ἐφ’
2673 5512 2893 5587 "limam.
2929 5516 3034 5565 ΙΙοο
3061 5512 3198 5563 enim
3232 5509 3388 5562 modo
3428 5507 3596 5560 (ἱππιγεί
3625 5507 3926 5587 Ουὲιοιιςιιιη

2343 5574 2632 5640 dictionum
2664 5574 2893 5637 thennita
2930 5581 3323 5650 proponebant.
3344 5578 3518 5650 Latini
3552 5577 3601 5628 in
3637 5576 3774 5650 hunc
3809 5574 3926 5650 fere

2346 5655 2577 5718 modum,
2612 5652 2785 5706 Veiba
2819 5643 3106 5719 Diomedis,
3138 5666 3256 5705 cum
3290 5649 3524 5720 [Egiales
3556 5644 3738 5700 uxoris
3769 5643 3924 5696 adul-

2347 5725 2476 5780 teria
2519 5725 2781 5794 cognovit.
