4192 6260
282 433 394 490 305

1746 410 2116 467 DlCTIONES.

3432 398 3534 450 306

281 547 387 600 clis
416 540 628 596 casibus
652 536 828 590 evenit
855 531 1168 588 exordium?
1200 527 1495 596 Aliquando
1527 537 1702 592 optata
1728 541 1856 579 con-
1887 528 1937 583 Α
1967 521 2137 574 neficii
2185 519 2469 573 collatione
2510 518 2779 571 submitte.
2829 517 3002 570 Liceat
3049 529 3140 581 pro
3165 528 3309 576 caro,
3343 515 3386 566 si
3431 531 3534 566 nun

280 640 402 706 tigit
449 649 551 686 non
590 628 800 683 amari?
838 635 927 679 aut
966 625 1190 678 accessit
1216 631 1274 675 ιιι
1326 621 1593 674 hominem
1639 620 1856 674 lmderet

279 729 402 797 fuga
433 719 796 778 discriminis?
834 718 918 771 Me
958 715 1110 768 novis
1152 727 1363 782 semper
1408 713 1636 780 pessima
1664 711 1855 765 ictibus

281 821 494 870 fortuna
529 809 757 881 perculit
787 827 798 860 :
831 807 980 876 cujus
1009 806 1052 859 si
1081 808 1132 859 in
1161 805 1394 858 deterius
1418 803 1584 871 vergit
1612 802 1856 865 mutatio,

277 908 578 974 simplicem
611 901 837 955 nocendi
863 900 1030 952 fervet
1060 896 1311 964 speciem.
1338 911 1404 948 ne
1429 893 1856 948 SliCt‘eSSitmiiNIS

279 999 595 1053 insolescat.
621 993 881 1053 Uxorem,
912 989 1171 1042 malorum
1200 988 1444 1052 comites,
1472 985 1627 1038 habui
1661 985 1722 1036 ad
1760 1001 1855 1050 pu-

279 1089 522 1143 dicitiam
578 1094 778 1137 natura:
827 1082 943 1133 luce
992 1079 1399 1140 transmissant,
1467 1075 1551 1129 cui
1607 1074 1857 1142 splendor

280 1175 495 1230 oriundi
527 1147 773 1228 creverat
815 1168 1072 1222 institutis
1104 1207 1118 1230 ,
1151 1175 1207 1219 ιιι
1245 1166 1458 1234 gemino
1487 1165 1701 1218 defensa
1732 1179 1854 1232 pro-

281 1263 586 1335 pugnaculo
633 1262 933 1315 nullatenus
973 1258 1265 1312 facinorum
1315 1256 1626 1310 crederetur
1667 1255 1858 1308 ictibus

281 1359 586 1426 siibjacere,
628 1368 725 1406 nec
763 1353 892 1405 dura
922 1350 1246 1404 castimonia:
1280 1346 1624 1401 obscenitatis
1653 1345 1858 1399 evisce-

282 1449 492 1503 ratione
523 1445 750 1498 mollire.
801 1443 888 1496 Illa
916 1455 1184 1509 nunquam
1215 1439 1411 1492 fulvum
1445 1436 1638 1490 metalli
1670 1433 1860 1502 quaesi-

285 1543 362 1595 vit
378 1549 628 1593 ornatum
655 1577 669 1599 ,
689 1550 786 1590 nec
811 1535 1160 1602 pretiosorum
1184 1531 1416 1585 candore
1440 1527 1667 1596 lapidum
1688 1526 1859 1580 nivem

285 1631 530 1699 corporis
570 1631 772 1684 imitata
802 1639 883 1681 est
915 1667 930 1691 ,
963 1641 1069 1679 non
1101 1625 1202 1678 ulla
1241 1624 1423 1676 habuit
1462 1621 1672 1674 decoris
1713 1618 1864 1686 adju-

285 1734 490 1784 menta,
515 1721 639 1775 dum
665 1720 859 1788 placitit
885 1759 899 1782 ,
921 1717 1073 1770 scivit
1095 1715 1385 1783 conjugalis
1405 1713 1521 1779 jm'a
1545 1709 1860 1764 sacramenti

288 1816 479 1868 fucatis
527 1811 717 1865 studiis
769 1825 872 1862 non
917 1807 1088 1876 juvari
1118 1847 1133 1870 ,
1173 1821 1272 1858 nec
1308 1803 1594 1870 obligatum
1628 1800 1863 1854 tenuisse

289 1908 599 1973 coniugem,
625 1900 836 1969 quando
865 1900 1023 1953 alium
1048 1907 1242 1967 pra'ter
1266 1912 1384 1950 eum
1417 1894 1502 1962 qui
1535 1890 1809 1946 descendit.
1834 1905 1862 1943 a
1897 1893 1940 1951 Β

291 1996 532 2050 moribus
597 1990 842 2060 qu:csivit
884 2000 1042 2058 nupta
1075 1989 1350 2057 fulgorem.
1398 1985 1586 2039 Mansit
1615 1984 1701 2035 illa
1736 1979 1874 2035 edn?

293 2089 587 2142 candorum
621 2087 902 2155 pignorum
935 2084 1166 2136 servitus
1208 2082 1393 2144 libera,
1437 2079 1561 2131 dum
1602 2078 1762 2130 talem
1809 2089 1866 2128 se

294 2179 542 2248 prazbuit,
571 2193 687 2245 qua:
715 2185 766 2227 et
795 2173 1085 2227 desiderari
1117 2172 1390 2235 meruerit,
1439 2177 1492 2254 et
1518 2169 1686 2222 virum
1733 2182 1868 2221 nun—

294 2285 450 2340 quam
481 2277 691 2338 putaret
717 2269 1012 2320 aliseutem.
1058 2266 1147 2318 Illa
1180 2279 1361 2317 sexum
1396 2261 1586 2325 mentis
1621 2260 1867 2314 ﬁrmitate

295 2362 620 2422 duraverat,
661 2359 784 2410 dum
829 2357 910 2408 illi
946 2355 1221 2408 muliebris
1249 2353 1514 2406 imbecilla
1559 2351 1762 2404 tonsilii
1799 2351 1864 2402 de

296 2452 436 2504 virili
461 2458 718 2516 ceperant
747 2449 1062 2502 auctoritate.
1089 2445 1460 2498 substantiam.
1491 2442 1606 2496 Jatn
1633 2441 1866 2511 lapsibus

295 2545 500 2599 ordinis
522 2545 602 2596 sui
629 2542 870 2595 doctrina
899 2540 1196 2593 medicante
1226 2535 1573 2604 repugnabat,
1612 2544 1665 2589 et
1696 2543 1867 2587 trans-
1911 2589 1922 2598 ,

297 2637 399 2689 lata
443 2637 493 2689 in
525 2649 651 2688 usus
692 2633 888 2687 alteros
928 2632 1238 2684 fetuinarum
1273 2630 1475 2682 ridebat
1511 2640 1779 2681 excessus.
1813 2625 1868 2678 ln

295 2739 526 2788 summa,
561 2724 674 2776 tali~
701 2723 873 2791 pc:iit,
901 2721 1087 2790 quales
1117 2719 1288 2774 solent
1318 2735 1344 2771 a
1375 2718 1575 2771 maritis
1609 2717 1867 2785 lacrymas

298 2816 412 2884 imp
447 2826 603 2869 trare.
628 2815 850 2877 Circteo,
874 2825 923 2865 ut
958 2813 1124 2876 aiunt,
1147 2811 1330 2878 poculo
1357 2825 1385 2861 a
1408 2824 1466 2863 se
1492 2808 1741 2862 translata
1765 2816 1865 2872 est,

300 2917 355 2959 et
389 2907 443 2959 in
471 2913 641 2959 votum
670 2904 911 2972 migravit
937 2902 1183 2956 adulteri.
1214 2900 1316 2952 Sed
1346 2899 1470 2966 qttid
1493 2913 1708 2968 agamus
1731 2897 1869 2951 inter

295 2997 455 3051 anxia
488 3007 540 3051 et
566 2998 762 3050 incerta
792 2994 1150 3063 deprehensi?
1182 2993 1419 3060 liecipiat
1447 3008 1542 3045 nos
1567 3007 1662 3058 pro
1696 3004 1868 3044 reme-

297 3090 397 3141 diis
417 3103 578 3142 exosa
599 3087 864 3155 naviga'io
883 3127 900 3151 ,
923 3086 1130 3138 lassatae
1155 3073 1340 3138 manus
1357 3084 1665 3139 rudentibus
1682 3092 1866 3148 stupea

299 3195 482 3233 rursus
527 3179 736 3233 \illCllia
778 3177 1140 3240 meditemur;
1188 3173 1386 3229 htcreat
1431 3176 1598 3229 c!avis
1627 3173 1867 3234 dextera,

301 3283 355 3325 ut
379 3275 597 3326 frenata:
622 3271 810 3339 puppis
838 3285 929 3338 per
948 3269 1361 3337 gubernaculum
1382 3267 1496 3335 jura
1524 3265 1827 3318 moderetur
1854 3279 1868 3327 ;
1899 3257 1944 3319 C

298 3363 432 3430 depit
454 3374 539 3417 tus
570 3362 834 3415 sideribus
861 3365 974 3414 axis
993 3360 1240 3414 reddatur
1261 3357 1492 3426 aspectui
1524 3373 1537 3421 ;
1569 3356 1871 3422 dispositio-

300 3457 378 3508 nis
395 3463 594 3508 nostra:
615 3454 803 3506 itinera
825 3445 1055 3505 noctium
1080 3449 1615 3520 diriganturindiciis.
1632 3447 1712 3502 Sit
1728 3447 1871 3500 sola-

303 3548 429 3599 tium
461 3543 751 3597 luminibus
783 3544 937 3607 meis,
968 3543 1011 3595 si
1039 3542 1296 3611 prolauati
1327 3556 1427 3594 non
1458 3540 1702 3593 videatur
1732 3547 1870 3590 terra

305 3637 526 3703 coiijngii
559 3652 574 3688 :
609 3635 875 3703 fugiamus
908 3636 1153 3702 patriam,
1184 3634 1234 3686 itt
1263 3646 1367 3700 qua
1399 3631 1499 3684 tale
1522 3631 1767 3684 tﬂ'ectum
1791 3636 1873 3681 cst

311 3727 694 3779 matrimonium
729 3734 990 3791 nostrum,
1018 3723 1158 3793 quod
1185 3736 1230 3778 et
1265 3723 1505 3777 amisisse
1533 3721 1746 3791 pudeat,
1773 3735 1872 3775 nec

308 3816 530 3870 audeant
557 3827 678 3869 vota
711 3817 965 3884 recipere.

873 3925 1093 3978 DlCTiO
1147 3925 1182 3977 Χ
1199 3925 1309 3978 .\'V.

378 4018 537 4071 Virbu
569 4017 826 4079 Thetidis,
849 4035 957 4068 cum
993 4015 1237 4068 Achillam
1268 4018 1450 4069 cidrrcl
1479 4018 1796 4069 exstincmm.

853 4124 1045 4162 ETIIICA
1081 4124 1329 4162 SECUNDA.

365 4203 666 4271 Intercepta
696 4211 779 4255 est
814 4202 900 4269 pio
927 4203 1144 4270 quwsita
1178 4201 1321 4255 fraus
1357 4213 1592 4256 materna
1625 4203 1868 4258 consilio.

298 4296 623 4350 Invenerunt
654 4295 914 4349 Achillem
960 4306 1200 4348 nostrum
1241 4294 1342 4347 fata
1376 4305 1426 4349 ct
1456 4295 1524 4349 ab
1552 4295 1652 4348 alia
1683 4307 1872 4348 natura

296 4389 610 4456 subreptum
645 4429 662 4455 ,
698 4403 794 4442 nec
828 4387 1026 4455 profuit
1057 4387 1198 4453 quod
1235 4403 1420 4442 sexum
1457 4403 1610 4456 quem
1643 4388 1690 4440 ei
1724 4387 1873 4454 origo

296 4481 519 4535 dederat
577 4482 767 4533 astutia
811 4482 1194 4545 commutavit;
1235 4481 1483 4535 feminam
1524 4481 1874 4536 diuturnitate

295 4587 400 4624 non
432 4571 655 4634 didicit,
698 4580 748 4624 et
778 4573 874 4624 viri
907 4571 1056 4624 furtis
1083 4572 1314 4625 animum
1348 4572 1520 4626 mullis
1548 4573 1873 4626 consuetudo

295 4663 550 4716 servavit.
584 4662 714 4728 Quis
741 4662 920 4714 credat
951 4662 1275 4715 inefﬁcacem
1307 4662 1464 4715 fuisse
1498 4663 1874 4729 provisioncm,

295 4772 452 4826 quam
497 4768 552 4810 et
595 4758 692 4809 dea
740 4765 793 4809 et
834 4765 1002 4809 mater
1045 4756 1428 4809 iuvenit?-Nrn
1477 4767 1558 4809 cst
1601 4762 1873 4824 pra‘miunt

296 4847 690 4911 immortalitas,
723 4863 878 4916 quam
909 4864 1004 4901 nec.
1033 4850 1265 4914 genitrix
1295 4852 1604 4903 transmittit
1628 4851 1690 4903 ad
1719 4852 1878 4904 Subo-

296 4938 422 5001 lem,
457 4953 554 4991 nec
583 4954 676 5004 per
701 4955 818 4992 eam
849 4939 986 5007 quod
1019 4939 1181 4991 filium
1212 4942 1421 4993 casibus
1453 4940 1654 4994 furetur
1684 4959 1872 4996 occur-

296 5030 381 5081 rit.
445 5029 514 5083 Ut
561 5045 832 5098 nunquam
895 5030 1164 5083 doloribus
1215 5032 1605 5096 subducamur,
1658 5036 1874 5089 numina

297 5137 498 5174 sumus.
525 5122 654 5187 Quae
682 5132 762 5174 cst
791 5123 884 5174 ista
918 5123 1169 5185 condZtLo,
1197 5123 1405 5190 quando
1427 5125 1493 5178 de
1517 5128 1874 5192 penetralibus

298 5215 560 5267 viscerum
601 5224 904 5268 nostrorum
942 5215 1080 5282 quod
1115 5217 1254 5269 letho
1286 5218 1482 5271 serviat
1514 5219 1876 5273 exhibemus?

299 5303 610 5356 Ccelicoluni
645 5304 930 5370 potentiam
964 5313 1054 5356 aut
1083 5305 1270 5359 liceret
1301 5308 1593 5374 posteritati
1635 5309 1878 5363 conferre

301 5395 438 5458 quod
474 5391 734 5461 possidet,
778 5403 869 5445 aut
895 5395 1035 5446 caris
1063 5393 1509 5449 descendentibus
1541 5413 1636 5464 pro
1679 5398 1879 5451 lamen-

305 5487 519 5537 tationis
548 5486 774 5538 termino
796 5485 1010 5538 daretur
1035 5487 1373 5541 occumbere.
1401 5489 1681 5543 Inferiores
1709 5491 1880 5543 homi-

302 5576 457 5629 nibus
506 5591 691 5629 sumus
721 5577 910 5643 quibus
954 5577 1151 5632 similes
1181 5593 1426 5646 paremus
1462 5599 1473 5632 :
1508 5582 1559 5634 in
1594 5581 1696 5636 huc
1727 5584 1876 5636 dete-

301 5667 411 5717 rius
450 5665 734 5718 Parcarum
769 5667 996 5721 ludibrio
1035 5669 1407 5737 subiacentes,
1453 5673 1572 5740 quia
1613 5679 1878 5728 nescimus

301 5755 460 5809 exitia
490 5757 804 5825 pignoribus
832 5760 1097 5826 obligata.
1135 5761 1457 5832 Super-orum
1497 5765 1745 5832 nttximc,
1792 5781 1880 5819 aut

301 5850 609 5918 prosapie-nt
643 5857 874 5904 nostram
907 5852 1107 5907 subduc
1139 5854 1385 5923 fortuitis,
1420 5868 1504 5908 ant
1541 5875 1635 5911 nr-s
1669 5876 1760 5927 pro
1793 5862 1880 5915 bc-

1963 613 2224 667 vincimtts
2248 611 2537 674 interitum,
2565 612 2642 663 vel
2670 611 2870 664 subire.
2896 611 3014 662 Stat
3034 616 3155 660 ante
3179 607 3363 659 oculos
3390 622 3536 659 meos

1961 712 2193 776 orbitas,
2235 711 2438 764 idcirco
2467 708 2726 771 deterior,
2773 707 2892 776 quia
2925 706 3068 758 illam
3098 718 3196 772 pro
3227 702 3537 755 mternitatis

1963 816 2096 854 mea:
2127 800 2449 854 sublimitate
2479 796 2739 865 pra‘scivi.
2772 797 2816 849 Ο
2847 792 3124 861 lugendam
3157 777 3431 843 numinum
3464 788 3537 842 fc.-

1960 888 2234 951 li‘citatem,
2281 902 2401 941 cum
2435 885 2562 939 illud
2608 883 2746 952 quod
2789 883 2854 936 de
2885 880 3120 934 adversis
3164 869 3392 947 ignorari
3430 891 3536 930 non

1964 979 2107 1037 licet.
2137 992 2241 1030 non
2273 977 2502 1029 donatur
2528 982 2772 1027 avertere
2797 975 2810 1025 !
2848 971 3118 1025 Recordor
3146 969 3396 1035 praeteriti
3428 968 3539 1021 sol-

1961 1065 2285 1118 licitudinem
2315 1064 2570 1131 temporis
2593 1107 2608 1130 ,
2635 1071 2686 1116 et
2713 1076 2867 1116 curas
2898 1076 3042 1114 meas
3081 1060 3274 1128 quibus
3303 1058 3537 1124 nequid-

1963 1171 2119 1224 quam
2170 1155 2435 1224 invigilavi
2493 1154 2829 1208 remin'scor.
2881 1150 3016 1218 Quid
3092 1148 3286 1216 profuit
3338 1148 3556 1216 Stygiae-

1963 1243 2170 1311 paludis
2197 1243 2394 1296 auxilio
2422 1244 2528 1296 nati
2555 1255 2750 1308 corpus
2780 1249 3058 1301 armatum,
3089 1238 3209 1290 dum
3243 1236 3366 1288 illud
3397 1236 3551 1303 quod-

1964 1347 1992 1384 a
2041 1331 2192 1383 nobis
2232 1346 2443 1384 sumere
2485 1330 2668 1384 debuit
2715 1342 3074 1397 quereremus
3111 1342 3139 1378 a
3185 1327 3434 1396 gurgite?
3482 1325 3555 1378 ln-

1967 1419 2220 1472 membris
2263 1419 2424 1486 prolis
2453 1427 2670 1480 nostrae,
2710 1432 2868 1484 quem
2897 1416 2993 1469 dea
3036 1415 3226 1477 tenuit,
3277 1413 3424 1468 locus
3456 1419 3539 1468 e‘st

1966 1510 2218 1563 vulneris.
2264 1507 2370 1562 Cur
2412 1522 2516 1561 nou
2562 1507 2847 1560 laxioribus
2888 1505 3066 1574 digitis
3110 1503 3325 1573 lympha
3354 1499 3413 1557 se
3438 1504 3539 1556 mi:

1967 1596 2094 1649 scuit
2118 1638 2132 1660 ,
2175 1606 2233 1650 ut
2263 1611 2325 1651 ex
2374 1604 2486 1650 toto
2524 1596 2837 1648 exclusisset
2868 1595 3002 1648 ictus
3028 1594 3234 1661 superis
3263 1593 3400 1646 unda
3448 1593 3538 1647 su-

1967 1687 2220 1742 hlimior?
2261 1689 2386 1757 quid
2414 1689 2571 1742 etiam
2595 1688 2731 1756 juvit
2758 1687 3008 1741 Chironis
3037 1687 3262 1755 elegisse
3291 1685 3540 1754 magiste-

1966 1780 2128 1846 rium,
2162 1782 2250 1850 qui
2282 1785 2452 1835 a-tatis
2484 1783 2743 1834 lubricum
2775 1781 3017 1834 doctrina
3047 1780 3338 1834 solidaret?
3366 1781 3540 1835 Credo

1967 1869 2195 1924 diversis
2222 1872 2611 1926 institutionum
2644 1872 2881 1934 callibus,
2919 1883 2968 1922 ιιι
3004 1870 3197 1923 bellum
3227 1871 3335 1923 lilio
3368 1871 3556 1937 placc-

1970 1972 2069 2028 rit,
2104 1965 2402 2019 invenimus
2433 1984 2445 2017 :
2479 1967 2614 2032 apud
2648 1967 2962 2017 monitorem
2990 1965 3333 2016 fortissimum
3364 1972 3558 2017 actum-

1969 2066 2049 2108 est
2078 2064 2134 2109 ut
2156 2055 2296 2109 vires
2325 2070 2440 2122 qua:
2465 2055 2824 2122 sequebantur
2849 2054 3089 2106 tconsilia
3116 2069 3217 2105 non
3259 2053 3534 2106 haberent.

1969 2149 2094 2216 Quis
2125 2150 2455 2204 miscendum
2490 2148 2802 2202 feminarum
2841 2147 3054 2201 latebris
3085 2149 3252 2200 virum
3295 2162 3538 2214 saporem

1972 2242 2129 2293 vellet
2157 2241 2368 2294 haurire
2408 2239 2736 2296 certaminis.
2779 2247 2831 2292 et
2859 2238 2982 2292 inde
3011 2238 3284 2305 provideat
3314 2237 3537 2305 pignori,

1970 2331 2110 2384 unde
2139 2333 2257 2385 facit
2285 2332 2457 2399 perire
2485 2330 2622 2396 quod
2650 2329 2924 2394 providet?
2953 2329 3063 2382 iam
3089 2330 3302 2380 duratas
3327 2326 3542 2394 Spiculis

1973 2437 2157 2474 manus
2195 2422 2258 2473 ad
2308 2411 2546 2473 calaihos
2590 2419 2985 2486 fiangebamus,
3035 2427 3085 2470 ct
3129 2417 3246 2469 illos
3293 2417 3543 2468 humeros

1970 2527 2102 2579 quos
2124 2512 2334 2580 spoliati
2366 2511 2535 2564 leonis
2564 2519 2702 2577 terga
2735 2496 3109 2566 calefecerant,
3143 2522 3273 2560 auro
3297 2505 3541 2556 d'stiucta

1970 2608 2052 2661 vel
2083 2607 2284 2660 murice
2314 2605 2448 2675 palla
2482 2603 2782 2658 claudebat.
2815 2602 2927 2655 Non
2961 2600 3125 2653 facilis
3153 2599 3404 2651 transitus
3428 2596 3542 2658 fttit,

1967 2694 2216 2762 juvenem
2241 2704 2477 2748 nostrum
2504 2692 2730 2760 puellam
2757 2699 3100 2760 postgu~tum
3126 2689 3206 2741 lau
3232 2689 3291 2739 lis
3313 2687 3540 2743 invitari:

1971 2801 2069 2839 nec
2104 2794 2277 2838 astute
2316 2783 2668 2849 componitur,
2701 2781 2841 2848 quod
2883 2794 2984 2831 non
3031 2780 3083 2830 in
3131 2778 3327 2831 teneris
3371 2777 3542 2830 anatis

1974 2873 2280 2942 primordiis
2311 2870 2586 2940 imperati.
2621 2869 2724 2925 Sed
2757 2868 2882 2936 quid
2909 2876 3172 2920 transacta
3203 2867 3399 2928 rectilo,
3423 2881 3544 2918 cum

1973 2967 2206 3017 animum
2242 2963 2428 3016 futura:
2457 2960 2772 3016 calamitatis
2805 2959 2976 3026 pulset
3010 2957 3352 3010 immanitas?
3382 2955 3548 3008 Video

1973 3054 2144 3122 Trojae
2178 3051 2426 3105 fumantis
2455 3049 2680 3111 excid'a,
2710 3058 2762 3100 et
2803 3056 2941 3099 statu
2974 3061 3090 3099 eam
3134 3052 3380 3098 manente
3423 3044 3549 3096 sub-

1971 3157 2178 3196 versam
2211 3161 2226 3203 ;
2281 3141 2435 3192 video
2466 3135 2708 3190 Hectoris
2739 3135 2913 3200 praelia
2946 3133 3134 3185 acerba
3185 3132 3500 3201 Gt'ajugenis
3528 3171 3547 3197 ,

1976 3228 2063 3298 qtti
2095 3228 2290 3281 idcirco
2329 3227 2500 3280 crevit
2527 3223 2898 3292 Opinionibus,
2933 3231 2998 3274 ιιι.
3020 3221 3200 3275 soholi-
3237 3236 3388 3285 metr,
3422 3221 3546 3274 dunt

1975 3320 2341 3382 occumberet,
2371 3316 2622 3384 triumphi
2654 3322 2860 3369 crescat
2888 3313 2952 3366 ad
2983 3313 3209 3383 pretium
3238 3329 3260 3378 ',
3286 3321 3548 3377 raptatum

1976 3408 2244 3476 quadrigis
2268 3407 2440 3461 adhuc
2467 3406 2710 3460 bellaturi
2737 3418 2932 3472 corpus
2955 3417 3207 3470 agnosco,
3253 3410 3305 3454 et
3331 3401 3553 3454 Achillis

1976 3498 2080 3552 tnei
2109 3498 2270 3550 minui
2293 3496 2611 3562 commodis,
2643 3494 2782 3564 quod
2811 3494 2876 3549 de
2908 3493 3139 3560 pondere
3169 3492 3431 3546 decrescit
3460 3509 3552 3547 ex-

1976 3591 2155 3645 stincti
2187 3608 2201 3656 ;
2237 3591 2411 3656 video,
2451 3589 2590 3658 quod
2625 3588 2716 3642 irae
2751 3588 2978 3653 proficit,
3009 3585 3184 3654 perire
3212 3586 3548 3652 compendio.

1975 3683 2080 3739 Sed
2107 3684 2231 3752 quid
2262 3684 2342 3737 his
2377 3681 2620 3736 laudibus
2650 3696 2838 3750 pasctir
2859 3679 3133 3732 orhanda?
3163 3679 3362 3746 reliqua
3391 3678 3554 3732 silen-

1978 3777 2266 3844 tiotegrim,
2294 3789 2358 3827 ue
2389 3782 2510 3826 ante
2549 3773 2748 3826 doloris
2790 3780 2999 3838 tempus
3037 3770 3341 3822 narratione
3383 3767 3550 3822 confi-

1975 3866 2108 3919 ciar.
2141 3865 2340 3918 llabcat
2367 3864 2786 3917 consolationem
2809 3862 2875 3916 de
2900 3861 3259 3914 taciturnitate
3283 3860 3556 3914 :rtcrnitas

1977 3968 2177 4021 nostra,
2208 3972 2364 4025 quam
2395 3971 2502 4009 non
2527 3955 2686 4010 habet
2713 3955 2778 4008 de
2811 3965 3015 4006 natura.

2538 4046 2760 4100 DICTiO
2806 4045 2990 4099 XXVI.

2122 4141 2280 4193 l'cr-l‘a
2307 4139 2520 4193 Menelai
2547 4155 2661 4190 cum
2687 4137 2900 4207 Trojam
2932 4136 3113 4187 videret
3142 4145 3396 4188 exustum.

2552 4244 2738 4280 E-TIJICA
2772 4242 2964 4286 TERTM
2976 4265 2989 4278 .

2051 4322 2157 4374 Ιίιεί
2199 4320 2444 4389 gravibus
2476 4320 2718 4372 dolorem
2768 4336 2942 4372 meum
2992 4330 3172 4387 raptor
3211 4321 3555 4372 inﬂammavit

1978 4411 2235 4463 incendiis
2272 4449 2285 4470 ,
2315 4409 2413 4460 etsi
2448 4409 2756 4473 pertulimus
2795 4407 2933 4461 faces
2976 4407 3183 4474 iniurim
3218 4447 3232 4469 ,
3266 4407 3442 4459 debito
3475 4418 3553 4457 ta-

1981 4519 2099 4557 men
2124 4519 2252 4562 rogo
2281 4503 2522 4554 immensi
2550 4509 2735 4552 auct'r
2761 4501 2985 4553 sceleris
3006 4514 3120 4552 cum
3145 4499 3426 4564 conjuncta
3454 4498 3550 4548 sibi

1906 4629 1956 4687 Ι)
1982 4592 2326 4646 unLversitaze
2349 4591 2648 4644 consenuit.
2679 4589 2820 4644 Pene
2844 4589 2963 4644 felix
2987 4589 3305 4644 contumelia
3336 4595 3414 4638 est
3437 4601 3555 4655 quae

1985 4686 2140 4738 talem
2175 4693 2426 4747 nte-etur,
2461 4689 2557 4736 etsi
2589 4699 2706 4735 cum
2739 4682 2972 4735 maximo
3001 4681 3217 4742 sudore,
3245 4678 3551 4732 vindictam.

1981 4780 2110 4841 Qus
2156 4789 2368 4842 respuat
2418 4777 2690 4841 suscipere
2739 4775 3112 4829 necessitatem
3160 4769 3410 4835 triumphi
3455 4778 3559 4822 ter-

1983 4870 2127 4918 ntitto
2184 4865 2650 4919 t-Oticltttlendam?
2701 4880 2859 4932 sapor
2910 4879 3038 4930 sequ
3063 4865 3242 4916 -ntittut
3307 4863 3559 4916 amaritu-

1981 4957 2156 5010 dinem
2182 4959 2253 5008 rei
2282 4955 2629 5022 praecedentls
2651 4954 2882 5008 excludit
2907 4969 2921 5007 :
2948 4953 3102 5007 dulce
3130 4957 3183 5006 lit
3220 4953 3359 5023 quod
3386 4953 3560 5007 dolui-

1982 5063 2122 5115 mus,
2153 5050 2273 5117 quia
2300 5047 2498 5100 doloris
2527 5047 2692 5099 nostri
2723 5045 2946 5111 poenitet
2981 5057 3346 5113 provocantes.
3381 5046 3558 5100 Abdit-

1983 5151 2084 5195 ctae
2123 5139 2362 5192 ttmlieris
2406 5139 2628 5206 turpiter
2669 5139 2878 5190 occasio
2955 5140 3117 5191 nostri
3162 5141 3560 5192 exstitttnater

1983 5233 2280 5299 augmenti;
2301 5231 2498 5297 peperit
2521 5245 2547 5280 a
2573 5229 3072 5298 nohissequcstrala
3091 5248 3222 5284 uxor
3238 5233 3520 5299 imperium
3540 5272 3553 5289 .

1986 5334 2040 5377 et
2066 5323 2129 5375 de
2150 5323 2372 5375 adulteri
2391 5321 2758 5387 complexibus
2785 5322 2938 5375 nobis
2966 5323 3133 5375 edidit
3158 5346 3164 5384 ί
3186 5323 3373 5374 atriam
3398 5338 3555 5388 qttatn

1989 5422 2230 5467 tenemus
2261 5429 2271 5461 :
2301 5412 2387 5479 qui
2419 5410 2649 5464 riserunt
2675 5413 2938 5476 eclihcm,
2962 5414 3177 5466 videant
3203 5414 3430 5478 superba
3466 5415 3557 5463 hu-

1986 5503 2144 5557 stium
2177 5503 2306 5554 colla
2333 5502 2646 5554 calcantem.
2686 5504 2977 5557 Habuimus
3012 5505 3288 5570 conjugem
3322 5505 3557 5556 honestis

1988 5607 2083 5660 per
2113 5592 2322 5660 longum
2355 5595 2592 5646 moribus
2624 5594 2937 5657 institutam,
2970 5594 3130 5646 alieni
3162 5596 3394 5657 ignaram
3426 5609 3556 5646 con-

1990 5684 2235 5748 tubernii,
2278 5701 2394 5751 qua:
2425 5700 2527 5738 non
2555 5698 2764 5754 opsaret
2793 5687 3096 5740 desiderare
3118 5686 3256 5751 quod
3282 5703 3386 5738 tton
3416 5689 3561 5747 licet,

1990 5775 2100 5826 Non
2143 5775 2282 5826 illam
2327 5791 2454 5827 usus
2494 5778 2839 5844 ptarcipitavit
2880 5777 2928 5827 itt
2968 5778 3130 5839 vitia;
3181 5778 3272 5831 sed
3313 5781 3557 5834 scelerati

1993 5864 2255 5932 pt':l3tiUlliS
2287 5866 2510 5933 impulsu
2546 5876 2723 5919 sel-uta
2779 5876 2856 5920 est
2891 5866 3136 5922 Paridem
3169 5872 3438 5926 voluntate
3465 5888 3553 5923 ca—
