4192 6260
600 376 702 431 307

602 580 779 643 tia-,nt
803 591 861 630 se
888 578 1132 629 crederet
1159 573 1394 627 adamari
1421 590 1432 624 :
1465 570 1605 640 quia,
1628 581 1681 624 ut
1702 573 2041 636 confidimus,
2068 582 2175 624 tur-

600 670 832 738 pissimis
858 679 979 722 sunt
1005 668 1237 720 moribus
1269 680 1385 733 qure
1415 666 1666 734 pulchras
1689 680 1746 718 se
1768 680 1887 719 esse
1916 666 2176 719 memine-

601 769 739 812 iuut.
780 758 926 811 Talis
957 758 1086 810 ultio
1124 755 1303 808 decuit
1330 770 1520 824 magna
1553 764 1860 825 peccantem
1888 772 1902 819 ;
1939 754 2174 808 funditus

599 847 897 917 procubuit,
927 846 1017 914 qui
1035 846 1134 900 sibi
1160 847 1473 899 venerandze
1492 846 1717 914 sumpsit
1734 847 1942 899 culmen
1968 844 2171 898 uxoris.

599 939 815 991 Talibus
870 946 1049 1002 utere,
1106 936 1331 1002 adulter,
1385 936 1696 1006 Itymena-is.
1754 937 1844 989 llis
1892 945 1943 988 te
1988 936 2174 989 Alecto

599 1027 895 1095 pronubam
941 1034 1173 1080 sectatur
1219 1027 1512 1095 insignibus
1552 1043 1565 1090 ;
1614 1034 1665 1079 et
1712 1024 1905 1093 placari
1954 1039 2051 1078 nos
2098 1024 2174 1077 sic

596 1118 863 1181 convenit,
912 1127 965 1172 et
996 1117 1235 1170 Paridem
1268 1119 1345 1169 sic
1384 1118 1577 1185 perire.
1632 1115 2171 1169 Dictavimusmatri-

597 1211 896 1264 mouiorum
924 1210 1041 1277 jura
1075 1225 1181 1261 non
1212 1223 1490 1273 sermone,
1521 1207 1611 1261 sed
1644 1206 1833 1275 gladiis
1864 1246 1878 1270 ,
1916 1220 2171 1275 praesum-

595 1301 833 1371 ptionutu
877 1310 1111 1368 segetem
1154 1300 1324 1352 ultrici
1369 1298 1501 1352 falce
1543 1307 1829 1351 vastantes.
1884 1296 2060 1349 Multis
2106 1293 2175 1347 ad

594 1394 1060 1450 conservationem
1089 1390 1358 1459 proderit,
1389 1405 1487 1443 nos
1519 1389 1811 1458 perdidisse
1842 1386 2167 1456 conjugium.

595 1492 785 1553 Dicite,
821 1506 937 1557 qua-
980 1486 1278 1553 ubicunque
1316 1481 1599 1549 accepistis
1642 1495 1832 1532 nomen
1881 1479 2079 1543 uxoris,
2125 1477 2169 1530 si

593 1598 721 1646 nou,
744 1578 988 1648 quotiens
1021 1576 1143 1627 vitia
1174 1572 1555 1639 subripueriut,
1585 1570 1805 1624 Meuefai
1835 1577 2169 1623 etnomrnet

592 1678 759 1728 virtus
800 1677 1061 1725 occurret.
1096 1667 1297 1733 Quibus
1337 1679 1440 1717 non
1482 1673 1563 1717 est
1609 1666 1659 1715 in
1690 1663 1865 1714 studio
1894 1661 2164 1729 pudicitia,

591 1763 711 1826 erit,
745 1763 795 1813 ni
829 1759 1089 1821 fallimur,
1118 1758 1168 1807 in
1199 1759 1515 1807 necessuate
1548 1768 1561 1810 ;
1612 1761 1667 1803 et
1711 1766 1803 1818 par
1846 1765 1937 1817 per
1977 1764 2165 1802 οιιιηπς

1719 368 1987 423 ENNODII
2031 368 2331 422 EPISCUI‘I
2374 369 2545 422 TICIN
2558 370 2744 425 {CNSIS

604 491 763 555 ptiva.
798 486 1071 556 Nunquam
1099 486 1162 539 ad
1197 485 1297 539 hoc
1331 483 1471 535 illam
1505 482 1675 535 erexit
1706 482 1873 534 forma
1897 482 2176 536 conscien-
2203 486 2249 541 Α
2281 496 2398 535 esse
2431 483 2592 535 filium
2636 484 2707 535 nil
2733 492 2995 537 amantem
3034 502 3045 536 :

3755 374 3857 430 308

3085 485 3216 538 ordo
3246 502 3419 540 terum
3453 496 3534 540 cst
3593 496 3648 541 ut
3680 503 3858 556 prosa-

2280 572 2418 637 piem
2443 586 2618 625 mores
2647 574 2983 637 annunticnt,
3013 584 3186 644 etquo
3214 578 3332 644 quis
3354 589 3573 632 auctore
3604 578 3654 631 in
3686 579 3855 631 lucem

2280 663 2507 721 venerit,
2543 662 2658 729 ejus
2704 662 2839 714 facta
2872 673 3125 716 sectetur.
3163 666 3287 718 Diva
3325 666 3498 720 Idalite
3531 670 3856 722 nescientem

2278 751 2601 818 respondere
2629 751 2896 804 beneficiis
2940 768 3043 804 non
3085 756 3342 821 agnoscit.
3382 756 3495 808 Non
3523 756 3659 809 fama
3696 757 3854 821 films,

2276 839 2370 892 sed
2404 841 2824 893 conversationis
2849 854 3109 895 monstrat
3130 846 3409 913 atqualitas
3440 862 3453 897 :
3482 847 3525 899 si
3556 846 3763 900 diversa
3790 848 3855 900 sit

2275 931 2623 997 conscientia,
2656 933 2740 985 vix
2767 934 3031 987 credenda
3064 946 3143 987 est
3174 950 3292 989 esse
3321 936 3535 991 soboles
3558 954 3673 1003 quin
3698 955 3853 991 voca-

2278 1030 2383 1074 tur.
2413 1022 2488 1076 Te
2516 1024 2689 1091 potius
2718 1022 2972 1077 Canensci
3002 1027 3190 1093 rigoris
3222 1038 3484 1095 praerupta
3531 1041 3848 1097 genuerunt,

2276 1122 2363 1165 aut
2393 1121 2708 1181 conceptum
2752 1116 2801 1167 iii
2854 1118 3159 1169 lBt‘BSSibUS
3207 1120 3465 1171 montium
3512 1134 3671 1173 saxea
3700 1122 3851 1175 alvus

2276 1203 2461 1257 effudit
2494 1221 2507 1256 :
2540 1214 2595 1259 et
2625 1221 2690 1259 ne
2727 1207 2838 1259 dira
2883 1209 3222 1262 nutrimentis
3255 1220 3440 1263 natura
3474 1211 3808 1267 mollescerrt
3831 1255 3845 1279 ,

2277 1302 2301 1329 ⁸
2329 1296 2614 1363 eripientes
2636 1298 2655 1327 ’
2683 1298 2906 1352 salutem
2936 1301 3181 1370 tiytheris
3214 1302 3469 1371 Hyrcanae
3509 1303 3726 1371 tigrides
3749 1305 3848 1357 ali-

2274 1398 2453 1441 menta
2483 1388 2859 1457 przebuerunt:
2895 1394 3107 1445 nutrivit
3144 1404 3193 1446 te
3240 1396 3325 1446 ilia
3380 1396 3559 1448 feritas
3587 1412 3700 1462 qua:
3733 1406 3845 1450 tru-

2272 1478 2433 1532 cidat.
2464 1479 2593 1532 Nam
2616 1480 2740 1549 quid
2791 1482 2917 1534 mihi
2945 1482 3364 1537 dssimulatione
3394 1485 3653 1553 pollicitor
3680 1487 3701 1537 ζ’
3756 1496 3846 1539 aut

2272 1570 2394 1640 quid
2427 1572 2693 1639 sperando
2722 1573 2939 1626 meliora
2973 1577 3283 1627 suszeutor?
3310 1576 3421 1628 Non
3456 1576 3680 1629 reddidit
3708 1566 3845 1629 fleti-

2270 1661 2366 1713 bus
2397 1662 2677 1730 laerymas,
2704 1654 2834 1731 Quas
2858 1664 2973 1732 ejus
3004 1682 3184 1719 amore
3216 1674 3346 1717 torti
3383 1667 3665 1719 fundebam
3691 1685 3701 1717 :
3742 1684 3843 1720 non

2267 1752 2493 1818 gemitus
2520 1767 2666 1805 meos
2701 1755 2931 1823 propriis
2971 1770 3120 1809 tuens
3177 1766 3397 1809 cruenta
3447 1767 3528 1810 est
3574 1758 3843 1811 consolata

591 1854 867 1921 disciplina
911 1847 1243 1909 servabitur,
1280 1844 1368 1899 ubi
1402 1858 1558 1895 uuam
1591 1841 1811 1895 formam
1844 1850 1895 1895 ct
1928 1842 2164 1894 volentes
2200 1852 2239 1909 Β
2266 1841 2528 1909 suspiiiis.
2561 1841 2615 1895 lu
2647 1842 2917 1896 doloribus
2948 1847 3098 1909 ιιιυίε,
3149 1848 3287 1915 quod
3319 1847 3527 1900 unicum
3558 1858 3638 1902 est
3666 1865 3843 1904 reme-

590 1942 897 2000 custodiunt
920 1948 975 1992 et
995 1948 1213 1991 coaetaz.
1258 1956 1265 1963 -

1158 2024 1375 2080 DICTIO
1397 2023 1603 2078 XXVII.

596 2126 760 2179 Verba
817 2120 1039 2176 lunonis
1095 2134 1209 2172 cum
1256 2118 1487 2169 Anticum
1527 2117 1713 2168 videret
1770 2132 1940 2185 parem
1987 2113 2170 2165 viribus

1110 2210 1347 2264 Herculis
1372 2209 1642 2262 exstitisse.

1141 2316 1329 2354 iz'ttttca
1369 2314 1602 2360 ovatus.

661 2399 896 2453 Tandem
928 2396 1070 2462 aliqu
1090 2392 1212 2446 :ndo
1264 2392 1350 2458 qui
1380 2391 1577 2457 judicio
1607 2400 1790 2443 nostro
1819 2389 2169 2457 responderet

592 2494 837 2545 inventus
859 2496 939 2541 cst
963 2527 976 2551 ,
1003 2485 1089 2554 qui
1119 2485 1184 2536 de
1217 2484 1429 2535 inimico
1458 2494 1662 2543 nostto,
1690 2491 1741 2534 ct
1770 2482 1893 2534 dtiiii
1920 2482 2165 2545 vincitur,

592 2580 963 2647 trutnpliarct.
993 2574 1262 2628 llerculeie
1298 2590 1457 2639 vros,
1492 2572 1591 2626 nisi
1614 2572 1876 2635 eliserint,
1906 2590 2008 2626 non
2030 2574 2171 2641 jace-

592 2679 720 2725 ttunt
753 2688 764 2721 :
800 2686 957 2738 quem
993 2667 1338 2736 providi:i:us,
1371 2675 1424 2718 et
1446 2666 1511 2718 de
1533 2665 1744 2717 casibus
1772 2674 1852 2718 est
1882 2665 2164 2733 superbus.

590 2765 708 2818 Stat
731 2777 876 2831 prop:
896 2761 958 2813 iis
990 2773 1208 2827 magnus
1237 2756 1436 2809 viribus
1471 2797 1484 2817 ,
1515 2758 1608 2809 sed
1641 2759 1743 2809 erit
1782 2757 2047 2809 maximus
2072 2771 2165 2824 per

591 2854 818 2908 ruinam.
852 2850 1044 2904 Nescio
1081 2857 1254 2901 utium
1290 2848 1544 2901 llercules
1576 2848 1743 2900 valeat
1777 2861 1870 2915 par
1900 2862 2048 2913 esse,
2082 2846 2164 2901 vel

589 2946 635 2997 si
680 2943 924 2997 Antaeum
958 2954 1061 2993 non
1094 2940 1248 2992 liceat
1290 2938 1394 2991 ulla
1440 2937 1644 2991 ratione
1694 2939 1956 3005 prosterni
1992 2956 2003 2992 :
2038 2950 2091 2991 at
2120 2939 2165 2993 si

590 3034 729 3089 hoin
758 3046 941 3087 nostro
963 3030 1229 3085 blanditur
1249 3030 1539 3083 adversitas
1561 3071 1576 3094 ,
1607 3046 1703 3083 nos
1731 3031 1792 3083 ad
1812 3031 2018 3085 laureas
2047 3046 2166 3100 per-

589 3128 850 3183 venimus.
882 3125 1090 3181 Scimus
1123 3123 1294 3177 futura
1320 3164 1335 3189 ,
1364 3123 1456 3176 sed
1489 3123 1735 3176 convenit
1766 3138 1990 3191 superos
2020 3122 2161 3192 loqui

2274 1932 2441 1999 dum,
2475 1950 2578 1986 nou
2606 1936 2844 1990 exhibuit
2869 1940 2976 2005 pari
3006 1940 3192 1993 dolore
3217 1941 3413 2008 collega
3442 1962 3466 1989 ιο
3493 1982 3506 2006 ,
3558 1942 3677 2010 quia
3708 1957 3844 2010 pene

2274 2022 2299 2060 δ
2326 2025 2471 2077 Solus
2498 2035 2582 2079 est
2626 2027 2676 2078 in
2721 2036 2876 2082 a-talc
2908 2032 3162 2082 terminus
3198 2031 3459 2084 invenisse
3510 2034 3838 2101 participem.

2273 2113 2375 2167 Sed
2406 2130 2520 2184 qum
2566 2117 2787 2185 eloquar
2818 2119 3035 2183 nescio,
3065 2135 3179 2187 quin
3214 2137 3268 2173 re
3293 2122 3527 2188 inquam.
3580 2121 3699 2173 ll.vc
3746 2137 3841 2175 nec

2272 2207 2455 2259 dexter
2503 2206 2729 2262 Jquuis
2758 2215 2979 2274 oculus,
3029 2226 3123 2264 nec
3160 2212 3352 2264 sumini
3398 2212 3651 2265 Tonantis
3679 2214 3844 2281 pa'ic-

2274 2307 2355 2349 tur
2383 2309 2650 2366 aspectus,
2684 2308 2738 2352 ut
2767 2315 2860 2369 pro
2891 2310 2964 2353 tot
2993 2302 3246 2369 impensis
3268 2303 3687 2370 sequeStratio..e
3710 2318 3841 2356 cun-

2270 2403 2470 2455 sumar,
2504 2404 2602 2443 nec
2628 2391 2770 2443 aliud
2805 2392 2995 2459 pietate
3021 2398 3396 2460 protnoverim,
3426 2394 3523 2445 nisi
3552 2404 3606 2445 ut
3636 2410 3843 2446 merear

2271 2498 2373 2533 non
2407 2483 2595 2534 amari.
2650 2482 2760 2535 ιιμυ
2794 2482 2925 2536 ﬁdes
2956 2484 3023 2537 ab
3055 2485 3315 2537 nuiiersis
3349 2486 3651 2552 proturbata
3702 2503 3841 2538 tuor-

2270 2574 2487 2639 talibus,
2519 2584 2572 2627 et
2600 2574 2737 2644 quod
2772 2574 3026 2627 hactenus
3055 2578 3358 2627 numinibus
3389 2578 3841 2643 liouiinesjunge-

2267 2666 2378 2732 bat,
2410 2666 2716 2735 expulsum!
2752 2666 2972 2733 Suscepi
3010 2676 3031 2703 ε
3064 2668 3362 2719 miseranda
3399 2666 3753 2734 naufragium,
3788 2680 3841 2719 et

2267 2770 2381 2823 e,us
2408 2756 2501 2809 diti
2526 2758 2589 2809 :ui
2624 2756 2857 2825 reginam
2890 2757 3097 2809 subdidi
3129 2768 3374 2810 manente
3404 2759 3501 2810 felii
3526 2758 3667 2809 itatis
3698 2768 3841 2811 sorte

2266 2848 2528 2916 captivam
2565 2849 2698 2901 :feci
2738 2860 2787 2901 ut
2822 2852 3293 2917 ageretdominum
3330 2854 3582 2919 profugus
3616 2854 3840 2919 impera-

2266 2950 2368 2994 tor.
2401 2942 2551 2995 Nunc
2578 2942 2756 2996 furore
2788 2958 3043 2996 succensi
3076 2944 3405 3007 disCtucior,
3438 2960 3600 3010 quate
3631 2959 3840 3012 p-sses-

2264 3048 2353 3086 sor
2390 3050 2475 3087 me
2504 3035 2707 3086 deserat
2738 3073 2753 3099 ,
2788 3034 3097 3102 iugemsco.
3152 3034 3287 3101 Ergo
3333 3036 3593 3101 Apollinis
3625 3046 3840 3087 vocatus

2263 3127 2500 3195 auguriis
2546 3127 2824 3189 abscedis,
2871 3136 2925 3180 et
2979 3130 3135 3179 souis
3187 3126 3356 3194 Lycia:
3388 3142 3565 3179 casum
3598 3127 3757 3179 certis
3787 3140 3845 3179 et

586 3223 737 3287 quasi
769 3219 1000 3271 humana
1031 3216 1364 3270 mortalibus.
1414 3214 1696 3269 Provideal
1730 3215 1982 3269 llercules
2038 3214 2161 3283 quid
2192 3211 2236 3272 C
2267 3224 2401 3286 apu-l
2453 3229 2501 3271 te
2526 3219 2635 3286 jam
2694 3220 2953 3271 ttiattetilis
2996 3220 3257 3286 praeponis
3305 3217 3578 3285 imperiis?
3624 3220 3839 3272 Scilicet

588 3314 747 3380 eligat
795 3323 916 3364 esse
962 3308 1278 3361 lacieudum.
1322 3307 1623 3361 Vincendus
1672 3317 1752 3361 est
1782 3308 2162 3376 congrediente

590 3403 805 3456 inimico
836 3442 852 3467 ,
887 3400 1177 3454 vincendos
1221 3407 1302 3452 est
1344 3408 1396 3452 et
1422 3401 1651 3466 jacente.
1684 3399 1782 3464 Qui
1813 3414 2014 3451 venena
2042 3399 2164 3453 lusit

590 3500 640 3547 iii
664 3493 835 3556 cuuis,
865 3492 954 3561 qui
995 3492 1205 3559 pacavit
1236 3490 1531 3544 Et-imanthi
1557 3504 1794 3555 nemora,
1828 3492 1915 3559 qui
1947 3505 2161 3544 cervam

590 3582 873 3639 velocitate
901 3587 1190 3651 prazceSsit,
1213 3582 1482 3649 cptionem
1508 3580 1696 3634 habeat
1722 3580 1845 3649 quid
1874 3591 2159 3649 sequatur:

587 3686 678 3729 aut
704 3678 909 3728 hostem
942 3674 1207 3741 periturus
1237 3671 1471 3738 dejicict,
1520 3680 1610 3725 aut
1657 3676 1699 3725 si
1748 3681 2015 3726 certamen
2050 3689 2162 3726 tue-

588 3768 783 3832 tuerit,
812 3780 931 3819 cum
985 3766 1095 3817 suis
1143 3762 1384 3817 cautibus
1433 3763 1542 3832 jam
1588 3764 1846 3832 sepultus.
1880 3763 2159 3818 Lernaeum

587 3855 879 3925 periculum
906 3893 924 3923 ,
983 3855 1080 3907 nisi
1114 3854 1291 3918 fallor,
1336 3854 1537 3907 orietur
1582 3853 1649 3907 de
1698 3856 2161 3909 consummatione

587 3947 913 4009 certaminis.
964 3947 1093 4011 Quis
1132 3960 1235 3998 non
1281 3946 1465 3998 credat
1511 3945 1642 3998 nihil
1693 3960 1976 4013 superesse
2017 3945 2160 4015 quod

588 4047 802 4108 peragat
829 4080 842 4103 ,
872 4051 991 4089 cum
1023 4036 1169 4089 humi
1197 4034 1344 4087 fusus
1372 4033 1625 4100 aSpicitur
1648 4034 1670 4086 ’ἶ
1721 4034 1788 4087 At
1816 4046 2014 4087 nostra:
2041 4050 2161 4103 par-

590 4130 658 4182 tis
690 4127 913 4180 intentio
934 4127 1001 4180 de
1022 4125 1369 4195 oppressione
1398 4124 1745 4178 suscitabitur
1779 4165 1795 4191 ,
1826 4134 1880 4179 et
1906 4140 2163 4194 augmen-

588 4219 731 4271 taudi
764 4216 969 4270 roboris
996 4230 1211 4269 causam
1256 4216 1483 4269 feliciter
1515 4231 1608 4284 pro
1638 4217 1851 4269 inimico
1882 4215 2157 4285 perfuncta

587 4326 674 4365 res
703 4318 964 4379 suggeret.

1126 4378 1347 4433 DlllTlO
1387 4379 1615 4433 XXVIII.

701 4470 859 4524 Verba
903 4468 1115 4522 Didonis
1140 4485 1255 4523 cum
1283 4470 1546 4525 abeuntem
1580 4474 1765 4528 videret
1795 4474 2040 4531 zEueam.

906 4563 922 4591 ³
962 4559 1069 4614 Nec
1111 4560 1202 4613 tibi
1233 4560 1351 4612 diva
1387 4576 1580 4629 patens
1609 4566 1839 4632 generis.

1165 4666 1353 4704 ETHICA
1382 4667 1565 4714 QUINTA
1579 4694 1593 4707 .

653 4747 917 4812 Quantum
937 4744 1094 4798 docet
1111 4743 1471 4808 inclementia,
1496 4746 1766 4812 perdidisti
1792 4748 2155 4804 testimonium

582 4841 813 4907 generis,
837 4837 976 4907 quod
1001 4836 1250 4906 opinione
1268 4838 1525 4892 mentiris.
1553 4836 1775 4894 Constat
1808 4838 2024 4895 Veneris
2050 4859 2157 4899 non

657 4972 686 5044 _‘_
707 4968 816 5044 Nec
837 4969 931 5020 tibi
958 4968 1337 5044 diva_parem]
1394 4971 1500 5024 llos
1530 4972 1673 5025 locos
1704 4972 2020 5044 Virgilianos
2050 4989 2149 5044 ap-

585 5039 876 5105 pellabant,
930 5052 1050 5110 cum
1088 5040 1283 5107 Virgilii
1315 5039 1499 5094 versus
1552 5058 1647 5110 pro
1700 5039 2147 5099 declamationum

586 5116 817 5162 themate
847 5108 1213 5162 sumebantur.
1271 5111 1415 5164 Talis
1451 5124 1530 5166 est
1553 5108 1782 5165 'metrica
1840 5118 2153 5169 exercitatio

584 5179 811 5249 quamiu
837 5186 1044 5249 vetusto
1071 5180 1256 5233 codice
1290 5179 1567 5237 Pithmano
1616 5182 1868 5249 vidimus,
1902 5185 2149 5241 Coronati

591 5248 648 5300 ν.
683 5252 739 5299 t1.
770 5248 867 5301 hoc
897 5248 1049 5301 titulo
1077 5258 1130 5302 et
1160 5250 1449 5317 principio:

863 5359 1119 5425 THEMA,
1154 5359 1370 5415 LUCUS
1412 5362 1869 5419 V'lllGllJANUS.

708 5450 825 5503 Vivo
844 5450 1092 5513 equidem,
1111 5450 1351 5510 vitamque
1377 5457 1597 5499 extrema
1618 5465 1707 5515 per
1731 5456 1888 5501 omnia
1911 5456 2062 5516 duco;

1087 5553 1146 5609 V.
1193 5555 1251 5607 (Ζ.
1296 5554 1659 5611 CORONATI.

738 5669 923 5728 Aspera
944 5668 1135 5716 diverso
1160 5664 1351 5714 laxatur
1380 5668 1471 5713 vita
1493 5665 1682 5728 dolore,

738 5730 794 5776 lit
811 5727 949 5776 inerti
978 5730 1160 5777 vicinus
1185 5743 1261 5785 eo,
1294 5730 1502 5789 vivitque
1526 5727 1674 5776 dolori

720 5789 884 5847 Λίδη
900 5792 1029 5838 salus
1052 5805 1062 5840 τ
1088 5799 1274 5839 uestras
1298 5804 1395 5837 (ru.
1414 5792 1508 5838 iant
1535 5792 1644 5838 dum
1668 5791 1857 5837 llantiea
1884 5798 2091 5851 mentes,

2188 4580 2242 4639 D

2266 3310 2572 3364 twlestibus
2617 3310 2899 3363 eiudelilas
2946 3320 3040 3361 ista
3076 3325 3168 3376 pro
3206 3319 3383 3361 uratur
3420 3311 3745 3373 auctoribus,
3787 3322 3839 3362 et

2267 3401 2527 3467 interpres
2557 3414 2872 3468 superorum
2906 3399 2969 3451 ad
3004 3401 3099 3451 lios
3132 3398 3397 3451 hominem
3440 3400 3712 3467 eotupcllit
3742 3416 3838 3451 ex-

2265 3507 2466 3556 cessus,
2494 3502 2547 3543 ut
2582 3491 2849 3559 diligentis
2882 3493 3057 3543 li.tora
3084 3492 3231 3559 quasi
3263 3491 3433 3543 solum
3469 3494 3562 3543 bos
3592 3494 3657 3544 ile
3684 3492 3836 3543 dill‘u-

2266 3587 2397 3649 gitti;
2430 3592 2486 3634 ut
2517 3597 2609 3651 per
2636 3592 2980 3649 tempestates
3005 3582 3230 3635 salutem
3282 3585 3487 3650 prodat,
3535 3584 3621 3649 qui
3662 3584 3835 3634 Stilum

2266 3677 2394 3744 fugit
2422 3675 2691 3728 all'ectmu.
2738 3672 2901 3737 Vade,
2952 3674 3170 3727 ulterius
3220 3690 3323 3725 non
3366 3674 3631 3725 morabor.
3669 3676 3835 3726 liabet

2265 3768 2547 3820 vindictam
2581 3766 2687 3819 mei
2740 3766 2823 3819 via
2866 3780 2967 3834 qua
3010 3765 3226 3818 dest'ror
3251 3808 3264 3829 ,
3301 3766 3507 3817 habebit
3537 3776 3751 3832 petagus
3783 3769 3834 3817 in

2265 3860 2443 3911 furore
2500 3857 2757 3926 judicium
2810 3872 2824 3921 ;
2879 3870 3067 3910 raucos
3117 3860 3429 3910 tumentium
3482 3858 3831 3924 proceilarum

2265 3964 2428 4003 textus
2449 3952 2729 4003 exaudiam
2777 3966 2790 4013 ;
2825 3950 3039 4004 vocabis
3071 3954 3211 4002 inter
3237 3951 3467 4017 peticula
3503 3950 3718 4001 Didonis
3744 3967 3834 4001 uo-

2266 4058 2407 4106 tuen,
2442 4058 2558 4109 qua:
2585 4053 2637 4094 et
2668 4043 2764 4094 fuit
2794 4050 2994 4110 portus,
3024 4052 3075 4095 et
3107 4042 3328 4107 pnebuit
3354 4056 3368 4093 :
3392 4054 3479 4094 aut
3501 4052 3666 4104 certe,
3699 4044 3837 4110 quod

2265 4140 2448 4193 tuneo,
2470 4148 2535 4185 ne
2556 4134 2683 4185 dum
2708 4135 2946 4185 vindicor
2975 4148 3058 4185 me
3082 4144 3289 4186 vivente
3309 4138 3571 4198 moraris,
3590 4150 3836 4186 eventum

2264 4224 2509 4291 expetitzr
2543 4224 2894 4291 navigationis
2927 4234 3043 4292 post
3086 4240 3299 4278 usuram
3349 4227 3482 4279 lucis
3531 4241 3836 4292 agnoscam.

2270 4314 2396 4366 Vide
2444 4314 2735 4368 sceleribus
2787 4315 3070 4369 iudebitam
3107 4319 3445 4373 metcetietn:
3482 4320 3654 4386 perire
3686 4319 3837 4371 inno-

2264 4418 2390 4457 ceus
2417 4415 2538 4459 ante
2567 4405 2722 4474 cupio
2754 4421 2908 4475 quam
2940 4418 3253 4461 merentem.

2341 4543 2511 4597 Durus
2540 4553 2597 4597 et
2615 4544 2904 4599 indomitus
2938 4545 3153 4599 Veneris
3175 4561 3233 4600 se
3256 4548 3461 4601 semine
3490 4557 3694 4601 cretum

2337 4634 2530 4700 Jactat,
2555 4646 2607 4688 et
2636 4636 2889 4703 abjurans
2917 4636 3180 4691 collaudat
3207 4651 3484 4693 stemmata
3512 4641 3668 4693 divas.

2338 4724 2516 4777 Edidit
2544 4740 2669 4795 ergo
2708 4725 2880 4780 Venus
2913 4727 3198 4796 fugientem
3224 4744 3417 4783 nomen
3442 4732 3670 4796 amoris,

2337 4815 2575 4869 Pectoris
2606 4824 2661 4869 et
2690 4816 2861 4870 rabidi
2894 4819 3022 4871 fudit
3051 4820 3331 4873 clementia
3356 4822 3519 4874 virus.

2415 4948 2537 5013 Yltte
2562 4948 2705 4997 ﬂatus
2722 4949 2859 5013 abit:
2884 4959 3089 5012 quantos
3118 4962 3222 5011 post
3247 4952 3478 5013 Pergama
3502 4966 3639 5001 casus

2418 5010 2545 5074 )idit
2568 5018 2691 5074 item
2714 5010 2921 5072 praedata
2945 5010 3142 5059 manus}
3167 5028 3285 5074 quos
3309 5010 3439 5074 si'pe
3460 5017 3654 5061 dolores

2411 5070 2640 5131 Pertulit,
2662 5070 2809 5134 atque
2836 5075 3027 5131 iterum,
3055 5070 3349 5135 quas'sensit
3368 5070 3505 5134 Troia
3527 5076 3722 5122 iuiuas?

2256 5164 2308 5209 et
2335 5171 2451 5224 quae
2483 5167 2798 5224 sequuntur.
2830 5157 2960 5210 Nam
2990 5158 3160 5211 vitiosi
3214 5159 3416 5213 cod.cis
3446 5160 3651 5211 menda:
3704 5172 3829 5223 proo

2254 5228 2409 5294 gredi
2434 5236 2632 5279 vetant.

2328 5298 2347 5327 ³
2379 5296 2608 5349 Salutem
2633 5294 2863 5363 Cyl/uris
2885 5293 2905 5365 ]

2330 5374 2353 5401 α
2384 5364 2669 5432 Eripiente:
2700 5364 2913 5417 salutem
2940 5365 3235 5432 Cvruems]
3273 5367 3460 5419 Veram
3489 5379 3608 5419 esse
3647 5364 3807 5418 lect'o

2264 5450 2381 5490 netu
2411 5436 2603 5487 cwteris
2626 5435 2898 5504 sequentia
2930 5438 3119 5489 docent
3144 5454 3155 5487 :
3184 5435 3415 5489 Nutrivit
3445 5445 3494 5487 te
3524 5437 3615 5489 illa
3653 5439 3833 5491 l'eutas

2264 5521 2383 5564 uua:
2414 5506 2653 5575 trucidat.
2688 5509 2892 5558 UAB'I‘H.
2925 5507 3193 5559 Adversar.
3241 5521 3357 5575 pag.
3391 5506 3512 5559 952.

2336 5574 2543 5647 PSolus
2566 5585 2637 5647 est
2681 5578 2730 5626 in
2750 5584 2904 5647 aetate
2943 5576 3229 5647 terminus]
3285 5574 3601 5631 ltectis‘si.tte
3658 5578 3716 5629 ν.
3769 5580 3832 5631 (ὲ.

2264 5644 2535 5710 Schottus,
2566 5646 2618 5696 in
2639 5646 2908 5698 anxietate.
2941 5644 3036 5707 Ιοη
3066 5645 3194 5701 ibid.

2264 5784 2278 5839 Ι
2337 5724 2357 5749 ο
2394 5713 2603 5837 δὺιξὲτερὶ
2635 5716 2917 5768 miseranda
2950 5716 3300 5790 netufragtttm]
3330 5717 3457 5789 Leg.
3502 5719 3831 5788 naufragum.

2288 5801 2358 5839 ιι..
2396 5800 2407 5836 t
2453 5801 2463 5837 t
2506 5799 2609 5839 ein.

2288 5801 2358 5849 ιι.,
2396 5799 2609 5839 ibidem.

2934 5296 3197 5360 Fortasse,
3223 5297 3437 5349 steteris.
