4184 6260
1659 408 2012 466 (ΖᾹΒΜΙΝΗΜ
2055 406 2176 461 LIB.
2217 404 2263 460 Ῑῖ

318 472 406 482 --ν
594 476 620 504 ,

2671 520 2680 527 ν
3070 520 3096 524 ιν
3247 512 3252 518 ¹

1441 847 1449 856 ’
1494 886 1865 989 LIBER
1896 882 2415 983 PRIMUS.

551 1254 564 1282 ¹
593 1268 713 1305 mn:
737 1263 933 1302 nanum
966 1257 1324 1299 LRIGAN'I'IONIS
1353 1256 1626 1295 unum.

379 1366 589 1422 Celsior
616 1362 928 1428 astrigerum
961 1358 1113 1410 Titan
1143 1355 1527 1409 conscenderat
1566 1370 1739 1418 axem,

456 1454 725 1522 Lampade
757 1468 874 1505 cum
905 1450 1057 1518 plena
1094 1457 1231 1500 totus
1258 1448 1309 1499 in
1341 1448 1471 1500 orbe
1501 1456 1668 1515 patet.

385 1547 710 1615 Flammiger
739 1543 939 1597 ardenti
970 1540 1217 1594 sorbebat
1245 1540 1457 1593 ﬂumina
1501 1541 1732 1603 Cancro,

453 1639 587 1693 Cum
625 1646 857 1703 segetem
890 1646 1093 1684 me~sor
1121 1630 1254 1684 falce
1280 1629 1461 1683 domat
1490 1630 1667 1699 propri
1707 1645 1779 1682 m.

383 1731 625 1785 Siccatur
656 1727 782 1777 dum
814 1722 954 1775 fonte
986 1721 1192 1787 bibens,
1226 1719 1349 1774 dum
1381 1719 1605 1774 mundus
1632 1719 1881 1773 anhelat:

461 1820 654 1873 .lussus
684 1817 732 1867 in
757 1830 801 1866 οι
822 1826 1031 1866 cursum
1059 1809 1257 1863 Gallica
1290 1812 1453 1864 lustra
1476 1810 1643 1877 sequi,

385 1910 610 1967 Torrida
641 1924 747 1960 min
782 1905 926 1958 timui
952 1919 1066 1971 qua:
1089 1902 1309 1956 vincunt
1336 1917 1459 1955 arva
1493 1900 1743 1969 Syencm.

462 2000 658 2056 Pulvis.
693 1998 924 2057 natnnta,
953 1993 1089 2057 silis,
1117 1991 1213 2045 dos
1241 1991 1337 2043 fuit
1361 1990 1635 2058 obsequio.

392 2095 408 2111 ‘
430 2091 563 2157 Quid
591 2088 769 2157 iubar,
798 2096 853 2140 et
876 2082 1080 2137 validos
1103 2096 1325 2136 renovas
1355 2080 1504 2144 mihi,
1538 2081 1705 2142 Musa,
1726 2095 1883 2147 vapo-

1670 2170 1777 2243 [res
1793 2172 1815 2224 ἲ

469 2274 589 2326 Plus
609 2272 705 2324 erit
732 2269 971 2336 algentes
1003 2282 1087 2321 me
1115 2280 1396 2335 superasse
1425 2265 1557 2319 vias.

387 2363 655 2431 Quidquid
704 2361 860 2430 plat-a
907 2355 1392 2427 calent;quidquid
1423 2356 1665 2410 sublimia
1715 2356 1885 2425 rigent

468 2452 793 2521 Frigoribus,
828 2464 1040 2518 passum
1072 2447 1157 2500 dic
1187 2446 1300 2501 sine
1330 2447 1445 2515 lege
1474 2445 1601 2514 poli.

393 2546 598 2600 Bellum
628 2552 850 2607 naturae,
883 2540 1023 2610 quod
1052 2539 1254 2593 discors
1281 2537 1474 2592 fecerat
1505 2554 1671 2592 annus
1691 2579 1705 2604 ,

457 2635 719 2689 .Estatem
747 2645 906 2699 atque
933 2630 1160 2684 hiemem
1191 2628 1378 2683 detulit
1408 2645 1509 2681 una
1540 2628 1673 2690 dies.

388 2729 631 2782 indutum
658 2723 863 2778 nebulis
884 2736 1043 2777 canas
1066 2736 1319 2789 superare
1349 2721 1570 2791 pruinas

457 2818 681 2873 Eduicnit
707 2818 725 2846 ²
760 2814 915 2868 Vates
949 2813 1181 2868 fervidus
1211 2812 1458 2879 imperio.

387 2911 661 2963 Presserat
689 2905 870 2958 arstivo
900 2917 1093 2971 corpus
1120 2902 1218 2954 sub
1251 2902 1389 2955 fasce
1420 2901 1652 2965 lacerna,

459 2999 696 3053 Vestitus
729 2996 867 3050 tenui
902 2994 1131 3063 tegmine
1162 2992 1336 3047 nudus
1362 3006 1528 3046 eram.

382 3093 518 3146 Cum
548 3088 678 3157 fugit
708 3103 771 3140 ex
801 3085 966 3140 oculis
989 3084 1252 3139 constanti
1279 3092 1515 3152 tempore
1546 3091 1775 3149 tempus.

454 3177 724 3247 Lampada
755 3191 872 3229 nam
915 3173 1097 3228 Phoebi
1125 3173 1229 3227 dux
1256 3173 1352 3226 luit
1374 3172 1439 3226 ad
1467 3170 1711 3241 glaciem.

388 3271 607 3341 Optanti
637 3270 877 3322 brumam
903 3265 1094 3319 devoto
1114 3263 1334 3333 contigit
1358 3264 1570 3330 horror,

458 3360 831 3427 Ouaasitusqtte
857 3356 1001 3410 calor
1030 3356 1101 3409 nil
1131 3355 1278 3409 dedit
1309 3354 1510 3409 indicii.

387 3450 656 3504 llatronas
685 3447 705 3478 ³
735 3458 905 3512 taceo,
935 3445 1181 3514 scopulos
1203 3454 1361 3511 atque
1389 3446 1529 3498 invia
1555 3445 1744 3510 dictas,

462 3541 519 3594 ln
550 3541 753 3594 foribus
783 3538 1025 3606 blandas,
1054 3550 1247 3593 ccetcra
1275 3535 1535 3591 difﬁciles.

395 3633 562 3687 lllerit
597 3633 822 3685 miseros
866 3630 1026 3685 facies
1048 3629 1251 3698 depicta
1281 3630 1507 3693 viantes,

464 3724 689 3778 Calcatze
709 3723 854 3779 diras
885 3738 1006 3777 mox
1039 3737 1293 3791 peperere
1316 3736 1495 3776 neces.

389 3814 703 3868 Nominibus
727 3814 956 3883 propriis
987 3814 1057 3866 nil
1081 3809 1214 3866 lallii
1242 3827 1390 3866 sacra
1423 3819 1678 3875 vetustas.

392 3972 405 3999 ¹
440 3967 772 4021 Itium-arium
810 3965 1194 4089 Βνὶθαηιὶοηίεὲ)
1222 3964 1489 4031 Brigantio
1543 3962 1889 4030 Delphinatus

392 4040 493 4089 stri
526 4038 777 4089 oppidum
810 4046 892 4089 est
940 4038 988 4088 in
1020 4036 1156 4089 fauci
1200 4052 1261 4089 us
1314 4034 1520 4089 Alpium
1570 4032 1885 4087 Cottiarum.

327 4040 493 4092 nostri
526 4038 777 4106 oppidum
810 4032 917 4090 est'
940 4038 988 4088 in
1020 4032 1261 4090 faucibus
1314 4034 1520 4102 Alpium
1570 4032 1885 4106 Cottiarum.

319 4104 670 4163 Ilriansoiem
702 4107 860 4160 hodie
879 4117 1100 4178 vocant,
1143 4106 1278 4173 q-tod
1329 4107 1634 4178 Bptya'qortov.
1668 4104 1887 4178 Brigan-

318 4182 447 4231 timn
490 4178 741 4232 Straboni
773 4185 826 4229 ct
874 4176 1158 4229 Ptolemam
1186 4194 1196 4226 :
1247 4174 1537 4244 quo'modo
1567 4174 1727 4227 etiam
1758 4174 1891 4244 scri-

320 4256 500 4315 pserat
528 4247 845 4300 Ammianus
876 4245 1233 4309 Marcellinus,
1265 4238 1373 4315 'uhi
1408 4238 1731 4315 Yirgantiam
1760 4243 1889 4315 legi:

321 4312 439 4370 inus
472 4317 567 4368 lib.
601 4332 667 4368 xv
697 4316 889 4368 Rerum
940 4325 1230 4380 gestarum.
1272 4314 1348 4367 Eo
1368 4313 1526 4381 igitur
1549 4314 1783 4381 episcOpi
1809 4312 1890 4366 soi

317 4386 743 4456 jussutendcbat
767 4384 1040 4437 Ennodius
1063 4383 1354 4456 Mediolano
1376 4385 1666 4456 digressus.
1694 4383 1893 4456 Medio-

321 4452 442 4510 lano
473 4455 864 4522 Brigantionem
895 4453 1195 4521 petentibus
1214 4463 1498 4508 occurrunt
1521 4452 1665 4506 ﬂuvii
1693 4462 1747 4506 et
1766 4453 1893 4519 alia,

319 4544 437 4593 qua:
458 4526 733 4579 describit.

390 4621 409 4649 ⁸
439 4616 663 4669 Edocuit
685 4615 870 4687 Vates]
902 4616 1214 4684 Episcopus.
1247 4616 1528 4670 Familiare
1549 4624 1632 4669 est
1653 4616 1897 4687 Ennodio

321 4697 499 4740 vatem
524 4702 725 4755 ponere
747 4701 843 4755 pro
860 4686 1142 4753 episcopo,
1184 4694 1241 4739 ut
1272 4687 1407 4739 vatis
1432 4686 1705 4755 Cypriani,
1769 4689 1899 4739 Am-

320 4758 510 4819 brosii,
550 4755 842 4821 Laurentii,
903 4756 1165 4819 Eustorgii
1216 4759 1371 4817 vatis,
1431 4757 1643 4823 passim.
1707 4756 1796 4810 Sic
1846 4757 1896 4809 in

324 4825 601 4904 epitaphio
654 4825 819 4894 ipsius
848 4825 1109 4880 Ennodii:
1142 4825 1267 4879 item
1322 4826 1462 4879 Petri
1495 4826 1731 4895 episcopi
1759 4826 1899 4880 Tici-

318 4910 502 4951 nensns
520 4911 537 4948 ε
912 4933 914 4936 ν

472 4983 567 5032 Hic
587 4990 725 5047 vates
746 4983 958 5044 Domini,
987 4983 1164 5032 mundo
1188 4985 1299 5047 quia
1324 4997 1529 5047 corpore
1556 4984 1691 5033 vixit.

569 5044 825 5093 Admixtus
848 5048 1028 5106 gaudet
1052 5044 1257 5093 «(latibus
1278 5046 1533 5105 angelicis.

328 5129 338 5141 ‘
385 5128 405 5157 ²
440 5126 711 5200 Matrona:
740 5128 920 5200 taceo]
967 5128 1211 5183 Praecelsi
1264 5130 1484 5182 verticis
1533 5144 1725 5183 nomen
1761 5129 1898 5182 haud

316 5198 499 5268 procul
532 5196 919 5268 Brigantionef
951 5213 1052 5266 qua
1106 5210 1251 5263 parte
1280 5200 1509 5253 Galliam
1565 5209 1768 5267 spectat
1798 5202 1882 5268 qui
1916 5204 1964 5262 Ι)

316 5267 474 5319 hodie
503 5281 660 5319 mons
686 5266 924 5321 Genevra
958 5278 1307 5333 nuncupatur.
1336 5266 1671 5323 ltinerarium
1705 5266 1889 5323 lliero-

315 5338 411 5390 sol.
439 5352 452 5386 :
478 5335 681 5406 Mansio
713 5334 1008 5406 Ebreduno.
1044 5336 1173 5391 Inde
1201 5340 1453 5405 incipiunt
1484 5340 1636 5406 Alpes
1667 5338 1885 5405 Cottiw;

318 5408 533 5477 eiulatio
564 5405 855 5477 Romae".
887 5423 1017 5471 XVII,
1047 5408 1239 5460 mansio
1278 5405 1618 5477 Brigantiam.
1653 5408 1729 5461 M.
1759 5424 1888 5466 xvtt.

319 5472 453 5531 Inde
478 5478 712 5530 ostendis
740 5476 1049 5531 Matronam.
1082 5472 1394 5533 Ammianus
1424 5478 1790 5532 Marcellinus:
1822 5478 1888 5533 In

318 5547 532 5610 Alpibus
559 5544 760 5609 Cottiis,
792 5562 1006 5615 quorum
1034 5549 1233 5599 initium
1260 5563 1290 5599 α
1322 5546 1602 5616 Segusione
1628 5558 1722 5612 est,
1752 5565 1882 5613 prte-

317 5618 507 5688 relsum
527 5616 737 5688 erigitur
766 5617 971 5688 jugum.
1006 5617 1049 5668 Α
1076 5618 1361 5669 summitate
1386 5617 1541 5688 hujus
1571 5617 1743 5671 Italici
1768 5620 1883 5672 clivi

318 5686 553 5753 planities
576 5684 646 5737 ad
668 5684 1124 5754 usqite’stationem
1146 5688 1346 5738 nomine
1380 5684 1560 5740 Martis
1583 5705 1668 5753 per
1694 5696 1883 5755 septem

316 5756 607 5807 extenditur
628 5756 792 5826 millfa
816 5772 835 5826 .'
866 5767 914 5826 et
938 5757 1055 5807 hinc
1072 5757 1175 5807 alia
1199 5757 1440 5808 celsitudo
1471 5759 1693 5821 erectior,
1725 5774 1883 5826 ware-

317 5842 409 5890 qtte
429 5825 733 5894 superabilis
760 5825 826 5878 ad
862 5824 1110 5880 Matrona:
1132 5827 1407 5893 porrigitur
1431 5827 1657 5879 verticem
1688 5842 1706 5879 :
1738 5824 1882 5896 ritjus

1905 1151 1952 1202 Α

2117 1140 2215 1194 Τοι
2240 1138 2329 1191 leti
2362 1138 2555 1193 formas
2585 1139 2660 1191 sic
2692 1138 2925 1193 vocitare
2949 1139 3149 1191 volens.

2059 1233 2293 1298 Scrupea
2324 1231 2573 1285 descissis
2604 1230 2864 1299 pendebat
2890 1231 3075 1283 semita
3108 1230 3320 1298 plantis,

2129 1320 2235 1375 Nec
2261 1322 2375 1373 visu
2408 1319 2594 1382 facilis,
2619 1320 2840 1388 credite,
2865 1321 3014 1374 callis
3045 1330 3180 1373 erat.

2058 1411 2191 1477 Quid
2223 1409 2598 1480 Iabyrintbmos
2623 1411 2915 1478 priscorum
2946 1410 3085 1465 fama
3109 1427 3351 1466 recessus

2129 1502 2361 1557 lnvolvis
2393 1501 2616 1567 linguis,
2650 1500 2788 1568 quod
2822 1500 3004 1555 timeat
3033 1501 3314 1569 relegens?

2061 1595 2172 1649 Illic
2207 1593 2422 1647 artificis
2444 1592 2741 1647 laudandus
2768 1593 3006 1647 constitit
3031 1608 3201 1657 error,

2128 1685 2257 1739 Cum
2290 1685 2443 1738 torsit
2466 1693 2669 1737 rectum
2701 1684 2944 1737 Daedalus
2975 1683 3207 1752 ingenio.

2061 1778 2155 1833 llic
2194 1788 2379 1832 natura
2414 1776 2657 1831 homines
2687 1792 2780 1845 per
2806 1791 3067 1831 summum
3099 1787 3266 1847 portat
3291 1778 3523 1848 Olympi,

2131 1870 2246 1935 Quo
2277 1869 2531 1936 liquidum
2563 1879 2780 1921 tranans
2806 1868 2884 1921 ire
2915 1867 3159 1921 columba
3190 1869 3346 1922 valet.

2059 1959 2288 2025 Parcite,
2327 1958 2580 2020 Pierides,
2615 1959 2829 2026 pelagus
2860 1958 3067 2012 ﬂuviale
3092 1959 3320 2020 silendo,

2130 2051 2205 2105 Ne
2230 2060 2437 2118 reparet
2464 2066 2661 2113 sermo,
2690 2051 2796 2105 fors
2825 2052 2961 2105 bona
2993 2053 3131 2119 quod
3159 2052 3380 2119 pepulit.

2064 2144 2218 2197 Duria
2244 2142 2262 2173 ⁸
2295 2158 2413 2196 nam
2438 2143 2629 2206 Sessis,
2655 2150 2863 2196 torrens
2897 2143 2976 2196 vel
3010 2142 3188 2205 Stura,
3217 2142 3298 2196 vel
3327 2142 3495 2211 Orgus

2130 2235 2405 2288 Marmoris
2436 2234 2568 2289 Ionii
2605 2234 2860 2288 saevitiam
2894 2245 3165 2304 superant.

2063 2326 2237 2379 Dulc'a
2265 2340 2387 2378 cum
2409 2326 2566 2379 variis
2588 2326 2879 2379 succedunt
2910 2327 3027 2380 laeta
3058 2328 3294 2396 periclis,

2134 2415 2368 2470 Effectus
2391 2430 2567 2469 rerum
2599 2430 2693 2469 cor
2723 2416 2952 2469 solidare
2979 2416 3136 2470 solet.

1915 2505 1957 2565 Ε
2056 2505 2139 2560 Nil
2166 2506 2290 2557 mihi
2318 2521 2439 2558 cum
2471 2506 2644 2560 dubiis
2675 2516 2897 2573 prosunt
2926 2506 3117 2561 oblivia
3149 2507 3283 2561 tristi
3318 2526 3329 2560 :

2135 2597 2288 2652 Ebria
2320 2597 2510 2651 lethaeo
2546 2605 2757 2666 pectora
2787 2596 2937 2651 fonte
2965 2597 3098 2651 fero.

2060 2688 2263 2742 Limina
2288 2696 2587 2742 sanctorum
2618 2696 2831 2755 praestat
2859 2688 3112 2741 lustrasse
3146 2698 3486 2751 trementem,

2131 2779 2447 2849 Martyribus
2475 2779 2735 2847 lacrymas
2762 2778 2977 2831 exhibui
3012 2793 3067 2832 se
3098 2795 3263 2832 meas.

2062 2871 2201 2925 Ecce
2230 2870 2530 2933 Saturnius,
2558 2868 2831 2938 CriSpinus
2864 2909 2877 2929 ,
2916 2869 3086 2929 Daria,
3121 2869 3351 2929 Maurus,

2131 2959 2412 3025 Eusebius,
2444 2960 2668 3026 Quintus
2693 2959 2880 3027 gaudia
2906 2973 3089 3027 magna
3125 2965 3329 3024 parant.

2058 3052 2240 3107 Octavi
2265 3051 2466 3105 meritis
2494 3051 2579 3116 da,
2618 3052 2927 3113 Adveutor;
2961 3051 2980 3080 ⁸
3009 3048 3189 3113 redde,
3222 3050 3454 3114 Solutor,

2128 3139 2364 3194 Cand7da
2394 3154 2461 3193 ne
2493 3140 2645 3207 pullis
2672 3144 2777 3193 vita
2808 3138 2961 3193 cadat
2987 3138 3223 3191 maculis.

1980 3298 1983 3299 ν
2062 3231 2289 3285 Hostiles
2308 3231 2524 3300 laqueos
2554 3230 2760 3285 scindat
2790 3245 2936 3283 mens
2957 3228 3165 3282 conscia
3198 3229 3325 3283 recti
3365 3247 3374 3278 :

2129 3323 2240 3378 Hoc
2261 3318 2470 3391 semper
2498 3322 2698 3391 placeat
2727 3322 2864 3391 quod
2890 3322 3072 3384 decet,
3100 3322 3197 3375 hoc
3230 3322 3402 3376 liccat.

1993 3540 2162 3581 DICTIO
2183 3526 2202 3556 ⁸
2222 3543 2360 3580 DATA
2380 3541 2640 3581 DElITI‘IR'O
2660 3541 2707 3577 ν.
2734 3540 2780 3579 S.
2809 3540 3170 3591 οιιωδιλτιεο,
3193 3542 3382 3579 NOMINE
3403 3542 3559 3579 lPSIL‘?

2416 3632 2674 3671 EUGENETI
2704 3632 2751 3669 ν.
2788 3631 2821 3668 Ι.
2857 3632 3143 3671 MITTENDA.

2063 3728 2258 3782 Gaudia
2286 3730 2660 3783 transcendunt
2694 3728 2853 3793 vires,
2897 3744 2994 3781 vox
3040 3730 3156 3782 lceta
3188 3730 3444 3795 superbit,

2135 3816 2328 3886 Ingenii
2362 3820 2582 3871 maciem
2617 3833 2868 3886 prospera
2916 3834 3016 3870 non
3050 3829 3305 3873 me'uunt.

1992 3951 2289 4006 vocabulum
2321 3967 2467 4003 casus
2499 3948 2700 4019 [eininte
2748 3951 2929 4003 nobilis
2976 3952 3114 4003 dedit
3143 3968 3162 4005 :
3212 3954 3344 4003 unde
3374 3954 3563 4008 declive

1989 4024 2190 4083 quidem
2218 4022 2334 4085 iter,
2358 4022 2444 4093 sed
2464 4020 2743 4093 expeditius
2768 4025 2838 4093 ad
2867 4038 3023 4090 usque
3054 4021 3313 4093 rastellith
3344 4022 3564 4093 Virgan-

1993 4094 2113 4145 tiam
2169 4100 2324 4158 patet.
2385 4091 2679 4144 Murenam
2730 4092 3095 4145 Marcellinum
3127 4092 3202 4145 cis
3240 4091 3562 4158 Brigantium

1993 4177 2111 4215 eum
2139 4162 2381 4215 Ennodio
2410 4162 2570 4214 locat.
2607 4161 2866 4215 ltinerarii
2899 4171 3105 4226 auctor,
3134 4164 3257 4231 quia
3292 4164 3391 4216 iter
3420 4164 3564 4218 ordi-

1995 4241 2078 4285 tur
2108 4248 2138 4286 e
2166 4231 2374 4353 Gglliis,
2401 4242 2518 4299 post
2544 4232 2872 4297 Brigantium
2906 4232 3162 4287 Οθηοηοιυ
3216 4236 3411 4288 montis
3442 4251 3565 4304 pars

1995 4311 2093 4353 est.
2124 4310 2181 4353 ut
2246 4317 2337 4353 ixi.

1993 4311 2093 4364 est,
2124 4310 2181 4354 ut
2207 4301 2337 4353 dixi.

2064 4361 2088 4401 ⁸⁷
2117 4370 2281 4421 Duria
2312 4384 2433 4420 nam
2483 4366 2689 4437 senis]
2717 4361 2868 4421 Hunc
2901 4384 3107 4422 tersum
3157 4385 3218 4421 ex
3253 4362 3563 4437 conjectura

1997 4438 2351 4501 restituimus,
2384 4452 2504 4490 nam
2532 4436 2585 4488 iu
2611 4438 2840 4503 antiquis
2870 4439 3027 4490 etiam
3059 4439 3331 4493 codicibus
3366 4436 3564 4504 depra-

1996 4510 2303 4561 vatissimus
2333 4515 2469 4561 erat.
2503 4505 2738 4570 Sturam,
2772 4508 2992 4572 Orgum.
3040 4507 3227 4561 Durias
3248 4508 3403 4571 duas,
3435 4512 3562 4564 Ses-

1998 4579 2154 4632 sitem
2188 4578 2389 4648 Plinius
2419 4576 2511 4648 lib.
2532 4592 2615 4648 rt,
2648 4592 2765 4640 cap.
2796 4577 2881 4648 l6,
2914 4576 2963 4628 in
2989 4576 3159 4648 ﬂuviis
3190 4588 3451 4641 numerat,
3476 4581 3561 4648 qui

1999 4663 2062 4701 ex
2109 4648 2327 4716 Alpibus
2352 4645 2403 4700 in
2437 4646 2636 4700 Padum
2668 4648 2799 4700 lmvo
2820 4646 2984 4700 latere
3014 4646 3318 4699 decurrunt.
3346 4648 3412 4700 Et
3441 4645 3566 4703 vero

2002 4718 2079 4782 pri
2116 4720 2191 4771 eis
2213 4717 2385 4770 adhuc
2410 4717 2679 4770 vocabulis
2707 4726 3107 4782 nuncupantur,
3136 4716 3236 4769 nisi
3265 4717 3404 4785 quod
3438 4718 3563 4772 Ses-

1999 4789 2161 4840 sitem
2202 4787 2431 4841 Sessiam
2465 4796 2678 4856 vocant.
2736 4797 2787 4840 et
2817 4790 3013 4856 Oreum
3064 4787 3295 4856 Orcum:
3353 4804 3415 4842 ex
3460 4804 3567 4856 quo

2006 4866 2146 4926 patet
2178 4872 2281 4910 non
2313 4865 2456 4909 recte
2476 4857 2612 4917 apud
2638 4855 2858 4909 Plinium
2892 4855 3124 4921 Morgum
3156 4855 3278 4924 legi.
3482 4855 3490 4856 7

2079 4929 2099 4957 ⁸
2132 4926 2305 4980 Redde
2358 4924 2603 4995 Solutor]
2634 4925 2902 4987 Octavius,
2922 4924 3147 4995 Solutor
3194 4936 3247 4978 et
3296 4926 3567 4983 Adventor

2735 4962 2760 4977 Il
2777 4962 2789 4975 '
2806 4962 2902 4987 μισ,

2008 5007 2270 5066 martyres
2317 5006 2423 5050 tres
2471 5010 2501 5049 e
2546 4994 2752 5064 legione
2802 4994 3084 5066 Thebaa;
3137 5011 3361 5063 quorum
3401 5012 3565 5052 sacrae

2008 5064 2245 5135 reliquiae
2273 5067 2325 5120 in
2352 5067 2551 5119 honore
2591 5073 2714 5135 sunt
2749 5066 2994 5135 Augustae
3037 5064 3391 5121 Taurinorum
3424 5087 3435 5122 :
3470 5083 3566 5121 ex-

2008 5134 2219 5201 statque
2248 5138 2299 5190 in
2331 5152 2423 5189 eos
2454 5150 2631 5190 sermo
2662 5134 2871 5187 Maximi
2898 5134 3131 5204 episcopi
3164 5136 3529 5191 Taurinensis.

2064 5207 2083 5236 ⁸
2120 5206 2283 5278 Dictio
2314 5208 2433 5259 data
2480 5205 2710 5278 Deuterlo
2742 5205 2984 5278 mittenda
3014 5205 3301 5278 Eugeneti]
3331 5206 3566 5278 Uterque

1990 5290 2055 5328 ex
2085 5276 2326 5344 epistolis
2355 5285 2506 5328 notus
2533 5282 2633 5344 est.
2667 5274 2795 5327 Nam
2827 5274 2893 5328 de
2938 5274 3190 5329 Denterio
3219 5274 3565 5344 grammatico

1990 5343 2191 5398 dictum
2223 5354 2305 5399 est
2326 5345 2387 5398 ad
2419 5344 2574 5411 epist.
2609 5343 2674 5399 l9
2705 5344 2794 5398 lib.
2821 5361 2837 5398 ι
2863 5360 2879 5408 ;
2908 5344 2974 5398 de
2999 5343 3271 5413 Eugenetc
3297 5353 3562 5413 quaestore

1992 5414 2083 5466 lib.
2117 5429 2187 5471 tv.
2212 5417 2367 5481 episr.
2395 5413 2483 5467 ‘26.
2514 5414 2595 5467 Ab
2628 5414 2898 5483 Eugeneze
2926 5415 3087 5483 igitur
3120 5415 3318 5467 hortuli
3352 5421 3557 5481 partem

1992 5485 2126 5605 ρξιὶε
2154 5484 2453 5604 DeuItetius,
2489 5483 2641 5553 cujus
2663 5486 2877 5539 nomine
2904 5499 3120 5538 carmen
3168 5483 3273 5537 hoc
3304 5483 3562 5549 scriptum

1992 5566 2019 5605 a
2114 5568 2253 5605 .nunt
2277 5569 2347 5605 ιο.

1990 5553 2058 5605 ab
2088 5553 2347 5605 I‘Inuntlio.

2065 5622 2257 5693 ‘Quid
2279 5623 2454 5692 jubar.
2509 5633 2553 5676 et
2584 5624 2778 5676 calidos
2806 5622 2820 5693 ]
2866 5622 2961 5693 Sic
2997 5622 3123 5689 leg't
3154 5618 3567 5693 BarthiusAni-

1991 5692 2165 5744 madv.
2199 5691 2260 5743 ad
2280 5690 2490 5760 'Papinii
2516 5694 2664 5748 Statii
2693 5690 3010 5748 tThebaid..
3063 5704 3181 5756 pag.
3217 5691 3339 5757 lli,
3382 5691 3565 5757 aitque

1993 5760 2075 5813 his
2123 5762 2296 5814 verbis
2324 5762 2391 5813 ab
2424 5762 2664 5815 Eunodio
2706 5760 2928 5826 cxprtmi
2976 5760 3316 5823 serenitatem,
3377 5760 3557 5821 litt-eiu,

1992 5831 2145 5893 diem,
2176 5836 2348 5883 solem.
