4184 6260
620 387 720 440 511

689 499 868 554 Dalcia
901 500 1224 567 temporibus
1249 497 1575 551 famulantur
1611 497 1693 550 fila
1723 498 1974 552 secundis
2005 515 2018 552 :

757 589 907 655 Quod
941 588 1062 642 felix
1089 588 1302 650 meruit,
1330 587 1506 639 nobile
1540 601 1754 639 carmen
1779 587 1903 640 erit.

688 679 798 733 Vox
819 680 944 746 justi
967 687 1221 746 qlttestor,
1252 678 1420 742 legum
1451 676 1766 740 substantia,
1799 674 1954 727 nobis

759 770 866 823 Ceu
893 769 1126 822 thbus
1160 769 1330 820 mittet
1363 777 1629 835 tympana,
1663 769 1884 836 plectra,
1926 767 2116 836 lyram.

689 861 851 912 Docta
876 859 1248 912 Cammnarum
1280 867 1430 910 coeat
1464 858 1544 925 pia
1575 858 1723 910 turba
1759 871 2026 919 somrum,

757 949 1161 1016 Olferatargnto
1194 949 1383 1016 pollice
1421 947 1561 1016 quod
1595 948 1843 1016 loquitur.

686 1040 913 1108 Turgida
946 1039 1138 1092 fatidici
1175 1041 1256 1093 vix
1301 1040 1503 1108 possint
1535 1048 1745 1105 pet-lora
1783 1040 1914 1092 vatis

759 1131 1024 1184 Virtutum
1054 1131 1259 1198 species
1287 1144 1600 1183 enumerare
1631 1138 1766 1182 luas.

691 1220 768 1276 Tn
797 1223 958 1276 decus
990 1223 1170 1287 ltalim,
1205 1235 1328 1288 spes
1355 1232 1407 1273 tu
1439 1220 1690 1274 fidissima
1717 1221 1869 1285 recti,

762 1315 894 1380 Fax,
932 1315 1051 1368 tuba
1074 1330 1376 1376 causarum,
1406 1329 1633 1382 purpura
1666 1322 1868 1377 nostra,
1895 1314 2027 1366 vale.

690 1406 999 1461 Luminibus
1029 1405 1264 1472 lOt'Upics
1298 1406 1464 1458 solem
1499 1413 1550 1458 te
1581 1406 1748 1458 Roma
1780 1407 1989 1459 vocat-it

761 1500 932 1561 Celsa,
965 1497 1223 1563 Quirinali
1252 1497 1546 1564 suscipiens
1575 1499 1796 1563 gremio.

688 1591 912 1657 Eloquio
946 1591 1174 1658 lyncem,
1205 1597 1258 1642 tu
1289 1588 1484 1641 subdes
1511 1603 1639 1642 voce
1672 1589 1900 1650 leonem,

762 1683 913 1736 Melle
947 1689 1036 1734 tuo
1061 1696 1278 1746 serpens
1304 1681 1529 1748 gutturis
1561 1695 1702 1732 arma
1733 1687 1954 1749 premet.

691 1772 904 1828 Fetibus
927 1771 1125 1824 orbalm
1151 1768 1349 1824 ferrent
1380 1769 1470 1822 lihi
1495 1784 1711 1822 munera
1744 1770 1924 1837 tigres,

761 1865 888 1929 Qua:
914 1865 1067 1916 dolor
1095 1871 1148 1918 et
1192 1863 1366 1917 feritas
1392 1879 1520 1917 aure
1552 1862 1974 1930 pavenle'daret.

690 1956 765 2011 Te
793 1971 928 2024 pene
956 1956 1255 2010 demessum
1279 1970 1374 2009 ceu
1411 1956 1594 2008 florem
1619 1954 1836 2008 dextera
1863 1953 1953 2006 fati

762 2048 893 2100 Dum
929 2035 1144 2113 lacerat,
1189 2047 1430 2100 Chri-tus
1461 2047 1680 2111 perculit
1703 2046 1942 2100 exitium.

695 2138 918 2191 Reddita
948 2153 1004 2192 se
1034 2137 1226 2191 melius
1255 2153 1392 2190 nunc
1423 2138 1583 2190 vincit
1611 2138 1710 2188 vita
1747 2135 1909 2204 beati,

764 2228 980 2282 Actibus
1003 2227 1257 2281 asseritur
1279 2227 1418 2295 quod
1444 2227 1586 2280 venit
1611 2243 1639 2279 a
1667 2227 1896 2293 superis.

692 2321 785 2374 llis
815 2319 1002 2381 fretus,
1037 2333 1140 2372 non
1169 2318 1391 2386 legatos,
1420 2333 1518 2370 nec
1551 2317 1706 2370 verba
1733 2328 2041 2386 precantum
2068 2358 2084 2381 ,

761 2413 958 2468 Callida
982 2412 1170 2466 fucati:
1195 2412 1396 2465 artibus
1423 2411 1601 2465 elicui.

692 2506 808 2574 ipse
829 2518 950 2574 ego,
993 2503 1252 2556 mendica:
1283 2505 1645 2556 transmittens
1669 2502 1828 2556 verba
1860 2502 2081 2568 Thalim,

763 2595 968 2648 Donum
998 2607 1146 2647 more
1183 2594 1273 2647 Dei
1309 2601 1357 2647 te
1391 2607 1578 2661 prtcor
1607 2603 1661 2647 ut
1689 2594 1910 2648 tribuas.

692 2685 942 2738 ﬂo‘rtulus
966 2683 1153 2753 exigua
1173 2684 1404 2738 sociatus
1433 2697 1578 2752 parte
1601 2685 1838 2739 retardat

761 2777 919 2846 Spem
948 2776 1192 2842 solidam,
1227 2775 1340 2829 fieri
1367 2779 1430 2830 ne
1459 2792 1664 2832 merear
1690 2777 1952 2832 dominus.

696 2869 840 2923 llanc
885 2869 1012 2922 mihi
1059 2868 1237 2936 largiri
1280 2883 1380 2922 non
1427 2883 1670 2937 spernas,
1705 2871 1882 2924 lumen
1908 2870 2187 2937 honorum,

765 2960 854 3015 Sic
885 2960 990 3014 voti
1018 2973 1234 3024 compos
1262 2959 1451 3013 smcula
1472 2972 1649 3013 noSIra
1673 2962 1837 3015 colas.

694 3055 781 3107 Sic
812 3053 827 3083 ¹
859 3062 910 3106 te
933 3049 1204 3119 regnantis
1227 3043 1475 3104 sublimet
1503 3050 1642 3104 celsa
1677 3059 1911 3118 potestas
1941 3069 1952 3104 :

765 3143 854 3197 Sic
884 3148 1102 3195 currant
1131 3139 1331 3193 meritis
1363 3154 1522 3192 aurea
1557 3144 1657 3193 lata
1692 3142 1813 3196 tuis.

694 3234 955 3301 Amphion
978 3232 1199 3285 Dirceus
1231 3232 1399 3299 tetigit
1427 3231 1566 3299 quod
1597 3247 1627 3298 p
1650 3233 1823 3292 rtine.
1855 3233 2016 3298 vixit;

766 3321 920 3375 Nulla
945 3320 1076 3373 mori
1105 3334 1280 3373 rerum
1315 3331 1436 3374 tunc
1459 3319 1686 3372 animata
1720 3329 1910 3387 potest.

696 3412 984 3469 Commoda
1012 3412 1078 3464 de
1108 3411 1267 3464 Musis
1295 3427 1562 3479 nunquam
1598 3411 1802 3466 fluxere
1830 3423 1904 3466 tot
1935 3428 2119 3478 annis;

767 3502 968 3558 Alfectu
995 3500 1148 3571 pretii
1189 3515 1317 3570 quas
1360 3501 1484 3556 mihi
1515 3503 1758 3556 concilia.

632 3725 898 3765 ΡΙΜΞΡΔτιΟ
927 3712 946 3740 ²
977 3723 1261 3773 Νενοτιιιυε
1285 3724 1502 3764 PBOCI'LI
1532 3723 1686 3762 DICTA
1713 3723 1806 3762 SUB
1839 3725 1924 3762 DIE
1974 3726 2038 3764 XV
2072 3725 2188 3765 ClL.

1343 3817 1475 3857 MA".

701 3893 960 3958 Exprimit
985 3893 1033 3944 in
1065 3891 1263 3959 spicam
1295 3891 1449 3943 tellus
1475 3891 1582 3959 jam
1615 3892 1714 3945 feta
1750 3891 1990 3960 papillas,

770 3984 924 4036 Lacte
954 3981 1213 4035 maritalis
1239 3982 1437 4050 turgida
1466 3982 1770 4049 cespitibus.

699 4074 983 4141 Stringitur
1014 4073 1062 4124 in
1096 4073 1298 4139 prolem
1328 4086 1544 4139 sparsus
1571 4088 1668 4140 per
1703 4074 1940 4140 gramina
1981 4088 2190 4139 succus,

772 4165 843 4217 De
863 4164 1022 4232 guttis
1049 4161 1244 4216 faciens
1267 4163 1566 4230 progeniem
1591 4164 1834 4216 solidam.

700 4255 933 4308 Vestitus
960 4255 1183 4322 gemmis
1215 4255 1482 4322 protendit
1516 4253 1730 4309 brachia
1762 4255 1983 4321 palmes,

773 4346 845 4400 De
871 4345 1072 4414 gremio
1101 4344 1225 4413 ligni
1258 4345 1534 4412 pampinus
1562 4360 1686 4399 ecce
1709 4347 1866 4400 viret.

697 4439 850 4492 Jussa
877 4452 972 4505 per
997 4446 1332 4505 augmentum
1364 4452 1502 4490 nunc
1533 4437 1721 4514 silvam
1750 4438 1969 4506 perdere
1991 4439 2122 4492 vites

772 4529 1028 4599 Frugibus
1060 4537 1116 4580 ut
1145 4536 1369 4589 crescat,
1404 4529 1622 4582 vulnera
1649 4531 1954 4584 conciliant.

644 4677 646 4684 ,
697 4621 914 4684 Evocat,
942 4618 1159 4687 inquirit
1197 4618 1430 4684 gaudens
1461 4617 1677 4673 infantia
1706 4621 1887 4674 mundi

765 4708 1056 4774 Nutricem,
1087 4709 1246 4777 lepidi
1274 4721 1427 4776 quam
1461 4708 1606 4762 dedit
1633 4725 1758 4763 aura
1790 4711 1922 4779 poli.

699 4823 716 4855 '
741 4823 827 4876 Sic
854 4833 899 4876 te
925 4822 1218 4895 regnantis]
1251 4823 1561 4878 Theoderici
1591 4826 1748 4893 regis,
1781 4827 1932 4897 cujus
1963 4837 2194 4898 quaestor

689 4903 760 4945 οἳ.

630 4908 1026 5037 θῗῗθλνιεροιῑὸιω
1052 4961 1310 5037 Proculi]
1339 4963 1542 5029 Liguris
1574 4974 1739 5032 poeta)
1775 4983 1787 5019 :
1832 4983 1988 5037 quem
2037 4969 2192 5022 Sido-

630 5031 763 5102 nius
795 5029 930 5082 inter
980 5031 1225 5095 eximios,
1280 5029 1333 5086 «Et
1390 5029 1607 5102 utraque
1642 5029 2196 5102 'lingna'prmstantcs

629 5100 797 5154 aetatis
826 5113 934 5151 Sine
974 5113 1153 5164 poetas
1183 5113 1423 5157 numerat
1455 5100 1545 5160 lib.
1578 5121 1649 5167 ιλ,
1692 5108 1849 5172 epist.
1886 5100 1984 5160 '15;

875 5189 1124 5255 Rotuisset
1141 5190 1229 5238 ista
1253 5204 1450 5252 semper
1475 5194 1714 5242 efﬁcacius
1766 5253 1768 5255 ,

874 5249 1032 5315 llumo
1056 5258 1202 5310 atque
1225 5249 1376 5315 gente
1403 5262 1568 5301 cretus
1591 5256 1637 5302 in
1663 5253 1913 5315 Ligustide

876 5309 1132 5377 l'nocuws
1145 5309 1353 5360 melodis
1377 5316 1601 5362 insonare.
1626 5309 1862 5377 pulsibus,

873 5372 1065 5437 [.imans
1091 5371 1242 5437 faceta
1261 5386 1464 5437 qumque
1489 5377 1556 5422 sic
1585 5371 1819 5437 poemata,

872 5434 1111 5480 Venetam
1138 5432 1339 5480 lacessat
1363 5443 1414 5481 ut
1437 5432 1594 5483 favore.
1625 5432 1880 5487 Mantuam.

878 5495 1244 5551 ilottiericmque
1272 5508 1355 5554 par
1379 5503 1423 5541 et
1447 5498 1550 5552 ipse
1570 5495 1738 5553 gloriae

872 5557 1018 5604 ltotas
1043 5557 1247 5603 Maronis
1263 5563 1369 5604 arte
1393 5564 1586 5604 st-ctans
1608 5561 1836 5619 compari.

699 5635 718 5662 "
754 5635 959 5703 Marsya
988 5653 1030 5688 δι
1056 5634 1253 5706 veniat]
1281 5636 1390 5689 lloc
1417 5645 1517 5697 est,
1549 5638 1590 5689 si
1623 5638 1823 5692 Phwho
1853 5641 2039 5693 iterum
2081 5657 2200 5694 cum

631 5702 832 5769 Marsya
858 5702 1192 5758 subeundum
1237 5702 1308 5759 Sit
1346 5715 1635 5771 certamen,
1673 5708 1749 5759 Pri
1774 5711 1946 5764 culi-ni
1999 5712 2204 5769 adiutu-

633 5786 742 5822 rem
786 5787 846 5822 ac
877 5775 1077 5826 sm-ium
1111 5776 1307 5828 habere
1340 5777 1485 5830 velit.

1741 381 2009 438 ENVUDII
2053 384 2354 439 EPlSCOPl
2395 385 2763 446 TlClNENSlS

2221 496 2271 553 Α

3769 395 3870 449 312

2372 499 2525 553 Ludit
2558 517 2650 569 per
2680 503 2866 556 faciem
2897 517 3203 571 camporum
3245 502 3438 556 rustica
3473 476 3654 571 pube’s,

2438 591 2747 659 Respiciens
2774 593 2889 644 duri
2923 594 3077 646 dulce
3109 593 3306 646 laboris
3335 609 3489 647 onus.

2367 684 2548 734 Annus
2574 692 2743 748 reptat
2770 699 2932 736 ovans
2961 694 3156 738 tractus
3189 700 3280 752 per
3309 701 3576 740 murmura
3603 687 3762 751 veris,

2439 766 2626 824 Fracta
2655 773 2908 826 locultlt‘is
2933 776 3088 826 mella
3121 777 3298 830 ferens
3325 777 3498 830 labiis.

2363 858 2493 912 Cum
2527 861 2682 914 rebus
2708 873 2887 914 noster
2916 864 3140 917 balbutit
3163 865 3397 919 carmina
3424 880 3632 933 sensus,

2435 952 2609 1002 Aurea
2633 952 2903 1019 principiis
2926 953 3139 1007 dextera
3165 963 3339 1022 portet
3360 971 3536 1022 opem.

2367 1039 2616 1093 Blandior
2644 1040 2708 1092 ad
2742 1039 2927 1093 falcem
2963 1057 3166 1095 messor
3189 1043 3428 1110 perducit
3456 1045 3663 1107 aristas.

2435 1128 2492 1183 Si
2526 1129 2709 1181 rastris
2738 1139 2968 1198 segetem
3011 1140 3225 1199 pectere
3255 1135 3546 1186 continuet.

2363 1217 2508 1272 Nunc
2532 1221 2750 1287 stirpem
2773 1221 2976 1276 Proculi
3000 1222 3131 1274 dans
3148 1238 3366 1276 vernum
3392 1226 3619 1292 suscipe,
3641 1224 3866 1292 doctor;

2438 1307 2514 1362 Ne
2544 1308 2716 1362 fervor
2745 1319 2955 1364 teneros
2981 1310 3239 1380 decoquat
3268 1313 3603 1368 immodicus.

2365 1396 2655 1452 Serventur
2685 1399 2858 1468 leges;
2888 1416 2982 1454 ceu
3009 1416 3200 1455 census
3231 1402 3404 1457 littera
3432 1413 3633 1458 currat.

2443 1489 2637 1542 llorum
2667 1490 2951 1546 Pindareus
2979 1493 3192 1546 flumina
3222 1495 3518 1552 vicitavus.

2365 1577 2527 1631 Docta
2549 1580 2834 1634 Cammnali
2859 1583 3050 1636 cecinit
3071 1583 3158 1652 qui
3181 1585 3414 1637 carmina
3445 1586 3645 1655 plectro
3674 1605 3687 1639 :

2434 1669 2597 1736 Cujus
2625 1671 2888 1736 Apollinei
2921 1673 2988 1724 nil
3018 1682 3229 1728 tacuere
3257 1673 3428 1727 chori.

2365 1758 2597 1814 Phoebus
2627 1761 2676 1812 in
2705 1762 2903 1814 auxilio
2929 1771 3132 1830 repetat
3158 1779 3278 1817 mox
3313 1763 3498 1818 fortior
3524 1765 3705 1832 illum,

2436 1851 2580 1906 Attis
2609 1851 2856 1906 nobilitas
2888 1852 2908 1882 ³
2949 1854 3155 1923 Marsya
3179 1856 3220 1908 si
3253 1856 3449 1909 veniat.

3027 1942 3113 1997 Ν.

2545 2032 2565 2061 ’⁵
2608 2047 3004 2087 EPITHALAMZUM
3037 2050 3230 2089 οιητιῖιι
3263 2053 3461 2093 MAXIMO
3491 2054 3540 2092 ν.
3574 2053 3620 2093 S.

2954 2125 3223 2196 Prwfatio.

2367 2217 2549 2268 Annus
2577 2217 2688 2269 sole
2712 2231 2849 2270 novo
2877 2226 3088 2274 teneras
3118 2220 3240 2274 dum
3277 2220 3468 2275 format
3495 2222 3683 2275 aristas
3712 2264 3728 2287 ,

2436 2315 2460 2342 δ
2488 2307 2681 2361 Natura
2707 2309 2758 2362 in
2785 2309 3050 2377 thalamis,
3079 2313 3207 2367 orbe
3229 2322 3461 2381 tepente,
3490 2315 3658 2369 sedet.

2368 2401 2602 2469 Pingitur
2633 2410 2686 2456 et
2709 2406 2854 2457 vario
2881 2406 3109 2460 mundus
3135 2407 3440 2462 discrimine
3473 2410 3654 2462 liormn
3673 2427 3695 2472 ;

2444 2490 2556 2545 Una
2583 2493 2680 2546 soli
2706 2493 2888 2561 facies,
2929 2499 3115 2565 gratia,
3145 2499 3339 2563 cultus,
3365 2514 3536 2553 amor.

2364 2581 2566 2635 Arbuta
2593 2582 2741 2636 vitali
2772 2585 3069 2641 coale~cunt
3105 2587 3206 2641 uda
3235 2605 3430 2656 vapore
3456 2607 3474 2655 ;

2440 2670 2595 2738 ignea
2625 2684 2904 2729 concretus
2931 2676 3132 2730 semina
3161 2693 3348 2730 succus
3375 2681 3485 2734 alit.

2365 2759 2598 2828 E-igitur
2626 2762 2781 2829 genio
2807 2765 2964 2817 tellus
2989 2765 3271 2820 tumefacta
3305 2770 3524 2834 marito;

2440 2850 2658 2903 Torrida
2689 2853 2896 2904 lascivis
2926 2853 3053 2907 silva
3081 2854 3213 2910 viret
3242 2858 3443 2924 Spoliis.

2370 2941 2594 2992 Lactans
2623 2941 2912 3010 ceSpitibus
2941 2944 2990 2997 in
3025 2945 3218 2999 nodum
3252 2949 3479 3002 truditur
3506 2950 3688 3016 herba,

2440 3032 2589 3088 Vi'ea
2623 3045 2919 3102 gemmatos
2951 3039 3165 3093 brachia
3194 3041 3318 3094 dant
3344 3041 3553 3107 digitos.

2365 3123 2422 3176 In
2456 3139 2630 3176 rerum
2664 3127 2804 3178 cultu
2833 3127 2916 3180 lex
2942 3129 3111 3198 jungit
3140 3132 3379 3199 pronuba
3415 3133 3610 3194 laedas;

2440 3214 2577 3266 Aura
2607 3214 2710 3281 poli
2741 3224 2796 3268 ut
2823 3229 3075 3283 sponsltm
3102 3222 3339 3287 germina
3372 3232 3559 3274 cuncta
3588 3222 3729 3277 faci'.

2371 3301 2510 3367 Ergo
2555 3305 2664 3370 pari
2698 3316 2820 3360 volo
2850 3307 2956 3371 lux,
2989 3309 3204 3374 cmlum,
3236 3311 3470 3378 ﬂumina,
3502 3313 3726 3381 NI-reus,

2438 3389 2658 3456 Montes,
2691 3404 2858 3460 prata,
2891 3394 3014 3450 ferte
3042 3400 3226 3466 gaudia
3261 3400 3582 3466 Cttnt'ipimll.

2369 3478 2440 3531 De
2475 3492 2523 3532 te
2553 3481 2692 3547 qut-d
2726 3493 2911 3536 vernat
2937 3489 3171 3551 sortitur,
3203 3487 3449 3552 Maxime,
3481 3491 3742 3556 mundus;

2445 3574 2504 3625 Iit
2533 3575 2826 3628 naturalem
2855 3576 2951 3629 dos
2983 3589 3067 3631 tua
3097 3583 3261 3635 comit
3300 3598 3475 3651 opem.

2367 3667 2461 3721 Cui
2486 3667 2718 3733 sanguis,
2743 3681 2954 3732 census,
2979 3651 3187 3739 genius,
3212 3689 3381 3736 mens,
3403 3687 3518 3729 vota
3542 3691 3686 3743 super
3703 3686 3872 3741 stant,

2439 3760 2697 3814 Musarum
2732 3762 2900 3829 primo
2929 3761 3055 3818 fulta
3089 3779 3168 3828 su;
3190 3765 3397 3819 ercilio.

2369 3855 2572 3907 Sreeula
2607 3863 2655 3907 te
2697 3854 2817 3908 fidei
2851 3857 3230 3910 monimentum
3271 3868 3448 3912 nostra
3476 3857 3751 3923 dederunt,

2429 3943 2677 4010 Corporis
2699 3952 2751 3998 et
2778 3944 2952 3999 cordis
2978 3945 3275 4015 virginitate
3306 3963 3509 4016 parem.

2369 4033 2678 4087 Vincentem
2711 4035 2911 4088 meritis
2944 4050 3193 4102 sponsam
3227 4039 3315 4091 dat
3345 4040 3570 4095 candida
3612 4041 3716 4096 vita
3745 4061 3759 4094 :

2437 4122 2564 4187 Quae
2589 4138 2717 4175 cum
2743 4135 2793 4177 le
2819 4135 3054 4193 superat,
3078 4129 3153 4180 sic
3185 4129 3279 4182 lilii
3303 4130 3475 4198 palma
3504 4133 3665 4185 venit.

2369 4213 2500 4266 lluic
2527 4213 2692 4266 niveis
2720 4228 2942 4270 concors
2965 4217 3160 4271 arridet
3192 4218 3398 4271 llatnma
3424 4220 3650 4284 labellis,

2437 4303 2564 4357 Alba
2592 4305 2920 4358 verecundas
2950 4307 3148 4375 spargit
3172 4308 3231 4361 in.
3253 4323 3343 4361 ora
3375 4319 3547 4363 notas.

2370 4436 2517 4490 Adsit
2549 4450 2645 4489 oro
2675 4436 2792 4490 fons
2817 4437 3063 4505 loquelae,
3091 4453 3238 4500 voce,
3263 4449 3462 4505 mente,
3498 4438 3738 4506 pectine;

2372 4526 2491 4585 Ars,
2523 4535 2730 4588 natura,
2758 4527 2926 4587 Musa,
2955 4526 3184 4581 Phoebus
3207 4543 3308 4595 qua
3337 4536 3508 4582 tumet
3534 4529 3800 4583 facundia.

2376 4613 2486 4668 \‘ile
2508 4614 2578 4667 nil
2609 4614 2760 4668 decet
2785 4629 2975 4667 sonare
2999 4616 3048 4667 in
3076 4617 3420 4670 Maximorum
3451 4617 3691 4670 laudibus
3717 4635 3730 4669 :

2372 4704 2661 4758 Conterunt
2684 4704 3162 4760 thbeiacel~um
3193 4723 3333 4776 saepe
3355 4707 3494 4762 dicta
3527 4711 3800 4764 verticem.

2372 4815 3152 4890 {Epithalamiumggdlax’mo]
3209 4821 3288 4872 Ad
3343 4820 3626 4875 Maximum
3673 4823 3877 4890 aliquot

2308 4887 2539 4939 vidimus
2567 4887 2826 4959 epistolas
2849 4887 2936 4940 lib.
2964 4902 3030 4959 vlt
3057 4900 3108 4940 et
3137 4904 3246 4959 vtu,
3271 4900 3424 4958 atque
3472 4893 3522 4943 in
3553 4893 3617 4944 iis
3663 4887 3876 4959 nuptia-

2303 4971 2419 5029 rum
2449 4958 2766 5029 mentionem
2805 4957 2866 5029 _i_n
2891 4958 3088 5029 qnibus
3119 4958 3314 5011 dictmn
3345 4957 3439 5013 est
3473 4961 3570 5015 hoc
3617 4957 3878 5029 epithala-

2307 5026 2679 5096 iniumtqnod
2713 5025 2863 5079 fmdis
2890 5027 3161 5087 hactenus,
3195 5042 3245 5081 ut
3271 5039 3463 5082 caetera
3491 5030 3601 5085 fere
3632 5025 3875 5096 poemata

2307 5095 2554 5167 Ennodii,
2586 5111 2831 5148 \ersuuni
2851 5097 3254 5167 trajectionibus
3279 5095 3671 5167 interpolatum,
3702 5103 3878 5156 ordini

2310 5164 2572 5228 nitorique
2619 5165 3115 5237 suo‘reildidimus.
3151 5167 3307 5221 Vario
3338 5164 3628 5223 metrorum
3660 5164 3878 5237 genere

2307 5241 2518 5286 constat
2543 5235 2788 5301 exemplo
2810 5234 3104 5299 Claudiani,
3135 5239 3220 5298 qui
3249 5239 3471 5290 diversis
3494 5234 3729 5294 numeris
3753 5244 3879 5294 lusit

2309 5303 2362 5374 in
2394 5306 2603 5374 tittptias
2621 5303 2838 5356 Honorii
2866 5313 2915 5354 ιιι
2942 5305 3138 5357 Mat‘i‘t'.
3165 5306 3293 5359 Nam
3319 5307 3571 5363 Sidonius
3599 5311 3648 5361 ill
3673 5312 3878 5374 epitha-

2310 5371 2467 5443 lamio
2500 5372 2716 5425 Polemii
2749 5381 2802 5426 et
2835 5374 3107 5427 Araneolae
3141 5374 3355 5431 heroico
3386 5387 3590 5431 tantum
3616 5371 3739 5431 usus
3771 5388 3874 5443 est,

2312 5440 2560 5510 Paulinus
2593 5443 2825 5509 elegiaco
2881 5445 2929 5495 in
2991 5445 3328 5505 epithalamio
3373 5446 3569 5501 Juliani
3623 5440 3879 5510 Memoris
3931 5457 3936 5468 ‘

2310 5509 2541 5575 Cpismtpi
2579 5511 2636 5564 lt‘.
2672 5521 2724 5563 et
2749 5511 2814 5564 Ite
2839 5513 3143 5567 clarissimte
3169 5515 3376 5569 femina:

2383 5587 2405 5614 ο
2449 5579 2648 5631 Natura
2697 5582 2746 5632 in
2785 5581 2959 5650 ΗΜΛ]
3019 5583 3072 5636 Id
3125 5594 3226 5647 est,
3275 5601 3554 5653 prregnans
3594 5597 3693 5652 est,
3754 5603 3878 5640 mox

2309 5658 2710 5720 superventurm
2736 5653 2961 5716 portioni
2996 5654 3217 5707 intenta.
3263 5655 3556 5709 Admodum
3583 5659 3874 5720 eleganter.

2310 5717 2516 5839 ἶὶίιὲιῖιι.
2548 5720 2814 5770 Animadv.
2851 5723 2916 5773 ad
2949 5720 3154 5792 Papinii
3184 5725 3341 5777 Statii
3371 5740 3386 5777 ι
3431 5717 3724 5790 ΑεΙιὶΙΙεὶἄη
3757 5742 3873 5795 pag.

2349 5808 2373 5839 δ
2416 5806 2463 5837 4..

2345 5789 2463 5840 (582.
