4192 6260
277 422 389 476 513

576 496 592 519 ἱ

498 536 635 589 O'rbe
663 537 873 602 captivo
897 535 1073 589 Venus
1098 533 1233 588 alma
1268 533 1401 587 fusis

506 628 722 679 Dotibus
750 628 938 679 florum
962 642 1057 694 per
1087 640 1295 679 ammna
1330 626 1536 688 ludens,

505 716 635 769 Dum
661 717 785 770 facit
810 732 1031 770 vernum
1066 716 1235 783 pretio
1254 724 1307 768 et
1335 714 1569 768 micantis

922 805 1108 859 Sidere
1130 803 1345 866 formae;

496 895 703 962 Sprevit
731 895 901 948 aurati
932 895 1093 947 deCus
1116 908 1275 947 omne
1300 892 1464 962 pepli.

505 987 735 1039 Adventu
767 1000 1011 1054 pomptm
1046 985 1213 1037 noluit
1240 984 1438 1038 metalli

498 1074 665 1127 Ditior
691 1078 830 1129 cultu
857 1075 1003 1130 stetit
1029 1075 1282 1144 eilngato,

920 1165 1111 1232 Sparsa
1140 1164 1381 1232 capillos.

496 1251 690 1305 Nobilis
712 1253 753 1304 si
781 1252 923 1319 quod
948 1252 1077 1303 hihit
1105 1261 1217 1304 arte
1249 1254 1393 1307 virus

497 1340 657 1405 Lana,
693 1342 914 1393 mentito
944 1341 1115 1408 potior
1144 1340 1356 1403 colore,

500 1430 589 1482 Dic
622 1440 645 1465 ι
674 1440 724 1481 et
750 1430 972 1498 algentis
1004 1429 1171 1497 pelagi
1197 1429 1422 1497 lapillos,

913 1519 1060 1572 Nuda
1092 1528 1373 1587 superstat.

496 1606 768 1661 Fulserant
801 1623 924 1661 raro
953 1609 1053 1661 sub
1080 1609 1258 1661 hiante
1282 1608 1371 1661 ﬁlo

501 1696 736 1751 Pectoris
764 1714 991 1767 gemma:
1018 1700 1069 1752 in
1100 1700 1267 1752 roseis
1294 1698 1525 1766 papillis.

493 1785 731 1840 [uvidum
762 1787 1016 1841 membris
1038 1788 1253 1855 abigens
1283 1787 1534 1841 amictum

884 1875 1062 1929 Altera
1088 1876 1175 1929 lux
1205 1885 1305 1930 est.

498 1961 769 2017 Proditum
802 1965 918 2018 risit
944 1965 1060 2018 sine
1088 1964 1226 2018 nube
1248 1978 1462 2033 corpus,

500 2049 529 2087 ι’
558 2052 788 2105 Carcere
820 2054 1021 2120 irrupto
1051 2053 1208 2106 nituit
1233 2068 1479 2107 serenum
1514 2071 1527 2107 :

499 2140 755 2210 Quodque
778 2142 1025 2195 servabat
1055 2143 1192 2196 male
1221 2151 1329 2195 tuta
1366 2144 1551 2208 vestis,

916 2229 1165 2283 Proditnr
1190 2241 1323 2285 arte.

510 2318 689 2385 Aliger
723 2318 842 2370 laxo
873 2320 1143 2372 remeabat
1174 2336 1329 2384 arcu,

493 2408 774 2461 Marridam
798 2408 1055 2461 damnans
1084 2409 1173 2461 otii
1209 2410 1535 2478 pharetram,

494 2509 515 2536 ε
546 2498 811 2567 Sanguine
834 2499 883 2551 itt
910 2502 1055 2553 nullo
1079 2502 1229 2554 tnade
1252 2511 1364 2553 acta
1395 2503 1549 2555 laetus

906 2589 1118 2656 Spicula
1144 2600 1372 2659 gestans.

345 2698 499 2751 Tunc
528 2696 604 2750 sic
630 2697 914 2766 alloquitur
941 2710 1161 2753 matrem
1187 2700 1512 2755 fluitantibus
1538 2704 1701 2758 armis
1732 2723 1745 2757 :

350 2787 709 2851 Perdidimus,
737 2790 984 2857 genitrix,
1012 2790 1222 2845 virtutis
1246 2792 1460 2859 prmmia
1493 2805 1710 2849 nostrae.

348 2866 465 2929 Jam
496 2893 755 2946 nusquam
783 2878 1039 2949 Cytherea
1066 2890 1237 2945 sonat,
1265 2882 1465 2937 ridetur
1493 2884 1746 2939 Amorum

349 2965 574 3032 Fabula,
609 2983 706 3021 nec
731 2970 905 3035 proles
937 2973 1171 3025 nascenti
1203 2974 1398 3027 sufficit
1426 2989 1568 3031 mtto.

348 3056 562 3124 Frigida
588 3071 909 3111 consumens
935 3061 1222 3114 multorum
1254 3062 1489 3128 possidet
1513 3074 1658 3119 artus

348 3144 637 3213 Virginitas
668 3145 872 3200 fervore
894 3162 1028 3201 novo
1054 3167 1065 3200 :
1090 3150 1334 3203 sublimia
1356 3167 1571 3206 carnem

355 3235 489 3287 Vota
519 3235 736 3288 domant
774 3254 785 3286 :
821 3236 1046 3290 mundus
1076 3239 1218 3291 tenui
1249 3240 1336 3291 vix
1374 3242 1586 3295 nomine
1611 3250 1849 3311 constat,
1878 3229 1927 3292 C

353 3324 604 3377 Prima-vi
630 3325 881 3378 tremulos
916 3324 1098 3379 fractis
1130 3327 1406 3381 imitantur
1431 3329 1671 3397 ephebis.

348 3416 488 3468 Rara
516 3430 608 3481 per
636 3414 920 3469 immensos
944 3418 1243 3480 smclorum,
1272 3419 1499 3485 respice,
1532 3435 1746 3491 campos

350 3507 595 3575 Coojugii
626 3508 813 3561 messis
848 3526 861 3562 :
892 3524 984 3577 per
1008 3508 1165 3563 flores
1188 3511 1299 3563 sola
1331 3520 1571 3566 vetustas

351 3596 562 3649 Exserit
588 3597 831 3651 albentes
848 3597 1027 3666 jejuna
1058 3608 1113 3652 et
1141 3600 1329 3667 pallida
1362 3616 1543 3667 canos,

353 3686 465 3739 Una
491 3686 620 3739 fides
646 3702 820 3739 rerum
852 3690 990 3741 nulla
1024 3690 1305 3744 dulcedine
1332 3692 1491 3755 fleeti,

360 3778 419 3830 Et
448 3779 489 3831 si
530 3779 654 3847 quid
705 3764 919 3833 teneros
950 3783 1115 3849 potuit
1146 3784 1487 3838 transdnccre
1512 3798 1708 3849 mores,

349 3866 507 3920 Prae
533 3871 633 3936 ptis
660 3872 869 3924 calcare
895 3872 1047 3924 malis
1076 3890 1088 3925 :
1122 3884 1362 3927 servatur
1391 3876 1584 3942 ubique

351 3959 616 4011 Justitiam
653 3977 670 4025 ;
701 3961 853 4029 culpa
888 3973 966 4015 est
1008 3962 1270 4017 thalamos
1297 3967 1602 4020 nominasse
1625 3965 1847 4035 pudico:

350 4049 425 4102 Tu
455 4052 675 4104 remissa
697 4054 860 4119 jaces,
892 4064 944 4107 et
972 4054 1097 4107 tanti
1128 4056 1302 4108 nescia
1328 4056 1462 4124 juris

346 4140 497 4191 Nuda
524 4156 616 4206 per
642 4142 838 4195 effusos
862 4152 1130 4209 respectas
1162 4146 1398 4198 membra
1427 4146 1669 4212 capillos.

345 4230 539 4300 Surge,
563 4246 678 4300 age,
706 4244 757 4286 et
779 4235 1075 4289 obstantem
1106 4248 1451 4306 properanter
1476 4238 1681 4293 discute
1708 4254 1849 4293 som-

1593 4326 1775 4397 [num.

344 4413 453 4468 Nec
485 4424 560 4479 te,
591 4416 729 4484 quod
762 4426 911 4485 turpe
932 4426 1035 4482 est,
1061 4420 1327 4486 captivum
1359 4434 1551 4474 numen
1584 4422 1779 4476 habere

342 4503 469 4558 Jura
500 4506 799 4572 pudicivice,
822 4506 903 4560 vel
933 4508 1017 4561 lex
1045 4508 1346 4563 malesuada
1376 4522 1609 4577 putetur.

416 4595 635 4647 Talibus
666 4596 921 4649 arsissent
950 4597 1107 4652 dictis
1136 4607 1191 4651 et
1220 4601 1419 4653 viscera
1454 4611 1638 4667 ponto.

338 4685 561 4753 Colligit
589 4687 639 4738 in
668 4687 860 4740 nodum
893 4704 1073 4755 passos
1104 4689 1190 4743 lux
1222 4706 1379 4744 aurea
1411 4693 1607 4758 crines,

343 4779 411 4829 Et
442 4779 735 4830 naturalem
765 4780 1086 4833 concludens
1114 4791 1260 4836 veste
1289 4783 1560 4847 decorem,

341 4868 569 4920 Mutavit
593 4868 836 4923 formam.
864 4870 1010 4923 Tunc
1038 4872 1290 4941 quidquid
1324 4873 1482 4942 fulget
1514 4875 1698 4942 iaspis.

341 4982 356 5010 ¹
391 4979 630 5057 Pastura:
652 4980 1133 5057 ﬁctasmaragdus]
1181 4985 1335 5057 Pastn
1370 5002 1398 5057 a
1449 4996 1531 5040 est
1581 4993 1723 5057 νομή.
1782 4988 1848 5043 Ut

274 5052 759 5127 ergo‘sopfidicitur
783 5052 1045 5127 interdum
1065 5054 1130 5105 de
1159 5055 1364 5120 pascuis
1386 5056 1531 5121 ipsis,
1557 5070 1607 5109 ut
1634 5052 1847 5127 quando

273 5124 414 5177 νομαὶ
443 5125 524 5172 καὶ
571 5121 808 5188 λειμῶνες
835 5123 1168 5190 cepulantnr,
1217 5127 1291 5176 sic
1322 5137 1530 5190 pastura
1582 5121 1680 5179 hoc
1731 5132 1846 5183 loco

276 5207 367 5253 ντο
399 5191 610 5255 pascuis
642 5189 963 5242 virentibus:
994 5201 1047 5244 et
1074 5189 1453 5259 epigrammate
1488 5197 1548 5249 l0
1575 5214 1585 5247 :
1618 5197 1845 5253 Ilerbida

274 5269 533 5336 pastnrum
568 5260 1343 5336 superantia.saxa__ttirentetn.
1404 5264 1519 5318 Jam
1578 5272 1840 5336 smaragdi

275 5330 457 5405 laus-et
489 5332 711 5405 pretium
734 5339 818 5405 est
846 5333 1002 5405 virnr.
1033 5331 1230 5405 Plinius
1256 5334 1349 5385 lib.
1374 5350 1600 5399 xxxviii,
1630 5330 1836 5405 cap.‘5:

276 5395 320 5447 Η
330 5397 472 5449 crbas
489 5399 700 5475 virentes
723 5399 1025 5475 frondesque
1040 5402 1183 5475 avide
1203 5412 1481 5475 spectamus
1501 5422 1518 5457 :
1545 5395 1841 5475 smaragdos

273 5480 382 5517 rem
414 5479 556 5518 tanta
606 5469 859 5528 libentius,
911 5472 1149 5536 quoniam
1197 5473 1325 5523 nihil
1381 5477 1584 5528 omnino
1632 5469 1841 5532 uiridius

272 5547 619 5604 comparatum
642 5538 745 5589 illis
777 5554 802 5589 υ
825 5548 917 5589 ret.
947 5539 1306 5593 Tertulliantts
1332 5544 1397 5595 de
1428 5546 1665 5598 .Indicio:
1700 5548 1838 5601 Iler-

273 5606 489 5677 (iamque
540 5612 661 5658 viret
702 5610 1016 5676 prwgrandis
1072 5612 1183 5662 luce
1229 5616 1546 5677 sntaragdus.
1597 5616 1836 5672 Mirtian.

272 5672 609 5753 (Eztpellalb.
658 5672 773 5753 Ide.
809 5672 970 5753 Jove:
1028 5678 1232 5753 Calrcos
1265 5672 1429 5733 autc/ii
1478 5689 1843 5753 smaragdincw

272 5746 429 5810 ﬂuctu
459 5746 731 5798 uiriditatis
754 5747 990 5801 herbosos
1014 5752 1231 5817 vestigiis
1263 5754 1369 5817 ejus
1390 5755 1534 5805 tellus
1558 5746 1802 5813 iuncxuit.

348 5771 429 5795 uu
460 5771 731 5798 mrtuuuzu
754 5771 990 5801 neruosus
1014 5771 1231 5817 vesugtts
1263 5771 1288 5803 ρ
1316 5771 1369 5801 us
1390 5771 1534 5805 tellus
1558 5772 1802 5813 tttttexutl.

347 5824 371 5849 ι
406 5817 496 5868 Dtc
524 5831 593 5868 Ετ
621 5818 836 5885 αΙθιληιίε
860 5818 1024 5887 pelagi
1050 5771 1457 5891 lapillosjifkdit
1480 5824 1713 5891 algrnlis,
1740 5842 1839 5883 e’e.

1629 412 1986 473 CARMINUM
2032 412 2157 467 LIB.
2206 413 2246 466 1.

1892 534 1941 589 Α
2038 530 2168 595 Quae
2195 528 2329 581 viret
2356 526 2409 580 in
2440 528 2609 595 pretio
2638 528 2653 559 ¹
2684 536 2912 596 pastum:
2940 528 3055 581 ficta
3091 528 3424 593 smaragdos,

3442 416 3543 469 ΞΗ

2042 620 2104 671 Ει
2130 619 2258 672 latet
2287 619 2336 671 in
2365 618 2583 671 conchis
2611 618 2797 671 melior
2819 620 3038 673 custode
3061 635 3267 673 vent-no

2034 711 2165 764 Alba
2190 712 2351 774 venit,
2378 710 2587 763 niveum
2618 721 2891 777 sumptura
2919 728 2981 764 ex
3016 727 3238 777 corpore
3270 714 3470 766 lumen.

2036 801 2181 854 Palla
2214 816 2307 868 per
2332 800 2600 853 accinctos
2630 800 2894 854 decrescit
2922 803 3198 869 splendida
3232 805 3469 869 lumbos,

2036 894 2103 947 Et
2128 908 2257 947 zona
2292 902 2502 948 teneras
2537 898 2854 963 compressit
2881 897 3011 953 dura
3045 898 3283 965 papillas.

2031 985 2237 1039 Affatur
2265 994 2465 1047 natum,
2499 986 2688 1050 Quem,
2716 1000 2835 1052 spes
2861 1002 2998 1049 mea,
3031 988 3189 1055 figere
3222 988 3433 1040 lentas?

2033 1074 2201 1141 Quem
2230 1076 2538 1145 sequimur?
2572 1090 2741 1144 quove
2767 1076 2844 1129 ire
2870 1077 3025 1143 jnbes
3046 1080 3067 1128 ?
3099 1086 3217 1144 post
3241 1079 3343 1130 otia
3374 1078 3542 1147 major

2034 1169 2266 1223 Flamma
2300 1168 2701 1222 decetzdiscant
2725 1168 2899 1236 populi
2927 1178 3050 1221 tunc
3072 1183 3315 1223 crescere
3337 1169 3537 1235 divam,

2037 1263 2167 1315 Cum
2197 1261 2431 1329 neglecta
2458 1260 2619 1328 jacet.
2656 1260 2889 1327 Superos
2926 1261 2994 1312 nil
3026 1259 3247 1327 perdere
3277 1274 3469 1312 somno

2040 1351 2335 1405 Ostendant
2360 1351 2587 1419 geminis
2619 1359 2859 1417 reparata
2890 1350 3132 1403 incendia
3170 1349 3334 1401 curis.

2031 1441 2286 1493 Maximus
2306 1454 2451 1501 ecce,
2486 1439 2651 1500 vides,
2679 1443 2885 1507 gener's
2912 1455 3031 1506 spes
3059 1440 3210 1492 unica
3236 1440 3459 1504 summi,

2031 1531 2280 1584 Dulcibus
2311 1530 2483 1583 illudit
2511 1544 2605 1597 per
2637 1530 2791 1597 longa
2822 1530 3013 1581 ObllVit
3049 1531 3218 1582 ltl‘diS.

2028 1623 2277 1677 Sectatur
2298 1630 2548 1685 matrem,
2584 1636 2702 1688 quae
2729 1622 2865 1674 cmlo
2900 1620 3080 1688 purior
3104 1622 3219 1687 ipso
3250 1633 3333 1674 eSt

2031 1712 2273 1776 Femina,
2306 1727 2463 1780 quam
2496 1712 2692 1764 scimus
2720 1711 2995 1764 mulierem
3024 1711 3235 1763 vincere
3268 1719 3462 1764 mente.

2032 1805 2126 1859 llic
2156 1805 2358 1857 domuit
2385 1818 2604 1872 puerum
2624 1842 2637 1867 ,
2668 1816 2842 1856 mores
2872 1802 3091 1855 sortitur
3116 1818 3363 1867 avorum,

2029 1894 2177 1959 Quod
2212 1892 2370 1960 pudet
2404 1892 2504 1945 heu
2526 1932 2541 1957 ,
2576 1892 2731 1953 longo
2763 1890 2914 1944 nobis
2941 1892 3174 1945 nescitus
3204 1894 3254 1943 in
3289 1906 3401 1944 aevo
3430 1899 3531 1945 est.

2027 1984 2194 2052 Hujus
2221 1983 2288 2036 ad
2318 1985 2590 2039 abstrusas
2614 1984 2787 2037 veniat
2810 1997 2925 2035 mea
2949 1983 3195 2050 lampada
3226 1982 3417 2037 fibras:

2026 2073 2287 2140 Snspiret,
2315 2071 2514 2135 cupiat,
2543 2072 2825 2133 discurrat,
2858 2071 3077 2135 ferveat,
3110 2081 3248 2127 oret.

2098 2161 2221 2213 Hmc
2243 2161 2315 2212 ait
2346 2176 2358 2212 :
2389 2167 2443 2213 et
2464 2160 2703 2213 sobolem
2727 2160 2835 2213 fotu
2860 2162 3140 2228 complexa
3168 2162 3422 2231 benigno,

2025 2250 2198 2305 Mollia
2232 2250 2446 2304 mellitis
2467 2251 2691 2304 arctavit
2712 2252 2775 2303 ad
2803 2252 2979 2304 oscula
3010 2251 3191 2306 labris.

2029 2344 2120 2396 llle
2151 2342 2293 2394 volat
2323 2342 2479 2395 celeri
2513 2352 2726 2395 tranans
2761 2358 2854 2410 per
2884 2342 3059 2395 nubila
3090 2352 3277 2409 vento,

2025 2432 2213 2486 Omnia
2245 2430 2447 2483 lascivo
2477 2432 2686 2485 Socians
2716 2432 2977 2485 elementa
3012 2434 3211 2487 furore.

2027 2522 2091 2576 Ut
2115 2523 2279 2585 stetit,
2310 2530 2364 2575 et
2394 2521 2639 2589 juvenem
2672 2522 2855 2575 forma:
2888 2524 3165 2591 conspexit
3194 2525 3245 2577 in
3277 2534 3423 2579 ostro
3443 2565 3458 2590 ,

2024 2614 2173 2665 Tune
2207 2612 2475 2665 Diontcutn
2506 2612 2823 2666 tumefactus
2862 2614 3130 2681 despicis?
3161 2615 3348 2683 inquit.

2030 2702 2140 2755 lluc
2171 2703 2429 2756 Venerem
2456 2704 2662 2758 culture
2693 2706 2812 2757 veni
2845 2722 2856 2758 :
2889 2706 2975 2772 qui
3003 2706 3200 2759 tardius
3229 2707 3379 2768 arsit,

2027 2791 2082 2844 ln
2115 2793 2337 2846 multum
2368 2793 2507 2847 calet
2529 2793 2616 2847 ille
2644 2808 2822 2861 rogus,
2854 2795 3163 2863 celeresque
3187 2796 3391 2850 favillas

2030 2884 2291 2937 Restituet
2319 2898 2646 2953 qumcnnquc
2676 2900 2819 2954 pyra:
2849 2886 3160 2941 subducitur
3182 2889 3359 2940 arbor.

2028 2966 2360 3034 Deprompsit
2380 2968 2631 3033 jaculutn,
2663 2984 2767 3036 quo
2796 2971 2948 3024 divos
2978 2971 3163 3024 ﬁxerat
3191 2986 3397 3025 omnes.

2027 3057 2158 3110 Tum
2189 3059 2408 3125 pulcher
2431 3066 2649 3111 terctvm
2674 3058 2927 3112 ﬂexuram
2954 3061 3176 3127 perculit
3194 3078 3347 3116 arcus
3373 3080 3385 3115 :

2036 3148 2252 3217 Singula
2284 3148 2498 3201 diverso
2523 3157 2796 3201 traxerunt
2825 3149 3038 3203 brachia
3067 3151 3221 3205 calle.

2027 3237 2306 3305 Pennigeri
2332 3237 2509 3290 Vultus
2534 3246 2818 3304 praesentet
2849 3238 3065 3293 dextera
3093 3239 3280 3295 fatum.

2028 3328 2253 3395 Moxque
2278 3326 2422 3391 ferit,
2450 3326 2571 3379 lmto
2597 3327 2788 3379 factum
2813 3328 3050 3384 clamore
3078 3332 3331 3384 salutans.

2027 3417 2117 3469 Ile
2144 3430 2241 3484 ego
2260 3456 2273 3478 ,
2305 3416 2392 3484 qui
2427 3416 2625 3483 trepida
2650 3432 2863 3483 semper
2892 3430 3230 3489 contemptus
3251 3423 3450 3476 adlucsi

2030 3504 2331 3559 Visceribus
2365 3504 2578 3573 fugitive
2602 3507 2724 3569 tuis,
2759 3506 2856 3559 hac
2886 3508 3095 3561 victima
3124 3513 3276 3565 matri

2028 3597 2280 3659 Litamus,
2318 3596 2496 3649 multis
2531 3610 2688 3662 quam
2722 3606 2777 3649 tu
2801 3613 2903 3651 non
2935 3602 3159 3667 suspicis
3180 3604 3355 3657 annis.

2028 3687 2161 3740 Ecce
2190 3688 2379 3739 iterum
2411 3700 2602 3754 magno
2633 3688 2856 3741 rimatus
2879 3690 3134 3758 sanguine
3158 3702 3356 3747 cretam

2026 3778 2069 3841 Q
2096 3792 2194 3827 :am
2227 3776 2471 3829 thalamis
2495 3776 2701 3844 jungat,
2746 3780 2916 3832 cernit
2944 3781 3170 3835 sublime
3202 3785 3391 3851 puella:

2026 3870 2062 3922 S
2086 3868 2203 3930 dus,
2236 3876 2287 3920 et
2314 3870 2572 3919 attonitus
2603 3870 2665 3919 ad
2700 3880 2921 3922 matrem
2953 3870 3145 3925 lumina
3180 3873 3350 3940 flexit,

2025 3958 2345 4014 Gcrmauam
2379 3959 2605 4013 credens
2643 3960 2909 4013 collaudat
2932 3964 3103 4016 nobile
3135 3964 3352 4018 furtum.

2029 4052 2132 4107 Sed
2162 4060 2397 4105 teneram
2432 4052 2631 4107 leviore
2659 4051 2779 4106 ferit
2812 4070 2943 4122 puer
2969 4054 3056 4109 ille
3083 4058 3292 4125 sagitta,

2027 4137 2188 4204 lnque
2212 4137 2383 4190 virum
2414 4146 2552 4190 totos
2583 4138 2839 4191 contorsit
2864 4140 3050 4193 for:ior
3084 4141 3237 4194 ictus.

2024 4226 2155 4280 Post
2182 4226 2296 4280 haec
2325 4226 2629 4295 digrediens
2650 4229 2942 4294 permulcet
2969 4239 3185 4295 pectora
3208 4230 3385 4284 dictis.

2022 4319 2211 4372 Nostra
2245 4329 2361 4371 tuas
2381 4358 2394 4383 ,
2421 4319 2652 4387 juvenis,
2679 4321 2981 4373 conlortcnt
3011 4321 3224 4375 vulnera
3256 4324 3412 4377 vires.

2023 4411 2153 4465 Nam
2177 4412 2477 4479 quicunque
2495 4424 2612 4461 mea
2634 4420 2711 4462 cst
2734 4425 3017 4477 percussus
3046 4412 3285 4478 cuspide,
3312 4424 3525 4466 crescit.

2028 4502 2150 4556 "(BC
2179 4501 2376 4554 faciunt
2402 4500 2615 4561 multos,
2642 4498 2685 4551 si
2708 4499 2901 4563 credis,
2938 4500 3071 4553 bella
3106 4510 3346 4567 nepotes.

1883 4590 1928 4648 Ι)
2028 4593 2112 4649 Sis
2136 4591 2285 4654 felix,
2314 4604 2631 4659 semperque
2661 4590 2797 4643 feras
2826 4605 2939 4642 mea
2972 4590 3195 4642 vnlnt-ra
3226 4600 3419 4642 tecum.

2233 4702 2384 4754 Nunc
2412 4715 2494 4753 me
2522 4700 2698 4753 Pierio
2723 4700 2901 4753 favore
2930 4700 3101 4769 jttttttn

2232 4793 2284 4844 In
2314 4790 2454 4855 lmta,
2486 4805 2755 4857 proceres,
2787 4792 2957 4845 locate
2991 4792 3188 4845 fronte.

2235 4882 2545 4935 Sustentent
2576 4882 2827 4949 gracilem
2862 4896 2955 4949 per
2982 4898 3140 4937 omne
3170 4869 3418 4943 carmen.

1944 4995 2191 5048 Totidem
2226 4994 2409 5045 littera:
2434 5001 2555 5045 sunt
2588 4992 2923 5059 trausposita:
2951 4994 3143 5045 solum.
3176 4996 3276 5047 Sed
3330 4998 3527 5048 iet-.zius

1946 5066 2189 5127 fttl'lﬂSte,
2223 5062 2312 5117 Sic
2342 5072 2385 5115 et
2412 5062 2647 5133 algentis,
2691 5074 2793 5116 etc.
2848 5064 3055 5116 BAltTtl.
3089 5065 3357 5118 Atlvcrsar.
3405 5084 3503 5135 pag

2017 5204 2044 5242 δ
2072 5202 2283 5257 Carcere
2312 5202 2512 5273 irrupto
2567 5199 2747 5269 nituit]
2791 5202 2842 5253 In
2886 5204 3153 5257 veteribus
3206 5207 3416 5273 scriptis
3473 5215 3525 5258 rt

1951 5275 2108 5329 editis
2168 5288 2366 5324 carcere
2410 5272 2637 5329 inrupta.
2701 5273 2941 5336 Uptitne:
3016 5290 3119 5326 non
3189 5272 3328 5327 etiint
3388 5278 3525 5341 rupit

1949 5356 2155 5411 tegmen
2180 5342 2318 5410 quod
2339 5341 2639 5411 cohibebat,
2672 5349 2775 5392 etc.
2803 5342 2899 5405 lo.,
2933 5342 3061 5396 ibid.

2028 5424 2049 5450 ο
2087 5412 2350 5479 Sanguine
2398 5412 2449 5461 in
2497 5410 2638 5461 nullo
2668 5411 2952 5478 madefacta
3009 5413 3153 5464 [irtus
3202 5412 3413 5478 Spicula
3441 5430 3523 5479 ge-

1949 5481 2126 5552 stans]
2169 5482 2381 5552 blinime
2404 5481 2550 5552 latus
2574 5480 3003 5552 videtnrllupido
3038 5485 3281 5552 adesse;
3309 5483 3356 5532 id
3385 5498 3448 5549 qn
3489 5484 3519 5534 tl

1948 5549 2297 5620 arguitetiam
2332 5550 2581 5601 allocutio
2616 5549 2855 5602 Veneris.
2894 5550 3193 5617 Legendnm
3220 5551 3375 5617 igitur
3408 5554 3516 5603 len-

1948 5632 2065 5674 tus:
2098 5632 2175 5683 ut,
2203 5620 2529 5681 velnttristi,
2563 5620 2761 5670 lentum
2791 5622 3008 5687 gradum
3042 5622 3290 5672 ascribat.
3323 5620 3374 5672 In
3398 5623 3513 5673 eili-

1954 5692 2183 5743 tionibus
2217 5690 2403 5755 priscis
2434 5703 2532 5739 vox
2566 5689 2657 5740 illa
2691 5689 2843 5754 plane
2877 5690 3071 5739 omissa
3116 5699 3215 5751 est,
3250 5702 3299 5741 et
3336 5706 3518 5744 ver-us

1951 5763 2166 5813 ultimus
2190 5763 2332 5831 velut
2380 5760 2431 5810 in
2480 5758 2841 5831 liesattictrttni
2873 5762 3126 5831 formatus
3153 5777 3163 5810 :
3197 5761 3338 5828 quod
3365 5773 3522 5831 anget

1953 5832 2104 5886 nobis
2134 5831 2197 5884 tle
2233 5829 2358 5882 vitio
2388 5829 2761 5893 snspicioncnt.
2800 5828 2892 5892 lo.,
2930 5829 3056 5882 ibid.
