4192 6260
587 354 688 408 315

864 467 962 533 Qui
993 470 1204 524 doctum
1237 469 1432 522 faciunt
1459 466 1801 532 benignitate.

869 562 1019 626 Quod
1053 576 1193 614 nunc
1218 561 1485 628 ingenium
1519 569 1770 626 premunt
1793 557 2018 626 pruintc.

867 649 1140 703 Distendat
1169 649 1417 704 refovens
1438 649 1634 703 decore
1654 663 1896 704 vernum.

1345 740 1408 795 γ.

1143 845 1484 884 ITINERABIUII
1517 845 1657 884 PADI.

661 917 862 986 Ingenii
892 917 1087 983 cultor,
1122 921 1240 975 fons
1270 923 1397 986 oris,
1421 923 1573 988 copia
1596 922 1812 988 lingum,

591 1010 791 1064 llumor
819 1008 1082 1064 Castalius
1113 1012 1304 1074 veniat.
1334 1029 1438 1080 quo
1465 1013 1724 1067 Thracius
1744 1010 1990 1080 Orpheus

591 1100 850 1168 Naufraga
891 1101 1083 1155 diffuso
1112 1104 1400 1157 succendat
1435 1114 1647 1170 pectora
1674 1102 1838 1157 ﬂuxu.

591 1193 764 1257 Adsit,
783 1202 838 1248 et
862 1194 1061 1248 arentis
1083 1195 1363 1264 conjungat
1409 1195 1587 1248 cordis
1619 1194 1816 1248 hiatus.

593 1284 808 1339 Eridani
838 1285 1074 1338 dicturus
1103 1301 1294 1354 aquas,
1326 1285 1426 1339 nisi
1462 1284 1678 1339 flumine
1711 1286 1858 1353 largo

593 1374 740 1429 Sicca
773 1375 1020 1444 Pegaszeo
1051 1375 1359 1442 perfundant
1387 1374 1622 1430 membra
1656 1374 1884 1443 liquere.

594 1465 814 1518 Torrida
839 1465 1022 1533 jejuno
1047 1465 1133 1520 vix
1165 1465 1366 1518 stillant
1408 1467 1571 1520 verba
1599 1465 1788 1520 relatu.

598 1552 868 1608 Undarum
897 1555 1140 1611 cumulos
1166 1565 1222 1610 ut
1245 1571 1475 1619 narrem,
1509 1572 1734 1626 suggere
1761 1556 1999 1628 lympha.

598 1648 766 1714 Quam
820 1647 958 1702 bene
1005 1648 1190 1716 pandit
1230 1663 1436 1719 aquas,
1493 1649 1579 1704 cui
1609 1650 1836 1704 blandus
1879 1658 2174 1702 murmurat

1871 1742 1888 1814 [ἡ
1902 1745 2072 1794 amnis
2085 1743 2106 1793 ’ἲ

671 1833 808 1886 Auni
835 1839 1042 1900 tempus
1070 1840 1204 1896 erat,
1236 1847 1343 1901 quo
1371 1842 1556 1887 vernat
1587 1833 1801 1887 mitibus
1829 1834 1946 1887 uvis

600 1924 834 1990 Palmes,
862 1937 909 1978 et
942 1924 1182 1977 autumni
1207 1924 1455 1992 proponit
1483 1924 1634 1979 dotes
1657 1925 1708 1977 itt
1740 1924 1889 1978 orbe.

602 2013 865 2068 Imbribus
897 2017 1135 2068 externis
1175 2013 1382 2068 madida
1414 2028 1533 2068 eum
1560 2024 1712 2068 veste
1738 2014 1927 2085 Lyaaus

603 2105 862 2160 Distendit
892 2107 1097 2160 tunicas
1126 2120 1346 2159 uvarum
1376 2120 1592 2159 carcere
1618 2107 1796 2159 musti.

602 2195 866 2252 Uberibus
897 2196 1090 2264 pluviis
1123 2197 1142 2226 ³
1177 2203 1444 2260 petrarum
1478 2195 1594 2264 lege
1624 2195 1842 2248 subacta

604 2289 752 2343 Tunc
778 2289 876 2342 s'bi
911 2288 1044 2342 forte
1075 2287 1248 2341 Padus
1276 2287 1514 2354 captivos
1544 2295 1754 2340 texerat
1782 2303 1963 2355 agros,

605 2379 878 2433 Canebmt
908 2382 1110 2446 spumis
1133 2391 1185 2431 et
1208 2378 1413 2444 turgida
1446 2378 1602 2430 dorsa
1629 2378 1832 2430 uziuaci.

608 2470 907 2524 Currebam
928 2481 1132 2524 stantes
1156 2483 1250 2538 per
1275 2468 1467 2523 ﬂuctus
1490 2468 1720 2522 culmina
1746 2468 1902 2522 vill:e.

607 2562 850 2618 Servavit
881 2574 1089 2633 raptum
1114 2563 1332 2632 pelagus
1356 2570 1478 2617 tunc
1511 2561 1691 2616 litt0re
1717 2573 1934 2630 teetum,

610 2656 677 2709 Et
705 2665 915 2708 mutans
946 2662 1066 2709 terr-
1088 2668 1116 2710 s
1146 2656 1341 2709 mansit
1365 2654 1575 2710 fortuna
1603 2668 1868 2707 casarum.

612 2745 930 2813 Respiceres
959 2747 1124 2800 silvas
1154 2747 1437 2800 stationem
1469 2747 1692 2813 perdere
1713 2746 1890 2812 jussas

614 2839 693 2894 Ad
723 2838 960 2895 flammas
993 2855 1278 2908 properare
1309 2839 1451 2893 Pado
1479 2837 1707 2894 ducente
1735 2853 1975 2893 voraces.

613 2927 762 2985 Tunc
783 2946 882 3001 ego
910 2931 1130 2986 ferventi
1161 2946 1430 3000 germana:
1462 2939 1660 2984 tractus
1687 2944 1892 2998 amore,

614 3021 712 3076 Cui
741 3032 922 3075 natum
953 3023 1131 3075 Parcae
1160 3021 1463 3075 demessum
1496 3021 1688 3088 pollice
1717 3019 1836 3073 diro

615 3113 972 3178 Sustulerant,
997 3111 1319 3175 viduamque
1348 3111 1566 3166 domum
1596 3119 1874 3165 constante
1897 3112 2085 3164 marita

614 3204 951 3268 Reddebant,
984 3204 1004 3235 ³
1036 3205 1179 3258 urbis
1209 3203 1414 3271 peperit
1433 3219 1552 3274 qum
1582 3219 1795 3272 semper
1824 3205 2048 3258 Averni.

617 3295 769 3352 lianc
800 3303 856 3347 ιιι
877 3296 1079 3348 solarer
1111 3295 1194 3347 vel
1226 3297 1384 3348 vitam
1418 3296 1642 3362 prodere
1669 3296 1795 3362 legi.

618 3385 889 3450 Regnator
915 3382 1166 3450 Ligurum
1200 3384 1478 3437 ﬂuviorum
1510 3384 1770 3437 maximus
1800 3383 1888 3437 ille

621 3475 733 3529 Sub
753 3474 879 3544 juga
911 3476 1254 3528 transmissus
1294 3475 1496 3544 gemuit
1519 3475 1618 3529 sub
1643 3475 1875 3544 pondere
1896 3479 2122 3545 cymha'.

620 3567 892 3630 Intumuit,
922 3581 1212 3635 rursusque
1235 3568 1404 3620 minas
1429 3567 1690 3634 flatusque
1720 3567 1946 3633 remisit,

621 3658 829 3726 Quique
863 3658 1011 3726 polos
1040 3658 1188 3723 vicit,
1222 3657 1318 3710 soli
1349 3656 1474 3708 mihi
1505 3658 1699 3710 cedere
1722 3656 1924 3724 jussus.

618 3747 710 3802 Sic
741 3748 910 3816 pietas
936 3750 1194 3802 elementa
1227 3748 1426 3813 domat,
1457 3747 1536 3801 sic
1557 3757 1744 3802 cuncta
1777 3758 1986 3801 coercet

621 3840 783 3905 Cujus
808 3850 958 3910 grata
991 3841 1096 3894 Deo
1127 3840 1296 3894 tenuit
1327 3840 1598 3892 miseratio
1624 3848 1878 3892 mentem.

622 3930 759 3983 Ecce
789 3931 976 3984 iterum
1009 3931 1230 3984 madidis
1260 3938 1536 3984 contectus
1567 3929 1792 3982 nubibus
1823 3931 1989 3981 :rther

621 4017 1014 4098 llat‘tsit'aquas,
1037 4017 1230 4085 quibus
1246 4032 1404 4071 omne
1431 4032 1592 4071 ruens
1609 4019 1968 4085 submergeret
1989 4032 2195 4071 arvum.

622 4109 739 4164 Non
766 4109 889 4163 οωιί
922 4109 1108 4163 faciem
1137 4109 1413 4177 cotispesit
1442 4109 1692 4177 naufraga
1725 4111 1903 4178 tellus,

624 4201 694 4256 Et
715 4200 889 4255 stellis
919 4200 1090 4255 viduzt-
1122 4203 1422 4257 micuerunt
1449 4202 1563 4255 dira
1596 4204 1852 4257 tenebrae.

624 4293 838 4348 Erravit
863 4294 1024 4363 piscis
1055 4296 1145 4348 sed
1175 4311 1278 4349 non
1310 4297 1550 4364 captivus
1574 4297 1627 4349 in
1657 4296 1819 4363 mdes,

624 4388 691 4442 Et
718 4389 943 4458 p0pulus
972 4387 1117 4441 fluvii
1150 4405 1243 4455 per
1263 4403 1475 4442 mensas
1505 4388 1724 4442 lambuit
1753 4404 1953 4442 escam.

625 4477 878 4533 Evomuit
901 4479 1119 4549 pelagus
1150 4479 1422 4532 hominum
1449 4479 1719 4546 penetrale
1751 4477 2092 4545 profundum,

624 4567 849 4626 llumiila
887 4571 1192 4639 pulveribus
1222 4569 1526 4622 clauserunt
1557 4583 1769 4635 :equora
1792 4583 2032 4636 campos.

625 4661 946 4720 Perfunctus
976 4662 1162 4731 primis
1185 4659 1412 4713 recidiva
1441 4659 1670 4726 pericula
1701 4657 1832 4711 vidi.

625 4749 714 4809 Ille
745 4754 1098 4822 triumphator
1130 4752 1229 4804 tiro
1259 4749 1326 4804 ad
1355 4748 1647 4803 certamina
1673 4747 1829 4801 Nerei

626 4842 838 4912 Frigida
867 4861 963 4913 per
993 4843 1217 4913 liquidas
1238 4843 1510 4913 gestabam
1540 4849 1756 4909 pectora
1792 4838 2054 4909 lymphas,

701 4995 716 5025 ‘
751 4993 1080 5048 ltiuerarium
1131 4996 1302 5067 Padi]
1357 4998 1480 5050 Padi
1516 5012 1710 5050 nomen
1762 4993 2056 5067 argumenti
2087 5007 2203 5047 vtce

629 5066 892 5132 adjectum
952 5077 1053 5118 est.
1113 5064 1511 5133 Navigationem
1559 5067 1702 5121 enim
1753 5064 2042 5124 describit,
2103 5078 2204 5125 qua

631 5143 890 5190 :rsmante
931 5134 1072 5188 Pado
1091 5135 1320 5197 iactatus
1341 5147 1442 5197 est.
1474 5151 1594 5191 cum
1618 5149 1858 5189 sororem
1877 5149 2026 5187 suam
2049 5133 2206 5187 unico

634 5206 741 5259 lilio
769 5219 933 5271 nuper
963 5205 1203 5258 orbatam
1236 5206 1394 5258 officii
1419 5221 1576 5260 causa
1610 5206 1880 5261 inviseret.

705 5276 724 5306 ⁸
761 5274 1021 5327 Petrarum
1051 5275 1156 5342 lege
1185 5275 1422 5346 subacta]
1449 5275 1634 5342 Ruptis
1656 5275 1952 5343 aggeribus.
1984 5271 2201 5346 Variam

636 5347 881 5400 Codices:
902 5359 1038 5398 unus
1067 5360 1335 5410 parcarum
1357 5341 1501 5414 legit,
1527 5341 1661 5399 alter
1689 5341 1958 5412 parumper
1977 5357 1995 5394 :
2014 5341 2202 5414 tertius

637 5433 838 5486 parum.
867 5414 970 5470 Sed
1002 5415 1130 5468 nihil
1161 5411 1469 5486 mutandum
1498 5411 1712 5486 censeo,
1744 5415 1905 5486 autsi
1937 5411 2060 5480 quid
2090 5426 2204 5463 mu-

641 5483 879 5553 tandum,
911 5487 1138 5551 riparum
1178 5501 1243 5538 ex
1281 5485 1443 5548 tertii,
1495 5485 1595 5537 hac
1635 5495 1716 5538 est
1743 5483 1980 5536 Vaticani
2010 5496 2198 5553 exem-

643 5557 803 5623 plaris
828 5552 1057 5617 vestigiis
1089 5555 1404 5624 legendutn:
1440 5563 1493 5624 tit
1523 5555 1691 5621 epigr.
1747 5553 1865 5606 155.
1901 5553 2010 5606 lloc
2065 5552 2205 5606 enim

643 5627 756 5677 vult
783 5627 919 5694 quod
950 5623 1195 5696 Virgilius
1231 5626 1323 5680 lib.
1358 5639 1393 5678 ll
1426 5623 1717 5678 IEneidos:

793 5717 895 5781 ijon
915 5721 982 5766 sie.
1003 5721 1265 5781 aggeribus
1294 5718 1448 5781 ruptis
1470 5728 1577 5764 cum
1597 5727 1825 5781 spumeus
1846 5716 1999 5762 amnis

794 5778 943 5838 Exiit,
971 5775 1310 5843 oppositasque
1332 5775 1470 5830 e'virit
1498 5775 1694 5838 gurgite
1717 5775 1888 5824 moles.

1709 348 1977 403 ENNODII
2021 345 2316 401 EPPSCOPI
2356 345 2726 400 TlCINENSIS

3730 345 3830 399 336

2192 466 2236 519 Α
2267 460 2375 514 Nec
2404 461 2480 514 sic
2515 462 2558 513 is
2588 460 2755 513 oculis
2788 459 2991 526 respexi
3018 458 3295 511 marino-is
3321 457 3334 510 i
3367 473 3445 510 as.

2266 557 2395 606 Cum
2427 554 2603 607 subito
2633 555 2943 620 absorptum
2974 551 3104 603 νιιΙὶι
3135 560 3289 603 Vetus
3311 550 3490 603 accola
3524 560 3762 617 pontum,

2269 645 2399 700 Risit
2424 657 2474 700 et
2505 646 2697 711 objecti
2729 645 2979 698 restantia
3011 643 3160 712 signa
3193 644 3424 709 pavoris.

2269 739 2404 792 Ditia
2439 737 2704 803 permixto
2733 736 3001 806 fulgebant
3025 751 3148 789 arva
3172 734 3387 790 metallo
3411 751 3423 786 :

2273 829 2533 884 Eridanus
2563 829 2722 883 claris
2747 828 2980 882 radiabat
3013 836 3255 896 comptus
3283 827 3483 881 arenis.
3537 860 3540 861 ν

2269 921 2454 977 Navita
2485 937 2570 976 me
2599 923 2750 977 laetus
2777 921 3012 986 suscepit
3044 923 3282 988 protinus
3311 921 3455 986 alno,

2272 1014 2489 1069 Sareina
2521 1015 2603 1068 cui
2635 1013 2765 1068 felix
2794 1014 2992 1068 dudum
3021 1024 3355 1068 concesserat
3381 1028 3559 1068 omen.

2275 1106 2518 1161 Indoctus
2549 1108 2760 1162 clavum
2785 1107 2920 1160 rexit
2949 1108 3013 1160 de
3045 1107 3276 1170 pondere
3302 1116 3464 1160 tutus.

2273 1200 2336 1252 Et
2359 1215 2444 1255 me
2473 1200 2698 1268 festivis,
2731 1200 2944 1256 Christo
2969 1200 3123 1262 duce,
3159 1201 3384 1268 pertulit
3406 1208 3534 1254 arts.

3019 1291 3103 1344 Vl.

2406 1381 2427 1411 ⁸
2451 1395 2625 1435 ωετιο
2658 1396 2863 1435 esset:
2895 1397 3096 1436 IIACONI
3127 1398 3333 1444 ot'asoo
3356 1398 3490 1437 nom
3522 1400 3720 1438 ιιευιιτ.

2347 1470 2528 1524 Amica
2553 1482 2631 1523 est
2653 1468 2850 1523 homini
2873 1471 2936 1523 ad
2961 1470 3191 1534 genitale
3211 1471 3381 1524 solum
3401 1473 3687 1526 revertenti
3712 1489 3847 1526 sem-

2275 1576 2372 1629 per
2400 1560 2671 1626 hilaritas,
2696 1560 2817 1612 dum
2850 1568 3022 1614 metus
3047 1577 3389 1630 quoscunque
3409 1563 3458 1616 ei
3492 1563 3847 1630 peregrinanti

2276 1664 2428 1702 mens
2453 1651 2606 1702 auxia
2633 1651 2856 1718 peperit,
2878 1650 3026 1718 quasi
3052 1650 3344 1718 prchinitos
3370 1661 3423 1705 et
3447 1651 3850 1717 ccelogravante

2278 1740 2564 1808 dispositus
2595 1755 2651 1794 se
2682 1740 2914 1794 evasisse
2943 1741 3183 1794 conﬁdit.
3219 1742 3453 1795 Debetur
3481 1758 3610 1811 ergo
3632 1759 3738 1796 vox
3769 1760 3852 1797 se-

2212 1816 2248 1872 “
2283 1849 2406 1887 rena
2446 1833 2666 1897 lmtitire,
2724 1849 2791 1888 ne
2830 1840 3005 1888 muta'
3035 1835 3223 1904 gaudia
3269 1837 3516 1889 mmroris
3565 1837 3859 1905 imaginem-

2278 1925 2588 1979 Sortiantur.
2622 1925 2717 1979 Cui
2754 1926 2894 1979 enim
2929 1934 3105 1994 pateat
3136 1927 3451 1980 exsultaut‘s
3489 1927 3650 1980 animi
3676 1941 3854 1981 secre-

2281 2025 2414 2078 tum,
2436 2016 2534 2069 nisi
2558 2016 2665 2068 oris
2686 2016 2834 2070 clave
2857 2017 3189 2070 reseratum?
3211 2016 3451 2071 Rcduces
3477 2017 3635 2071 etiam
3657 2033 3854 2086 cycnos

2280 2104 2374 2158 alis
2401 2104 2582 2158 ludere
2613 2105 2930 2159 Mantuanus
2968 2107 3217 2160 asseruit.
3259 2107 3396 2174 Quid
3431 2122 3528 2176 ego
3569 2106 3756 2160 faciam
3801 2109 3853 2160 in

2282 2194 2460 2247 medio
2490 2193 2859 2262 deprehensus
2897 2195 3146 2264 abrupto,
3193 2196 3282 2264 qui
3327 2207 3378 2250 et
3421 2199 3684 2265 regressui
3736 2213 3878 2250 meo'

2283 2282 2454 2336 debeo
2480 2284 2688 2338 dicendi
2732 2285 2912 2349 fidem,
2939 2296 2992 2339 et
3025 2287 3296 2355 proposito
3329 2288 3534 2339 tacendi
3567 2289 3858 2342 necessita-

2287 2374 2430 2427 tem?
2454 2373 2680 2438 Secede,
2708 2390 2911 2444 quzrso,
2945 2377 3009 2429 ad
3043 2387 3249 2445 tempus
3280 2377 3436 2430 officii
3481 2393 3705 2432 censura
3739 2395 3860 2446 gra-

2288 2467 2450 2520 vioris
2487 2507 2502 2532 ,
2542 2484 2810 2536 nunquam
2859 2477 2908 2522 te
2967 2479 3263 2537 opportune
3313 2471 3517 2538 gaudiis
3573 2471 3853 2523 tttiscuisti.

2290 2557 2673 2626 Prophetarum
2707 2558 3049 2628 insignissimi
3094 2559 3192 2612 sub
3221 2560 3388 2627 legem
3421 2575 3670 2612 versuum
3697 2560 3857 2613 verba

2289 2648 2591 2716 redigentes
2621 2649 2860 2702 carmine
2879 2649 3141 2703 desideria
3170 2665 3264 2703 sua
3292 2661 3343 2703 ct
3369 2661 3486 2702 vota
3512 2650 3857 2704 cecinermt:

2290 2737 2470 2791 divino
2491 2747 2700 2806 pectora
2725 2738 2961 2792 dedicata
2985 2739 3247 2806 colloquio
3271 2739 3484 2806 plectris
3504 2740 3860 2794 ecclesiastica

2291 2843 2385 2896 per
2413 2828 2766 2897 populosjura
2788 2829 3097 2883 δῖναι-ειμι.
3127 2829 3232 2885 Cur
3253 2847 3349 2899 ego
3375 2832 3422 2884 in
3447 2832 3651 2885 ordinis
3679 2845 3724 2885 et
3755 2848 3868 2885 me.

2291 2919 2380 2973 riti
2419 2921 2741 2973 constitutus
2793 2921 3012 2974 infantia
3061 2923 3299 2976 aemulari
3349 2939 3677 2977 summorum
3729 2926 3863 2978 facta

2293 3030 2397 3068 non
2456 3013 2698 3068 studeam
2739 3054 2756 3080 ,
2795 3015 3027 3068 maxime
3068 3030 3189 3069 cum
3231 3017 3477 3069 narrandi
3523 3015 3866 3070 simulacrum

2295 3105 2480 3159 altaris
2508 3105 2727 3158 militem
2760 3105 2823 3157 ad
2866 3105 3175 3174 excipienda
3207 3121 3321 3175 qua:
3349 3115 3532 3159 contra
3563 3105 3718 3158 [idem
3745 3121 3894 3159 eve-.

2219 3179 2262 3238 (ἶ
2300 3199 2451 3250 niunt
2510 3196 2576 3248 be
2601 3195 2647 3248 la
2689 3195 3033 3248 corroboret?
3072 3196 3180 3250 Nec
3218 3196 3468 3249 dubitabo
3509 3195 3690 3250 dicere
3728 3195 3867 3263 quod

2299 3287 2550 3356 praasenti
2579 3294 2790 3339 constat
2814 3287 3079 3349 exemplo.
3108 3287 3395 3340 Didicimus
3410 3286 3517 3356 jam
3541 3287 3872 3355 quoturhine

2298 3394 2394 3448 pro
2420 3393 2603 3431 amare
2639 3378 2758 3430 fidei
2792 3377 2939 3429 hasta
2967 3374 3210 3443 jacieuda
3239 3380 3306 3431 sit
3332 3418 3346 3442 ,
3383 3393 3553 3447 neque
3589 3392 3686 3430 nos
3717 3379 3871 3430 virtu-

2299 3474 2366 3525 tis
2397 3470 2567 3536 pretio
2597 3471 2680 3524 vel
2710 3473 2872 3525 titulis
2901 3471 3187 3525 mediocris
3215 3470 3495 3524 conflictus
3523 3471 3766 3524 elevavit.
3793 3467 3873 3521 Di-

2297 3583 2413 3622 cam
2454 3582 2584 3636 ergo
2617 3566 2786 3618 libens
2819 3564 3024 3616 musico
3059 3564 3197 3633 stylo
3218 3562 3406 3632 gaudia
3439 3577 3554 3615 mea
3602 3579 3613 3613 :
3648 3576 3870 3630 quorum

2301 3659 2686 3730 perfectionem
2715 3656 2969 3710 maximis
3004 3656 3258 3722 promitto
3301 3667 3406 3715 me,
3441 3653 3549 3705 Deo
3580 3652 3871 3717 adnitente,

2299 3753 2494 3821 eloquii
2531 3752 2723 3805 litteris
2753 3749 3138 3802 nuntiaturum.
3168 3744 3460 3799 Pulsabnnt
3488 3758 3570 3796 me
3599 3743 3872 3795 oblatran-

2303 3847 2431 3898 tium
2466 3858 2668 3898 venena
2721 3842 3046 3911 linguarum,
3078 3839 3172 3894 sed
3209 3837 3554 3907 professionis
3590 3845 3641 3888 et
3681 3835 3880 3902 ingenii

2301 3936 2572 3990 exercitiis
2613 3932 2913 4003 aggregabo
2943 3929 3195 3998 quidquid
3233 3943 3262 3982 e
3301 3939 3416 3981 utra
3460 3925 3691 3980 accusati
3719 3924 3876 3978 meri-

2304 4039 2413 4082 tum
2437 4027 2751 4081 maledictor
2773 4025 3072 4094 ingesserit.
3094 4023 3232 4078 Usus
3263 4021 3364 4076 iste
3391 4029 3471 4074 est
3503 4018 3639 4072 bene
3663 4019 3878 4071 nitentis

2304 4120 2670 4184 conscientim,
2703 4116 2968 4185 opinionis
2995 4114 3144 4167 lucro
3168 4113 3394 4182 jungere
3429 4125 3639 4164 morsus
3669 4108 3893 4162 aemulo-7

2307 4227 2445 4279 rum,
2479 4221 2529 4263 ct
2566 4208 2717 4262 fama:
2749 4206 3062 4274 compendia
3103 4204 3166 4258 de
3209 4203 3401 4256 invidia
3442 4201 3714 4267 aucupari.
3746 4199 3880 4252 Male

2307 4302 2547 4371 pertinax
2580 4299 2715 4352 dens
2749 4297 2871 4350 livor
2889 4297 2933 4350 is
2967 4294 3285 4361 infringere;
3323 4303 3376 4346 et
3414 4295 3499 4358 qui
3526 4289 3880 4344 oblocutie-nis

2307 4392 2544 4446 fomitem
2572 4389 2637 4444 de
2668 4390 2786 4443 loco
2815 4387 2998 4456 gloriae
3028 4387 3246 4456 quarris,
3269 4385 3595 4439 obmutesce.
3622 4381 3713 4434 Dic
3742 4380 3882 4434 unde

2308 4483 2514 4537 fructus
2563 4482 2775 4536 eveniat
2825 4477 3048 4540 meritis,
3096 4478 3139 4530 si
3167 4475 3437 4545 jactaiztiae
3478 4473 3698 4541 deputas
3739 4468 3880 4540 quod

2305 4573 2487 4628 sudori
2513 4581 2696 4626 nostro
2724 4571 3016 4639 placemus.
3043 4566 3214 4619 Labor
3235 4573 3317 4618 est
3337 4563 3631 4632 disciplina:
3657 4562 3892 4624 amicus,

2308 4678 2361 4721 et
2414 4664 2662 4734 religioni
2694 4661 2922 4731 quadam
2959 4657 3276 4727 cognatione
3315 4655 3569 4708 sociatus.
3603 4651 3755 4704 Velut
3782 4651 3883 4703 uda

2308 4754 2658 4827 prmsegmina
2683 4749 2973 4821 peregrinis
2997 4749 3237 4802 maritata
3263 4745 3532 4799 fomitibus
3553 4743 3885 4797 nobilitatem

2311 4853 2577 4904 fructuum
2635 4846 2799 4900 ramis
2855 4844 3129 4911 tribuant,
3172 4854 3329 4911 quam
3387 4837 3736 4908 parturientia
3793 4834 3895 4888 diu

2384 5003 2404 5034 ⁸
2439 5002 2590 5057 Urbis
2615 4997 2816 5068 Averni]
2853 4997 2922 5050 Ita
2954 4993 3421 5068 omnes,_fortasse
3449 4992 3888 5068 urnis,_ut.t_trnas

2316 5073 2512 5128 Averni
2555 5071 2691 5124 dicat
2739 5059 2900 5122 urnas
2931 5065 3548 5134 sepulcrales,rsororem
3580 5059 3886 5134 significans

2318 5124 2451 5196 alios
2473 5142 2682 5209 quidem
2709 5147 2862 5209 antea
2888 5124 3085 5190 liberos
3105 5133 3406 5209 sustulisse.
3438 5129 3529 5183 sed
3557 5124 3679 5209 vita:
3707 5124 3887 5176 brevis

2305 5201 2501 5267 omnes
2523 5220 2682 5277 atque
2711 5208 2990 5260 immatura
3017 5201 3481 5277 e_t_a_cer_ba_morte
3505 5206 3733 5277 raptos.‘

2379 5261 2668 5332 itnb—t'ett'o'itt
2697 5277 2916 5328 reditum
2945 5289 3008 5327 ea:
3040 5270 3191 5339 Urbe]
3215 5261 3650 5339 Iluicipoematiq,
3685 5270 3740 5316 et
3765 5261 3885 5314 aliis

2308 5351 2577 5404 nonnullis
2623 5344 2963 5415 praefationes
3006 5336 3190 5415 soluta
3221 5338 3464 5415 oratione
3496 5336 3838 5415 przeliguntur
3869 5348 3880 5415 Ξ

2308 5400 2596 5487 ᾇιιᾶέηίἰοιὲι
2623 5400 2906 5487 interdum
2941 5413 3221 5487 longiores
3270 5409 3396 5487 sint,
3429 5400 3549 5487 quia
3589 5400 3764 5455 tamen
3819 5400 3885 5484 ad

2313 5477 2910 5558 poetnatareferuntur,
2941 5483 2991 5558 in
3023 5477 3223 5558 eorum
3253 5477 3683 5558 potius-classe!“
3717 5477 3888 5558 colui:

2313 5542 2529 5613 ciendas
2552 5555 2818 5608 duximus.
2859 5542 3106 5605 Reditum
3144 5542 3317 5601 autem
3345 5562 3409 5602 ex
3445 5546 3586 5602 Urbe
3612 5542 3888 5603 describit,

2315 5626 2526 5696 quando
2579 5633 2698 5692 post
2743 5621 3004 5693 synodum
3044 5618 3332 5690 palmarem
3381 5625 3436 5673 et
3485 5613 3888 5686 Apologeticmn

2319 5712 2586 5765 regressus
2618 5704 2717 5748 est.
