4192 6260
286 417 390 475 ΞΠ

1625 418 1976 475 CAliMlbUM
2015 417 2141 472 LIB.
2184 416 2221 471 l.

3432 417 3533 467 318

288 537 531 588 nescit-re
567 534 854 601 plantaria:
888 534 955 586 ita
1004 535 1218 587 dotatus
1264 532 1573 587 liberalibus
1613 532 1863 586 institutis
1898 536 1947 591 Α
2046 530 2123 584 Ad
2155 539 2375 584 matrem
2402 532 2631 598 junge..s
2659 529 2969 598 virginitatis
2992 543 3147 583 onus.

288 626 431 677 bona
461 635 688 677 mentem
732 640 857 679 cura
903 624 1176 694 gravidam
1206 623 1273 677 ad
1308 639 1455 691 spem
1482 624 1733 692 germinis
1762 637 1865 675 me-

286 715 445 768 lioris
481 715 695 767 attollit.
754 715 1030 768 Pelluntur
1078 715 1256 767 animo
1303 715 1648 767 consiliorum
1695 714 1869 765 toxica

286 803 541 855 humanis
582 812 879 871 prmparata
940 803 1187 867 nccibus,
1230 801 1423 855 humor
1467 802 1611 855 succi
1659 800 1866 854 letltalis

281 892 554 954 aboletur,
585 893 831 961 quotiens
864 893 1161 961 hujnsmodi
1189 892 1626 961 occupationibus
1659 892 1864 960 ingen‘a

281 998 346 1036 se
389 984 727 1036 submittunt.
761 983 892 1037 Hinc
924 986 986 1035 ad
1019 984 1242 1036 clariora
1279 982 1698 1050 digredientibus
1728 979 1862 1032 divi-

282 1087 477 1125 norum
518 1081 798 1141 patescunt
840 1082 1042 1126 secreta
1077 1075 1368 1126 librorum:
1398 1088 1619 1141 quormn
1648 1071 1861 1139 januam

275 1177 445 1215 sensu
477 1164 720 1229 pulsante
738 1161 860 1214 dum
894 1172 1119 1224 reserat,
1155 1163 1360 1231 populis
1388 1178 1443 1215 se
1465 1163 1598 1216 duce
1624 1163 1860 1229 pervium

282 1253 408 1305 facit
442 1255 541 1305 iter
568 1253 869 1320 ignoratum
900 1294 914 1318 ,
947 1255 1069 1305 dum
1118 1256 1420 1307 fastidiosos
1447 1254 1639 1323 eloquii
1685 1254 1860 1320 Splen-

277 1342 433 1405 dore,
470 1357 655 1409 parum
684 1344 869 1396 doctos
895 1342 1147 1395 fabricata
1175 1345 1477 1409 Latinitate,
1507 1354 1579 1406 et,
1612 1343 1857 1409 utaiunt,

279 1433 474 1484 ar:ifici
530 1432 831 1487 rusticitate
876 1434 1134 1502 perducit.
1170 1436 1299 1498 Quis
1351 1435 1504 1486 talem
1538 1433 1723 1485 salutis
1754 1448 1856 1485 non

278 1522 465 1590 diligat
494 1523 747 1589 indicem,
783 1540 885 1576 non
918 1538 1189 1588 seruatur,
1216 1524 1303 1593 qui
1330 1524 1642 1577 necessariis
1659 1524 1854 1585 dulcia,

278 1612 525 1664 dulcibus
562 1628 747 1665 s«rvera
798 1614 1070 1665 miscendo
1113 1627 1293 1666 amare
1332 1613 1454 1665 vitae
1494 1613 1757 1679 dogmata,
1804 1621 1859 1666 et

281 1702 418 1755 velle
448 1704 591 1771 cogit
624 1704 850 1756 invitos?
886 1703 989 1756 Sed
1024 1704 1180 1755 istinc
1208 1704 1337 1755 alias
1365 1704 1521 1770 ccepti
1551 1704 1847 1770 complean-

280 1803 362 1845 tur
393 1794 617 1845 hooesta
652 1804 773 1847 vota
809 1794 1087 1862 prepositi.
1122 1797 1272 1862 Apud
1309 1795 1539 1847 scientes
1566 1809 1741 1846 rerum
1777 1795 1854 1846 lo-

276 1888 488 1954 qu‘mur
530 1904 543 1939 :

274 1978 461 2031 cundaa
489 1979 777 2047 diligentiae
810 1994 903 2047 per
926 1978 1252 2032 elahoiatum
1278 1977 1540 2030 tramitem
1568 1975 1851 2029 luculenta:

277 2072 527 2125 dictionis
556 2071 875 2126 ostendere:
908 2060 1063 2126 hodie
1108 2072 1359 2137 maxime,
1392 2086 1510 2125 cum
1547 2070 1649 2124 ltiti
1683 2072 1852 2139 portio

279 2162 437 2215 limen
469 2164 707 2231 ingressa
734 2162 990 2215 facundi-.c
1012 2161 1101 2215 dat
1132 2160 1339 2230 parenti
1367 2161 1719 2215 exsultatione
1741 2161 1852 2213 elo-

277 2255 545 2321 quenliam
596 2269 752 2322 quam
787 2269 886 2322 neg
925 2263 944 2306 t
982 2255 1248 2321 ingenium
1273 2292 1287 2316 ,
1332 2266 1450 2304 cum
1490 2251 1650 2303 donat
1682 2266 1840 2303 causa

277 2348 415 2416 quod
450 2356 639 2400 natura
675 2361 779 2400 non
825 2348 1087 2415 prastitit.
1130 2346 1297 2399 Macte
1342 2347 1625 2416 insignium
1667 2348 1849 2401 adole-

276 2450 429 2490 scens
459 2440 738 2504 virtutum,
762 2436 846 2503 qui
874 2434 926 2487 in
953 2450 1085 2487 Cano
1111 2434 1239 2487 flore
1270 2450 1545 2502 pomortun
1568 2452 1847 2490 numerum

277 2538 560 2579 monstras.
588 2526 687 2578 Das
720 2526 919 2592 pellere
946 2524 1252 2577 afllictionis
1274 2526 1523 2593 glaciem,
1558 2538 1607 2580 et
1641 2527 1705 2580 ad
1731 2543 1850 2581 ver-

278 2634 398 2670 num
438 2633 523 2671 me
553 2618 802 2670 dictionis
841 2618 1050 2669 invitas.
1086 2617 1215 2670 Nam
1248 2619 1372 2672 dum
1414 2621 1552 2688 quod
1592 2630 1646 2673 tu
1684 2620 1849 2675 debes

277 2706 483 2767 s‘ndiis,
515 2720 616 2773 ego
642 2705 890 2772 impendo
916 2705 1135 2770 helitim,
1174 2718 1299 2772 puto
1328 2709 1485 2760 ambo
1517 2710 1842 2775 proficimus.

278 2796 456 2850 S‘mile
476 2807 559 2849 est
588 2798 755 2861 enim,
784 2794 970 2848 rudem
1004 2795 1307 2860 instituere,
1338 2804 1390 2849 et
1415 2796 1478 2848 ad
1506 2797 1847 2851 declamatio-

278 2888 354 2939 nis
374 2888 622 2940 alicctum
651 2900 900 2940 revocare
924 2886 1032 2954 jam
1058 2886 1317 2940 desidem.

279 3020 394 3073 Post
418 3036 583 3074 Canas
611 3021 841 3084 hiemes,
874 3036 936 3089 ge
961 3021 1028 3073 illi
1064 3030 1184 3089 post
1212 3020 1400 3073 damna
1434 3022 1701 3089 profudi,

345 3111 707 3178 Tranquillum
742 3112 987 3177 quotiens
1018 3112 1188 3163 navita
1223 3112 1387 3177 carpit
1416 3112 1515 3165 iter
1543 3153 1557 3175 ,

276 3198 478 3263 διωτει,
512 3210 563 3251 et
594 3199 740 3251 infidi
772 3200 1017 3266 de~perat
1042 3214 1289 3266 pruSpera
1320 3202 1485 3268 ponti,

340 3298 619 3358 (Quamque
649 3289 789 3342 videt
819 3289 1007 3342 faciem
1038 3306 1140 3341 non
1174 3298 1317 3357 putat
1347 3305 1463 3342 esse
1487 3290 1632 3343 salis.

276 3379 456 3433 Sibilat
486 3397 609 3431 aura
637 3380 790 3442 levis,
825 3379 1025 3433 validas
1059 3382 1211 3433 timet
1235 3381 1323 3433 ille
1354 3381 1614 3448 procellas

344 3468 624 3521 Fluctibus
655 3478 705 3522 et
733 3467 954 3522 blandas
974 3468 1202 3521 :esrimat
1227 3484 1345 3522 esse
1376 3470 1566 3522 minas.

278 3557 456 3611 Lintea
481 3559 525 3610 si
558 3558 798 3624 crispant
824 3556 1053 3626 Zephyri
1086 3557 1369 3626 pendentia
1400 3557 1562 3622 malo,

348 3651 413 3701 Et
441 3650 579 3703 dulci
614 3649 745 3703 ludit
774 3650 991 3718 spiritus
1023 3650 1311 3718 obsequio;

283 3740 560 3794 Confusam
591 3744 764 3795 ventis
796 3750 1037 3793 naturam
1062 3741 1286 3808 perdere
1318 3741 1462 3806 leges

350 3830 515 3893 Jnrat,
549 3838 604 3882 et
635 3832 909 3897 antiquum
944 3830 1112 3881 credit
1141 3828 1329 3882 adesse
1358 3829 1541 3881 chaos.

282 3918 474 3971 Gaudia
502 3921 581 3972 sic
608 3920 801 3972 tollunt
832 3919 1051 3987 placidis
1076 3919 1380 3972 discrimina
1410 3918 1600 3975 rebus:

348 4010 493 4063 an’a
527 4010 660 4063 fides
693 4011 826 4063 la-tis
856 4010 1082 4077 integra,
1118 4024 1213 4061 nec
1234 4008 1430 4061 dubiis.

286 4099 385 4152 Non
416 4102 575 4154 aliter
606 4101 767 4153 variis
795 4100 961 4153 tenuit
986 4113 1117 4168 quos
1146 4099 1309 4151 [lonia
1338 4098 1575 4165 periclis,

345 4192 563 4245 Litteris
591 4193 759 4261 optati
790 4192 1018 4246 reddidit
1047 4192 1108 4244 ad
1142 4193 1425 4258 gremium.

286 4280 617 4338 Permnlcent
643 4284 810 4352 pelagi
841 4299 1033 4336 nomen
1065 4283 1365 4336 venerabile
1388 4290 1569 4344 cantu,

352 4375 597 4427 Anchora
620 4373 758 4443 quod
785 4373 1054 4442 proprium
1082 4371 1503 4426 mordetobunca
1517 4371 1708 4424 Solum.

289 4461 516 4516 Flamina
541 4464 637 4518 sed
670 4462 823 4517 lassis
854 4473 1092 4517 tenerum
1127 4462 1327 4516 factura
1358 4476 1604 4530 soporem

352 4554 673 4608 Perturbant
704 4563 934 4608 mentem
962 4553 1143 4606 militis
1172 4552 1426 4621 arquorei.

290 4644 439 4699 Arma
463 4646 591 4698 ratis
619 4645 832 4712 subigit,
866 4658 1042 4697 remos
1071 4653 1123 4697 et
1144 4643 1303 4696 lintea
1329 4642 1531 4695 vibrat:

350 4740 438 4792 Sic
470 4753 623 4792 mens
655 4737 984 4805 naufragium
1015 4736 1332 4804 suspicionis
1362 4734 1466 4788 bab
1503 4744 1539 4789 t.

290 4830 542 4882 Adveniat
565 4829 723 4882 siccis
755 4828 842 4895 qui
870 4829 1057 4897 pressit
1084 4828 1276 4881 cmrula
1304 4826 1499 4894 plantis
1525 4842 1537 4877 :

351 4919 482 4973 Nam
508 4928 694 4986 portus
724 4918 848 4972 felix
871 4919 959 4972 ille
989 4918 1177 4970 salutis
1208 4917 1327 4969 erit.

289 5008 380 5075 Qui
403 5009 593 5063 latices
616 5009 792 5063 vinxit
816 5008 1038 5061 fundens
1060 5008 1111 5059 in
1145 5010 1332 5074 pocula
1366 5020 1575 5070 Saxum,

351 5103 451 5166 Qui
479 5101 684 5169 lapides
714 5100 894 5167 solvit,
924 5100 1011 5167 qui
1041 5098 1287 5151 solitlavit
1314 5112 1498 5164 aquas.

289 5197 447 5259 Quem
480 5192 709 5262 genitrix
735 5192 865 5243 fudit
894 5189 1062 5242 smclis
1086 5189 1201 5241 sine
1224 5188 1430 5241 semine
1463 5188 1587 5247 feta,

355 5325 589 5377 'Tristia
632 5324 704 5376 nil
752 5324 955 5392 capiunt
996 5332 1198 5391 pectora
1254 5316 1553 5389 versiloqui]
1607 5316 1857 5369 Sidonius

290 5394 476 5464 Latupr
499 5398 589 5447 dio
622 5412 636 5448 :
674 5392 824 5446 Nosti
863 5394 1015 5462 probe
1049 5393 1278 5464 («uitium
1316 5402 1597 5464 poetarum,
1624 5402 1855 5464 ‘qimrum

288 5468 353 5517 sic
374 5459 577 5534 ingenia
608 5459 928 5525 meroribus,
962 5473 1012 5513 ut
1053 5459 1497 5534 pisciculirretibus
1533 5460 1855 5534 amiciuntur.

293 5528 655 5604 Versi'loquum
690 5535 866 5603 itaque
900 5540 1050 5584 vocat
1082 5547 1183 5584 non
1218 5533 1418 5604 vafruni
1452 5541 1541 5583 aut
1579 5528 1855 5580 Versiitdo—

286 5621 467 5674 quum,
498 5602 593 5659 sed
619 5614 827 5674 poetam
858 5604 944 5669 qui
980 5616 1167 5654 versus
1199 5602 1392 5667 pangit.
1481 5669 1492 5674 Α
1582 5668 1592 5674 ἡ
1678 5633 1688 5640 ς

352 5678 372 5705 ¹
394 5663 475 5728 Ad
506 5663 782 5744 Faustum]
808 5663 1099 5745 Occasione
1127 5663 1384 5745 carminis
1410 5668 1683 5745 cujusdam
1712 5663 1851 5745 quod

283 5759 311 5795 τι
342 5746 539 5799 FauSto
568 5738 871 5809 acceperit,
907 5742 1164 5808 poeticam
1194 5743 1317 5809 :ejns
1362 5738 1660 5791 facultatem
1709 5738 1854 5786 miris

286 5815 367 5870 hu
391 5818 523 5872 tibu~
555 5815 790 5871 cxto'llt.
824 5817 934 5877 Quo
958 5813 1053 5866 scil
1077 5821 1153 5866 cet
1189 5808 1409 5862 Ennodii
1442 5809 1707 5879 pricconio
1734 5820 1852 5872 per-

601 1901 688 1939 res
725 1888 933 1941 virtutis
968 1898 1071 1951 est,
1114 1888 1366 1955 gaudium
1398 1886 1672 1938 continere
1701 1902 1716 1948 ;
1766 1900 1850 1938 se-
1883 1880 1927 1938 Β

1973 618 2070 685 Qui
2096 631 2317 672 mortem
2351 619 2575 687 propria?
2605 621 2871 685 superavit
2911 633 3129 673 munere
3161 619 3367 681 mortis,

2041 710 2182 763 Dans
2207 711 2366 763 vitam
2392 710 2609 776 mundo,
2638 710 2821 764 funere
2844 726 3000 778 quem
3030 710 3252 777 peperit.

1970 800 2060 854 Ille
2090 816 2181 868 per
2202 802 2470 855 excelsum
2501 800 2677 853 videat
2699 817 2781 854 me
2809 802 2993 854 dexter
3016 800 3322 869 Olympum.

2038 889 2186 943 Tunc
2215 891 2435 958 patriam
2466 902 2693 956 teneam,
2720 902 2840 944 tunc
2862 891 3105 945 stationis
3136 905 3311 957 opem.

1965 978 2151 1032 Nubila
2182 980 2342 1032 laxati
2373 990 2583 1033 verrant
2617 980 2735 1033 licet
2770 996 2980 1048 aequora
3014 980 3178 1043 venti,

2035 1069 2304 1122 Rimosam
2340 1070 2552 1138 puppim
2585 1071 2654 1122 nil
2697 1071 2934 1123 nocitura
2970 1078 3173 1137 petunt.

1965 1161 2007 1213 D
2032 1160 2143 1214 .lcia
2167 1161 2473 1227 ςοιιιτιοήιὶε
2496 1161 2725 1229 quatiam
2751 1168 2874 1213 tunc
2902 1170 3145 1228 tympana
3176 1159 3422 1225 chordis;

2034 1250 2278 1303 Floribus
2303 1260 2358 1303 et
2382 1252 2590 1317 pingant
2624 1250 2857 1303 carmina
2894 1261 3071 1303 nostra
3103 1250 3273 1303 novis.

1962 1342 2029 1397 Ut
2052 1341 2234 1417 fatear,
2261 1342 2413 1393 dictis
2436 1349 2645 1395 θοηδιιι
2676 1342 2807 1395 bene
2836 1341 3017 1394 dicere
3046 1341 3254 1405 initum;

2032 1434 2047 1463 ¹
2080 1433 2270 1486 TriStia
2304 1433 2373 1484 nil
2408 1432 2621 1500 capiunt
2649 1441 2860 1498 pectora
2891 1431 3199 1498 versiloqni.

1958 1522 2062 1577 Sed
2092 1524 2271 1575 redeat
2299 1538 2540 1586 vernum,
2566 1533 2735 1575 cesset
2757 1522 2864 1591 jam
2890 1524 3077 1576 bt-uma
3112 1522 3314 1575 timoris
3337 1539 3349 1573 :

2026 1611 2277 1677 Stringite
2308 1626 2424 1678 qme
2457 1622 2666 1665 nectant
2700 1612 2921 1665 froodea
2953 1622 3092 1665 serta
3118 1626 3318 1664 comas.

1957 1704 2175 1757 (‘antem
2207 1719 2323 1771 qum
2355 1705 2559 1767 solitus,
2592 1705 2714 1758 dum
2752 1705 2955 1772 plebem
2990 1714 3225 1772 pasceret
3251 1719 3364 1769 ore,

2026 1794 2340 1849 Ambrosius
2373 1804 2517 1848 vates
2548 1797 2783 1849 carmina
2807 1796 3027 1865 pulchra
3055 1797 3215 1864 loqui.

2680 1888 2792 1942 V'Il.

2252 1994 2317 2030 Αυ
2348 1979 2366 2007 ²
2392 1993 2625 2031 rausreu
2662 1995 2725 2031 re
2755 1995 3063 2033 canmmetts
3093 1993 3228 2032 ειυς.

2602 2070 2869 2140 Pra‘fotio.

2026 2159 2135 2213 Nisi
2160 2160 2465 2215 didicissem
2498 2161 2635 2229 quod
2674 2164 2933 2215 serenitas
2968 2162 3305 2215 conscientia:
3334 2174 3523 2216 vestra:

1956 2252 2111 2318 hujus
2138 2252 2263 2305 mali
2308 2251 2541 2306 scabiém
2575 2253 2861 2319 abjurarel,
2896 2255 3121 2307 invisum
3154 2255 3283 2307 milii
3327 2254 3523 2321 eloquii

1956 2342 2085 2396 uber
2116 2352 2432 2397 astruerem.
2468 2344 2717 2397 Facessat
2754 2360 2780 2396 a
2816 2345 2965 2397 bonis
2996 2346 3203 2398 actibus
3239 2359 3323 2397 res
3355 2347 3521 2398 amica

1954 2432 2206 2501 pr-rlidizc.
2242 2434 2322 2486 Me
2345 2434 2520 2489 tar’nen
2554 2437 2784 2488 nocitum
2808 2437 3007 2489 caute'a
3040 2445 3214 2489 vestra
3248 2437 3519 2489 denuntio.

1955 2524 2321 2590 Suspendistis
2348 2524 2605 2578 hactenus
2633 2527 2697 2577 ab
2724 2527 2973 2594 ingenioli
3009 2528 3109 2579 mei
3147 2527 3387 2579 ariditate
3425 2527 3522 2578 im-

1953 2614 2098 2666 brem
2133 2614 2395 2668 fructuum
2441 2616 2775 2668 nutritorem.
2823 2617 2961 2669 Deus
2993 2618 3156 2670 bone!
3184 2633 3337 2685 quant
3369 2632 3521 2682 pere-

1951 2704 2129 2769 grinas
2158 2705 2209 2756 in
2252 2720 2335 2758 me
2371 2713 2425 2757 et
2452 2719 2515 2758 ex
2559 2705 2720 2758 vestri
2755 2707 2861 2758 oris
2902 2706 3103 2759 divitiis
3132 2707 3413 2775 acquisi‘as
3442 2706 3521 2759 di-

1950 2794 2103 2847 cendi
2148 2810 2275 2861 opes
2324 2795 2591 2863 intelligo!
2642 2796 2859 2861 Adjacet
2926 2798 3078 2850 dictis
3140 2797 3516 2864 locupletibus,

1951 2893 2203 2951 quantum
2231 2883 2424 2949 sentio,
2458 2884 2788 2952 rubigiu05m
2823 2885 2995 2951 lingua
3023 2896 3071 2937 et
3104 2900 3259 2937 sensu
3306 2884 3521 2936 hebetes

1952 2972 2154 3039 peritia:
2182 2974 2300 3026 lima
2326 2988 2670 3042 componere.
2698 2974 2791 3027 Est
2821 2974 2968 3027 vobis
2996 2973 3254 3041 quoddam
3278 2988 3395 3024 cum
3430 2974 3521 3024 ho-

1953 3062 2150 3114 minum
2195 3061 2393 3116 factore
2440 3064 2742 3131 collegium.
2788 3064 2876 3117 llle
2920 3063 3067 3115 limit
3111 3079 3171 3115 ex
3211 3063 3398 3124 nihilo,
3428 3076 3521 3113 vos

1954 3155 2211 3223 reparatis
2252 3154 2304 3206 in
2336 3154 2549 3207 melius.
2586 3155 2796 3208 Gratias
2827 3169 2923 3222 ego
2952 3153 3130 3207 refero
3173 3154 3237 3206 de
3275 3161 3522 3218 suscepto

1876 3245 1921 3302 C
1952 3243 2206 3307 carmine,
2245 3256 2365 3297 cum
2397 3243 2463 3296 de
2492 3242 2655 3296 dilato
2696 3258 2948 3296 mmream
2998 3242 3278 3295 beneficio.
3313 3241 3388 3294 Ad
3422 3241 3518 3293 Ca-

1953 3334 2233 3387 moenalem
2258 3335 2412 3402 ignOn
2437 3334 2621 3396 iniam,
2645 3334 2835 3403 quibus
2858 3348 3121 3400 nunquam
3150 3332 3170 3362 ³
3198 3332 3521 3385 Gluvidenus

1951 3425 2124 3486 deest,
2173 3428 2359 3477 versus
2406 3423 2611 3492 adjeci;
2660 3433 2713 3477 et
2761 3425 3030 3491 periturtc,
3075 3431 3128 3475 ut
3182 3423 3376 3475 dictum
3420 3428 3519 3484 est,

1950 3514 2147 3567 charta:
2191 3513 2441 3581 prodigus
2493 3528 2597 3567 nou
2649 3514 2880 3582 peperci.
2926 3512 3108 3580 Legite
3142 3512 3521 3579 jocunditatcm

1953 3613 2155 3656 motura
2188 3614 2454 3671 poemata,
2487 3616 2538 3657 et
2565 3604 2805 3657 familiari
2838 3604 3118 3671 Stupenda,
3154 3612 3206 3654 ut
3235 3603 3402 3667 aiunt,
3432 3599 3524 3653 de-

1950 3710 2072 3747 cora
2100 3695 2455 3759 comprimite.

1954 3827 2215 3880 Fluminis
2247 3828 2296 3880 in
2328 3826 2502 3879 tncdio
2530 3828 2804 3879 succcudis
2834 3828 3059 3889 viscera,
3096 3826 3199 3877 Fau
3238 3836 3307 3885 te,

2023 3917 2184 3986 Cujus
2209 3919 2295 3971 alit
2330 3933 2570 3987 magnam
2594 3918 2845 3970 carminis
2878 3918 3014 3969 unda
3045 3917 3205 3968 sitim.

1952 4009 2080 4075 Quis
2113 4008 2247 4061 ferat
2280 4009 2526 4061 ardorem
2551 4008 2790 4071 laticum,
2826 4006 3166 4075 ﬂammasque
3191 4007 3398 4059 fluentis

2024 4100 2285 4167 Cognatas
2308 4101 2453 4153 sicco
2481 4100 2695 4152 sat-beat
2724 4113 2819 4151 ore
2849 4098 3070 4165 potans?

1956 4190 2009 4242 F-
2033 4199 2123 4243 nte
2157 4189 2514 4258 vaporiferum
2551 4192 2760 4256 pariunt
2787 4188 2871 4240 t'ua
2902 4188 3063 4242 verba
3092 4186 3322 4240 caiorem
3349 4201 3365 4238 :

2024 4281 2233 4334 {Estuat
2260 4282 2399 4334 unde
2418 4281 2586 4349 jecur,
2622 4280 2807 4346 pocula
2843 4279 3190 4347 prospiciunt.

1956 4375 2153 4440 ingenii
2181 4370 2431 4443 qnisqnis’
2453 4372 2677 4425 festinus
2704 4371 2871 4423 tendit
2899 4372 2964 4423 ad
2989 4386 3220 4433 amnem,

2028 4467 2141 4519 Non
2173 4473 2318 4533 putet
2346 4464 2671 4532 ambiguum,
2703 4463 2779 4516 sic
2808 4462 2960 4528 bibit,
2993 4471 3047 4513 ut
3076 4461 3238 4513 sitiat.

1884 4594 1935 4652 Β
1960 4559 2160 4612 Nobilis
2189 4558 2452 4612 occultum
2483 4554 2721 4609 condivit
2751 4554 2963 4624 lympha
2994 4565 3262 4619 saporem,

2032 4650 2317 4717 Computat
2346 4659 2395 4702 et
2420 4650 2694 4709 damnum,
2724 4646 2767 4698 si
2798 4645 2970 4697 minus
3000 4642 3124 4696 inde
3153 4640 3337 4693 feram.

1966 4741 2195 4795 Lubrica
2223 4740 2481 4807 Cecropio
2507 4737 2783 4792 Confidens
2811 4735 2982 4804 lingua
3008 4733 3268 4786 Cothtirno

2036 4835 2111 4887 Μ’
2132 4832 2297 4900 jactet
2328 4832 2530 4897 priscos
2557 4828 2832 4881 nobilitate
2853 4840 3028 4878 senes.

1962 4925 2017 4977 In
2047 4932 2288 4977 veterum
2321 4934 2522 4972 morem
2556 4919 2732 4985 pangit
2766 4929 2897 4969 nova
2929 4914 3163 4969 carmina
3195 4911 3444 4976 Faustus,

2032 5014 2131 5081 Qui
2164 5028 2259 5081 per
2293 5009 2528 5064 membra
2561 5022 2714 5061 suum
2745 5006 2959 5061 desecat
2987 5014 3101 5058 arte
3134 5004 3322 5057 tuelos.

1962 5107 2158 5160 DuClUS
2190 5104 2253 5156 al
2282 5101 2523 5156 incudem
2550 5098 2709 5151 verba
2739 5096 3053 5150 infabricata
3084 5094 3316 5157 referre;

2031 5199 2279 5265 Quosque
2307 5193 2425 5246 l'atit
2456 5206 2663 5255 versus,
2699 5200 2879 5257 terque
2908 5199 3201 5257 quaterque
3232 5186 3440 5255 probat.

1964 5330 2092 5383 moti
2114 5330 2301 5382 Petrus
2325 5326 2577 5387 llriuiuts,
2604 5334 2649 5376 et
2675 5324 2834 5375 Lilius
2855 5321 3097 5376 Givaldus
3120 5321 3369 5373 Faustum
3395 5319 3533 5371 hunc

1962 5400 2103 5453 inter
2135 5400 2368 5450 illustres
2401 5396 2558 5463 hujus
2607 5395 2787 5447 smculi
2827 5407 3008 5460 poetas
3036 5394 3382 5463 collocarunt.
3434 5387 3535 5440 Ne-

1964 5486 2066 5537 que
2106 5472 2246 5522 enim
2281 5469 2405 5525 ulla,
2438 5460 2800 5538 opinor,»eius
2838 5464 3085 5538 c.rmitM_
3111 5460 3372 5538 viderant,
3413 5472 3531 5538 Quae

1965 5528 2104 5592 nulla
2144 5547 2357 5591 exstant
2403 5528 2600 5604 printer
2636 5536 2666 5586 d
2694 5528 2918 5587 siicbnm
2936 5530 3086 5604 quod
3116 5528 3389 5604 Altlunodius
3419 5528 3540 5590 epi-

1966 5609 2274 5677 grammatis
2300 5601 2416 5658 s-zis
2440 5607 2662 5657 inseruit
2684 5607 2747 5657 de
2780 5618 2913 5677 Vino
2934 5601 3225 5677 Ligustivo:

2089 5678 2139 5725 ltt
2164 5675 2251 5734 Lig‘
2273 5688 2392 5722 .rum
2427 5676 2571 5723 terris
2598 5687 2811 5734 potorem
2837 5674 2915 5734 qui
2938 5675 3093 5734 mra},
3121 5674 3265 5712 errat.

2209 5723 2431 5797 Nunquid
2457 5738 2559 5781 vina
2585 5723 2703 5781 liibit
2727 5736 2832 5779 vina
2853 5723 3026 5797 bbeus
3048 5723 3311 5787 Ligurum“.b

2038 5800 2056 5830 ³
2088 5794 2421 5859 Glttt'idetrus]
2452 5797 2565 5849 Lib.
2598 5812 2647 5859 v,
2682 5798 2839 5862 epist.
2871 5796 2925 5843 3.
