  <div class='ocr_page' id='page_1' title='image "/cluster/home/n/w/nwhite01/storage/ocr_20150623/63/hvd.32044073498792/166.png"; bbox 0 0 4184 6260; ppageno 0'>
   <div class='ocr_carea' id='block_1_1' title="bbox 336 347 3578 414">
    <p class='ocr_par' dir='ltr' id='par_1_1' title="bbox 336 347 3578 414">
     <span class='ocr_line' id='line_1_1' title="bbox 336 347 3578 414; baseline 0.003 -11"><span class='ocrx_word' id='word_1_1' title='bbox 336 348 437 408; x_wconf 72' lang='grc'><strong>321</strong></span> <span class='ocrx_word' id='word_1_2' title='bbox 1652 347 2003 408; x_wconf 69' lang='grc' dir='ltr'><strong>(ΞΑΙὶΜΙΝυΜ</strong></span> <span class='ocrx_word' id='word_1_3' title='bbox 2048 351 2172 408; x_wconf 85' lang='lat' dir='ltr'><strong>LIB.</strong></span> <span class='ocrx_word' id='word_1_4' title='bbox 2212 354 2251 408; x_wconf 92' lang='grc'><strong>1.</strong></span> <span class='ocrx_word' id='word_1_5' title='bbox 3024 370 3027 373; x_wconf 67' lang='grc'><strong><em>⁷</em></strong></span> <span class='ocrx_word' id='word_1_6' title='bbox 3478 361 3578 414; x_wconf 62' lang='lat'><strong>3‘1?</strong></span> 
     </span>
    </p>
   </div>
   <div class='ocr_carea' id='block_1_2' title="bbox 339 463 3424 537">
    <p class='ocr_par' dir='ltr' id='par_1_2' title="bbox 339 463 3424 537">
     <span class='ocr_line' id='line_1_2' title="bbox 339 463 3424 537; baseline 0 -18"><span class='ocrx_word' id='word_1_7' title='bbox 339 468 577 520; x_wconf 83' lang='lat' dir='ltr'><strong>mulcere</strong></span> <span class='ocrx_word' id='word_1_8' title='bbox 604 463 850 532; x_wconf 86' lang='lat' dir='ltr'><strong>collegio.</strong></span> <span class='ocrx_word' id='word_1_9' title='bbox 875 464 966 519; x_wconf 89' lang='lat' dir='ltr'><strong>Cui</strong></span> <span class='ocrx_word' id='word_1_10' title='bbox 998 463 1116 517; x_wconf 87' lang='lat' dir='ltr'><strong>talia</strong></span> <span class='ocrx_word' id='word_1_11' title='bbox 1139 464 1316 532; x_wconf 84' lang='lat' dir='ltr'><strong>agenti</strong></span> <span class='ocrx_word' id='word_1_12' title='bbox 1341 465 1383 518; x_wconf 85' lang='lat' dir='ltr'><strong>si</strong></span> <span class='ocrx_word' id='word_1_13' title='bbox 1412 466 1528 533; x_wconf 77' lang='lat' dir='ltr'><strong>quis</strong></span> <span class='ocrx_word' id='word_1_14' title='bbox 1553 467 1911 518; x_wconf 86' lang='lat' dir='ltr'><strong>scrmocinan-</strong></span> <span class='ocrx_word' id='word_1_15' title='bbox 1941 468 1987 523; x_wconf 77' lang='grc' dir='ltr'>Α</span> <span class='ocrx_word' id='word_1_16' title='bbox 2017 464 2094 518; x_wconf 87' lang='grc' dir='ltr'><strong>Τυ</strong></span> <span class='ocrx_word' id='word_1_17' title='bbox 2127 463 2381 519; x_wconf 67' lang='grc' dir='ltr'><strong>Ριιωιιυιη</strong></span> <span class='ocrx_word' id='word_1_18' title='bbox 2417 465 2629 519; x_wconf 54' lang='lat' dir='ltr'><strong>reddis:</strong></span> <span class='ocrx_word' id='word_1_19' title='bbox 2665 466 2829 521; x_wconf 86' lang='lat' dir='ltr'><strong>fumat</strong></span> <span class='ocrx_word' id='word_1_20' title='bbox 2853 466 2944 521; x_wconf 88' lang='lat' dir='ltr'><strong>tibi</strong></span> <span class='ocrx_word' id='word_1_21' title='bbox 2970 467 3175 521; x_wconf 85' lang='lat' dir='ltr'><strong>victima</strong></span> <span class='ocrx_word' id='word_1_22' title='bbox 3202 468 3424 537; x_wconf 71' lang='lat' dir='ltr'><strong>pinguis,</strong></span> 
     </span>
    </p>
   </div>
   <div class='ocr_carea' id='block_1_3' title="bbox 343 552 3177 624">
    <p class='ocr_par' dir='ltr' id='par_1_3' title="bbox 343 552 3177 624">
     <span class='ocr_line' id='line_1_3' title="bbox 343 552 3177 624; baseline 0.003 -19"><span class='ocrx_word' id='word_1_23' title='bbox 343 566 455 606; x_wconf 74' lang='lat' dir='ltr'><strong>tem</strong></span> <span class='ocrx_word' id='word_1_24' title='bbox 490 552 684 605; x_wconf 82' lang='lat' dir='ltr'><strong>fidibus</strong></span> <span class='ocrx_word' id='word_1_25' title='bbox 716 552 972 606; x_wconf 75' lang='lat' dir='ltr'><strong>citharam</strong></span> <span class='ocrx_word' id='word_1_26' title='bbox 1010 553 1198 607; x_wconf 91' lang='lat' dir='ltr'><strong>doctus</strong></span> <span class='ocrx_word' id='word_1_27' title='bbox 1239 556 1535 619; x_wconf 80' lang='lat' dir='ltr'><strong>a-‘moveat,</strong></span> <span class='ocrx_word' id='word_1_28' title='bbox 1577 565 1629 607; x_wconf 92' lang='lat' dir='ltr'><strong>et</strong></span> <span class='ocrx_word' id='word_1_29' title='bbox 1677 557 1913 622; x_wconf 80' lang='lat' dir='ltr'><strong>loquacia</strong></span> <span class='ocrx_word' id='word_1_30' title='bbox 2086 557 2188 609; x_wconf 86' lang='lat' dir='ltr'><strong>Pro</strong></span> <span class='ocrx_word' id='word_1_31' title='bbox 2211 572 2313 624; x_wconf 90' lang='lat' dir='ltr'><strong>qua</strong></span> <span class='ocrx_word' id='word_1_32' title='bbox 2346 558 2635 611; x_wconf 64' lang='lat' dir='ltr'><strong>crssissenl</strong></span> <span class='ocrx_word' id='word_1_33' title='bbox 2657 558 2875 611; x_wconf 86' lang='lat' dir='ltr'><strong>fulmine</strong></span> <span class='ocrx_word' id='word_1_34' title='bbox 2903 559 3177 613; x_wconf 75' lang='lat' dir='ltr'><strong>cmlicohe.</strong></span> 
     </span>
    </p>
   </div>
   <div class='ocr_carea' id='block_1_4' title="bbox 341 644 3367 719">
    <p class='ocr_par' dir='ltr' id='par_1_4' title="bbox 341 644 3367 719">
     <span class='ocr_line' id='line_1_4' title="bbox 341 644 3367 719; baseline 0.002 -23"><span class='ocrx_word' id='word_1_35' title='bbox 341 648 425 698; x_wconf 79' lang='lat' dir='ltr'><strong>ﬁla</strong></span> <span class='ocrx_word' id='word_1_36' title='bbox 468 644 654 697; x_wconf 86' lang='lat' dir='ltr'><strong>irrisor</strong></span> <span class='ocrx_word' id='word_1_37' title='bbox 690 644 923 698; x_wconf 80' lang='lat' dir='ltr'><strong>urbanus</strong></span> <span class='ocrx_word' id='word_1_38' title='bbox 970 654 1241 713; x_wconf 90' lang='lat' dir='ltr'><strong>apportet,</strong></span> <span class='ocrx_word' id='word_1_39' title='bbox 1306 647 1354 697; x_wconf 94' lang='lat' dir='ltr'><strong>in</strong></span> <span class='ocrx_word' id='word_1_40' title='bbox 1399 646 1611 712; x_wconf 85' lang='lat' dir='ltr'><strong>anc&#39;piti</strong></span> <span class='ocrx_word' id='word_1_41' title='bbox 1659 656 1741 698; x_wconf 79' lang='lat' dir='ltr'><strong>est</strong></span> <span class='ocrx_word' id='word_1_42' title='bbox 1787 645 1915 712; x_wconf 82' lang='lat' dir='ltr'><strong>quid</strong></span> <span class='ocrx_word' id='word_1_43' title='bbox 2014 645 2083 699; x_wconf 86' lang='lat' dir='ltr'><strong>At</strong></span> <span class='ocrx_word' id='word_1_44' title='bbox 2110 647 2236 700; x_wconf 92' lang='lat' dir='ltr'><strong>mihi</strong></span> <span class='ocrx_word' id='word_1_45' title='bbox 2262 648 2344 701; x_wconf 78' lang='lat' dir='ltr'><strong>vix</strong></span> <span class='ocrx_word' id='word_1_46' title='bbox 2376 649 2499 701; x_wconf 92' lang='lat' dir='ltr'><strong>illud</strong></span> <span class='ocrx_word' id='word_1_47' title='bbox 2528 651 2893 703; x_wconf 89' lang='lat' dir='ltr'><strong>transmittunt</strong></span> <span class='ocrx_word' id='word_1_48' title='bbox 2922 666 3179 719; x_wconf 85' lang='lat' dir='ltr'><strong>pauperes</strong></span> <span class='ocrx_word' id='word_1_49' title='bbox 3205 651 3367 713; x_wconf 78' lang='lat' dir='ltr'><strong>Innti,</strong></span> 
     </span>
    </p>
   </div>
   <div class='ocr_carea' id='block_1_5' title="bbox 336 735 3281 807">
    <p class='ocr_par' dir='ltr' id='par_1_5' title="bbox 336 735 3281 807">
     <span class='ocr_line' id='line_1_5' title="bbox 336 735 3281 807; baseline 0.001 -16"><span class='ocrx_word' id='word_1_50' title='bbox 336 739 500 805; x_wconf 83' lang='lat' dir='ltr'><strong>eligat</strong></span> <span class='ocrx_word' id='word_1_51' title='bbox 523 735 665 788; x_wconf 87' lang='lat' dir='ltr'><strong>nuda</strong></span> <span class='ocrx_word' id='word_1_52' title='bbox 694 737 1026 803; x_wconf 73' lang='lat' dir='ltr'><strong>simplicitas,</strong></span> <span class='ocrx_word' id='word_1_53' title='bbox 1056 737 1177 789; x_wconf 91' lang='lat' dir='ltr'><strong>dum</strong></span> <span class='ocrx_word' id='word_1_54' title='bbox 1204 742 1330 806; x_wconf 75' lang='lat' dir='ltr'><strong>lyra:</strong></span> <span class='ocrx_word' id='word_1_55' title='bbox 1363 746 1549 801; x_wconf 72' lang='lat' dir='ltr'><strong>tactus,</strong></span> <span class='ocrx_word' id='word_1_56' title='bbox 1580 737 1705 791; x_wconf 83' lang='lat' dir='ltr'><strong>licet</strong></span> <span class='ocrx_word' id='word_1_57' title='bbox 1732 754 1915 791; x_wconf 88' lang='lat' dir='ltr'><strong>crran-</strong></span> <span class='ocrx_word' id='word_1_58' title='bbox 2088 738 2263 791; x_wconf 82' lang='lat' dir='ltr'><strong>Rubra</strong></span> <span class='ocrx_word' id='word_1_59' title='bbox 2288 739 2427 806; x_wconf 92' lang='lat' dir='ltr'><strong>quod</strong></span> <span class='ocrx_word' id='word_1_60' title='bbox 2450 751 2724 807; x_wconf 84' lang='lat' dir='ltr'><strong>acceptum</strong></span> <span class='ocrx_word' id='word_1_61' title='bbox 2760 750 2892 795; x_wconf 90' lang='lat' dir='ltr'><strong>testa</strong></span> <span class='ocrx_word' id='word_1_62' title='bbox 2928 742 3120 795; x_wconf 81' lang='lat' dir='ltr'><strong>refutat</strong></span> <span class='ocrx_word' id='word_1_63' title='bbox 3145 745 3281 795; x_wconf 80' lang='lat' dir='ltr'><strong>olus.</strong></span> 
     </span>
    </p>
   </div>
   <div class='ocr_carea' id='block_1_6' title="bbox 339 825 3267 898">
    <p class='ocr_par' dir='ltr' id='par_1_6' title="bbox 339 825 3267 898">
     <span class='ocr_line' id='line_1_6' title="bbox 339 825 3267 898; baseline 0 -17"><span class='ocrx_word' id='word_1_64' title='bbox 339 830 479 881; x_wconf 83' lang='lat' dir='ltr'><strong>tibus</strong></span> <span class='ocrx_word' id='word_1_65' title='bbox 521 828 723 895; x_wconf 79' lang='lat' dir='ltr'><strong>digitis,</strong></span> <span class='ocrx_word' id='word_1_66' title='bbox 755 828 962 881; x_wconf 71' lang='lat' dir='ltr'><strong>dull-em</strong></span> <span class='ocrx_word' id='word_1_67' title='bbox 994 837 1047 882; x_wconf 89' lang='lat' dir='ltr'><strong>et</strong></span> <span class='ocrx_word' id='word_1_68' title='bbox 1072 828 1175 897; x_wconf 89' lang='lat' dir='ltr'><strong>|qni</strong></span> <span class='ocrx_word' id='word_1_69' title='bbox 1218 830 1447 883; x_wconf 88' lang='lat' dir='ltr'><strong>animam</strong></span> <span class='ocrx_word' id='word_1_70' title='bbox 1493 830 1696 895; x_wconf 75' lang='lat' dir='ltr'><strong>frangat</strong></span> <span class='ocrx_word' id='word_1_71' title='bbox 1743 830 1915 898; x_wconf 88' lang='lat' dir='ltr'><strong>crepi-</strong></span> <span class='ocrx_word' id='word_1_72' title='bbox 2016 825 2167 891; x_wconf 90' lang='lat' dir='ltr'><strong>Sum,</strong></span> <span class='ocrx_word' id='word_1_73' title='bbox 2199 828 2386 891; x_wconf 89' lang='lat' dir='ltr'><strong>fateor,</strong></span> <span class='ocrx_word' id='word_1_74' title='bbox 2420 830 2568 897; x_wconf 85' lang='lat' dir='ltr'><strong>cujus</strong></span> <span class='ocrx_word' id='word_1_75' title='bbox 2598 830 2853 884; x_wconf 86' lang='lat' dir='ltr'><strong>distillent</strong></span> <span class='ocrx_word' id='word_1_76' title='bbox 2882 831 3039 884; x_wconf 90' lang='lat' dir='ltr'><strong>verba</strong></span> <span class='ocrx_word' id='word_1_77' title='bbox 3076 832 3267 895; x_wconf 84' lang='lat' dir='ltr'><strong>relatu,</strong></span> 
     </span>
    </p>
   </div>
   <div class='ocr_carea' id='block_1_7' title="bbox 338 918 3301 988">
    <p class='ocr_par' dir='ltr' id='par_1_7' title="bbox 338 918 3301 988">
     <span class='ocr_line' id='line_1_7' title="bbox 338 918 3301 988; baseline 0 -17"><span class='ocrx_word' id='word_1_78' title='bbox 338 930 449 972; x_wconf 90' lang='lat' dir='ltr'><strong>tum</strong></span> <span class='ocrx_word' id='word_1_79' title='bbox 481 919 654 971; x_wconf 81' lang='lat' dir='ltr'><strong>reddit</strong></span> <span class='ocrx_word' id='word_1_80' title='bbox 676 936 687 969; x_wconf 93' lang='lat'><strong>:</strong></span> <span class='ocrx_word' id='word_1_81' title='bbox 708 918 854 971; x_wconf 84' lang='lat' dir='ltr'><strong>nefas</strong></span> <span class='ocrx_word' id='word_1_82' title='bbox 873 927 1047 971; x_wconf 86' lang='lat' dir='ltr'><strong>tamen</strong></span> <span class='ocrx_word' id='word_1_83' title='bbox 1076 928 1238 984; x_wconf 84' lang='lat' dir='ltr'><strong>putat,</strong></span> <span class='ocrx_word' id='word_1_84' title='bbox 1264 920 1484 974; x_wconf 64' lang='lat' dir='ltr'><strong>sialieni</strong></span> <span class='ocrx_word' id='word_1_85' title='bbox 1514 928 1711 974; x_wconf 77' lang='lat' dir='ltr'><strong>tracrus</strong></span> <span class='ocrx_word' id='word_1_86' title='bbox 1733 935 1851 972; x_wconf 87' lang='lat' dir='ltr'><strong>amo</strong></span> <span class='ocrx_word' id='word_1_87' title='bbox 1883 935 1913 973; x_wconf 89' lang='lat' dir='ltr'><strong>e</strong></span> <span class='ocrx_word' id='word_1_88' title='bbox 2083 918 2210 983; x_wconf 66' lang='lat' dir='ltr'><strong>Quae</strong></span> <span class='ocrx_word' id='word_1_89' title='bbox 2237 919 2457 971; x_wconf 88' lang='lat' dir='ltr'><strong>maciem</strong></span> <span class='ocrx_word' id='word_1_90' title='bbox 2488 928 2782 973; x_wconf 84' lang='lat' dir='ltr'><strong>monstrent</strong></span> <span class='ocrx_word' id='word_1_91' title='bbox 2812 923 3055 987; x_wconf 86' lang='lat' dir='ltr'><strong>pauperis</strong></span> <span class='ocrx_word' id='word_1_92' title='bbox 3088 921 3301 988; x_wconf 77' lang='lat' dir='ltr'><strong>ingenii.</strong></span> 
     </span>
    </p>
   </div>
   <div class='ocr_carea' id='block_1_8' title="bbox 337 1006 3496 1075">
    <p class='ocr_par' dir='ltr' id='par_1_8' title="bbox 337 1006 3496 1075">
     <span class='ocr_line' id='line_1_8' title="bbox 337 1006 3496 1075; baseline 0 -16"><span class='ocrx_word' id='word_1_93' title='bbox 337 1008 620 1075; x_wconf 78' lang='lat' dir='ltr'><strong>propOsiti,</strong></span> <span class='ocrx_word' id='word_1_94' title='bbox 662 1008 856 1059; x_wconf 81' lang='lat' dir='ltr'><strong>avitam</strong></span> <span class='ocrx_word' id='word_1_95' title='bbox 899 1008 1069 1060; x_wconf 85' lang='lat' dir='ltr'><strong>discat</strong></span> <span class='ocrx_word' id='word_1_96' title='bbox 1114 1010 1390 1062; x_wconf 86' lang='lat' dir='ltr'><strong>scientiam</strong></span> <span class='ocrx_word' id='word_1_97' title='bbox 1443 1026 1546 1062; x_wconf 92' lang='lat' dir='ltr'><strong>non</strong></span> <span class='ocrx_word' id='word_1_98' title='bbox 1596 1026 1772 1063; x_wconf 92' lang='lat' dir='ltr'><strong>amare</strong></span> <span class='ocrx_word' id='word_1_99' title='bbox 1806 1026 1818 1072; x_wconf 95' lang='lat'>;</span> <span class='ocrx_word' id='word_1_100' title='bbox 1858 1021 1914 1061; x_wconf 87' lang='lat' dir='ltr'><strong>ttt</strong></span> <span class='ocrx_word' id='word_1_101' title='bbox 2014 1006 2257 1060; x_wconf 86' lang='lat' dir='ltr'><strong>Carmina</strong></span> <span class='ocrx_word' id='word_1_102' title='bbox 2292 1008 2431 1061; x_wconf 87' lang='lat' dir='ltr'><strong>nulla</strong></span> <span class='ocrx_word' id='word_1_103' title='bbox 2460 1024 2615 1073; x_wconf 84' lang='lat' dir='ltr'><strong>cano,</strong></span> <span class='ocrx_word' id='word_1_104' title='bbox 2646 1024 2743 1062; x_wconf 92' lang='lat' dir='ltr'><strong>ncc</strong></span> <span class='ocrx_word' id='word_1_105' title='bbox 2777 1024 2861 1064; x_wconf 88' lang='lat' dir='ltr'><strong>me</strong></span> <span class='ocrx_word' id='word_1_106' title='bbox 2891 1010 3197 1063; x_wconf 84' lang='lat' dir='ltr'><strong>modulante</strong></span> <span class='ocrx_word' id='word_1_107' title='bbox 3220 1011 3496 1062; x_wconf 71' lang='lat' dir='ltr'><strong>Catnmnas</strong></span> 
     </span>
    </p>
   </div>
   <div class='ocr_carea' id='block_1_9' title="bbox 335 1099 3235 1168">
    <p class='ocr_par' dir='ltr' id='par_1_9' title="bbox 335 1099 3235 1168">
     <span class='ocr_line' id='line_1_9' title="bbox 335 1099 3235 1168; baseline 0 -17"><span class='ocrx_word' id='word_1_108' title='bbox 335 1100 459 1153; x_wconf 89' lang='lat' dir='ltr'><strong>dum</strong></span> <span class='ocrx_word' id='word_1_109' title='bbox 485 1099 709 1153; x_wconf 79' lang='lat' dir='ltr'><strong>infrenis</strong></span> <span class='ocrx_word' id='word_1_110' title='bbox 738 1100 965 1153; x_wconf 80' lang='lat' dir='ltr'><strong>ambitus</strong></span> <span class='ocrx_word' id='word_1_111' title='bbox 1008 1102 1313 1154; x_wconf 71' lang='lat' dir='ltr'><strong>rusticantis</strong></span> <span class='ocrx_word' id='word_1_112' title='bbox 1341 1101 1594 1155; x_wconf 66' lang='lat' dir='ltr'><strong>doctrina:</strong></span> <span class='ocrx_word' id='word_1_113' title='bbox 1628 1103 1909 1155; x_wconf 76' lang='lat' dir='ltr'><strong>terminum</strong></span> <span class='ocrx_word' id='word_1_114' title='bbox 2058 1099 2389 1152; x_wconf 79' lang='lat' dir='ltr'><strong>.Mansurum</strong></span> <span class='ocrx_word' id='word_1_115' title='bbox 2417 1099 2627 1152; x_wconf 83' lang='lat' dir='ltr'><strong>dah.tur</strong></span> <span class='ocrx_word' id='word_1_116' title='bbox 2660 1100 2865 1168; x_wconf 65' lang='lat' dir='ltr'><strong>pollicis</strong></span> <span class='ocrx_word' id='word_1_117' title='bbox 2896 1116 2988 1153; x_wconf 91' lang='lat' dir='ltr'><strong>ore</strong></span> <span class='ocrx_word' id='word_1_118' title='bbox 3018 1100 3235 1167; x_wconf 61' lang='lat' dir='ltr'><strong>sorthos.</strong></span> 
     </span>
    </p>
   </div>
   <div class='ocr_carea' id='block_1_10' title="bbox 335 1187 3405 1259">
    <p class='ocr_par' dir='ltr' id='par_1_10' title="bbox 335 1187 3405 1259">
     <span class='ocr_line' id='line_1_10' title="bbox 335 1187 3405 1259; baseline -0.001 -15"><span class='ocrx_word' id='word_1_119' title='bbox 335 1210 440 1245; x_wconf 85' lang='lat' dir='ltr'><strong>non</strong></span> <span class='ocrx_word' id='word_1_120' title='bbox 472 1195 712 1254; x_wconf 88' lang='lat' dir='ltr'><strong>metitur,</strong></span> <span class='ocrx_word' id='word_1_121' title='bbox 740 1192 1071 1259; x_wconf 87' lang='lat' dir='ltr'><strong>superiorum</strong></span> <span class='ocrx_word' id='word_1_122' title='bbox 1100 1191 1311 1255; x_wconf 76' lang='lat' dir='ltr'><strong>affectu,</strong></span> <span class='ocrx_word' id='word_1_123' title='bbox 1337 1200 1390 1245; x_wconf 90' lang='lat' dir='ltr'><strong>et</strong></span> <span class='ocrx_word' id='word_1_124' title='bbox 1420 1192 1532 1259; x_wconf 87' lang='lat' dir='ltr'><strong>ipsa</strong></span> <span class='ocrx_word' id='word_1_125' title='bbox 1555 1207 1613 1245; x_wconf 84' lang='lat' dir='ltr'><strong>se</strong></span> <span class='ocrx_word' id='word_1_126' title='bbox 1640 1193 1909 1259; x_wconf 83' lang='lat' dir='ltr'><strong>possibilia</strong></span> <span class='ocrx_word' id='word_1_127' title='bbox 2013 1187 2275 1255; x_wconf 79' lang='lat' dir='ltr'><strong>Quidquid</strong></span> <span class='ocrx_word' id='word_1_128' title='bbox 2316 1189 2593 1256; x_wconf 81' lang='lat' dir='ltr'><strong>Apollineo</strong></span> <span class='ocrx_word' id='word_1_129' title='bbox 2634 1190 2979 1259; x_wconf 90' lang='lat' dir='ltr'><strong>loquebamur</strong></span> <span class='ocrx_word' id='word_1_130' title='bbox 3009 1190 3240 1257; x_wconf 87' lang='lat' dir='ltr'><strong>pectine,</strong></span> <span class='ocrx_word' id='word_1_131' title='bbox 3272 1192 3405 1243; x_wconf 75' lang='lat' dir='ltr'><strong>cessi</strong></span> 
     </span>
    </p>
   </div>
   <div class='ocr_carea' id='block_1_11' title="bbox 332 1278 3228 1353">
    <p class='ocr_par' dir='ltr' id='par_1_11' title="bbox 332 1278 3228 1353">
     <span class='ocr_line' id='line_1_11' title="bbox 332 1278 3228 1353; baseline -0.002 -15"><span class='ocrx_word' id='word_1_132' title='bbox 332 1286 599 1351; x_wconf 78' lang='lat' dir='ltr'><strong>intelligat</strong></span> <span class='ocrx_word' id='word_1_133' title='bbox 642 1285 971 1353; x_wconf 84' lang='lat' dir='ltr'><strong>perditurum</strong></span> <span class='ocrx_word' id='word_1_134' title='bbox 1007 1301 1017 1335; x_wconf 90' lang='lat'>:</span> <span class='ocrx_word' id='word_1_135' title='bbox 1058 1298 1176 1337; x_wconf 92' lang='lat' dir='ltr'><strong>cum</strong></span> <span class='ocrx_word' id='word_1_136' title='bbox 1221 1285 1548 1339; x_wconf 88' lang='lat' dir='ltr'><strong>nescientem</strong></span> <span class='ocrx_word' id='word_1_137' title='bbox 1584 1284 1706 1351; x_wconf 89' lang='lat' dir='ltr'><strong>quid</strong></span> <span class='ocrx_word' id='word_1_138' title='bbox 1742 1284 1913 1335; x_wconf 83' lang='lat' dir='ltr'><strong>valeat</strong></span> <span class='ocrx_word' id='word_1_139' title='bbox 2082 1278 2287 1332; x_wconf 84' lang='lat' dir='ltr'><strong>Oblitus</strong></span> <span class='ocrx_word' id='word_1_140' title='bbox 2316 1279 2525 1348; x_wconf 66' lang='lat' dir='ltr'><strong>linguae,</strong></span> <span class='ocrx_word' id='word_1_141' title='bbox 2561 1296 2715 1349; x_wconf 89' lang='lat' dir='ltr'><strong>quam</strong></span> <span class='ocrx_word' id='word_1_142' title='bbox 2745 1280 2872 1333; x_wconf 86' lang='lat' dir='ltr'><strong>mihi</strong></span> <span class='ocrx_word' id='word_1_143' title='bbox 2900 1282 2985 1333; x_wconf 79' lang='lat' dir='ltr'><strong>fila</strong></span> <span class='ocrx_word' id='word_1_144' title='bbox 3014 1281 3228 1333; x_wconf 87' lang='lat' dir='ltr'><strong>dabant.</strong></span> 
     </span>
    </p>
   </div>
   <div class='ocr_carea' id='block_1_12' title="bbox 332 1368 3436 1444">
    <p class='ocr_par' dir='ltr' id='par_1_12' title="bbox 332 1368 3436 1444">
     <span class='ocr_line' id='line_1_12' title="bbox 332 1368 3436 1444; baseline -0.002 -14"><span class='ocrx_word' id='word_1_145' title='bbox 332 1378 621 1444; x_wconf 86' lang='lat' dir='ltr'><strong>mapalium</strong></span> <span class='ocrx_word' id='word_1_146' title='bbox 646 1377 891 1428; x_wconf 84' lang='lat' dir='ltr'><strong>alumnus</strong></span> <span class='ocrx_word' id='word_1_147' title='bbox 922 1375 1032 1441; x_wconf 86' lang='lat' dir='ltr'><strong>ipsa</strong></span> <span class='ocrx_word' id='word_1_148' title='bbox 1060 1384 1293 1442; x_wconf 66' lang='lat' dir='ltr'><strong>paternae</strong></span> <span class='ocrx_word' id='word_1_149' title='bbox 1330 1374 1678 1429; x_wconf 88' lang='lat' dir='ltr'><strong>institutionis</strong></span> <span class='ocrx_word' id='word_1_150' title='bbox 1710 1374 1911 1427; x_wconf 89' lang='lat' dir='ltr'><strong>medio-</strong></span> <span class='ocrx_word' id='word_1_151' title='bbox 2015 1368 2226 1421; x_wconf 76' lang='lat' dir='ltr'><strong>Rustica</strong></span> <span class='ocrx_word' id='word_1_152' title='bbox 2258 1384 2352 1436; x_wconf 89' lang='lat' dir='ltr'><strong>per</strong></span> <span class='ocrx_word' id='word_1_153' title='bbox 2384 1379 2593 1422; x_wconf 75' lang='lat' dir='ltr'><strong>teneras</strong></span> <span class='ocrx_word' id='word_1_154' title='bbox 2614 1379 2757 1423; x_wconf 82' lang='lat' dir='ltr'><strong>errat</strong></span> <span class='ocrx_word' id='word_1_155' title='bbox 2782 1370 2911 1422; x_wconf 90' lang='lat' dir='ltr'><strong>mihi</strong></span> <span class='ocrx_word' id='word_1_156' title='bbox 2944 1370 3159 1423; x_wconf 80' lang='lat' dir='ltr'><strong>dextera</strong></span> <span class='ocrx_word' id='word_1_157' title='bbox 3190 1370 3436 1434; x_wconf 88' lang='lat' dir='ltr'><strong>chordas,</strong></span> 
     </span>
    </p>
   </div>
   <div class='ocr_carea' id='block_1_13' title="bbox 332 1456 3354 1531">
    <p class='ocr_par' dir='ltr' id='par_1_13' title="bbox 332 1456 3354 1531">
     <span class='ocr_line' id='line_1_13' title="bbox 332 1456 3354 1531; baseline -0.003 -12"><span class='ocrx_word' id='word_1_158' title='bbox 332 1468 496 1519; x_wconf 87' lang='lat' dir='ltr'><strong>critas</strong></span> <span class='ocrx_word' id='word_1_159' title='bbox 527 1464 676 1531; x_wconf 87' lang='lat' dir='ltr'><strong>quasi</strong></span> <span class='ocrx_word' id='word_1_160' title='bbox 721 1474 940 1516; x_wconf 72' lang='lat' dir='ltr'><strong>externa</strong></span> <span class='ocrx_word' id='word_1_161' title='bbox 979 1472 1306 1516; x_wconf 86' lang='lat' dir='ltr'><strong>contemnat.</strong></span> <span class='ocrx_word' id='word_1_162' title='bbox 1351 1464 1466 1517; x_wconf 84' lang='lat' dir='ltr'><strong>Non</strong></span> <span class='ocrx_word' id='word_1_163' title='bbox 1503 1464 1654 1517; x_wconf 90' lang='lat' dir='ltr'><strong>aliter</strong></span> <span class='ocrx_word' id='word_1_164' title='bbox 1685 1478 1790 1526; x_wconf 91' lang='lat' dir='ltr'><strong>me,</strong></span> <span class='ocrx_word' id='word_1_165' title='bbox 1830 1462 1911 1515; x_wconf 88' lang='lat' dir='ltr'><strong>vir</strong></span> <span class='ocrx_word' id='word_1_166' title='bbox 2080 1456 2432 1528; x_wconf 85' lang='lat' dir='ltr'><strong>Confringunt</strong></span> <span class='ocrx_word' id='word_1_167' title='bbox 2464 1461 2643 1515; x_wconf 88' lang='lat' dir='ltr'><strong>dulces</strong></span> <span class='ocrx_word' id='word_1_168' title='bbox 2674 1461 2896 1515; x_wconf 87' lang='lat' dir='ltr'><strong>barbara</strong></span> <span class='ocrx_word' id='word_1_169' title='bbox 2919 1462 3116 1528; x_wconf 89' lang='lat' dir='ltr'><strong>plectra</strong></span> <span class='ocrx_word' id='word_1_170' title='bbox 3147 1462 3354 1513; x_wconf 87' lang='lat' dir='ltr'><strong>modos.</strong></span> 
     </span>
    </p>
   </div>
   <div class='ocr_carea' id='block_1_14' title="bbox 332 1548 3472 1623">
    <p class='ocr_par' dir='ltr' id='par_1_14' title="bbox 332 1548 3472 1623">
     <span class='ocr_line' id='line_1_14' title="bbox 332 1548 3472 1623; baseline -0.002 -15"><span class='ocrx_word' id='word_1_171' title='bbox 332 1556 683 1623; x_wconf 72' lang='lat' dir='ltr'><strong>amplissime,</strong></span> <span class='ocrx_word' id='word_1_172' title='bbox 718 1556 858 1607; x_wconf 86' lang='lat' dir='ltr'><strong>inter</strong></span> <span class='ocrx_word' id='word_1_173' title='bbox 890 1556 1114 1607; x_wconf 66' lang='lat' dir='ltr'><strong>maxima</strong></span> <span class='ocrx_word' id='word_1_174' title='bbox 1141 1556 1302 1607; x_wconf 65' lang='lat' dir='ltr'><strong>curim</strong></span> <span class='ocrx_word' id='word_1_175' title='bbox 1334 1556 1506 1609; x_wconf 88' lang='lat' dir='ltr'><strong>sidera</strong></span> <span class='ocrx_word' id='word_1_176' title='bbox 1530 1555 1907 1623; x_wconf 88' lang='lat' dir='ltr'><strong>computande,</strong></span> <span class='ocrx_word' id='word_1_177' title='bbox 2012 1548 2092 1600; x_wconf 79' lang='lat' dir='ltr'><strong>Ah</strong></span> <span class='ocrx_word' id='word_1_178' title='bbox 2116 1550 2359 1617; x_wconf 72' lang='lat' dir='ltr'><strong>quotiens</strong></span> <span class='ocrx_word' id='word_1_179' title='bbox 2385 1550 2567 1604; x_wconf 79' lang='lat' dir='ltr'><strong>vitreis</strong></span> <span class='ocrx_word' id='word_1_180' title='bbox 2600 1550 2819 1603; x_wconf 88' lang='lat' dir='ltr'><strong>llelicon</strong></span> <span class='ocrx_word' id='word_1_181' title='bbox 2853 1550 2980 1603; x_wconf 91' lang='lat' dir='ltr'><strong>mihi</strong></span> <span class='ocrx_word' id='word_1_182' title='bbox 3010 1550 3160 1602; x_wconf 71' lang='lat' dir='ltr'><strong>[luxit</strong></span> <span class='ocrx_word' id='word_1_183' title='bbox 3192 1552 3243 1602; x_wconf 92' lang='lat' dir='ltr'><strong>in</strong></span> <span class='ocrx_word' id='word_1_184' title='bbox 3275 1549 3472 1614; x_wconf 88' lang='lat' dir='ltr'><strong>herbis,</strong></span> 
     </span>
    </p>
   </div>
   <div class='ocr_carea' id='block_1_15' title="bbox 329 1639 3181 1713">
    <p class='ocr_par' dir='ltr' id='par_1_15' title="bbox 329 1639 3181 1713">
     <span class='ocr_line' id='line_1_15' title="bbox 329 1639 3181 1713; baseline -0 -16"><span class='ocrx_word' id='word_1_185' title='bbox 329 1645 487 1713; x_wconf 87' lang='lat' dir='ltr'><strong>juhar</strong></span> <span class='ocrx_word' id='word_1_186' title='bbox 528 1644 810 1704; x_wconf 70' lang='lat' dir='ltr'><strong>facundize.</strong></span> <span class='ocrx_word' id='word_1_187' title='bbox 845 1645 1173 1712; x_wconf 88' lang='lat' dir='ltr'><strong>ingeniorum</strong></span> <span class='ocrx_word' id='word_1_188' title='bbox 1224 1645 1457 1707; x_wconf 84' lang='lat' dir='ltr'><strong>ﬂamma,</strong></span> <span class='ocrx_word' id='word_1_189' title='bbox 1506 1646 1757 1713; x_wconf 75' lang='lat' dir='ltr'><strong>splendor</strong></span> <span class='ocrx_word' id='word_1_190' title='bbox 1793 1646 1907 1698; x_wconf 91' lang='lat' dir='ltr'><strong>elo-</strong></span> <span class='ocrx_word' id='word_1_191' title='bbox 2080 1639 2333 1693; x_wconf 77' lang='lat' dir='ltr'><strong>Arridcns</strong></span> <span class='ocrx_word' id='word_1_192' title='bbox 2357 1640 2507 1693; x_wconf 69' lang='lat' dir='ltr'><strong>labiis</strong></span> <span class='ocrx_word' id='word_1_193' title='bbox 2538 1656 2653 1709; x_wconf 76' lang='lat' dir='ltr'><strong>Quae</strong></span> <span class='ocrx_word' id='word_1_194' title='bbox 2685 1641 2809 1693; x_wconf 77' lang='lat' dir='ltr'><strong>facit</strong></span> <span class='ocrx_word' id='word_1_195' title='bbox 2836 1641 2975 1693; x_wconf 81' lang='lat' dir='ltr'><strong>unda</strong></span> <span class='ocrx_word' id='word_1_196' title='bbox 3012 1642 3181 1694; x_wconf 82' lang='lat' dir='ltr'><strong>sitim!</strong></span> 
     </span>
    </p>
   </div>
   <div class='ocr_carea' id='block_1_16' title="bbox 330 1732 3340 1803">
    <p class='ocr_par' dir='ltr' id='par_1_16' title="bbox 330 1732 3340 1803">
     <span class='ocr_line' id='line_1_16' title="bbox 330 1732 3340 1803; baseline 0 -15"><span class='ocrx_word' id='word_1_197' title='bbox 330 1737 584 1803; x_wconf 69' lang='lat' dir='ltr'><strong>quentiae,</strong></span> <span class='ocrx_word' id='word_1_198' title='bbox 631 1736 921 1787; x_wconf 72' lang='lat' dir='ltr'><strong>dictionum</strong></span> <span class='ocrx_word' id='word_1_199' title='bbox 958 1750 1168 1796; x_wconf 89' lang='lat' dir='ltr'><strong>census,</strong></span> <span class='ocrx_word' id='word_1_200' title='bbox 1206 1752 1296 1801; x_wconf 86' lang='lat' dir='ltr'><strong>per</strong></span> <span class='ocrx_word' id='word_1_201' title='bbox 1338 1751 1614 1790; x_wconf 85' lang='lat' dir='ltr'><strong>nemorum</strong></span> <span class='ocrx_word' id='word_1_202' title='bbox 1657 1735 1796 1789; x_wconf 85' lang='lat' dir='ltr'><strong>invia</strong></span> <span class='ocrx_word' id='word_1_203' title='bbox 1839 1736 1905 1788; x_wconf 89' lang='lat' dir='ltr'><strong>ad</strong></span> <span class='ocrx_word' id='word_1_204' title='bbox 2011 1732 2089 1786; x_wconf 86' lang='lat' dir='ltr'><strong>Ah</strong></span> <span class='ocrx_word' id='word_1_205' title='bbox 2117 1733 2359 1801; x_wconf 88' lang='lat' dir='ltr'><strong>quotiens</strong></span> <span class='ocrx_word' id='word_1_206' title='bbox 2391 1734 2601 1788; x_wconf 78' lang='lat' dir='ltr'><strong>hederis</strong></span> <span class='ocrx_word' id='word_1_207' title='bbox 2626 1735 2900 1787; x_wconf 88' lang='lat' dir='ltr'><strong>redimitus</strong></span> <span class='ocrx_word' id='word_1_208' title='bbox 2935 1746 3171 1803; x_wconf 88' lang='lat' dir='ltr'><strong>tempora</strong></span> <span class='ocrx_word' id='word_1_209' title='bbox 3196 1734 3340 1801; x_wconf 79' lang='lat' dir='ltr'><strong>duxi,</strong></span> 
     </span>
    </p>
   </div>
   <div class='ocr_carea' id='block_1_17' title="bbox 330 1816 3159 1895">
    <p class='ocr_par' dir='ltr' id='par_1_17' title="bbox 330 1816 3159 1895">
     <span class='ocr_line' id='line_1_17' title="bbox 330 1816 3159 1895; baseline -0.001 -15"><span class='ocrx_word' id='word_1_210' title='bbox 330 1829 503 1881; x_wconf 78' lang='lat' dir='ltr'><strong>instar</strong></span> <span class='ocrx_word' id='word_1_211' title='bbox 530 1829 810 1895; x_wconf 86' lang='lat' dir='ltr'><strong>pastoralis</strong></span> <span class='ocrx_word' id='word_1_212' title='bbox 851 1827 1034 1879; x_wconf 69' lang='lat' dir='ltr'><strong>fistula:</strong></span> <span class='ocrx_word' id='word_1_213' title='bbox 1063 1842 1183 1895; x_wconf 66' lang='lat' dir='ltr'><strong>quae</strong></span> <span class='ocrx_word' id='word_1_214' title='bbox 1212 1829 1392 1881; x_wconf 90' lang='lat' dir='ltr'><strong>viliter</strong></span> <span class='ocrx_word' id='word_1_215' title='bbox 1419 1839 1719 1893; x_wconf 87' lang='lat' dir='ltr'><strong>narrantur,</strong></span> <span class='ocrx_word' id='word_1_216' title='bbox 1756 1828 1904 1883; x_wconf 79' lang='lat' dir='ltr'><strong>oble-</strong></span> <span class='ocrx_word' id='word_1_217' title='bbox 1938 1816 1978 1871; x_wconf 83' lang='grc' dir='ltr'><strong>Β</strong></span> <span class='ocrx_word' id='word_1_218' title='bbox 2079 1824 2305 1877; x_wconf 82' lang='lat' dir='ltr'><strong>Aonium</strong></span> <span class='ocrx_word' id='word_1_219' title='bbox 2328 1826 2564 1878; x_wconf 74' lang='lat' dir='ltr'><strong>mulcens</strong></span> <span class='ocrx_word' id='word_1_220' title='bbox 2594 1827 2827 1877; x_wconf 89' lang='lat' dir='ltr'><strong>carmine</strong></span> <span class='ocrx_word' id='word_1_221' title='bbox 2849 1824 3159 1879; x_wconf 85' lang='lat' dir='ltr'><strong>concilium!</strong></span> 
     </span>
    </p>
   </div>
   <div class='ocr_carea' id='block_1_18' title="bbox 329 1913 3229 1989">
    <p class='ocr_par' dir='ltr' id='par_1_18' title="bbox 329 1913 3229 1989">
     <span class='ocr_line' id='line_1_18' title="bbox 329 1913 3229 1989; baseline -0.001 -18"><span class='ocrx_word' id='word_1_222' title='bbox 329 1926 497 1983; x_wconf 85' lang='lat' dir='ltr'><strong>ctant,</strong></span> <span class='ocrx_word' id='word_1_223' title='bbox 526 1928 850 1972; x_wconf 87' lang='lat' dir='ltr'><strong>metuentem</strong></span> <span class='ocrx_word' id='word_1_224' title='bbox 872 1918 1130 1971; x_wconf 86' lang='lat' dir='ltr'><strong>citharam</strong></span> <span class='ocrx_word' id='word_1_225' title='bbox 1159 1929 1322 1983; x_wconf 88' lang='lat' dir='ltr'><strong>tuam,</strong></span> <span class='ocrx_word' id='word_1_226' title='bbox 1352 1920 1653 1975; x_wconf 88' lang='lat' dir='ltr'><strong>laudantem</strong></span> <span class='ocrx_word' id='word_1_227' title='bbox 1679 1923 1900 1989; x_wconf 90' lang='lat' dir='ltr'><strong>plectra,</strong></span> <span class='ocrx_word' id='word_1_228' title='bbox 2004 1913 2074 1967; x_wconf 78' lang='lat' dir='ltr'><strong>At</strong></span> <span class='ocrx_word' id='word_1_229' title='bbox 2101 1928 2240 1965; x_wconf 90' lang='lat' dir='ltr'><strong>nunc</strong></span> <span class='ocrx_word' id='word_1_230' title='bbox 2267 1929 2360 1981; x_wconf 85' lang='lat' dir='ltr'><strong>per</strong></span> <span class='ocrx_word' id='word_1_231' title='bbox 2388 1914 2567 1979; x_wconf 84' lang='lat' dir='ltr'><strong>silvas,</strong></span> <span class='ocrx_word' id='word_1_232' title='bbox 2598 1914 2736 1969; x_wconf 91' lang='lat' dir='ltr'><strong>inter</strong></span> <span class='ocrx_word' id='word_1_233' title='bbox 2761 1916 2953 1983; x_wconf 65' lang='lat' dir='ltr'><strong>spelaea</strong></span> <span class='ocrx_word' id='word_1_234' title='bbox 2978 1916 3229 1982; x_wconf 90' lang='lat' dir='ltr'><strong>ferarum,</strong></span> 
     </span>
    </p>
   </div>
   <div class='ocr_carea' id='block_1_19' title="bbox 330 2004 3063 2082">
    <p class='ocr_par' dir='ltr' id='par_1_19' title="bbox 330 2004 3063 2082">
     <span class='ocr_line' id='line_1_19' title="bbox 330 2004 3063 2082; baseline 0.003 -21"><span class='ocrx_word' id='word_1_235' title='bbox 330 2026 470 2079; x_wconf 71' lang='lat' dir='ltr'><strong>qum,</strong></span> <span class='ocrx_word' id='word_1_236' title='bbox 503 2019 558 2063; x_wconf 92' lang='lat' dir='ltr'><strong>ut</strong></span> <span class='ocrx_word' id='word_1_237' title='bbox 588 2012 833 2077; x_wconf 84' lang='lat' dir='ltr'><strong>snperins</strong></span> <span class='ocrx_word' id='word_1_238' title='bbox 864 2012 1026 2074; x_wconf 65' lang='lat' dir='ltr'><strong>texui,</strong></span> <span class='ocrx_word' id='word_1_239' title='bbox 1062 2013 1359 2079; x_wconf 69' lang='lat' dir='ltr'><strong>agrestibus</strong></span> <span class='ocrx_word' id='word_1_240' title='bbox 1385 2012 1563 2082; x_wconf 83' lang='lat' dir='ltr'><strong>digitis</strong></span> <span class='ocrx_word' id='word_1_241' title='bbox 1591 2016 1719 2067; x_wconf 64' lang='lat' dir='ltr'><strong>mei.</strong></span> <span class='ocrx_word' id='word_1_242' title='bbox 1751 2014 1902 2067; x_wconf 88' lang='lat' dir='ltr'><strong>urba-</strong></span> <span class='ocrx_word' id='word_1_243' title='bbox 2078 2004 2353 2073; x_wconf 79' lang='lat' dir='ltr'><strong>Agreslem</strong></span> <span class='ocrx_word' id='word_1_244' title='bbox 2381 2014 2555 2057; x_wconf 71' lang='lat' dir='ltr'><strong>CCNUS</strong></span> <span class='ocrx_word' id='word_1_245' title='bbox 2578 2004 2771 2059; x_wconf 66' lang='lat' dir='ltr'><strong>ducere</strong></span> <span class='ocrx_word' id='word_1_246' title='bbox 2803 2007 3063 2070; x_wconf 57' lang='lat' dir='ltr'><strong>militiam,</strong></span> 
     </span>
    </p>
   </div>
   <div class='ocr_carea' id='block_1_20' title="bbox 329 2094 3362 2173">
    <p class='ocr_par' dir='ltr' id='par_1_20' title="bbox 329 2094 3362 2173">
     <span class='ocr_line' id='line_1_20' title="bbox 329 2094 3362 2173; baseline 0.002 -16"><span class='ocrx_word' id='word_1_247' title='bbox 329 2119 431 2157; x_wconf 90' lang='lat' dir='ltr'><strong>nus</strong></span> <span class='ocrx_word' id='word_1_248' title='bbox 461 2104 727 2173; x_wconf 81' lang='lat' dir='ltr'><strong>adjungis.</strong></span> <span class='ocrx_word' id='word_1_249' title='bbox 756 2106 974 2165; x_wconf 73' lang='lat' dir='ltr'><strong>Amore,</strong></span> <span class='ocrx_word' id='word_1_250' title='bbox 1008 2120 1209 2172; x_wconf 68' lang='lat' dir='ltr'><strong>qumso,</strong></span> <span class='ocrx_word' id='word_1_251' title='bbox 1247 2121 1402 2173; x_wconf 87' lang='lat' dir='ltr'><strong>quam</strong></span> <span class='ocrx_word' id='word_1_252' title='bbox 1430 2107 1650 2159; x_wconf 78' lang='lat' dir='ltr'><strong>adhibes</strong></span> <span class='ocrx_word' id='word_1_253' title='bbox 1676 2107 1740 2160; x_wconf 90' lang='lat' dir='ltr'><strong>ad</strong></span> <span class='ocrx_word' id='word_1_254' title='bbox 1772 2107 1903 2160; x_wconf 77' lang='lat' dir='ltr'><strong>invi-</strong></span> <span class='ocrx_word' id='word_1_255' title='bbox 2004 2094 2230 2148; x_wconf 76' lang='lat' dir='ltr'><strong>Grandia</strong></span> <span class='ocrx_word' id='word_1_256' title='bbox 2259 2111 2352 2163; x_wconf 66' lang='lat' dir='ltr'><strong>per</strong></span> <span class='ocrx_word' id='word_1_257' title='bbox 2374 2096 2578 2149; x_wconf 79' lang='lat' dir='ltr'><strong>validos</strong></span> <span class='ocrx_word' id='word_1_258' title='bbox 2599 2097 2912 2151; x_wconf 85' lang='lat' dir='ltr'><strong>commendo</strong></span> <span class='ocrx_word' id='word_1_259' title='bbox 2939 2099 3139 2151; x_wconf 75' lang='lat' dir='ltr'><strong>semina</strong></span> <span class='ocrx_word' id='word_1_260' title='bbox 3167 2098 3362 2163; x_wconf 75' lang='lat' dir='ltr'><strong>sulcos.</strong></span> 
     </span>
    </p>
   </div>
   <div class='ocr_carea' id='block_1_21' title="bbox 330 2186 3022 2259">
    <p class='ocr_par' dir='ltr' id='par_1_21' title="bbox 330 2186 3022 2259">
     <span class='ocr_line' id='line_1_21' title="bbox 330 2186 3022 2259; baseline -0.001 -12"><span class='ocrx_word' id='word_1_261' title='bbox 330 2194 547 2247; x_wconf 88' lang='lat' dir='ltr'><strong>tandum</strong></span> <span class='ocrx_word' id='word_1_262' title='bbox 578 2209 684 2259; x_wconf 90' lang='lat' dir='ltr'><strong>me,</strong></span> <span class='ocrx_word' id='word_1_263' title='bbox 716 2194 1009 2249; x_wconf 83' lang='lat' dir='ltr'><strong>elurttbrali</strong></span> <span class='ocrx_word' id='word_1_264' title='bbox 1046 2195 1308 2248; x_wconf 78' lang='lat' dir='ltr'><strong>sermonis</strong></span> <span class='ocrx_word' id='word_1_265' title='bbox 1347 2196 1671 2249; x_wconf 88' lang='lat' dir='ltr'><strong>illecebram.</strong></span> <span class='ocrx_word' id='word_1_266' title='bbox 1715 2198 1905 2250; x_wconf 83' lang='lat' dir='ltr'><strong>Absint</strong></span> <span class='ocrx_word' id='word_1_267' title='bbox 2078 2186 2144 2239; x_wconf 85' lang='lat' dir='ltr'><strong>Ut</strong></span> <span class='ocrx_word' id='word_1_268' title='bbox 2167 2203 2381 2255; x_wconf 81' lang='lat' dir='ltr'><strong>germen</strong></span> <span class='ocrx_word' id='word_1_269' title='bbox 2412 2188 2533 2242; x_wconf 63' lang='lat' dir='ltr'><strong>vitae</strong></span> <span class='ocrx_word' id='word_1_270' title='bbox 2563 2189 2853 2241; x_wconf 89' lang='lat' dir='ltr'><strong>destituant</strong></span> <span class='ocrx_word' id='word_1_271' title='bbox 2880 2189 3022 2241; x_wconf 89' lang='lat' dir='ltr'><strong>lolia.</strong></span> 
     </span>
    </p>
   </div>
   <div class='ocr_carea' id='block_1_22' title="bbox 327 2277 3325 2355">
    <p class='ocr_par' dir='ltr' id='par_1_22' title="bbox 327 2277 3325 2355">
     <span class='ocr_line' id='line_1_22' title="bbox 327 2277 3325 2355; baseline 0.004 -19"><span class='ocrx_word' id='word_1_272' title='bbox 327 2284 523 2350; x_wconf 87' lang='lat' dir='ltr'><strong>quibus</strong></span> <span class='ocrx_word' id='word_1_273' title='bbox 563 2287 721 2339; x_wconf 77' lang='lat' dir='ltr'><strong>etiam</strong></span> <span class='ocrx_word' id='word_1_274' title='bbox 766 2286 904 2353; x_wconf 89' lang='lat' dir='ltr'><strong>apud</strong></span> <span class='ocrx_word' id='word_1_275' title='bbox 952 2286 1150 2353; x_wconf 86' lang='lat' dir='ltr'><strong>peritos</strong></span> <span class='ocrx_word' id='word_1_276' title='bbox 1180 2288 1345 2340; x_wconf 90' lang='lat' dir='ltr'><strong>uteris</strong></span> <span class='ocrx_word' id='word_1_277' title='bbox 1374 2288 1579 2341; x_wconf 85' lang='lat' dir='ltr'><strong>vincula</strong></span> <span class='ocrx_word' id='word_1_278' title='bbox 1629 2289 1901 2355; x_wconf 78' lang='lat' dir='ltr'><strong>colloquii.</strong></span> <span class='ocrx_word' id='word_1_279' title='bbox 2005 2277 2195 2332; x_wconf 64' lang='grc' dir='ltr'><strong>Ῑλθθιθθ</strong></span> <span class='ocrx_word' id='word_1_280' title='bbox 2226 2294 2290 2332; x_wconf 76' lang='lat' dir='ltr'><strong>lle</strong></span> <span class='ocrx_word' id='word_1_281' title='bbox 2322 2289 2551 2333; x_wconf 73' lang='lat' dir='ltr'><strong>memem</strong></span> <span class='ocrx_word' id='word_1_282' title='bbox 2585 2279 2850 2334; x_wconf 69' lang='grc' dir='ltr'><strong>ἀθηυάυηι</strong></span> <span class='ocrx_word' id='word_1_283' title='bbox 2884 2280 3044 2334; x_wconf 64' lang='lat' dir='ltr'><strong>verba</strong></span> <span class='ocrx_word' id='word_1_284' title='bbox 3075 2280 3325 2347; x_wconf 62' lang='lat' dir='ltr'><strong>5010mm.</strong></span> 
     </span>
    </p>
   </div>
   <div class='ocr_carea' id='block_1_23' title="bbox 326 2369 3048 2445">
    <p class='ocr_par' dir='ltr' id='par_1_23' title="bbox 326 2369 3048 2445">
     <span class='ocr_line' id='line_1_23' title="bbox 326 2369 3048 2445; baseline 0.003 -17"><span class='ocrx_word' id='word_1_285' title='bbox 326 2375 623 2444; x_wconf 88' lang='lat' dir='ltr'><strong>Compesce</strong></span> <span class='ocrx_word' id='word_1_286' title='bbox 657 2377 936 2430; x_wconf 85' lang='lat' dir='ltr'><strong>verborum</strong></span> <span class='ocrx_word' id='word_1_287' title='bbox 975 2378 1188 2443; x_wconf 75' lang='lat' dir='ltr'><strong>digitos,</strong></span> <span class='ocrx_word' id='word_1_288' title='bbox 1226 2378 1415 2445; x_wconf 85' lang='lat' dir='ltr'><strong>quibus</strong></span> <span class='ocrx_word' id='word_1_289' title='bbox 1444 2379 1629 2431; x_wconf 91' lang='lat' dir='ltr'><strong>soletis</strong></span> <span class='ocrx_word' id='word_1_290' title='bbox 1672 2379 1903 2432; x_wconf 90' lang='lat' dir='ltr'><strong>renitcn-</strong></span> <span class='ocrx_word' id='word_1_291' title='bbox 2076 2370 2143 2423; x_wconf 81' lang='grc' dir='ltr'><strong>Ει</strong></span> <span class='ocrx_word' id='word_1_292' title='bbox 2170 2369 2327 2424; x_wconf 60' lang='lat' dir='ltr'><strong>diuis</strong></span> <span class='ocrx_word' id='word_1_293' title='bbox 2356 2371 2531 2424; x_wconf 71' lang='grc' dir='ltr'><strong>ῐηοηίε</strong></span> <span class='ocrx_word' id='word_1_294' title='bbox 2559 2371 2707 2425; x_wconf 67' lang='lat' dir='ltr'><strong>dic-&quot;1‘</strong></span> <span class='ocrx_word' id='word_1_295' title='bbox 2736 2382 2789 2426; x_wconf 72' lang='grc' dir='ltr'><strong>ει</strong></span> <span class='ocrx_word' id='word_1_296' title='bbox 2818 2374 3048 2441; x_wconf 66' lang='lat' dir='ltr'><strong>ingenio,</strong></span> 
     </span>
    </p>
   </div>
   <div class='ocr_carea' id='block_1_24' title="bbox 326 2459 3427 2537">
    <p class='ocr_par' dir='ltr' id='par_1_24' title="bbox 326 2459 3427 2537">
     <span class='ocr_line' id='line_1_24' title="bbox 326 2459 3427 2537; baseline 0 -18"><span class='ocrx_word' id='word_1_297' title='bbox 326 2467 456 2519; x_wconf 86' lang='lat' dir='ltr'><strong>tium</strong></span> <span class='ocrx_word' id='word_1_298' title='bbox 485 2466 690 2519; x_wconf 90' lang='lat' dir='ltr'><strong>animas</strong></span> <span class='ocrx_word' id='word_1_299' title='bbox 717 2468 781 2519; x_wconf 87' lang='lat' dir='ltr'><strong>ad</strong></span> <span class='ocrx_word' id='word_1_300' title='bbox 818 2467 1081 2521; x_wconf 66' lang='lat' dir='ltr'><strong>desideria</strong></span> <span class='ocrx_word' id='word_1_301' title='bbox 1124 2479 1297 2521; x_wconf 86' lang='lat' dir='ltr'><strong>vestra</strong></span> <span class='ocrx_word' id='word_1_302' title='bbox 1339 2470 1678 2537; x_wconf 87' lang='lat' dir='ltr'><strong>compellere.</strong></span> <span class='ocrx_word' id='word_1_303' title='bbox 1724 2470 1899 2523; x_wconf 80' lang='lat' dir='ltr'><strong>Liceat</strong></span> <span class='ocrx_word' id='word_1_304' title='bbox 2004 2459 2119 2514; x_wconf 79' lang='grc' dir='ltr'><strong>Νοη</strong></span> <span class='ocrx_word' id='word_1_305' title='bbox 2150 2461 2277 2514; x_wconf 74' lang='lat' dir='ltr'><strong>mihi</strong></span> <span class='ocrx_word' id='word_1_306' title='bbox 2306 2476 2401 2529; x_wconf 79' lang='lat' dir='ltr'><strong>Per</strong></span> <span class='ocrx_word' id='word_1_307' title='bbox 2430 2476 2645 2528; x_wconf 70' lang='lat' dir='ltr'><strong>campos</strong></span> <span class='ocrx_word' id='word_1_308' title='bbox 2671 2462 2933 2516; x_wconf 74' lang='lat' dir='ltr'><strong>discurrat</strong></span> <span class='ocrx_word' id='word_1_309' title='bbox 2961 2462 3137 2531; x_wconf 76' lang='lat' dir='ltr'><strong>lingua</strong></span> <span class='ocrx_word' id='word_1_310' title='bbox 3168 2470 3427 2531; x_wconf 74' lang='lat' dir='ltr'><strong>paleHICS,</strong></span> 
     </span>
    </p>
   </div>
   <div class='ocr_carea' id='block_1_25' title="bbox 324 2551 3262 2628">
    <p class='ocr_par' dir='ltr' id='par_1_25' title="bbox 324 2551 3262 2628">
     <span class='ocr_line' id='line_1_25' title="bbox 324 2551 3262 2628; baseline -0 -16"><span class='ocrx_word' id='word_1_311' title='bbox 324 2574 411 2612; x_wconf 89' lang='lat' dir='ltr'><strong>me</strong></span> <span class='ocrx_word' id='word_1_312' title='bbox 433 2568 522 2611; x_wconf 85' lang='lat' dir='ltr'><strong>aut</strong></span> <span class='ocrx_word' id='word_1_313' title='bbox 552 2558 761 2612; x_wconf 88' lang='lat' dir='ltr'><strong>silentio</strong></span> <span class='ocrx_word' id='word_1_314' title='bbox 810 2559 1071 2613; x_wconf 89' lang='lat' dir='ltr'><strong>inscitiam</strong></span> <span class='ocrx_word' id='word_1_315' title='bbox 1108 2568 1302 2627; x_wconf 82' lang='lat' dir='ltr'><strong>tegere,</strong></span> <span class='ocrx_word' id='word_1_316' title='bbox 1335 2568 1426 2612; x_wconf 89' lang='lat' dir='ltr'><strong>aut</strong></span> <span class='ocrx_word' id='word_1_317' title='bbox 1466 2575 1558 2627; x_wconf 92' lang='lat' dir='ltr'><strong>per</strong></span> <span class='ocrx_word' id='word_1_318' title='bbox 1589 2561 1899 2615; x_wconf 82' lang='lat' dir='ltr'><strong>stridentem</strong></span> <span class='ocrx_word' id='word_1_319' title='bbox 2074 2551 2302 2605; x_wconf 65' lang='lat' dir='ltr'><strong>mascula</strong></span> <span class='ocrx_word' id='word_1_320' title='bbox 2329 2566 2428 2628; x_wconf 68' lang='grc' dir='ltr'><strong>ιιβο</strong></span> <span class='ocrx_word' id='word_1_321' title='bbox 2458 2551 2599 2605; x_wconf 69' lang='lat' dir='ltr'><strong>“Illis</strong></span> <span class='ocrx_word' id='word_1_322' title='bbox 2629 2552 2766 2606; x_wconf 72' lang='lat' dir='ltr'><strong>dicta</strong></span> <span class='ocrx_word' id='word_1_323' title='bbox 2801 2554 2965 2607; x_wconf 78' lang='lat' dir='ltr'><strong>feram</strong></span> <span class='ocrx_word' id='word_1_324' title='bbox 2993 2554 3262 2621; x_wconf 77' lang='lat' dir='ltr'><strong>gravibus.</strong></span> 
     </span>
    </p>
   </div>
   <div class='ocr_carea' id='block_1_26' title="bbox 321 2642 3444 2717">
    <p class='ocr_par' dir='ltr' id='par_1_26' title="bbox 321 2642 3444 2717">
     <span class='ocr_line' id='line_1_26' title="bbox 321 2642 3444 2717; baseline -0.001 -15"><span class='ocrx_word' id='word_1_325' title='bbox 321 2650 576 2717; x_wconf 86' lang='lat' dir='ltr'><strong>stipulam</strong></span> <span class='ocrx_word' id='word_1_326' title='bbox 608 2650 726 2701; x_wconf 89' lang='lat' dir='ltr'><strong>aliis</strong></span> <span class='ocrx_word' id='word_1_327' title='bbox 755 2650 960 2703; x_wconf 72' lang='lat' dir='ltr'><strong>triviale</strong></span> <span class='ocrx_word' id='word_1_328' title='bbox 992 2664 1205 2703; x_wconf 86' lang='lat' dir='ltr'><strong>carmen</strong></span> <span class='ocrx_word' id='word_1_329' title='bbox 1238 2650 1429 2703; x_wconf 72' lang='lat' dir='ltr'><strong>afferre</strong></span> <span class='ocrx_word' id='word_1_330' title='bbox 1455 2667 1468 2714; x_wconf 89' lang='lat'><strong>;</strong></span> <span class='ocrx_word' id='word_1_331' title='bbox 1503 2650 1781 2703; x_wconf 77' lang='lat' dir='ltr'><strong>vobiScuut</strong></span> <span class='ocrx_word' id='word_1_332' title='bbox 1826 2651 1901 2702; x_wconf 86' lang='lat' dir='ltr'><strong>fa-</strong></span> <span class='ocrx_word' id='word_1_333' title='bbox 2005 2642 2080 2696; x_wconf 76' lang='lat' dir='ltr'><strong>Ne</strong></span> <span class='ocrx_word' id='word_1_334' title='bbox 2109 2658 2227 2697; x_wconf 77' lang='lat' dir='ltr'><strong>mea</strong></span> <span class='ocrx_word' id='word_1_335' title='bbox 2257 2643 2576 2711; x_wconf 77' lang='lat' dir='ltr'><strong>grandisouo</strong></span> <span class='ocrx_word' id='word_1_336' title='bbox 2606 2643 2941 2699; x_wconf 84' lang='lat' dir='ltr'><strong>ﬂatltmenlur</strong></span> <span class='ocrx_word' id='word_1_337' title='bbox 2961 2646 3122 2698; x_wconf 81' lang='lat' dir='ltr'><strong>corda</strong></span> <span class='ocrx_word' id='word_1_338' title='bbox 3153 2644 3444 2707; x_wconf 85' lang='lat' dir='ltr'><strong>cothurno;</strong></span> 
     </span>
    </p>
   </div>
   <div class='ocr_carea' id='block_1_27' title="bbox 316 2735 3249 2806">
    <p class='ocr_par' dir='ltr' id='par_1_27' title="bbox 316 2735 3249 2806">
     <span class='ocr_line' id='line_1_27' title="bbox 316 2735 3249 2806; baseline -0.002 -13"><span class='ocrx_word' id='word_1_339' title='bbox 316 2738 528 2803; x_wconf 80' lang='lat' dir='ltr'><strong>bulari,_</strong></span> <span class='ocrx_word' id='word_1_340' title='bbox 542 2754 627 2792; x_wconf 92' lang='lat' dir='ltr'><strong>res</strong></span> <span class='ocrx_word' id='word_1_341' title='bbox 644 2748 725 2792; x_wconf 90' lang='lat' dir='ltr'><strong>est</strong></span> <span class='ocrx_word' id='word_1_342' title='bbox 756 2740 931 2791; x_wconf 75' lang='lat' dir='ltr'><strong>meriti</strong></span> <span class='ocrx_word' id='word_1_343' title='bbox 956 2738 1168 2800; x_wconf 86' lang='lat' dir='ltr'><strong>veteris,</strong></span> <span class='ocrx_word' id='word_1_344' title='bbox 1189 2749 1241 2793; x_wconf 90' lang='lat' dir='ltr'><strong>et</strong></span> <span class='ocrx_word' id='word_1_345' title='bbox 1263 2754 1413 2792; x_wconf 83' lang='lat' dir='ltr'><strong>novae</strong></span> <span class='ocrx_word' id='word_1_346' title='bbox 1443 2738 1583 2792; x_wconf 87' lang='lat' dir='ltr'><strong>felici</strong></span> <span class='ocrx_word' id='word_1_347' title='bbox 1609 2740 1727 2791; x_wconf 78' lang='lat' dir='ltr'><strong>aris.</strong></span> <span class='ocrx_word' id='word_1_348' title='bbox 1749 2737 1899 2805; x_wconf 89' lang='lat' dir='ltr'><strong>Quod</strong></span> <span class='ocrx_word' id='word_1_349' title='bbox 2073 2735 2139 2788; x_wconf 88' lang='lat' dir='ltr'><strong>Et</strong></span> <span class='ocrx_word' id='word_1_350' title='bbox 2170 2736 2401 2790; x_wconf 89' lang='lat' dir='ltr'><strong>tumidus</strong></span> <span class='ocrx_word' id='word_1_351' title='bbox 2428 2737 2637 2804; x_wconf 90' lang='lat' dir='ltr'><strong>scriptis</strong></span> <span class='ocrx_word' id='word_1_352' title='bbox 2662 2738 2898 2790; x_wconf 85' lang='lat' dir='ltr'><strong>muribus</strong></span> <span class='ocrx_word' id='word_1_353' title='bbox 2928 2752 3046 2792; x_wconf 90' lang='lat' dir='ltr'><strong>esse</strong></span> <span class='ocrx_word' id='word_1_354' title='bbox 3080 2748 3249 2806; x_wconf 85' lang='lat' dir='ltr'><strong>puter.</strong></span> 
     </span>
    </p>
   </div>
   <div class='ocr_carea' id='block_1_28' title="bbox 320 2825 3486 2898">
    <p class='ocr_par' dir='ltr' id='par_1_28' title="bbox 320 2825 3486 2898">
     <span class='ocr_line' id='line_1_28' title="bbox 320 2825 3486 2898; baseline 0.001 -20"><span class='ocrx_word' id='word_1_355' title='bbox 320 2827 368 2880; x_wconf 83' lang='lat' dir='ltr'><strong>si</strong></span> <span class='ocrx_word' id='word_1_356' title='bbox 395 2828 499 2881; x_wconf 89' lang='lat' dir='ltr'><strong>mei</strong></span> <span class='ocrx_word' id='word_1_357' title='bbox 523 2828 806 2881; x_wconf 90' lang='lat' dir='ltr'><strong>immemor</strong></span> <span class='ocrx_word' id='word_1_358' title='bbox 830 2842 927 2895; x_wconf 88' lang='lat' dir='ltr'><strong>ego</strong></span> <span class='ocrx_word' id='word_1_359' title='bbox 959 2837 1254 2894; x_wconf 83' lang='lat' dir='ltr'><strong>tentavero,</strong></span> <span class='ocrx_word' id='word_1_360' title='bbox 1291 2828 1515 2896; x_wconf 89' lang='lat' dir='ltr'><strong>adeptus</strong></span> <span class='ocrx_word' id='word_1_361' title='bbox 1543 2840 1723 2882; x_wconf 83' lang='lat' dir='ltr'><strong>contra</strong></span> <span class='ocrx_word' id='word_1_362' title='bbox 1757 2828 1900 2881; x_wconf 91' lang='lat' dir='ltr'><strong>utili-</strong></span> <span class='ocrx_word' id='word_1_363' title='bbox 2015 2825 2115 2891; x_wconf 89' lang='lat' dir='ltr'><strong>Qui</strong></span> <span class='ocrx_word' id='word_1_364' title='bbox 2147 2827 2277 2881; x_wconf 92' lang='lat' dir='ltr'><strong>mihi</strong></span> <span class='ocrx_word' id='word_1_365' title='bbox 2308 2837 2430 2884; x_wconf 92' lang='lat' dir='ltr'><strong>tunc</strong></span> <span class='ocrx_word' id='word_1_366' title='bbox 2462 2836 2645 2895; x_wconf 88' lang='lat' dir='ltr'><strong>portus</strong></span> <span class='ocrx_word' id='word_1_367' title='bbox 2668 2828 2856 2881; x_wconf 90' lang='lat' dir='ltr'><strong>famam</strong></span> <span class='ocrx_word' id='word_1_368' title='bbox 2887 2829 3016 2896; x_wconf 89' lang='lat' dir='ltr'><strong>petit</strong></span> <span class='ocrx_word' id='word_1_369' title='bbox 3047 2830 3274 2898; x_wconf 87' lang='lat' dir='ltr'><strong>undique</strong></span> <span class='ocrx_word' id='word_1_370' title='bbox 3303 2829 3486 2883; x_wconf 81' lang='lat' dir='ltr'><strong>lerlur.</strong></span> 
     </span>
    </p>
   </div>
   <div class='ocr_carea' id='block_1_29' title="bbox 323 2915 3369 2995">
    <p class='ocr_par' dir='ltr' id='par_1_29' title="bbox 323 2915 3369 2995">
     <span class='ocr_line' id='line_1_29' title="bbox 323 2915 3369 2995; baseline 0 -25"><span class='ocrx_word' id='word_1_371' title='bbox 323 2927 487 2971; x_wconf 88' lang='lat' dir='ltr'><strong>tatem</strong></span> <span class='ocrx_word' id='word_1_372' title='bbox 521 2919 789 2985; x_wconf 67' lang='lat' dir='ltr'><strong>proririam</strong></span> <span class='ocrx_word' id='word_1_373' title='bbox 821 2919 949 2971; x_wconf 68' lang='lat' dir='ltr'><strong>solis</strong></span> <span class='ocrx_word' id='word_1_374' title='bbox 971 2933 1181 2983; x_wconf 90' lang='lat' dir='ltr'><strong>currus,</strong></span> <span class='ocrx_word' id='word_1_375' title='bbox 1198 2919 1341 2987; x_wconf 90' lang='lat' dir='ltr'><strong>jusle</strong></span> <span class='ocrx_word' id='word_1_376' title='bbox 1366 2921 1533 2975; x_wconf 86' lang='lat' dir='ltr'><strong>subeo</strong></span> <span class='ocrx_word' id='word_1_377' title='bbox 1553 2920 1898 2975; x_wconf 75' lang='lat' dir='ltr'><strong>Phaethontis</strong></span> <span class='ocrx_word' id='word_1_378' title='bbox 2070 2915 2175 2971; x_wconf 90' lang='lat' dir='ltr'><strong>Sed</strong></span> <span class='ocrx_word' id='word_1_379' title='bbox 2202 2917 2408 2972; x_wconf 86' lang='lat' dir='ltr'><strong>stabilis</strong></span> <span class='ocrx_word' id='word_1_380' title='bbox 2442 2917 2615 2995; x_wconf 89' lang='lat' dir='ltr'><strong>pudor</strong></span> <span class='ocrx_word' id='word_1_381' title='bbox 2645 2926 2745 2983; x_wconf 92' lang='lat' dir='ltr'><strong>est,</strong></span> <span class='ocrx_word' id='word_1_382' title='bbox 2779 2918 2821 2970; x_wconf 92' lang='lat' dir='ltr'><strong>si</strong></span> <span class='ocrx_word' id='word_1_383' title='bbox 2853 2926 3077 2982; x_wconf 89' lang='lat' dir='ltr'><strong>taceam,</strong></span> <span class='ocrx_word' id='word_1_384' title='bbox 3103 2920 3369 2987; x_wconf 80' lang='lat' dir='ltr'><strong>proprius.</strong></span> 
     </span>
    </p>
   </div>
   <div class='ocr_carea' id='block_1_30' title="bbox 319 3006 3319 3080">
    <p class='ocr_par' dir='ltr' id='par_1_30' title="bbox 319 3006 3319 3080">
     <span class='ocr_line' id='line_1_30' title="bbox 319 3006 3319 3080; baseline 0.002 -17"><span class='ocrx_word' id='word_1_385' title='bbox 319 3010 649 3077; x_wconf 79' lang='lat' dir='ltr'><strong>exemplum.</strong></span> <span class='ocrx_word' id='word_1_386' title='bbox 692 3009 768 3063; x_wconf 85' lang='lat' dir='ltr'><strong>De</strong></span> <span class='ocrx_word' id='word_1_387' title='bbox 815 3026 919 3079; x_wconf 91' lang='lat' dir='ltr'><strong>quo</strong></span> <span class='ocrx_word' id='word_1_388' title='bbox 959 3011 1083 3079; x_wconf 86' lang='lat' dir='ltr'><strong>quia</strong></span> <span class='ocrx_word' id='word_1_389' title='bbox 1129 3025 1306 3065; x_wconf 88' lang='lat' dir='ltr'><strong>sermo</strong></span> <span class='ocrx_word' id='word_1_390' title='bbox 1346 3012 1585 3080; x_wconf 88' lang='lat' dir='ltr'><strong>contigit,</strong></span> <span class='ocrx_word' id='word_1_391' title='bbox 1626 3022 1679 3066; x_wconf 87' lang='lat' dir='ltr'><strong>et</strong></span> <span class='ocrx_word' id='word_1_392' title='bbox 1725 3012 1895 3067; x_wconf 90' lang='lat' dir='ltr'><strong>forma</strong></span> <span class='ocrx_word' id='word_1_393' title='bbox 2003 3006 2078 3060; x_wconf 83' lang='lat' dir='ltr'><strong>Tu</strong></span> <span class='ocrx_word' id='word_1_394' title='bbox 2110 3008 2300 3061; x_wconf 66' lang='lat' dir='ltr'><strong>leum</strong></span> <span class='ocrx_word' id='word_1_395' title='bbox 2331 3016 2531 3071; x_wconf 65' lang='lat' dir='ltr'><strong>teneas.</strong></span> <span class='ocrx_word' id='word_1_396' title='bbox 2560 3022 2645 3062; x_wconf 79' lang='lat' dir='ltr'><strong>me</strong></span> <span class='ocrx_word' id='word_1_397' title='bbox 2674 3009 2828 3061; x_wconf 75' lang='lat' dir='ltr'><strong>lcrris</strong></span> <span class='ocrx_word' id='word_1_398' title='bbox 2852 3008 3031 3075; x_wconf 84' lang='lat' dir='ltr'><strong>linque</strong></span> <span class='ocrx_word' id='word_1_399' title='bbox 3060 3009 3319 3076; x_wconf 78' lang='lat' dir='ltr'><strong>quietum.</strong></span> 
     </span>
    </p>
   </div>
   <div class='ocr_carea' id='block_1_31' title="bbox 320 3096 1972 3174">
    <p class='ocr_par' dir='ltr' id='par_1_31' title="bbox 320 3102 1887 3174">
     <span class='ocr_line' id='line_1_31' title="bbox 320 3102 1887 3174; baseline 0.003 -18"><span class='ocrx_word' id='word_1_400' title='bbox 320 3102 583 3156; x_wconf 86' lang='lat' dir='ltr'><strong>cautionis</strong></span> <span class='ocrx_word' id='word_1_401' title='bbox 625 3104 869 3167; x_wconf 87' lang='lat' dir='ltr'><strong>accessit,</strong></span> <span class='ocrx_word' id='word_1_402' title='bbox 922 3103 1048 3172; x_wconf 82' lang='lat' dir='ltr'><strong>quid</strong></span> <span class='ocrx_word' id='word_1_403' title='bbox 1093 3102 1232 3158; x_wconf 87' lang='lat' dir='ltr'><strong>facto</strong></span> <span class='ocrx_word' id='word_1_404' title='bbox 1270 3118 1407 3173; x_wconf 88' lang='lat' dir='ltr'><strong>opus</strong></span> <span class='ocrx_word' id='word_1_405' title='bbox 1454 3105 1545 3173; x_wconf 86' lang='lat' dir='ltr'><strong>sit,</strong></span> <span class='ocrx_word' id='word_1_406' title='bbox 1591 3106 1887 3174; x_wconf 61' lang='lat' dir='ltr'><strong>subjectum</strong></span> 
     </span>
    </p>
   </div>
   <div class='ocr_carea' id='block_1_32' title="bbox 1536 3096 3188 3174">
    <p class='ocr_par' dir='ltr' id='par_1_32' title="bbox 1536 3096 3188 3174">
     <span class='ocr_line' id='line_1_32' title="bbox 1536 3096 3188 3174; baseline 0.001 -26"><span class='ocrx_word' id='word_1_407' title='bbox 1536 3148 1545 3173; x_wconf 57' lang='grc'><strong>,</strong></span> <span class='ocrx_word' id='word_1_408' title='bbox 1591 3106 1887 3174; x_wconf 58' lang='grc' dir='ltr'><strong>δηιιλρειιηη</strong></span> <span class='ocrx_word' id='word_1_409' title='bbox 2068 3096 2166 3164; x_wconf 87' lang='lat' dir='ltr'><strong>Qui</strong></span> <span class='ocrx_word' id='word_1_410' title='bbox 2197 3098 2368 3151; x_wconf 92' lang='lat' dir='ltr'><strong>solum</strong></span> <span class='ocrx_word' id='word_1_411' title='bbox 2396 3098 2539 3163; x_wconf 89' lang='lat' dir='ltr'><strong>novi,</strong></span> <span class='ocrx_word' id='word_1_412' title='bbox 2573 3098 2712 3167; x_wconf 51' lang='lat' dir='ltr'><strong>qu&#39;td</strong></span> <span class='ocrx_word' id='word_1_413' title='bbox 2746 3099 2878 3151; x_wconf 85' lang='lat' dir='ltr'><strong>bene</strong></span> <span class='ocrx_word' id='word_1_414' title='bbox 2903 3098 2973 3151; x_wconf 90' lang='lat' dir='ltr'><strong>nil</strong></span> <span class='ocrx_word' id='word_1_415' title='bbox 3007 3098 3188 3152; x_wconf 75' lang='lat' dir='ltr'><strong>didici.</strong></span> 
     </span>
    </p>
   </div>
   <div class='ocr_carea' id='block_1_33' title="bbox 318 3174 1970 3262">
    <p class='ocr_par' dir='ltr' id='par_1_33' title="bbox 318 3174 1960 3249">
     <span class='ocr_line' id='line_1_33' title="bbox 318 3174 1960 3249; baseline -0.008 -2"><span class='ocrx_word' id='word_1_416' title='bbox 318 3208 535 3247; x_wconf 85' lang='lat' dir='ltr'><strong>carmen</strong></span> <span class='ocrx_word' id='word_1_417' title='bbox 568 3194 821 3249; x_wconf 89' lang='lat' dir='ltr'><strong>ostendit.</strong></span> <span class='ocrx_word' id='word_1_418' title='bbox 1915 3174 1960 3234; x_wconf 87' lang='lat' dir='ltr'><strong>C</strong></span> 
     </span>
    </p>
   </div>
   <div class='ocr_carea' id='block_1_34' title="bbox 1178 3174 2830 3262">
    <p class='ocr_par' dir='ltr' id='par_1_34' title="bbox 1915 3174 2830 3262">
     <span class='ocr_line' id='line_1_34' title="bbox 1915 3174 2830 3262; baseline 0 0"><span class='ocrx_word' id='word_1_419' title='bbox 1915 3174 1960 3234; x_wconf 73' lang='lat' dir='ltr'><strong>C</strong></span> <span class='ocrx_word' id='word_1_420' title='bbox 2744 3209 2830 3262; x_wconf 84' lang='lat' dir='ltr'><strong>tx.</strong></span> 
     </span>
    </p>
   </div>
   <div class='ocr_carea' id='block_1_35' title="bbox 1999 3302 3557 3363">
    <p class='ocr_par' dir='ltr' id='par_1_35' title="bbox 1999 3302 3557 3363">
     <span class='ocr_line' id='line_1_35' title="bbox 1999 3302 3557 3363; baseline 0.001 -10"><span class='ocrx_word' id='word_1_421' title='bbox 1999 3316 2171 3354; x_wconf 79' lang='lat' dir='ltr'><strong>DICTIO</strong></span> <span class='ocrx_word' id='word_1_422' title='bbox 2192 3316 2306 3363; x_wconf 65' lang='grc' dir='ltr'><strong>Ωυιε</strong></span> <span class='ocrx_word' id='word_1_423' title='bbox 2333 3316 2519 3354; x_wconf 69' lang='grc' dir='ltr'><strong>ΠΛΒΙΤΛ</strong></span> <span class='ocrx_word' id='word_1_424' title='bbox 2551 3314 2644 3353; x_wconf 82' lang='lat' dir='ltr'><strong>EST</strong></span> <span class='ocrx_word' id='word_1_425' title='bbox 2674 3302 2687 3330; x_wconf 79' lang='grc'>¹</span> <span class='ocrx_word' id='word_1_426' title='bbox 2719 3316 2767 3353; x_wconf 79' lang='lat' dir='ltr'><strong>IN</strong></span> <span class='ocrx_word' id='word_1_427' title='bbox 2798 3316 2989 3354; x_wconf 70' lang='lat' dir='ltr'><strong>NATALI</strong></span> <span class='ocrx_word' id='word_1_428' title='bbox 3027 3316 3208 3354; x_wconf 71' lang='lat' dir='ltr'><strong>SANCTI</strong></span> <span class='ocrx_word' id='word_1_429' title='bbox 3251 3317 3313 3354; x_wconf 75' lang='lat' dir='ltr'><strong>AC</strong></span> <span class='ocrx_word' id='word_1_430' title='bbox 3348 3316 3557 3356; x_wconf 74' lang='lat' dir='ltr'><strong>BEATIS-</strong></span> 
     </span>
    </p>
   </div>
   <div class='ocr_carea' id='block_1_36' title="bbox 2101 3404 3457 3455">
    <p class='ocr_par' dir='ltr' id='par_1_36' title="bbox 2101 3404 3457 3455">
     <span class='ocr_line' id='line_1_36' title="bbox 2101 3404 3457 3455; baseline 0.001 -12"><span class='ocrx_word' id='word_1_431' title='bbox 2101 3404 2202 3444; x_wconf 67' lang='grc'><strong>81511</strong></span> <span class='ocrx_word' id='word_1_432' title='bbox 2226 3406 2369 3444; x_wconf 72' lang='grc' dir='ltr'><strong>ΡΔΡᾸΞ</strong></span> <span class='ocrx_word' id='word_1_433' title='bbox 2400 3405 2680 3455; x_wconf 74' lang='lat' dir='ltr'><strong>EPH‘UANII,</strong></span> <span class='ocrx_word' id='word_1_434' title='bbox 2713 3406 2762 3443; x_wconf 74' lang='lat' dir='ltr'><strong>IN</strong></span> <span class='ocrx_word' id='word_1_435' title='bbox 2793 3407 2964 3455; x_wconf 72' lang='lat' dir='ltr'><strong>ANNCM</strong></span> <span class='ocrx_word' id='word_1_436' title='bbox 2996 3408 3098 3444; x_wconf 73' lang='lat' dir='ltr'><strong>XXX</strong></span> <span class='ocrx_word' id='word_1_437' title='bbox 3130 3406 3457 3446; x_wconf 74' lang='lat' dir='ltr'><strong>SACERDOTII.</strong></span> 
     </span>
    </p>
   </div>
   <div class='ocr_carea' id='block_1_37' title="bbox 318 3323 1751 3397">
    <p class='ocr_par' dir='ltr' id='par_1_37' title="bbox 318 3323 1751 3397">
     <span class='ocr_line' id='line_1_37' title="bbox 318 3323 1751 3397; baseline 0.005 -20"><span class='ocrx_word' id='word_1_438' title='bbox 318 3323 481 3378; x_wconf 82' lang='lat' dir='ltr'><strong>Fama</strong></span> <span class='ocrx_word' id='word_1_439' title='bbox 511 3323 695 3389; x_wconf 88' lang='lat' dir='ltr'><strong>refert,</strong></span> <span class='ocrx_word' id='word_1_440' title='bbox 732 3333 964 3380; x_wconf 82' lang='lat' dir='ltr'><strong>veterum</strong></span> <span class='ocrx_word' id='word_1_441' title='bbox 992 3343 1105 3395; x_wconf 72' lang='lat' dir='ltr'><strong>quae</strong></span> <span class='ocrx_word' id='word_1_442' title='bbox 1136 3328 1305 3381; x_wconf 62' lang='lat' dir='ltr'><strong>nescit</strong></span> <span class='ocrx_word' id='word_1_443' title='bbox 1329 3328 1551 3394; x_wconf 91' lang='lat' dir='ltr'><strong>perdere</strong></span> <span class='ocrx_word' id='word_1_444' title='bbox 1580 3342 1751 3397; x_wconf 78' lang='lat' dir='ltr'><strong>gesra,</strong></span> 
     </span>
    </p>
   </div>
   <div class='ocr_carea' id='block_1_38' title="bbox 388 3414 1701 3485">
    <p class='ocr_par' dir='ltr' id='par_1_38' title="bbox 388 3414 1701 3485">
     <span class='ocr_line' id='line_1_38' title="bbox 388 3414 1701 3485; baseline 0.003 -18"><span class='ocrx_word' id='word_1_445' title='bbox 388 3416 520 3479; x_wconf 63' lang='lat' dir='ltr'><strong>Quae</strong></span> <span class='ocrx_word' id='word_1_446' title='bbox 552 3414 783 3483; x_wconf 86' lang='lat' dir='ltr'><strong>loquitur</strong></span> <span class='ocrx_word' id='word_1_447' title='bbox 814 3431 1023 3483; x_wconf 87' lang='lat' dir='ltr'><strong>semper</strong></span> <span class='ocrx_word' id='word_1_448' title='bbox 1053 3418 1303 3485; x_wconf 85' lang='lat' dir='ltr'><strong>quidquid</strong></span> <span class='ocrx_word' id='word_1_449' title='bbox 1335 3418 1387 3471; x_wconf 92' lang='lat' dir='ltr'><strong>in</strong></span> <span class='ocrx_word' id='word_1_450' title='bbox 1418 3419 1549 3473; x_wconf 89' lang='lat' dir='ltr'><strong>orbe</strong></span> <span class='ocrx_word' id='word_1_451' title='bbox 1582 3419 1701 3473; x_wconf 85' lang='lat' dir='ltr'><strong>fuit.</strong></span> 
     </span>
    </p>
   </div>
   <div class='ocr_carea' id='block_1_39' title="bbox 319 3501 2917 3578">
    <p class='ocr_par' dir='ltr' id='par_1_39' title="bbox 319 3501 2917 3578">
     <span class='ocr_line' id='line_1_39' title="bbox 319 3501 2917 3578; baseline 0.001 -19"><span class='ocrx_word' id='word_1_452' title='bbox 319 3505 571 3560; x_wconf 83' lang='lat' dir='ltr'><strong>Germina</strong></span> <span class='ocrx_word' id='word_1_453' title='bbox 604 3505 727 3559; x_wconf 89' lang='lat' dir='ltr'><strong>dmn</strong></span> <span class='ocrx_word' id='word_1_454' title='bbox 754 3506 886 3559; x_wconf 86' lang='lat' dir='ltr'><strong>lucis</strong></span> <span class='ocrx_word' id='word_1_455' title='bbox 915 3508 1067 3561; x_wconf 88' lang='lat' dir='ltr'><strong>Titan</strong></span> <span class='ocrx_word' id='word_1_456' title='bbox 1090 3509 1347 3578; x_wconf 76' lang='lat' dir='ltr'><strong>dispergit</strong></span> <span class='ocrx_word' id='word_1_457' title='bbox 1377 3510 1427 3563; x_wconf 92' lang='lat' dir='ltr'><strong>in</strong></span> <span class='ocrx_word' id='word_1_458' title='bbox 1456 3526 1633 3576; x_wconf 82' lang='lat' dir='ltr'><strong>axem,</strong></span> <span class='ocrx_word' id='word_1_459' title='bbox 2650 3501 2917 3572; x_wconf 74' lang='lat' dir='ltr'><strong>Prwfalio.</strong></span> 
     </span>
    </p>
   </div>
   <div class='ocr_carea' id='block_1_40' title="bbox 388 3592 3559 3665">
    <p class='ocr_par' dir='ltr' id='par_1_40' title="bbox 388 3592 3559 3665">
     <span class='ocr_line' id='line_1_40' title="bbox 388 3592 3559 3665; baseline -0.001 -13"><span class='ocrx_word' id='word_1_460' title='bbox 388 3598 457 3652; x_wconf 84' lang='lat' dir='ltr'><strong>Et</strong></span> <span class='ocrx_word' id='word_1_461' title='bbox 483 3598 615 3651; x_wconf 88' lang='lat' dir='ltr'><strong>ditat</strong></span> <span class='ocrx_word' id='word_1_462' title='bbox 640 3598 891 3652; x_wconf 88' lang='lat' dir='ltr'><strong>mundum</strong></span> <span class='ocrx_word' id='word_1_463' title='bbox 924 3600 1187 3654; x_wconf 80' lang='lat' dir='ltr'><strong>nobilibus</strong></span> <span class='ocrx_word' id='word_1_464' title='bbox 1214 3602 1411 3655; x_wconf 89' lang='lat' dir='ltr'><strong>radiis:</strong></span> <span class='ocrx_word' id='word_1_465' title='bbox 2066 3593 2249 3649; x_wconf 87' lang='lat' dir='ltr'><strong>Sentio</strong></span> <span class='ocrx_word' id='word_1_466' title='bbox 2276 3595 2399 3663; x_wconf 90' lang='lat' dir='ltr'><strong>quid</strong></span> <span class='ocrx_word' id='word_1_467' title='bbox 2429 3593 2670 3663; x_wconf 88' lang='lat' dir='ltr'><strong>pleriq‘ue</strong></span> <span class='ocrx_word' id='word_1_468' title='bbox 2702 3594 2843 3648; x_wconf 89' lang='lat' dir='ltr'><strong>taciti</strong></span> <span class='ocrx_word' id='word_1_469' title='bbox 2894 3594 3179 3664; x_wconf 88' lang='lat' dir='ltr'><strong>loquantur</strong></span> <span class='ocrx_word' id='word_1_470' title='bbox 3211 3596 3261 3650; x_wconf 91' lang='lat' dir='ltr'><strong>in</strong></span> <span class='ocrx_word' id='word_1_471' title='bbox 3293 3592 3559 3665; x_wconf 80' lang='lat' dir='ltr'><strong>Sensibus,</strong></span> 
     </span>
    </p>
   </div>
   <div class='ocr_carea' id='block_1_41' title="bbox 320 3685 3562 3760">
    <p class='ocr_par' dir='ltr' id='par_1_41' title="bbox 320 3685 3562 3760">
     <span class='ocr_line' id='line_1_41' title="bbox 320 3685 3562 3760; baseline -0.001 -17"><span class='ocrx_word' id='word_1_472' title='bbox 320 3688 435 3743; x_wconf 82' lang='lat' dir='ltr'><strong>Uda</strong></span> <span class='ocrx_word' id='word_1_473' title='bbox 464 3689 793 3755; x_wconf 83' lang='lat' dir='ltr'><strong>vaporiferas</strong></span> <span class='ocrx_word' id='word_1_474' title='bbox 816 3690 1060 3744; x_wconf 80' lang='lat' dir='ltr'><strong>co&#39;.ihent</strong></span> <span class='ocrx_word' id='word_1_475' title='bbox 1087 3691 1209 3745; x_wconf 91' lang='lat' dir='ltr'><strong>dum</strong></span> <span class='ocrx_word' id='word_1_476' title='bbox 1239 3692 1347 3744; x_wconf 89' lang='lat' dir='ltr'><strong>lora</strong></span> <span class='ocrx_word' id='word_1_477' title='bbox 1375 3691 1680 3760; x_wconf 76' lang='lat' dir='ltr'><strong>quadrigas,</strong></span> <span class='ocrx_word' id='word_1_478' title='bbox 1995 3696 2046 3740; x_wconf 91' lang='lat' dir='ltr'><strong>et</strong></span> <span class='ocrx_word' id='word_1_479' title='bbox 2070 3688 2305 3754; x_wconf 89' lang='lat' dir='ltr'><strong>apposita</strong></span> <span class='ocrx_word' id='word_1_480' title='bbox 2337 3685 2512 3740; x_wconf 91' lang='lat' dir='ltr'><strong>cordis</strong></span> <span class='ocrx_word' id='word_1_481' title='bbox 2555 3701 2683 3739; x_wconf 90' lang='lat' dir='ltr'><strong>aure</strong></span> <span class='ocrx_word' id='word_1_482' title='bbox 2718 3701 2901 3739; x_wconf 90' lang='lat' dir='ltr'><strong>vocem</strong></span> <span class='ocrx_word' id='word_1_483' title='bbox 2933 3688 3109 3741; x_wconf 85' lang='lat' dir='ltr'><strong>cordis</strong></span> <span class='ocrx_word' id='word_1_484' title='bbox 3139 3688 3393 3756; x_wconf 82' lang='lat' dir='ltr'><strong>intelligo.</strong></span> <span class='ocrx_word' id='word_1_485' title='bbox 3440 3689 3562 3743; x_wconf 87' lang='lat' dir='ltr'><strong>Cla-</strong></span> 
     </span>
    </p>
   </div>
   <div class='ocr_carea' id='block_1_42' title="bbox 392 3775 3563 3852">
    <p class='ocr_par' dir='ltr' id='par_1_42' title="bbox 392 3775 3563 3852">
     <span class='ocr_line' id='line_1_42' title="bbox 392 3775 3563 3852; baseline -0 -20"><span class='ocrx_word' id='word_1_486' title='bbox 392 3780 454 3833; x_wconf 83' lang='lat' dir='ltr'><strong>Et</strong></span> <span class='ocrx_word' id='word_1_487' title='bbox 483 3780 709 3832; x_wconf 89' lang='lat' dir='ltr'><strong>nitidum</strong></span> <span class='ocrx_word' id='word_1_488' title='bbox 739 3796 927 3848; x_wconf 76' lang='lat' dir='ltr'><strong>gurges</strong></span> <span class='ocrx_word' id='word_1_489' title='bbox 959 3782 1117 3833; x_wconf 82' lang='lat' dir='ltr'><strong>mittit</strong></span> <span class='ocrx_word' id='word_1_490' title='bbox 1140 3782 1331 3849; x_wconf 92' lang='lat' dir='ltr'><strong>ubique</strong></span> <span class='ocrx_word' id='word_1_491' title='bbox 1353 3782 1515 3835; x_wconf 87' lang='lat' dir='ltr'><strong>diem.</strong></span> <span class='ocrx_word' id='word_1_492' title='bbox 1996 3786 2142 3829; x_wconf 89' lang='lat' dir='ltr'><strong>mant</strong></span> <span class='ocrx_word' id='word_1_493' title='bbox 2186 3777 2325 3829; x_wconf 91' lang='lat' dir='ltr'><strong>enim</strong></span> <span class='ocrx_word' id='word_1_494' title='bbox 2360 3776 2459 3829; x_wconf 88' lang='lat' dir='ltr'><strong>ista</strong></span> <span class='ocrx_word' id='word_1_495' title='bbox 2488 3776 2694 3829; x_wconf 91' lang='lat' dir='ltr'><strong>silentia</strong></span> <span class='ocrx_word' id='word_1_496' title='bbox 2730 3775 2853 3843; x_wconf 90' lang='lat' dir='ltr'><strong>quid</strong></span> <span class='ocrx_word' id='word_1_497' title='bbox 2878 3776 2976 3828; x_wconf 89' lang='lat' dir='ltr'><strong>sibi</strong></span> <span class='ocrx_word' id='word_1_498' title='bbox 3008 3777 3194 3829; x_wconf 66' lang='lat' dir='ltr'><strong>aliena:</strong></span> <span class='ocrx_word' id='word_1_499' title='bbox 3218 3778 3563 3852; x_wconf 87' lang='lat' dir='ltr'><strong>professionis</strong></span> 
     </span>
    </p>
   </div>
   <div class='ocr_carea' id='block_1_43' title="bbox 322 3866 3562 3941">
    <p class='ocr_par' dir='ltr' id='par_1_43' title="bbox 322 3866 3562 3941">
     <span class='ocr_line' id='line_1_43' title="bbox 322 3866 3562 3941; baseline -0.001 -16"><span class='ocrx_word' id='word_1_500' title='bbox 322 3870 597 3926; x_wconf 87' lang='lat' dir='ltr'><strong>Undantes</strong></span> <span class='ocrx_word' id='word_1_501' title='bbox 626 3872 798 3926; x_wconf 90' lang='lat' dir='ltr'><strong>doctis</strong></span> <span class='ocrx_word' id='word_1_502' title='bbox 823 3873 1065 3926; x_wconf 88' lang='lat' dir='ltr'><strong>manibus</strong></span> <span class='ocrx_word' id='word_1_503' title='bbox 1095 3874 1174 3925; x_wconf 82' lang='lat' dir='ltr'><strong>sol</strong></span> <span class='ocrx_word' id='word_1_504' title='bbox 1208 3874 1351 3927; x_wconf 80' lang='lat' dir='ltr'><strong>ﬂexit</strong></span> <span class='ocrx_word' id='word_1_505' title='bbox 1381 3876 1635 3941; x_wconf 72' lang='lat' dir='ltr'><strong>habenas,</strong></span> <span class='ocrx_word' id='word_1_506' title='bbox 1996 3869 2153 3919; x_wconf 89' lang='lat' dir='ltr'><strong>homo</strong></span> <span class='ocrx_word' id='word_1_507' title='bbox 2183 3875 2384 3934; x_wconf 68' lang='lat' dir='ltr'><strong>quaerat</strong></span> <span class='ocrx_word' id='word_1_508' title='bbox 2411 3880 2473 3920; x_wconf 79' lang='lat' dir='ltr'><strong>ex</strong></span> <span class='ocrx_word' id='word_1_509' title='bbox 2506 3868 2737 3920; x_wconf 87' lang='lat' dir='ltr'><strong>themate</strong></span> <span class='ocrx_word' id='word_1_510' title='bbox 2762 3910 2776 3935; x_wconf 91' lang='lat'><strong>,</strong></span> <span class='ocrx_word' id='word_1_511' title='bbox 2801 3866 2924 3935; x_wconf 89' lang='lat' dir='ltr'><strong>quid</strong></span> <span class='ocrx_word' id='word_1_512' title='bbox 2950 3868 3228 3935; x_wconf 79' lang='lat' dir='ltr'><strong>insignitus</strong></span> <span class='ocrx_word' id='word_1_513' title='bbox 3250 3870 3562 3925; x_wconf 85' lang='lat' dir='ltr'><strong>humilitatis</strong></span> 
     </span>
    </p>
   </div>
   <div class='ocr_carea' id='block_1_44' title="bbox 388 3958 3560 4029">
    <p class='ocr_par' dir='ltr' id='par_1_44' title="bbox 388 3958 3560 4029">
     <span class='ocr_line' id='line_1_44' title="bbox 388 3958 3560 4029; baseline 0.001 -14"><span class='ocrx_word' id='word_1_514' title='bbox 388 3962 663 4016; x_wconf 80' lang='lat' dir='ltr'><strong>Artiﬁcem</strong></span> <span class='ocrx_word' id='word_1_515' title='bbox 694 3961 873 4014; x_wconf 87' lang='lat' dir='ltr'><strong>domin</strong></span> <span class='ocrx_word' id='word_1_516' title='bbox 916 3978 964 4014; x_wconf 92' lang='lat' dir='ltr'><strong>m</strong></span> <span class='ocrx_word' id='word_1_517' title='bbox 996 3962 1081 4014; x_wconf 79' lang='lat' dir='ltr'><strong>lux</strong></span> <span class='ocrx_word' id='word_1_518' title='bbox 1116 3962 1247 4015; x_wconf 88' lang='lat' dir='ltr'><strong>bene</strong></span> <span class='ocrx_word' id='word_1_519' title='bbox 1280 3972 1401 4014; x_wconf 92' lang='lat' dir='ltr'><strong>nota</strong></span> <span class='ocrx_word' id='word_1_520' title='bbox 1436 3963 1572 4015; x_wconf 92' lang='lat' dir='ltr'><strong>tulit.</strong></span> <span class='ocrx_word' id='word_1_521' title='bbox 1996 3958 2161 4011; x_wconf 86' lang='lat' dir='ltr'><strong>titulis</strong></span> <span class='ocrx_word' id='word_1_522' title='bbox 2204 3974 2297 4026; x_wconf 91' lang='lat' dir='ltr'><strong>per</strong></span> <span class='ocrx_word' id='word_1_523' title='bbox 2326 3968 2606 4026; x_wconf 85' lang='lat' dir='ltr'><strong>crepantes</strong></span> <span class='ocrx_word' id='word_1_524' title='bbox 2648 3973 2713 4011; x_wconf 84' lang='lat' dir='ltr'><strong>ex</strong></span> <span class='ocrx_word' id='word_1_525' title='bbox 2760 3974 2909 4014; x_wconf 90' lang='lat' dir='ltr'><strong>more</strong></span> <span class='ocrx_word' id='word_1_526' title='bbox 2948 3962 3085 4029; x_wconf 87' lang='lat' dir='ltr'><strong>vulgi</strong></span> <span class='ocrx_word' id='word_1_527' title='bbox 3133 3976 3329 4017; x_wconf 89' lang='lat' dir='ltr'><strong>cuneos</strong></span> <span class='ocrx_word' id='word_1_528' title='bbox 3377 3980 3560 4018; x_wconf 85' lang='lat' dir='ltr'><strong>vocem</strong></span> 
     </span>
    </p>
   </div>
   <div class='ocr_carea' id='block_1_45' title="bbox 320 4050 3561 4119">
    <p class='ocr_par' dir='ltr' id='par_1_45' title="bbox 320 4050 3561 4119">
     <span class='ocr_line' id='line_1_45' title="bbox 320 4050 3561 4119; baseline 0.001 -14"><span class='ocrx_word' id='word_1_529' title='bbox 320 4051 418 4105; x_wconf 89' lang='lat' dir='ltr'><strong>Sed</strong></span> <span class='ocrx_word' id='word_1_530' title='bbox 444 4052 832 4105; x_wconf 71' lang='lat' dir='ltr'><strong>Phaethontmo</strong></span> <span class='ocrx_word' id='word_1_531' title='bbox 867 4059 1139 4118; x_wconf 85' lang='lat' dir='ltr'><strong>postquam</strong></span> <span class='ocrx_word' id='word_1_532' title='bbox 1170 4051 1298 4105; x_wconf 87' lang='lat' dir='ltr'><strong>dare</strong></span> <span class='ocrx_word' id='word_1_533' title='bbox 1330 4066 1489 4119; x_wconf 85' lang='lat' dir='ltr'><strong>regna</strong></span> <span class='ocrx_word' id='word_1_534' title='bbox 1517 4058 1732 4119; x_wconf 84' lang='lat' dir='ltr'><strong>precatu</strong></span> <span class='ocrx_word' id='word_1_535' title='bbox 1994 4050 2208 4117; x_wconf 89' lang='lat' dir='ltr'><strong>plausus</strong></span> <span class='ocrx_word' id='word_1_536' title='bbox 2260 4060 2575 4118; x_wconf 80' lang='lat' dir='ltr'><strong>exspectat,</strong></span> <span class='ocrx_word' id='word_1_537' title='bbox 2629 4066 2764 4119; x_wconf 91' lang='lat' dir='ltr'><strong>quos</strong></span> <span class='ocrx_word' id='word_1_538' title='bbox 2826 4054 3241 4106; x_wconf 88' lang='lat' dir='ltr'><strong>tumescentibus</strong></span> <span class='ocrx_word' id='word_1_539' title='bbox 3296 4054 3561 4109; x_wconf 89' lang='lat' dir='ltr'><strong>fautorum</strong></span> 
     </span>
    </p>
   </div>
   <div class='ocr_carea' id='block_1_46' title="bbox 399 4140 3560 4210">
    <p class='ocr_par' dir='ltr' id='par_1_46' title="bbox 399 4140 3560 4210">
     <span class='ocr_line' id='line_1_46' title="bbox 399 4140 3560 4210; baseline 0.001 -15"><span class='ocrx_word' id='word_1_540' title='bbox 399 4142 515 4195; x_wconf 75' lang='lat' dir='ltr'><strong>Non</strong></span> <span class='ocrx_word' id='word_1_541' title='bbox 547 4141 832 4209; x_wconf 79' lang='lat' dir='ltr'><strong>exploratis</strong></span> <span class='ocrx_word' id='word_1_542' title='bbox 862 4140 1058 4193; x_wconf 74' lang='lat' dir='ltr'><strong>Vil&#39;lblS</strong></span> <span class='ocrx_word' id='word_1_543' title='bbox 1091 4141 1354 4193; x_wconf 89' lang='lat' dir='ltr'><strong>instituit:</strong></span> <span class='ocrx_word' id='word_1_544' title='bbox 1995 4140 2154 4193; x_wconf 78' lang='lat' dir='ltr'><strong>bullis</strong></span> <span class='ocrx_word' id='word_1_545' title='bbox 2203 4155 2328 4193; x_wconf 90' lang='lat' dir='ltr'><strong>aura</strong></span> <span class='ocrx_word' id='word_1_546' title='bbox 2375 4142 2639 4210; x_wconf 80' lang='lat' dir='ltr'><strong>populatis</strong></span> <span class='ocrx_word' id='word_1_547' title='bbox 2684 4145 2991 4196; x_wconf 75' lang='lat' dir='ltr'><strong>exsuscitat.</strong></span> <span class='ocrx_word' id='word_1_548' title='bbox 3024 4145 3159 4197; x_wconf 85' lang='lat' dir='ltr'><strong>Olim</strong></span> <span class='ocrx_word' id='word_1_549' title='bbox 3209 4146 3329 4197; x_wconf 87' lang='lat' dir='ltr'><strong>talia</strong></span> <span class='ocrx_word' id='word_1_550' title='bbox 3380 4147 3560 4199; x_wconf 88' lang='lat' dir='ltr'><strong>dicunt</strong></span> 
     </span>
    </p>
   </div>
   <div class='ocr_carea' id='block_1_47' title="bbox 319 4230 3561 4299">
    <p class='ocr_par' dir='ltr' id='par_1_47' title="bbox 319 4230 3561 4299">
     <span class='ocr_line' id='line_1_47' title="bbox 319 4230 3561 4299; baseline 0.001 -13"><span class='ocrx_word' id='word_1_551' title='bbox 319 4234 647 4299; x_wconf 85' lang='lat' dir='ltr'><strong>Degenerem</strong></span> <span class='ocrx_word' id='word_1_552' title='bbox 679 4231 861 4298; x_wconf 88' lang='lat' dir='ltr'><strong>primis</strong></span> <span class='ocrx_word' id='word_1_553' title='bbox 887 4240 1147 4283; x_wconf 88' lang='lat' dir='ltr'><strong>rectorem</strong></span> <span class='ocrx_word' id='word_1_554' title='bbox 1182 4231 1410 4283; x_wconf 91' lang='lat' dir='ltr'><strong>motibus</strong></span> <span class='ocrx_word' id='word_1_555' title='bbox 1440 4240 1641 4284; x_wconf 84' lang='lat' dir='ltr'><strong>astrum</strong></span> <span class='ocrx_word' id='word_1_556' title='bbox 1992 4230 2242 4285; x_wconf 82' lang='lat' dir='ltr'><strong>debuisse</strong></span> <span class='ocrx_word' id='word_1_557' title='bbox 2288 4232 2572 4299; x_wconf 89' lang='lat' dir='ltr'><strong>componi,</strong></span> <span class='ocrx_word' id='word_1_558' title='bbox 2626 4247 2744 4284; x_wconf 92' lang='lat' dir='ltr'><strong>cum</strong></span> <span class='ocrx_word' id='word_1_559' title='bbox 2797 4234 3136 4288; x_wconf 88' lang='lat' dir='ltr'><strong>adulantibus</strong></span> <span class='ocrx_word' id='word_1_560' title='bbox 3190 4237 3561 4291; x_wconf 75' lang='lat' dir='ltr'><strong>adolescentia:</strong></span> 
     </span>
    </p>
   </div>
   <div class='ocr_carea' id='block_1_48' title="bbox 388 4319 3563 4388">
    <p class='ocr_par' dir='ltr' id='par_1_48' title="bbox 388 4319 3563 4388">
     <span class='ocr_line' id='line_1_48' title="bbox 388 4319 3563 4388; baseline 0.003 -14"><span class='ocrx_word' id='word_1_561' title='bbox 388 4321 587 4383; x_wconf 90' lang='lat' dir='ltr'><strong>Sensit,</strong></span> <span class='ocrx_word' id='word_1_562' title='bbox 622 4327 675 4372; x_wconf 90' lang='lat' dir='ltr'><strong>et</strong></span> <span class='ocrx_word' id='word_1_563' title='bbox 698 4319 935 4373; x_wconf 76' lang='lat' dir='ltr'><strong>excussis</strong></span> <span class='ocrx_word' id='word_1_564' title='bbox 961 4333 1178 4372; x_wconf 91' lang='lat' dir='ltr'><strong>currere</strong></span> <span class='ocrx_word' id='word_1_565' title='bbox 1210 4319 1369 4387; x_wconf 72' lang='lat' dir='ltr'><strong>erepit</strong></span> <span class='ocrx_word' id='word_1_566' title='bbox 1398 4321 1566 4387; x_wconf 90' lang='lat' dir='ltr'><strong>cquis.</strong></span> <span class='ocrx_word' id='word_1_567' title='bbox 1992 4320 2208 4372; x_wconf 81' lang='lat' dir='ltr'><strong>ﬂoribus</strong></span> <span class='ocrx_word' id='word_1_568' title='bbox 2237 4328 2290 4373; x_wconf 89' lang='lat' dir='ltr'><strong>et</strong></span> <span class='ocrx_word' id='word_1_569' title='bbox 2320 4322 2556 4387; x_wconf 65' lang='lat' dir='ltr'><strong>pueritiae</strong></span> <span class='ocrx_word' id='word_1_570' title='bbox 2597 4322 2769 4375; x_wconf 89' lang='lat' dir='ltr'><strong>adlmc</strong></span> <span class='ocrx_word' id='word_1_571' title='bbox 2799 4324 2849 4375; x_wconf 91' lang='lat' dir='ltr'><strong>in</strong></span> <span class='ocrx_word' id='word_1_572' title='bbox 2880 4326 2987 4388; x_wconf 83' lang='lat' dir='ltr'><strong>illo,</strong></span> <span class='ocrx_word' id='word_1_573' title='bbox 3019 4335 3071 4377; x_wconf 91' lang='lat' dir='ltr'><strong>et</strong></span> <span class='ocrx_word' id='word_1_574' title='bbox 3101 4328 3368 4379; x_wconf 79' lang='lat' dir='ltr'><strong>saeco&#39;aris</strong></span> <span class='ocrx_word' id='word_1_575' title='bbox 3400 4330 3563 4382; x_wconf 89' lang='lat' dir='ltr'><strong>licen-</strong></span> 
     </span>
    </p>
   </div>
   <div class='ocr_carea' id='block_1_49' title="bbox 319 4409 3562 4475">
    <p class='ocr_par' dir='ltr' id='par_1_49' title="bbox 319 4409 3562 4475">
     <span class='ocr_line' id='line_1_49' title="bbox 319 4409 3562 4475; baseline 0.002 -12"><span class='ocrx_word' id='word_1_576' title='bbox 319 4410 465 4464; x_wconf 82' lang='lat' dir='ltr'><strong>Tunc</strong></span> <span class='ocrx_word' id='word_1_577' title='bbox 496 4420 659 4462; x_wconf 90' lang='lat' dir='ltr'><strong>totam</strong></span> <span class='ocrx_word' id='word_1_578' title='bbox 686 4410 898 4475; x_wconf 84' lang='lat' dir='ltr'><strong>sonipes</strong></span> <span class='ocrx_word' id='word_1_579' title='bbox 924 4409 1093 4461; x_wconf 85' lang='lat' dir='ltr'><strong>lucem</strong></span> <span class='ocrx_word' id='word_1_580' title='bbox 1128 4410 1191 4460; x_wconf 85' lang='lat' dir='ltr'><strong>tle</strong></span> <span class='ocrx_word' id='word_1_581' title='bbox 1223 4410 1438 4461; x_wconf 89' lang='lat' dir='ltr'><strong>naribus</strong></span> <span class='ocrx_word' id='word_1_582' title='bbox 1464 4409 1550 4463; x_wconf 85' lang='lat' dir='ltr'><strong>effl</strong></span> <span class='ocrx_word' id='word_1_583' title='bbox 1573 4424 1651 4463; x_wconf 59' lang='lat' dir='ltr'><strong>ins</strong></span> <span class='ocrx_word' id='word_1_584' title='bbox 1991 4412 2076 4464; x_wconf 70' lang='lat' dir='ltr'><strong>tia:</strong></span> <span class='ocrx_word' id='word_1_585' title='bbox 2113 4425 2273 4463; x_wconf 88' lang='lat' dir='ltr'><strong>verna</strong></span> <span class='ocrx_word' id='word_1_586' title='bbox 2306 4412 2579 4474; x_wconf 88' lang='lat' dir='ltr'><strong>riderent,</strong></span> <span class='ocrx_word' id='word_1_587' title='bbox 2612 4425 2730 4464; x_wconf 88' lang='lat' dir='ltr'><strong>cum</strong></span> <span class='ocrx_word' id='word_1_588' title='bbox 2778 4414 3121 4466; x_wconf 84' lang='lat' dir='ltr'><strong>reboantibus</strong></span> <span class='ocrx_word' id='word_1_589' title='bbox 3168 4416 3340 4469; x_wconf 73' lang='lat' dir='ltr'><strong>efferri</strong></span> <span class='ocrx_word' id='word_1_590' title='bbox 3372 4419 3562 4472; x_wconf 68' lang='lat' dir='ltr'><strong>“decuit</strong></span> 
     </span>
    </p>
   </div>
   <div class='ocr_carea' id='block_1_50' title="bbox 384 4501 3559 4595">
    <p class='ocr_par' dir='ltr' id='par_1_50' title="bbox 384 4501 3559 4595">
     <span class='ocr_line' id='line_1_50' title="bbox 384 4501 3559 4595; baseline 0.003 -42"><span class='ocrx_word' id='word_1_591' title='bbox 384 4501 500 4553; x_wconf 84' lang='lat' dir='ltr'><strong>Non</strong></span> <span class='ocrx_word' id='word_1_592' title='bbox 535 4501 704 4554; x_wconf 90' lang='lat' dir='ltr'><strong>tenuit</strong></span> <span class='ocrx_word' id='word_1_593' title='bbox 734 4502 863 4567; x_wconf 85' lang='lat' dir='ltr'><strong>legis</strong></span> <span class='ocrx_word' id='word_1_594' title='bbox 904 4510 1139 4566; x_wconf 75' lang='lat' dir='ltr'><strong>tempora</strong></span> <span class='ocrx_word' id='word_1_595' title='bbox 1175 4509 1319 4553; x_wconf 90' lang='lat' dir='ltr'><strong>certa</strong></span> <span class='ocrx_word' id='word_1_596' title='bbox 1350 4515 1482 4553; x_wconf 67' lang='lat' dir='ltr'><strong>sure.</strong></span> <span class='ocrx_word' id='word_1_597' title='bbox 1516 4534 1519 4535; x_wconf 51' lang='grc' dir='ltr'><em>ν</em></span> <span class='ocrx_word' id='word_1_598' title='bbox 1914 4537 1966 4595; x_wconf 79' lang='lat' dir='ltr'><strong>D</strong></span> <span class='ocrx_word' id='word_1_599' title='bbox 1990 4503 2455 4557; x_wconf 88' lang='lat' dir='ltr'><strong>acclamationibus</strong></span> <span class='ocrx_word' id='word_1_600' title='bbox 2481 4544 2495 4569; x_wconf 89' lang='lat'><strong>,</strong></span> <span class='ocrx_word' id='word_1_601' title='bbox 2528 4513 2648 4557; x_wconf 86' lang='lat' dir='ltr'><strong>tunc</strong></span> <span class='ocrx_word' id='word_1_602' title='bbox 2680 4518 2796 4556; x_wconf 92' lang='lat' dir='ltr'><strong>cum</strong></span> <span class='ocrx_word' id='word_1_603' title='bbox 2824 4506 2941 4573; x_wconf 86' lang='lat' dir='ltr'><strong>capi</strong></span> <span class='ocrx_word' id='word_1_604' title='bbox 2972 4508 3139 4572; x_wconf 85' lang='lat' dir='ltr'><strong>potuit</strong></span> <span class='ocrx_word' id='word_1_605' title='bbox 3171 4510 3326 4559; x_wconf 85' lang='lat' dir='ltr'><strong>etiam</strong></span> <span class='ocrx_word' id='word_1_606' title='bbox 3372 4509 3559 4563; x_wconf 78' lang='lat' dir='ltr'><strong>fucata:</strong></span> 
     </span>
    </p>
   </div>
   <div class='ocr_carea' id='block_1_51' title="bbox 319 4590 3557 4665">
    <p class='ocr_par' dir='ltr' id='par_1_51' title="bbox 319 4590 3557 4665">
     <span class='ocr_line' id='line_1_51' title="bbox 319 4590 3557 4665; baseline 0.002 -22"><span class='ocrx_word' id='word_1_607' title='bbox 319 4590 373 4643; x_wconf 93' lang='lat' dir='ltr'><strong>ln</strong></span> <span class='ocrx_word' id='word_1_608' title='bbox 406 4592 672 4644; x_wconf 78' lang='lat' dir='ltr'><strong>ﬂammam</strong></span> <span class='ocrx_word' id='word_1_609' title='bbox 703 4592 864 4644; x_wconf 68' lang='lat' dir='ltr'><strong>cessit</strong></span> <span class='ocrx_word' id='word_1_610' title='bbox 892 4594 1162 4659; x_wconf 63' lang='lat' dir='ltr'><strong>splendor,</strong></span> <span class='ocrx_word' id='word_1_611' title='bbox 1196 4592 1331 4658; x_wconf 89' lang='lat' dir='ltr'><strong>quod</strong></span> <span class='ocrx_word' id='word_1_612' title='bbox 1363 4592 1578 4644; x_wconf 83' lang='lat' dir='ltr'><strong>luminat</strong></span> <span class='ocrx_word' id='word_1_613' title='bbox 1613 4592 1764 4656; x_wconf 90' lang='lat' dir='ltr'><strong>ussit,</strong></span> <span class='ocrx_word' id='word_1_614' title='bbox 1900 4590 1953 4625; x_wconf 60' lang='lat'><strong>-&#39;</strong></span> <span class='ocrx_word' id='word_1_615' title='bbox 1999 4594 2282 4662; x_wconf 87' lang='lat' dir='ltr'><strong>voluptatis</strong></span> <span class='ocrx_word' id='word_1_616' title='bbox 2330 4597 2507 4663; x_wconf 89' lang='lat' dir='ltr'><strong>specie</strong></span> <span class='ocrx_word' id='word_1_617' title='bbox 2542 4612 2555 4657; x_wconf 85' lang='lat'><strong>:</strong></span> <span class='ocrx_word' id='word_1_618' title='bbox 2607 4612 2747 4648; x_wconf 93' lang='lat' dir='ltr'><strong>nunc</strong></span> <span class='ocrx_word' id='word_1_619' title='bbox 2787 4611 2882 4649; x_wconf 91' lang='lat' dir='ltr'><strong>cur</strong></span> <span class='ocrx_word' id='word_1_620' title='bbox 2917 4598 3098 4650; x_wconf 90' lang='lat' dir='ltr'><strong>recitet</strong></span> <span class='ocrx_word' id='word_1_621' title='bbox 3134 4599 3254 4665; x_wconf 86' lang='lat' dir='ltr'><strong>pubi</strong></span> <span class='ocrx_word' id='word_1_622' title='bbox 3281 4612 3363 4660; x_wconf 90' lang='lat' dir='ltr'><strong>ce,</strong></span> <span class='ocrx_word' id='word_1_623' title='bbox 3403 4616 3557 4665; x_wconf 69' lang='lat' dir='ltr'><strong>quem</strong></span> 
     </span>
    </p>
   </div>
   <div class='ocr_carea' id='block_1_52' title="bbox 385 4681 3560 4752">
    <p class='ocr_par' dir='ltr' id='par_1_52' title="bbox 385 4681 3560 4752">
     <span class='ocr_line' id='line_1_52' title="bbox 385 4681 3560 4752; baseline 0.003 -19"><span class='ocrx_word' id='word_1_624' title='bbox 385 4681 642 4750; x_wconf 89' lang='lat' dir='ltr'><strong>Quodque</strong></span> <span class='ocrx_word' id='word_1_625' title='bbox 672 4682 872 4734; x_wconf 87' lang='lat' dir='ltr'><strong>animat</strong></span> <span class='ocrx_word' id='word_1_626' title='bbox 903 4693 1067 4735; x_wconf 88' lang='lat' dir='ltr'><strong>terras</strong></span> <span class='ocrx_word' id='word_1_627' title='bbox 1090 4683 1303 4735; x_wconf 66' lang='lat' dir='ltr'><strong>exitium</strong></span> <span class='ocrx_word' id='word_1_628' title='bbox 1340 4685 1559 4750; x_wconf 90' lang='lat' dir='ltr'><strong>peperit.</strong></span> <span class='ocrx_word' id='word_1_629' title='bbox 1994 4687 2108 4739; x_wconf 83' lang='lat' dir='ltr'><strong>laus</strong></span> <span class='ocrx_word' id='word_1_630' title='bbox 2131 4701 2229 4740; x_wconf 91' lang='lat' dir='ltr'><strong>nec</strong></span> <span class='ocrx_word' id='word_1_631' title='bbox 2255 4687 2404 4738; x_wconf 87' lang='lat' dir='ltr'><strong>decet</strong></span> <span class='ocrx_word' id='word_1_632' title='bbox 2434 4686 2659 4752; x_wconf 79' lang='lat' dir='ltr'><strong>publica,</strong></span> <span class='ocrx_word' id='word_1_633' title='bbox 2694 4701 2790 4741; x_wconf 88' lang='lat' dir='ltr'><strong>nec</strong></span> <span class='ocrx_word' id='word_1_634' title='bbox 2821 4687 3084 4739; x_wconf 84' lang='lat' dir='ltr'><strong>delectat?</strong></span> <span class='ocrx_word' id='word_1_635' title='bbox 3136 4688 3192 4739; x_wconf 83' lang='lat' dir='ltr'><strong>lli</strong></span> <span class='ocrx_word' id='word_1_636' title='bbox 3223 4690 3560 4744; x_wconf 89' lang='lat' dir='ltr'><strong>meminerint</strong></span> 
     </span>
    </p>
   </div>
   <div class='ocr_carea' id='block_1_53' title="bbox 320 4772 3561 4844">
    <p class='ocr_par' dir='ltr' id='par_1_53' title="bbox 320 4772 3561 4844">
     <span class='ocr_line' id='line_1_53' title="bbox 320 4772 3561 4844; baseline 0.002 -20"><span class='ocrx_word' id='word_1_637' title='bbox 320 4772 462 4825; x_wconf 87' lang='lat' dir='ltr'><strong>Tunc</strong></span> <span class='ocrx_word' id='word_1_638' title='bbox 483 4783 536 4825; x_wconf 81' lang='lat' dir='ltr'><strong>et</strong></span> <span class='ocrx_word' id='word_1_639' title='bbox 570 4773 939 4841; x_wconf 68' lang='lat' dir='ltr'><strong>Hyperboreas</strong></span> <span class='ocrx_word' id='word_1_640' title='bbox 967 4772 1091 4825; x_wconf 92' lang='lat' dir='ltr'><strong>dum</strong></span> <span class='ocrx_word' id='word_1_641' title='bbox 1121 4773 1311 4839; x_wconf 83' lang='lat' dir='ltr'><strong>frangit</strong></span> <span class='ocrx_word' id='word_1_642' title='bbox 1340 4773 1581 4841; x_wconf 80' lang='lat' dir='ltr'><strong>lampade</strong></span> <span class='ocrx_word' id='word_1_643' title='bbox 1615 4784 1818 4827; x_wconf 89' lang='lat' dir='ltr'><strong>crustas</strong></span> <span class='ocrx_word' id='word_1_644' title='bbox 1995 4775 2135 4844; x_wconf 90' lang='lat' dir='ltr'><strong>quod</strong></span> <span class='ocrx_word' id='word_1_645' title='bbox 2164 4789 2260 4839; x_wconf 77' lang='lat' dir='ltr'><strong>ego</strong></span> <span class='ocrx_word' id='word_1_646' title='bbox 2295 4790 2403 4826; x_wconf 89' lang='lat' dir='ltr'><strong>rem</strong></span> <span class='ocrx_word' id='word_1_647' title='bbox 2435 4777 2599 4827; x_wconf 86' lang='lat' dir='ltr'><strong>nostri</strong></span> <span class='ocrx_word' id='word_1_648' title='bbox 2631 4778 2865 4829; x_wconf 70' lang='lat' dir='ltr'><strong>tnunrris</strong></span> <span class='ocrx_word' id='word_1_649' title='bbox 2886 4791 3001 4843; x_wconf 87' lang='lat' dir='ltr'><strong>ago.</strong></span> <span class='ocrx_word' id='word_1_650' title='bbox 3036 4792 3189 4844; x_wconf 81' lang='lat' dir='ltr'><strong>quem</strong></span> <span class='ocrx_word' id='word_1_651' title='bbox 3232 4778 3281 4829; x_wconf 93' lang='lat' dir='ltr'><strong>in</strong></span> <span class='ocrx_word' id='word_1_652' title='bbox 3314 4780 3561 4832; x_wconf 70' lang='lat' dir='ltr'><strong>sacerdo-</strong></span> 
     </span>
    </p>
   </div>
   <div class='ocr_carea' id='block_1_54' title="bbox 388 4864 3560 4937">
    <p class='ocr_par' dir='ltr' id='par_1_54' title="bbox 388 4864 3560 4937">
     <span class='ocr_line' id='line_1_54' title="bbox 388 4864 3560 4937; baseline 0.002 -21"><span class='ocrx_word' id='word_1_653' title='bbox 388 4864 575 4931; x_wconf 78' lang='lat' dir='ltr'><strong>Epotis</strong></span> <span class='ocrx_word' id='word_1_654' title='bbox 602 4864 795 4916; x_wconf 83' lang='lat' dir='ltr'><strong>Tanais</strong></span> <span class='ocrx_word' id='word_1_655' title='bbox 822 4864 994 4917; x_wconf 90' lang='lat' dir='ltr'><strong>siccus</strong></span> <span class='ocrx_word' id='word_1_656' title='bbox 1022 4864 1199 4915; x_wconf 85' lang='lat' dir='ltr'><strong>abibat</strong></span> <span class='ocrx_word' id='word_1_657' title='bbox 1228 4864 1395 4931; x_wconf 83' lang='lat' dir='ltr'><strong>aquis.</strong></span> <span class='ocrx_word' id='word_1_658' title='bbox 1998 4867 2063 4918; x_wconf 90' lang='lat' dir='ltr'><strong>tis</strong></span> <span class='ocrx_word' id='word_1_659' title='bbox 2094 4864 2370 4932; x_wconf 74' lang='lat' dir='ltr'><strong>przeconiis</strong></span> <span class='ocrx_word' id='word_1_660' title='bbox 2398 4866 2813 4918; x_wconf 68' lang='lat' dir='ltr'><strong>constatsentire</strong></span> <span class='ocrx_word' id='word_1_661' title='bbox 2838 4881 2955 4933; x_wconf 65' lang='lat' dir='ltr'><strong>qua:</strong></span> <span class='ocrx_word' id='word_1_662' title='bbox 2985 4866 3222 4919; x_wconf 88' lang='lat' dir='ltr'><strong>debeam.</strong></span> <span class='ocrx_word' id='word_1_663' title='bbox 3250 4866 3342 4920; x_wconf 89' lang='lat' dir='ltr'><strong>Cui</strong></span> <span class='ocrx_word' id='word_1_664' title='bbox 3371 4884 3560 4937; x_wconf 88' lang='lat' dir='ltr'><strong>quam-</strong></span> 
     </span>
    </p>
   </div>
   <div class='ocr_carea' id='block_1_55' title="bbox 319 4952 3557 5024">
    <p class='ocr_par' dir='ltr' id='par_1_55' title="bbox 319 4952 3557 5024">
     <span class='ocr_line' id='line_1_55' title="bbox 319 4952 3557 5024; baseline 0.004 -19"><span class='ocrx_word' id='word_1_665' title='bbox 319 4952 636 5020; x_wconf 82' lang='lat' dir='ltr'><strong>Crystallum</strong></span> <span class='ocrx_word' id='word_1_666' title='bbox 669 4952 834 5014; x_wconf 81' lang='lat' dir='ltr'><strong>fluxit,</strong></span> <span class='ocrx_word' id='word_1_667' title='bbox 861 4952 952 5004; x_wconf 88' lang='lat' dir='ltr'><strong>sed</strong></span> <span class='ocrx_word' id='word_1_668' title='bbox 976 4967 1159 5004; x_wconf 84' lang='lat' dir='ltr'><strong>cursus</strong></span> <span class='ocrx_word' id='word_1_669' title='bbox 1190 4953 1416 5004; x_wconf 59' lang='lat' dir='ltr'><strong>llutninis</strong></span> <span class='ocrx_word' id='word_1_670' title='bbox 1445 4954 1606 5007; x_wconf 85' lang='lat' dir='ltr'><strong>arsit;</strong></span> <span class='ocrx_word' id='word_1_671' title='bbox 1990 4956 2068 5009; x_wconf 91' lang='lat' dir='ltr'><strong>vis</strong></span> <span class='ocrx_word' id='word_1_672' title='bbox 2096 4971 2233 5009; x_wconf 91' lang='lat' dir='ltr'><strong>nunc</strong></span> <span class='ocrx_word' id='word_1_673' title='bbox 2261 4955 2646 5023; x_wconf 78' lang='lat' dir='ltr'><strong>intempestivis</strong></span> <span class='ocrx_word' id='word_1_674' title='bbox 2690 4957 2935 5011; x_wconf 88' lang='lat' dir='ltr'><strong>laudibus</strong></span> <span class='ocrx_word' id='word_1_675' title='bbox 2968 4958 3183 5012; x_wconf 89' lang='lat' dir='ltr'><strong>reddam</strong></span> <span class='ocrx_word' id='word_1_676' title='bbox 3221 4962 3446 5024; x_wconf 84' lang='lat' dir='ltr'><strong>modica,</strong></span> <span class='ocrx_word' id='word_1_677' title='bbox 3482 4976 3557 5018; x_wconf 89' lang='lat' dir='ltr'><strong>ta-</strong></span> 
     </span>
    </p>
   </div>
   <div class='ocr_carea' id='block_1_56' title="bbox 384 5041 3559 5124">
    <p class='ocr_par' dir='ltr' id='par_1_56' title="bbox 384 5041 3559 5124">
     <span class='ocr_line' id='line_1_56' title="bbox 384 5041 3559 5124; baseline 0.005 -34"><span class='ocrx_word' id='word_1_678' title='bbox 384 5041 535 5107; x_wconf 83' lang='lat' dir='ltr'><strong>Qnod</strong></span> <span class='ocrx_word' id='word_1_679' title='bbox 568 5042 769 5109; x_wconf 80' lang='lat' dir='ltr'><strong>lapides</strong></span> <span class='ocrx_word' id='word_1_680' title='bbox 799 5041 977 5102; x_wconf 84' lang='lat' dir='ltr'><strong>solvit,</strong></span> <span class='ocrx_word' id='word_1_681' title='bbox 1004 5042 1189 5095; x_wconf 79' lang='lat' dir='ltr'><strong>nexuit</strong></span> <span class='ocrx_word' id='word_1_682' title='bbox 1221 5042 1531 5096; x_wconf 71' lang='lat' dir='ltr'><strong>I-Lridanum.</strong></span> <span class='ocrx_word' id='word_1_683' title='bbox 1989 5062 2111 5100; x_wconf 91' lang='lat' dir='ltr'><strong>men</strong></span> <span class='ocrx_word' id='word_1_684' title='bbox 2144 5046 2371 5100; x_wconf 75' lang='lat' dir='ltr'><strong>maxima</strong></span> <span class='ocrx_word' id='word_1_685' title='bbox 2402 5057 2518 5115; x_wconf 89' lang='lat' dir='ltr'><strong>post</strong></span> <span class='ocrx_word' id='word_1_686' title='bbox 2541 5047 2767 5112; x_wconf 85' lang='lat' dir='ltr'><strong>debebo,</strong></span> <span class='ocrx_word' id='word_1_687' title='bbox 2807 5048 2857 5101; x_wconf 93' lang='lat' dir='ltr'><strong>in</strong></span> <span class='ocrx_word' id='word_1_688' title='bbox 2890 5050 3041 5117; x_wconf 76' lang='lat' dir='ltr'><strong>cujus</strong></span> <span class='ocrx_word' id='word_1_689' title='bbox 3068 5053 3368 5107; x_wconf 88' lang='lat' dir='ltr'><strong>ministerio</strong></span> <span class='ocrx_word' id='word_1_690' title='bbox 3404 5057 3559 5124; x_wconf 75' lang='lat' dir='ltr'><strong>quill-</strong></span> 
     </span>
    </p>
   </div>
   <div class='ocr_carea' id='block_1_57' title="bbox 318 5129 3557 5215">
    <p class='ocr_par' dir='ltr' id='par_1_57' title="bbox 318 5129 3557 5215">
     <span class='ocr_line' id='line_1_57' title="bbox 318 5129 3557 5215; baseline 0.006 -32"><span class='ocrx_word' id='word_1_691' title='bbox 318 5129 398 5183; x_wconf 89' lang='lat' dir='ltr'><strong>Sic</strong></span> <span class='ocrx_word' id='word_1_692' title='bbox 426 5147 526 5198; x_wconf 82' lang='lat' dir='ltr'><strong>ego</strong></span> <span class='ocrx_word' id='word_1_693' title='bbox 553 5132 875 5184; x_wconf 69' lang='lat' dir='ltr'><strong>rhetmicum</strong></span> <span class='ocrx_word' id='word_1_694' title='bbox 898 5139 1111 5183; x_wconf 82' lang='lat' dir='ltr'><strong>tentans</strong></span> <span class='ocrx_word' id='word_1_695' title='bbox 1140 5142 1501 5187; x_wconf 84' lang='lat' dir='ltr'><strong>transcurrere</strong></span> <span class='ocrx_word' id='word_1_696' title='bbox 1532 5134 1741 5195; x_wconf 89' lang='lat' dir='ltr'><strong>callem,</strong></span> <span class='ocrx_word' id='word_1_697' title='bbox 1988 5138 2111 5205; x_wconf 91' lang='lat' dir='ltr'><strong>quid</strong></span> <span class='ocrx_word' id='word_1_698' title='bbox 2167 5140 2317 5191; x_wconf 86' lang='lat' dir='ltr'><strong>valeo</strong></span> <span class='ocrx_word' id='word_1_699' title='bbox 2377 5148 2587 5204; x_wconf 56' lang='lat' dir='ltr'><strong>prastat</strong></span> <span class='ocrx_word' id='word_1_700' title='bbox 2632 5140 2887 5208; x_wconf 90' lang='lat' dir='ltr'><strong>impendi.</strong></span> <span class='ocrx_word' id='word_1_701' title='bbox 2934 5142 3103 5198; x_wconf 83' lang='lat' dir='ltr'><strong>Simul</strong></span> <span class='ocrx_word' id='word_1_702' title='bbox 3149 5148 3307 5199; x_wconf 89' lang='lat' dir='ltr'><strong>etiam</strong></span> <span class='ocrx_word' id='word_1_703' title='bbox 3350 5151 3557 5215; x_wconf 69' lang='lat' dir='ltr'><strong>percepi</strong></span> 
     </span>
    </p>
   </div>
   <div class='ocr_carea' id='block_1_58' title="bbox 383 5222 3555 5303">
    <p class='ocr_par' dir='ltr' id='par_1_58' title="bbox 383 5222 3555 5303">
     <span class='ocr_line' id='line_1_58' title="bbox 383 5222 3555 5303; baseline 0.005 -29"><span class='ocrx_word' id='word_1_704' title='bbox 383 5223 679 5290; x_wconf 80' lang='lat' dir='ltr'><strong>Aggredior</strong></span> <span class='ocrx_word' id='word_1_705' title='bbox 701 5236 890 5274; x_wconf 89' lang='lat' dir='ltr'><strong>currus</strong></span> <span class='ocrx_word' id='word_1_706' title='bbox 918 5222 1045 5274; x_wconf 87' lang='lat' dir='ltr'><strong>solis</strong></span> <span class='ocrx_word' id='word_1_707' title='bbox 1078 5230 1131 5274; x_wconf 92' lang='lat' dir='ltr'><strong>et</strong></span> <span class='ocrx_word' id='word_1_708' title='bbox 1159 5222 1459 5288; x_wconf 81' lang='lat' dir='ltr'><strong>imperium.</strong></span> <span class='ocrx_word' id='word_1_709' title='bbox 1993 5230 2170 5281; x_wconf 91' lang='lat' dir='ltr'><strong>animo</strong></span> <span class='ocrx_word' id='word_1_710' title='bbox 2194 5230 2334 5297; x_wconf 88' lang='lat' dir='ltr'><strong>quod</strong></span> <span class='ocrx_word' id='word_1_711' title='bbox 2362 5230 2404 5281; x_wconf 91' lang='lat' dir='ltr'><strong>si</strong></span> <span class='ocrx_word' id='word_1_712' title='bbox 2423 5229 2691 5287; x_wconf 83' lang='lat' dir='ltr'><strong>reddenda</strong></span> <span class='ocrx_word' id='word_1_713' title='bbox 2718 5242 2799 5285; x_wconf 90' lang='lat' dir='ltr'><strong>est</strong></span> <span class='ocrx_word' id='word_1_714' title='bbox 2820 5233 2885 5287; x_wconf 92' lang='lat' dir='ltr'><strong>de</strong></span> <span class='ocrx_word' id='word_1_715' title='bbox 2922 5236 3094 5289; x_wconf 91' lang='lat' dir='ltr'><strong>otioso</strong></span> <span class='ocrx_word' id='word_1_716' title='bbox 3128 5252 3377 5293; x_wconf 85' lang='lat' dir='ltr'><strong>sermone</strong></span> <span class='ocrx_word' id='word_1_717' title='bbox 3399 5241 3555 5303; x_wconf 90' lang='lat' dir='ltr'><strong>ratio,</strong></span> 
     </span>
    </p>
   </div>
   <div class='ocr_carea' id='block_1_59' title="bbox 317 5314 3559 5384">
    <p class='ocr_par' dir='ltr' id='par_1_59' title="bbox 317 5314 3559 5384">
     <span class='ocr_line' id='line_1_59' title="bbox 317 5314 3559 5384; baseline 0.001 -17"><span class='ocrx_word' id='word_1_718' title='bbox 317 5314 501 5368; x_wconf 68' lang='lat' dir='ltr'><strong>Nescio</strong></span> <span class='ocrx_word' id='word_1_719' title='bbox 532 5315 654 5383; x_wconf 88' lang='lat' dir='ltr'><strong>quid</strong></span> <span class='ocrx_word' id='word_1_720' title='bbox 680 5314 837 5367; x_wconf 87' lang='lat' dir='ltr'><strong>variis</strong></span> <span class='ocrx_word' id='word_1_721' title='bbox 867 5314 1168 5379; x_wconf 86' lang='lat' dir='ltr'><strong>impendant</strong></span> <span class='ocrx_word' id='word_1_722' title='bbox 1198 5314 1387 5366; x_wconf 73' lang='lat' dir='ltr'><strong>sideris</strong></span> <span class='ocrx_word' id='word_1_723' title='bbox 1409 5315 1539 5378; x_wconf 88' lang='lat' dir='ltr'><strong>oris,</strong></span> <span class='ocrx_word' id='word_1_724' title='bbox 1991 5334 2096 5372; x_wconf 89' lang='lat' dir='ltr'><strong>non</strong></span> <span class='ocrx_word' id='word_1_725' title='bbox 2133 5322 2305 5373; x_wconf 91' lang='lat' dir='ltr'><strong>minus</strong></span> <span class='ocrx_word' id='word_1_726' title='bbox 2331 5320 2399 5373; x_wconf 89' lang='lat' dir='ltr'><strong>de</strong></span> <span class='ocrx_word' id='word_1_727' title='bbox 2435 5322 2609 5375; x_wconf 91' lang='lat' dir='ltr'><strong>otioso</strong></span> <span class='ocrx_word' id='word_1_728' title='bbox 2637 5324 2869 5379; x_wconf 87' lang='lat' dir='ltr'><strong>silentio.</strong></span> <span class='ocrx_word' id='word_1_729' title='bbox 2903 5327 3065 5382; x_wconf 77' lang='lat' dir='ltr'><strong>Erant</strong></span> <span class='ocrx_word' id='word_1_730' title='bbox 3100 5332 3241 5383; x_wconf 70' lang='lat' dir='ltr'><strong>enim</strong></span> <span class='ocrx_word' id='word_1_731' title='bbox 3284 5332 3451 5384; x_wconf 69' lang='grc' dir='ltr'><strong>οιεηεει</strong></span> <span class='ocrx_word' id='word_1_732' title='bbox 3484 5333 3559 5381; x_wconf 74' lang='grc' dir='ltr'><strong>ε’-</strong></span> 
     </span>
    </p>
   </div>
   <div class='ocr_carea' id='block_1_60' title="bbox 382 5407 3557 5487">
    <p class='ocr_par' dir='ltr' id='par_1_60' title="bbox 382 5407 3557 5487">
     <span class='ocr_line' id='line_1_60' title="bbox 382 5407 3557 5487; baseline 0.003 -27"><span class='ocrx_word' id='word_1_733' title='bbox 382 5408 571 5460; x_wconf 67' lang='grc' dir='ltr'><strong>Νρειέὶυ</strong></span> <span class='ocrx_word' id='word_1_734' title='bbox 592 5408 718 5475; x_wconf 89' lang='lat' dir='ltr'><strong>quid</strong></span> <span class='ocrx_word' id='word_1_735' title='bbox 743 5418 861 5459; x_wconf 90' lang='lat' dir='ltr'><strong>tene</strong></span> <span class='ocrx_word' id='word_1_736' title='bbox 881 5422 971 5468; x_wconf 81' lang='lat' dir='ltr'><strong>tm,</strong></span> <span class='ocrx_word' id='word_1_737' title='bbox 1004 5418 1191 5458; x_wconf 90' lang='lat' dir='ltr'><strong>cuneta</strong></span> <span class='ocrx_word' id='word_1_738' title='bbox 1222 5407 1365 5458; x_wconf 88' lang='lat' dir='ltr'><strong>calor</strong></span> <span class='ocrx_word' id='word_1_739' title='bbox 1396 5416 1630 5473; x_wconf 85' lang='lat' dir='ltr'><strong>superat.</strong></span> <span class='ocrx_word' id='word_1_740' title='bbox 1988 5408 2171 5473; x_wconf 87' lang='lat' dir='ltr'><strong>lentia,</strong></span> <span class='ocrx_word' id='word_1_741' title='bbox 2190 5410 2232 5461; x_wconf 90' lang='lat' dir='ltr'><strong>si</strong></span> <span class='ocrx_word' id='word_1_742' title='bbox 2260 5410 2558 5465; x_wconf 74' lang='lat' dir='ltr'><strong>ltetantibus</strong></span> <span class='ocrx_word' id='word_1_743' title='bbox 2576 5415 2908 5470; x_wconf 87' lang='lat' dir='ltr'><strong>circumfusis</strong></span> <span class='ocrx_word' id='word_1_744' title='bbox 2930 5422 3269 5487; x_wconf 80' lang='lat' dir='ltr'><strong>munigenum</strong></span> <span class='ocrx_word' id='word_1_745' title='bbox 3295 5423 3557 5471; x_wconf 86' lang='lat' dir='ltr'><strong>mentibus</strong></span> 
     </span>
    </p>
   </div>
   <div class='ocr_carea' id='block_1_61' title="bbox 314 5494 3555 5574">
    <p class='ocr_par' dir='ltr' id='par_1_61' title="bbox 314 5494 3555 5574">
     <span class='ocr_line' id='line_1_61' title="bbox 314 5494 3555 5574; baseline 0.004 -31"><span class='ocrx_word' id='word_1_746' title='bbox 314 5497 465 5550; x_wconf 79' lang='lat' dir='ltr'><strong>Curia</strong></span> <span class='ocrx_word' id='word_1_747' title='bbox 501 5506 551 5550; x_wconf 80' lang='lat' dir='ltr'><strong>te</strong></span> <span class='ocrx_word' id='word_1_748' title='bbox 584 5498 787 5564; x_wconf 63' lang='lat' dir='ltr'><strong>plllleﬂs</strong></span> <span class='ocrx_word' id='word_1_749' title='bbox 821 5505 1042 5549; x_wconf 66' lang='grc' dir='ltr'><strong>ιρτριρ-ηι</strong></span> <span class='ocrx_word' id='word_1_750' title='bbox 1074 5494 1318 5547; x_wconf 87' lang='lat' dir='ltr'><strong>formavit</strong></span> <span class='ocrx_word' id='word_1_751' title='bbox 1356 5497 1417 5547; x_wconf 88' lang='lat' dir='ltr'><strong>ad</strong></span> <span class='ocrx_word' id='word_1_752' title='bbox 1448 5511 1700 5565; x_wconf 85' lang='lat' dir='ltr'><strong>unguem,</strong></span> <span class='ocrx_word' id='word_1_753' title='bbox 1986 5499 2151 5561; x_wconf 88' lang='lat' dir='ltr'><strong>solus,</strong></span> <span class='ocrx_word' id='word_1_754' title='bbox 2181 5515 2300 5553; x_wconf 83' lang='lat' dir='ltr'><strong>curn</strong></span> <span class='ocrx_word' id='word_1_755' title='bbox 2331 5499 2459 5555; x_wconf 86' lang='lat' dir='ltr'><strong>dare</strong></span> <span class='ocrx_word' id='word_1_756' title='bbox 2491 5518 2723 5571; x_wconf 81' lang='lat' dir='ltr'><strong>possem,</strong></span> <span class='ocrx_word' id='word_1_757' title='bbox 2756 5510 2914 5559; x_wconf 90' lang='lat' dir='ltr'><strong>verba</strong></span> <span class='ocrx_word' id='word_1_758' title='bbox 2946 5509 3329 5561; x_wconf 83' lang='lat' dir='ltr'><strong>sabtraherem.</strong></span> <span class='ocrx_word' id='word_1_759' title='bbox 3353 5508 3501 5574; x_wconf 81' lang='lat' dir='ltr'><strong>Quip</strong></span> <span class='ocrx_word' id='word_1_760' title='bbox 3524 5523 3555 5561; x_wconf 85' lang='lat' dir='ltr'><strong>e</strong></span> 
     </span>
    </p>
   </div>
   <div class='ocr_carea' id='block_1_62' title="bbox 379 5587 3557 5666">
    <p class='ocr_par' dir='ltr' id='par_1_62' title="bbox 379 5587 3557 5666">
     <span class='ocr_line' id='line_1_62' title="bbox 379 5587 3557 5666; baseline 0.003 -23"><span class='ocrx_word' id='word_1_761' title='bbox 379 5591 443 5643; x_wconf 78' lang='lat' dir='ltr'><strong>Et</strong></span> <span class='ocrx_word' id='word_1_762' title='bbox 474 5591 710 5658; x_wconf 73' lang='lat' dir='ltr'><strong>patrihus</strong></span> <span class='ocrx_word' id='word_1_763' title='bbox 737 5588 892 5656; x_wconf 85' lang='lat' dir='ltr'><strong>jussit</strong></span> <span class='ocrx_word' id='word_1_764' title='bbox 920 5587 1113 5640; x_wconf 88' lang='lat' dir='ltr'><strong>lumina</strong></span> <span class='ocrx_word' id='word_1_765' title='bbox 1146 5587 1284 5641; x_wconf 86' lang='lat' dir='ltr'><strong>ferre</strong></span> <span class='ocrx_word' id='word_1_766' title='bbox 1308 5588 1431 5641; x_wconf 92' lang='lat' dir='ltr'><strong>tuis.</strong></span> <span class='ocrx_word' id='word_1_767' title='bbox 1982 5603 2101 5643; x_wconf 93' lang='lat' dir='ltr'><strong>cum</strong></span> <span class='ocrx_word' id='word_1_768' title='bbox 2141 5590 2303 5643; x_wconf 86' lang='lat' dir='ltr'><strong>etiam</strong></span> <span class='ocrx_word' id='word_1_769' title='bbox 2344 5592 2396 5645; x_wconf 91' lang='lat' dir='ltr'><strong>in</strong></span> <span class='ocrx_word' id='word_1_770' title='bbox 2438 5594 2706 5664; x_wconf 88' lang='lat' dir='ltr'><strong>obsequiis</strong></span> <span class='ocrx_word' id='word_1_771' title='bbox 2749 5599 3054 5651; x_wconf 74' lang='lat' dir='ltr'><strong>cmlestibus</strong></span> <span class='ocrx_word' id='word_1_772' title='bbox 3110 5598 3339 5666; x_wconf 84' lang='lat' dir='ltr'><strong>hymnos</strong></span> <span class='ocrx_word' id='word_1_773' title='bbox 3371 5597 3557 5653; x_wconf 82' lang='lat' dir='ltr'><strong>deceat</strong></span> 
     </span>
    </p>
   </div>
   <div class='ocr_carea' id='block_1_63' title="bbox 373 5719 3558 5791">
    <p class='ocr_par' dir='ltr' id='par_1_63' title="bbox 373 5719 3558 5791">
     <span class='ocr_line' id='line_1_63' title="bbox 373 5719 3558 5791; baseline 0.003 -16"><span class='ocrx_word' id='word_1_774' title='bbox 373 5724 390 5753; x_wconf 75' lang='grc'>³</span> <span class='ocrx_word' id='word_1_775' title='bbox 428 5721 492 5775; x_wconf 86' lang='lat' dir='ltr'><strong>In</strong></span> <span class='ocrx_word' id='word_1_776' title='bbox 524 5721 687 5774; x_wconf 80' lang='lat' dir='ltr'><strong>natali</strong></span> <span class='ocrx_word' id='word_1_777' title='bbox 715 5719 1015 5789; x_wconf 78' lang='lat' dir='ltr'><strong>Epiphanii]</strong></span> <span class='ocrx_word' id='word_1_778' title='bbox 1046 5719 1175 5773; x_wconf 89' lang='lat' dir='ltr'><strong>Cum</strong></span> <span class='ocrx_word' id='word_1_779' title='bbox 1203 5721 1523 5774; x_wconf 88' lang='lat' dir='ltr'><strong>tricesimum</strong></span> <span class='ocrx_word' id='word_1_780' title='bbox 1557 5738 1748 5772; x_wconf 86' lang='lat' dir='ltr'><strong>anntnn</strong></span> <span class='ocrx_word' id='word_1_781' title='bbox 1780 5722 1877 5772; x_wconf 86' lang='lat' dir='ltr'><strong>ini-</strong></span> <span class='ocrx_word' id='word_1_782' title='bbox 1982 5728 2161 5774; x_wconf 90' lang='lat' dir='ltr'><strong>autem</strong></span> <span class='ocrx_word' id='word_1_783' title='bbox 2185 5722 2461 5791; x_wconf 81' lang='lat' dir='ltr'><strong>Epiphanii</strong></span> <span class='ocrx_word' id='word_1_784' title='bbox 2487 5726 2793 5780; x_wconf 76' lang='lat' dir='ltr'><strong>tricennalia</strong></span> <span class='ocrx_word' id='word_1_785' title='bbox 2818 5727 2866 5779; x_wconf 91' lang='lat' dir='ltr'><strong>in</strong></span> <span class='ocrx_word' id='word_1_786' title='bbox 2892 5742 3085 5779; x_wconf 91' lang='lat' dir='ltr'><strong>annum</strong></span> <span class='ocrx_word' id='word_1_787' title='bbox 3107 5726 3233 5785; x_wconf 67' lang='lat'><strong>496.</strong></span> <span class='ocrx_word' id='word_1_788' title='bbox 3260 5727 3356 5785; x_wconf 88' lang='lat' dir='ltr'><strong>Illo</strong></span> <span class='ocrx_word' id='word_1_789' title='bbox 3398 5730 3558 5791; x_wconf 63' lang='lat' dir='ltr'><strong>igitur</strong></span> 
     </span>
    </p>
   </div>
   <div class='ocr_carea' id='block_1_64' title="bbox 308 5790 3441 5867">
    <p class='ocr_par' dir='ltr' id='par_1_64' title="bbox 308 5790 3441 5867">
     <span class='ocr_line' id='line_1_64' title="bbox 308 5790 3441 5867; baseline 0.002 -19"><span class='ocrx_word' id='word_1_790' title='bbox 308 5801 387 5848; x_wconf 85' lang='lat' dir='ltr'><strong>tet</strong></span> <span class='ocrx_word' id='word_1_791' title='bbox 423 5794 692 5848; x_wconf 77' lang='lat' dir='ltr'><strong>cathedrae</strong></span> <span class='ocrx_word' id='word_1_792' title='bbox 733 5807 826 5845; x_wconf 88' lang='lat' dir='ltr'><strong>seu</strong></span> <span class='ocrx_word' id='word_1_793' title='bbox 857 5792 1193 5861; x_wconf 64' lang='lat' dir='ltr'><strong>cpiscotvatus</strong></span> <span class='ocrx_word' id='word_1_794' title='bbox 1219 5792 1534 5846; x_wconf 74' lang='lat' dir='ltr'><strong>Ticiueasis.</strong></span> <span class='ocrx_word' id='word_1_795' title='bbox 1577 5794 1876 5845; x_wconf 69' lang='lat' dir='ltr'><strong>luciderunt</strong></span> <span class='ocrx_word' id='word_1_796' title='bbox 1985 5807 2123 5847; x_wconf 89' lang='lat' dir='ltr'><strong>anno</strong></span> <span class='ocrx_word' id='word_1_797' title='bbox 2152 5790 2322 5848; x_wconf 88' lang='lat' dir='ltr'><strong>dictus</strong></span> <span class='ocrx_word' id='word_1_798' title='bbox 2353 5804 2435 5849; x_wconf 88' lang='lat' dir='ltr'><strong>est</strong></span> <span class='ocrx_word' id='word_1_799' title='bbox 2457 5798 2807 5867; x_wconf 84' lang='lat' dir='ltr'><strong>panegyricus</strong></span> <span class='ocrx_word' id='word_1_800' title='bbox 2838 5796 2903 5851; x_wconf 83' lang='lat' dir='ltr'><strong>ab</strong></span> <span class='ocrx_word' id='word_1_801' title='bbox 2937 5797 3199 5854; x_wconf 81' lang='lat' dir='ltr'><strong>Ennodio.</strong></span> <span class='ocrx_word' id='word_1_802' title='bbox 3418 5790 3441 5801; x_wconf 71' lang='grc'><em>”</em></span> 
     </span>
    </p>
   </div>
  </div>
