4192 6260
680 348 786 407 525

1799 352 2063 407 ENNODII
2106 354 2405 411 EPISCOPI
2450 356 2825 415 T'CINENSIS
3456 380 3463 387 ’
3833 377 3932 430 32'.

676 464 953 531 adhiberi,
985 475 1037 521 et
1066 466 1346 523 credamus
1387 475 1654 522 exsortem
1692 465 2034 521 humanitatis
2077 466 2258 520 Domi-
2286 474 2331 531 Α
2363 469 2509 524 Vatis
2542 472 2592 525 in
2621 472 2974 541 obsequium?
3004 472 3203 530 Natalis
3229 486 3470 548 tempora
3499 484 3663 536 sentit

675 571 803 610 num
833 555 1105 611 hominum
1137 559 1300 611 meris
1332 557 1576 611 laudibus
1617 556 1906 612 demulceri
1934 598 1950 623 ,
1980 568 2031 612 et
2061 558 2160 612 hoc
2189 559 2256 612 ab

674 644 759 699 his
779 646 992 714 speciali
1020 646 1246 716 quodam
1283 646 1405 715 jure
1434 660 1570 717 quos
1603 647 1819 702 donavit
1866 649 2042 717 lingua
2092 663 2253 716 repo-

673 749 845 790 scere.
873 736 1009 802 Quid
1055 738 1280 792 antistes
1319 737 1495 804 faciat,
1524 740 1614 808 qui
1653 740 1882 810 propriis
1918 740 2249 795 orationibus

672 829 779 896 egit
809 837 867 881 ttt
892 828 1126 896 possim?
1158 830 1171 858 ¹
1201 830 1469 898 Scriptum
1500 841 1582 885 est
1605 833 1747 885 enim
1775 848 1788 883 :
1827 829 2079 884 Dominus
2114 831 2253 883 dedit

672 919 796 971 mihi
840 917 1064 989 linguam
1095 921 1416 990 eruditionis,
1448 923 1655 992 quando
1699 932 1925 993 aporteat
1966 939 2250 976 sermonem

669 1010 838 1062 dicere
863 1007 1015 1078 (Isai.
1065 1026 1116 1075 ι,
1148 1013 1228 1077 tl).
1275 1012 1497 1081 Oportet
1538 1028 1699 1079 nunc,
1747 1021 1803 1065 ut
1843 1028 2067 1077 censeo;
2100 1022 2153 1067 et
2182 1013 2248 1067 ad

669 1100 921 1168 loquendi
962 1109 1171 1171 tempus
1202 1104 1395 1156 ostium
1443 1104 1620 1158 cordis
1661 1104 1918 1172 aperitur.
1960 1105 2065 1159 Sed
2106 1119 2247 1159 nunc

668 1208 773 1247 non
804 1209 901 1263 ego
932 1195 983 1247 iu
1014 1196 1233 1263 poeticis
1264 1196 1509 1249 laudibus
1540 1212 1635 1250 ora
1664 1196 1877 1252 laxabo.
1910 1198 2063 1252 Absit
2100 1213 2127 1250 a
2162 1214 2248 1255 me

666 1284 876 1337 sentina
908 1286 1230 1351 carminum,
1263 1301 1383 1355 qua:
1415 1285 1554 1341 sicut
1588 1301 1715 1341 vera
1768 1302 1871 1341 non
1918 1288 2118 1350 laudat,
2169 1290 2248 1344 sic

666 1390 766 1430 nec
792 1391 919 1431 vere
957 1375 1223 1432 laudatur.
1265 1378 1413 1432 Nunc
1454 1379 1628 1434 favete
1677 1380 1947 1435 mentibus
1977 1390 2121 1435 certa
2163 1381 2244 1435 di-

665 1477 839 1521 cturo.
872 1467 929 1521 In
958 1484 1062 1537 quo
1084 1484 1246 1538 opere
1275 1471 1317 1523 si
1348 1471 1555 1524 minora
1598 1486 1695 1539 pro
1727 1470 1922 1541 ingenii
1958 1472 2246 1542 exiguitate

664 1573 769 1613 non
795 1558 1002 1622 dixero,
1028 1575 1122 1629 pro
1139 1560 1393 1629 jactautia
1420 1561 1620 1630 majora
1650 1577 1755 1616 non
1790 1562 2003 1631 fingam.

733 1648 958 1704 Vatibus
987 1651 1217 1720 antiquis
1239 1651 1451 1705 dicendi
1478 1652 1703 1705 maxima
1732 1653 1899 1707 virtus

664 1741 758 1797 Illa
784 1744 899 1808 fuit,
924 1743 1105 1797 doctis
1128 1745 1170 1797 si
1196 1742 1395 1797 scirent
1419 1743 1601 1798 fallere
1631 1744 1826 1799 verbis.

662 1834 800 1891 Laus
830 1844 944 1889 erat
966 1835 1018 1888 in
1048 1834 1259 1889 laudem
1284 1835 1562 1888 mentitum
1590 1850 1819 1905 pangere
1844 1851 2081 1892 carmen.

662 1926 809 1981 Tunc
831 1927 976 1995 operi
1002 1928 1143 1979 fraus
1174 1934 1298 1994 apta
1321 1926 1442 1980 fuit:
1472 1941 1593 1980 nam
1622 1942 1771 1981 more
1800 1937 1973 1996 poeta:

661 2019 944 2072 Servantes
972 2017 1114 2086 quod
1143 2020 1347 2072 crimen
1379 2018 1556 2082 habet,
1580 2026 1798 2075 vetuere
1827 2020 2031 2089 pudore

670 2106 799 2162 Vera
831 2108 996 2175 loqui,
1025 2122 1351 2178 carmenque
1384 2109 1516 2163 ﬁdes
1538 2109 1781 2177 despexit
1806 2109 2025 2178 ubique.

664 2199 767 2257 Ars
798 2200 1017 2270 placuit,
1050 2217 1207 2269 quam
1251 2202 1406 2270 culpa
1440 2203 1597 2256 decet
1625 2220 1638 2256 :
1673 2217 1796 2254 nam
1845 2201 2053 2255 doctior
2089 2216 2238 2256 error

662 2293 898 2346 Extorsit
924 2293 1085 2346 certis
1116 2292 1397 2347 metuenda
1432 2302 1675 2361 poemata
1708 2293 1923 2361 linguis.

660 2381 768 2435 Lex
792 2381 972 2435 docuit
1003 2382 1119 2435 sine
1150 2382 1267 2451 lege
1288 2383 1455 2451 loqui,
1479 2398 1597 2436 cum
1629 2383 1862 2438 vindicat
1888 2392 2001 2439 arte

659 2473 921 2542 Quidquid
946 2473 1064 2543 jura
1098 2484 1254 2544 negat
1279 2474 1494 2530 landum
1524 2495 1535 2529 :
1561 2477 1854 2531 retinacula
1884 2493 2092 2533 morum

658 2565 884 2621 Numina
913 2560 1083 2622 fallaci
1118 2567 1386 2622 ﬁnxerunt
1404 2568 1615 2623 sordida
1645 2578 1822 2623 cantu.

657 2659 943 2722 Phazbum,
971 2667 1024 2711 et
1057 2668 1140 2712 ter
1168 2667 1344 2713 ternas
1374 2658 1628 2713 dixerunt
1654 2674 1772 2714 esse
1800 2675 2032 2726 sorores,

656 2747 944 2804 Castalium
976 2749 1209 2815 laticem,
1241 2750 1417 2805 varias
1440 2766 1651 2821 quoque
1672 2753 1900 2807 Palladis
1925 2763 2087 2809 artes.

656 2841 791 2894 Tum
827 2842 1028 2906 laurus,
1065 2842 1325 2911 tripodas,
1350 2844 1630 2910 cortinam,
1665 2852 1937 2915 tympana,
1970 2845 2231 2915 plectrum

654 2932 978 2987 Narrabant:
1003 2933 1124 2988 illos
1153 2950 1179 2987 a
1211 2935 1321 2989 veri
1355 2935 1564 2988 tramite
1587 2934 1718 3003 fugit

657 3024 878 3087 Sensus.
909 3034 963 3079 et
990 3034 1234 3080 errantes
1261 3026 1407 3080 visus
1436 3026 1626 3081 delusit
1653 3027 1848 3097 imago.

723 3114 875 3169 Nunc
902 3116 1135 3186 linguam
1162 3117 1403 3183 citharm,
1431 3134 1548 3188 qure
1577 3128 1757 3174 cantat
1784 3119 1989 3189 pollicis
2018 3135 2136 3187 ore,

654 3204 860 3273 Sperne
891 3206 1053 3265 fides:
1089 3208 1255 3276 magis
1286 3207 1379 3262 ille
1402 3210 1523 3263 veni
1555 3225 1697 3264 nunc
1718 3210 1970 3279 Spiritus,
2001 3228 2118 3277 oro,

652 3296 817 3364 Cujus
842 3297 1156 3350 inexhausto
1177 3298 1446 3352 reviviscit
1474 3314 1686 3366 semper
1716 3302 1769 3352 in
1792 3316 1931 3355 anno

653 3385 921 3453 Quidquid
948 3395 1093 3439 terra
1111 3396 1284 3453 creat,
1312 3389 1479 3458 gignit
1510 3405 1676 3452 mare,
1712 3394 1941 3459 parturit
1970 3394 2158 3449 aether.

654 3477 750 3542 Qui
778 3475 907 3530 freta
938 3476 1200 3545 dill‘undit,
1224 3478 1452 3533 solidum
1482 3478 1573 3535 dat
1600 3495 1795 3549 corpus
1829 3482 1879 3535 in
1912 3485 2086 3548 arvis,

651 3566 790 3622 Saxa
817 3567 921 3621 ciet
941 3567 1116 3636 jussu,
1142 3568 1329 3622 metuit
1349 3584 1506 3637 quem
1537 3571 1783 3625 cautibus
1807 3571 2035 3627 horrens

651 3656 937 3718 Caucasus,
968 3656 1142 3711 aurito
1174 3656 1354 3712 famuli
1377 3674 1496 3712 cum
1527 3660 1680 3715 fortia
1713 3675 1874 3716 sensu

649 3744 823 3800 Corda
868 3745 1049 3800 domat
1080 3763 1093 3799 :
1130 3747 1223 3817 qui
1262 3759 1453 3803 cuncta
1495 3748 1660 3816 videt,
1692 3766 1851 3821 quem
1886 3762 2076 3808 cuncta
2124 3763 2230 3810 tre-

1869 3843 2154 3916 [miscunt;

651 3925 814 3993 Fons,
848 3940 957 3994 vta,
982 3926 1191 3994 dextra,
1223 3928 1379 3998 lapis,
1406 3931 1625 4001 vitulus,
1660 3934 1764 4000 leo,
1796 3936 2004 4003 lucifer,
2036 3953 2225 4010 agnus,

649 4014 839 4082 Janua,
870 4032 1013 4086 spes,
1046 4018 1235 4085 virtus,
1267 4020 1512 4088 verbum,
1547 4026 1830 4093 sapientia,
1855 4038 2024 4093 vates,

647 4104 851 4171 Hostia,
881 4107 1186 4177 virgultum,
1221 4120 1424 4178 pastor,
1458 4128 1633 4179 mons,
1666 4127 1799 4182 rete,
1824 4118 2091 4184 columba,

648 4194 910 4265 Flamma,
941 4200 1109 4268 gigas,
1141 4201 1337 4270 aquila,
1378 4217 1628 4273 sponsus,
1681 4210 1955 4276 patientia,
2002 4214 2223 4282 vermis,

647 4286 816 4342 Filius
843 4290 1111 4356 excelsus,
1146 4291 1428 4361 Dominus,
1464 4296 1626 4364 Deus,
1651 4301 1831 4355 omnia
1858 4301 2124 4361 Christus.

646 4378 802 4435 Nunc
832 4395 1023 4451 precor
1054 4391 1115 4437 ut
1139 4382 1297 4438 dictis
1316 4385 1493 4441 adsit:
1525 4389 1615 4457 qui
1646 4401 1860 4459 pectora
1891 4393 2049 4462 prisci

648 4470 793 4526 Vatis
819 4482 875 4527 ut
899 4474 1191 4544 ingressus,
1223 4476 1519 4534 Pharaonis
1550 4489 1791 4551 tempore
1819 4486 1984 4555 regis,

646 4566 862 4636 Adjuvit
887 4569 1074 4637 gracili
1098 4569 1396 4626 locuturum
1424 4588 1556 4629 voce
1577 4577 1911 4645 prophetam.

643 4655 717 4712 Se
736 4662 936 4728 stupuit
966 4670 1087 4715 tunc
1114 4660 1251 4729 ipse,
1274 4677 1417 4728 reor,
1443 4664 1578 4719 bene
1595 4668 1849 4723 conscius
1876 4671 2010 4738 oris,

647 4750 933 4807 Murmuris
961 4762 1016 4808 et
1044 4754 1203 4821 soliti,
1241 4757 1600 4827 complenlem
1633 4761 1893 4832 principis
1918 4780 2079 4822 aures

647 4840 911 4911 Pondere,
943 4860 1097 4912 voce,
1125 4860 1283 4913 meo,
1310 4863 1493 4918 una,
1520 4852 1807 4920 probitate,
1835 4857 2057 4924 pudore.

645 4930 725 4983 Tu
754 4930 1029 4999 famulum,
1072 4944 1147 5000 tu,
1179 4948 1385 5004 sancte,
1418 4954 1608 4997 mone:
1640 4942 1706 4997 da
1733 4946 1941 5002 solvere
1966 4957 2163 5018 grates,

644 5023 788 5086 Quas
815 5022 1011 5079 debere
1036 5025 1188 5094 juvat
1212 5047 1225 5082 :
1256 5043 1497 5086 sanctum
1520 5035 1923 5103 complectimur
1945 5054 2132 5095 omnes

648 5112 785 5167 Ecce
814 5113 979 5181 diem,
1005 5116 1171 5171 voluit
1194 5134 1300 5187 quo
1321 5136 1380 5177 se
1397 5122 1555 5192 jubar
1582 5124 1767 5181 indere
1789 5127 1965 5195 terris,

645 5206 946 5276 Promptius
974 5216 1030 5262 et
1058 5210 1220 5266 radiis
1249 5215 1454 5269 animas
1484 5218 1723 5274 animare
1749 5222 2080 5292 pr0pinquis.

641 5295 759 5361 Quo
787 5296 980 5365 gaudet
1006 5300 1257 5369 mundus,
1289 5317 1408 5358 cum
1432 5321 1537 5360 non
1566 5308 1669 5362 sint
1698 5310 1888 5379 gaudia
1921 5314 2105 5368 mundi
2130 5332 2141 5366 :

639 5385 827 5441 Cernis
848 5387 1162 5445 adorantem
1195 5392 1412 5460 pavidos
1442 5397 1756 5456 submittere
1781 5403 1960 5457 vultus

710 5517 1015 5598 fvscriptum
1047 5529 1118 5573 est
1145 5520 1298 5598 enim]
1326 5524 1476 5598 Isaia:
1505 5542 1621 5596 cap.
1664 5547 1715 5593 L,
1752 5529 1903 5598 juxta
1928 5532 2213 5587 editionem

641 5585 781 5672 L.\_’X
809 5585 1157 5679 interpretum
1174 5585 1381 5679 ῑ-Κείριος
1401 5585 1583 5679 dignitati.
1599 5621 1684 5669 μοι
1701 5585 2209 5679 ίγλιίὡσᾳανῗπάιδεὶᾆξξ

637 5663 726 5709 τοῦ
752 5663 1097 5738 γνῶναςιῄνίκα
1234 5660 1387 5718 εἴπειν
1425 5660 1753 5738 ὶῗηονξηυιῖδ
1788 5672 1945 5724 etiam
1998 5660 2212 5728 secuuts

638 5740 713 5803 est
750 5731 1107 5803 'I'crtullianus
1142 5733 1232 5787 lib.
1264 5751 1313 5787 tv
1333 5731 1591 5790 adversus
1613 5731 1766 5793 liatt-i
1796 5757 1953 5803 .nem,
1980 5743 2080 5795 9.9:
2108 5743 2212 5795 Do-

639 5799 804 5848 minas
850 5797 972 5851 mihi
1012 5802 1096 5854 dat
1139 5803 1366 5867 linguam
1407 5809 1710 5875 disciplnam,
1760 5797 1965 5877 quando
2005 5813 2207 5867 debeam

2259 3208 2305 3270 ς
2337 3196 2740 3255 Commemorat
2768 3218 2782 3255 :
2812 3212 3007 3272 quanta
3040 3205 3179 3259 tituli
3208 3200 3549 3263 tuncclaude
3588 3225 3892 3282 superstant

2360 562 2538 631 Festa,
2563 579 2661 620 nec
2689 566 2939 621 admissis
2964 570 3256 624 contemnit
3282 572 3451 627 tristis
3469 573 3723 629 alumnis.

2431 663 2534 718 Iste
2562 665 2676 719 dies
2699 666 2905 720 cunctis
2933 667 3073 733 vitae,
3102 670 3413 740 cunctisque
3446 673 3633 727 salutis

2357 752 2526 806 Causa
2552 753 2672 820 fuit,
2701 754 2896 810 veteris
2926 756 3227 814 dissolvens
3258 761 3463 815 vincula
3496 778 3668 817 noxae.

2355 841 2600 899 Christus
2626 845 2677 898 in
2710 845 2810 899 hoc
2842 847 3022 901 tribuit
3054 849 3218 904 decus
3241 860 3298 905 et
3321 860 3498 907 tamen
3528 853 3581 907 in
3611 856 3753 908 arvis

2355 936 2626 1001 Ausoniis,
2664 939 2818 1007 parili
2851 940 3075 1008 populos
3110 943 3197 1011 qui
3228 953 3408 998 mente
3437 947 3721 1014 gubernet,

2354 1025 2419 1079 Et
2447 1037 2633 1094 gentes
2665 1030 2859 1098 pietate
2890 1041 3076 1101 regat:
3108 1035 3301 1102 quibus
3330 1047 3517 1091 auctor
3542 1040 3754 1109 Olympi

2352 1116 2626 1172 Pollicitus
2655 1119 2814 1174 simili
2847 1136 3025 1191 regem
3059 1124 3319 1191 probitate
3344 1128 3578 1194 paravit,

2352 1204 2547 1262 Dexter
2570 1216 2625 1262 et
2654 1210 2767 1276 ipse
2798 1211 2938 1265 Deus
2964 1213 3101 1266 solio
3131 1214 3219 1267 dat
3241 1215 3364 1283 jura
3396 1231 3641 1273 corusco.

2421 1296 2705 1354 Proximus
2725 1300 2809 1355 hic
2831 1302 2987 1368 caelo,
3022 1305 3105 1357 cui
3134 1307 3264 1358 recti
3292 1308 3501 1360 conseia
3535 1325 3684 1364 mens
3705 1322 3809 1377 est,

2346 1385 2570 1456 Semper
2588 1390 2711 1457 erit,
2738 1407 2894 1459 quem
2912 1392 3053 1461 justa
3076 1395 3320 1463 probant,
3346 1412 3505 1465 quem
3523 1399 3701 1467 judice
3730 1406 3925 1456 ﬂllllltll

2351 1479 2561 1533 Publica
2585 1488 2705 1533 vota
2736 1481 2918 1551 legunt
2944 1500 2955 1533 :
2990 1482 3182 1550 fateor,
3207 1485 3455 1555 sullragia
3489 1503 3679 1557 magna

2348 1567 2604 1636 Contulit,
2631 1579 2687 1624 ut
2717 1571 2858 1626 sedis
2887 1573 3092 1641 gremio
3117 1574 3379 1629 frueretur
3408 1571 3679 1645 inemptas:

2344 1658 2535 1713 Libera
2567 1670 2617 1714 te
2642 1661 2913 1716 domiuuut
2946 1665 3123 1732 posuit
3145 1665 3243 1719 sibi
3272 1666 3425 1720 turba
3448 1654 3759 1737 perennem,

2341 1751 2572 1806 Servilio
2597 1753 2858 1808 laudanda
2891 1770 3007 1813 suo.
3039 1756 3176 1810 Proh
3201 1770 3434 1826 quantus
3464 1761 3659 1830 ubique

2271 1842 2314 1900 B
2345 1839 2543 1894 Fervor
2573 1845 2719 1897 erat!
2749 1854 2935 1898 sancto
2964 1847 3146 1899 mundi
3179 1847 3462 1915 plaudente
3490 1854 3740 1918 tumultu,

2341 1930 2599 1985 Omnibus
2621 1932 2760 1986 idem
2789 1935 3018 2000 animus,
3056 1937 3223 1990 turbis
3253 1953 3354 1992 vox
3386 1941 3637 1995 omnibus
3668 1959 3792 1997 una.

2342 2021 2431 2076 Sic
2463 2032 2640 2078 tamen
2669 2024 2980 2079 alterutrum
3003 2028 3518 2086 certabantvincere
3550 2034 3705 2098 votis,

2338 2111 2448 2165 Ceu
2473 2113 2575 2167 sibi
2598 2128 2717 2168 cum
2746 2114 2863 2168 diro
2888 2116 3118 2171 bellandi
3145 2121 3387 2173 cominus
3413 2121 3565 2177 hoste

2340 2199 2509 2257 Causa
2531 2202 2705 2258 foret:
2732 2206 2922 2274 vulgus
2951 2207 3167 2276 proprio
3197 2217 3321 2262 tunc
3348 2209 3605 2279 sanguine
3632 2214 3773 2277 vicit,

2340 2290 2642 2347 Pollicitum
2674 2298 2925 2363 quotiens
2950 2297 3109 2352 fuerit
3136 2299 3360 2354 sufferre
3383 2303 3600 2369 pericla.

2337 2380 2529 2452 Caspia
2553 2398 2659 2438 non
2685 2386 2839 2440 aliter
2868 2400 2993 2440 cum
3025 2387 3173 2457 tigris
3201 2388 3305 2443 feta
3335 2390 3617 2458 Niphatem

2337 2472 2559 2539 Circuit,
2583 2486 2671 2528 aut
2700 2477 2906 2531 catulos
2936 2479 3178 2548 rapiendi
3208 2479 3401 2534 format
3426 2482 3491 2535 ad
3518 2497 3663 2549 usus,

2337 2564 2502 2618 Ardet
2530 2566 2581 2619 in
2607 2566 2878 2634 absentes,
2900 2571 3056 2622 saevis
3079 2572 3321 2624 mortalia
3345 2572 3559 2627 mandat

2337 2652 2573 2710 Membra
2636 2657 2860 2726 animis,
2928 2659 3312 2731 hominumque
3384 2676 3568 2718 necem
3628 2670 3761 2735 petit
3819 2686 3924 2729 ora

2634 2800 2641 2809 .
3579 2757 3840 2828 [crpcnto

2406 2834 2555 2888 Alter
2580 2835 2631 2888 in
2664 2836 2765 2889 hoc
2793 2837 2999 2891 senium
3030 2839 3229 2893 teneris
3259 2844 3480 2897 miratus
3503 2846 3555 2898 in
3580 2850 3753 2914 annis,

2336 2923 2485 2978 Alter
2506 2924 2559 2978 in
2588 2925 2802 2994 antiqua
2823 2926 3058 2995 jactabat
3087 2931 3249 3000 stirp-
3277 2943 3522 2999 parentes
3546 2950 3560 2989 :

2334 3015 2567 3069 Alterius
2596 3028 2845 3072 contenta
2881 3035 3069 3089 parum
3102 3023 3167 3076 de
3192 3026 3447 3093 sanguine
3476 3043 3625 3082 mens
3655 3041 3731 3084 est
3751 3071 3767 3095 ,

2336 3107 2498 3177 Digna
2532 3109 2731 3165 referre
2765 3111 2863 3165 viri
2898 3113 3144 3166 virtutum
3171 3124 3451 3170 stemmata
3484 3120 3633 3175 mille

2339 3288 2634 3344 Vincuntur
2664 3294 2933 3359 quotiens,
2961 3303 3008 3349 et
3043 3311 3251 3350 morum
3282 3298 3448 3366 gloria
3480 3304 3633 3355 ViCilS

2333 3381 2569 3437 Parturit
2599 3383 2861 3454 insignem
2889 3400 2983 3455 per
3003 3388 3199 3442 smeula
3226 3388 3381 3458 longa
3415 3391 3773 3462 triumphum?

2332 3476 2425 3531 ille
2458 3477 2789 3546 pudicitiam,
2818 3495 2937 3549 qua:
2966 3481 3192 3551 pulchro
3220 3483 3273 3537 in
3298 3498 3525 3554 corpore
3555 3502 3739 3545 vernat

2332 3563 2635 3634 Pulchrior,
2667 3577 2720 3622 et
2750 3578 2896 3643 casta
2923 3570 3187 3626 ridentem
3217 3573 3335 3628 luce
3368 3576 3590 3646 figuram

2331 3656 2605 3712 Laudibus
2628 3660 2701 3739 ad
2731 3660 2923 3715 emittm
2955 3671 3169 3731 portat:
3203 3666 3366 3722 decus
3397 3669 3487 3722 illa
3507 3672 3745 3739 profecto

2329 3747 2523 3802 Attulit
2552 3738 2674 3805 huic
2702 3752 2885 3819 facies,
2912 3769 3029 3821 qua:
3055 3758 3235 3811 multis
3258 3781 3268 3807 ι
3289 3772 3415 3811 ausa
3444 3762 3626 3826 pericli

2331 3834 2486 3905 Sa-pe
2517 3837 2616 3891 fuit
2642 3855 2660 3891 γε
2694 3841 2967 3907 pulchrum
2996 3843 3124 3897 satis
3153 3854 3233 3897 est
3259 3849 3516 3901 mansisse
3547 3850 3685 3917 pedit
3708 3867 3814 3906 um.

2330 3924 2454 3979 Haec
2484 3926 2585 3980 nisi
2615 3928 2681 3982 de
2710 3942 2921 3984 summo
2950 3946 3053 3984 non
3085 3934 3279 3988 dantur
3308 3937 3542 3991 culmine
3573 3939 3799 4011 Olympi.

2332 4016 2419 4072 Sic
2442 4018 2531 4071 ubi
2553 4022 2885 4091 contingant,
2916 4024 3000 4077 vel
3031 4024 3216 4080 formae
3243 4031 3522 4083 commoda
3546 4035 3745 4089 sanctis

2328 4109 2592 4164 Mentibus
2613 4124 2940 4181 accrescant,
2974 4117 3115 4171 bello
3135 4135 3191 4173 se
3215 4120 3427 4175 vincere
3462 4133 3669 4180 certant

2329 4200 2476 4256 Tunc
2503 4202 2772 4271 homines,
2805 4207 3081 4277 funditque
3104 4211 3268 4265 decus
3298 4213 3377 4267 vel
3405 4230 3629 4271 munera
3662 4229 3804 4273 terra

2328 4293 2521 4349 Dextra
2548 4297 2762 4365 animae,
2789 4298 3020 4369 vivitque
3040 4302 3164 4368 sibi,
3190 4303 3314 4358 dum
3336 4305 3539 4374 deperit
3568 4310 3665 4362 illi.

2396 4393 2519 4450 Ha'c
2547 4410 2666 4450 cum
2697 4398 2974 4468 multiplici
3005 4402 3239 4470 populus
3270 4418 3515 4461 narraret
3550 4410 3621 4463 ab
3648 4424 3762 4475 ore,

2329 4483 2440 4539 Una
2472 4484 2572 4540 fuit
2593 4489 2799 4544 cunctis
2825 4494 3092 4547 sententia
3122 4494 3224 4549 fixa
3247 4497 3495 4551 catervis.

2247 4567 2302 4627 D
2327 4579 2505 4635 Turba
2528 4583 2888 4655 sacerdotum,
2915 4589 3318 4661 venerandaque
3337 4594 3481 4647 curia
3508 4598 3684 4652 saeclis

2328 4670 2522 4742 Elegit,
2555 4675 2743 4743 voluit,
2773 4680 2985 4746 meruit,
3016 4682 3270 4751 suscepit,
3299 4686 3519 4741 amavit.

2398 4763 2537 4820 Ecce
2565 4766 2707 4821 aliud
2734 4769 2983 4839 dictuque
3010 4789 3224 4841 novum,
3249 4778 3495 4834 mirabile
3524 4784 3728 4837 cunctis

2325 4853 2683 4921 Transieram,
2713 4861 2854 4929 quod
2873 4864 3095 4933 quisque
3115 4877 3291 4936 pavet,
3315 4871 3454 4940 quod
3479 4873 3704 4940 suspicit
3733 4875 3901 4930 orbis.

2330 4948 2425 5002 Vix
2458 4950 2739 5019 primaivus
2765 4967 2900 5023 erat,
2924 4960 3168 5014 tremulis
3200 4975 3321 5015 cum
3348 4963 3531 5018 limina
3560 4965 3692 5019 lucis

2322 5037 2604 5098 Calcantur
2634 5044 2846 5114 plantis,
2877 5063 2999 5103 cum
3030 5051 3214 5104 matris
3243 5053 3310 5105 ab
3339 5053 3507 5107 ubere
3538 5057 3706 5121 raptis

2325 5133 2573 5190 Biandior
2599 5151 2628 5189 a
2667 5147 2854 5193 tenero
2883 5154 3072 5195 succus
3102 5142 3421 5196 subducitur
3450 5144 3639 5198 haustu
3674 5163 3687 5198 :

2321 5225 2521 5280 Callida
2556 5230 2834 5285 mentitum
2859 5233 3094 5301 genitrix
3119 5249 3238 5287 cum
3267 5234 3403 5290 forte
3424 5251 3666 5304 saporem

2325 5317 2614 5371 Herbarum
2648 5322 2884 5386 querulis
2907 5322 3136 5378 infundit
3161 5325 3289 5378 dura
3322 5326 3546 5390 labellis,

2323 5406 2531 5461 Nesciat
2559 5417 2614 5461 ut
2635 5419 2789 5462 natus
2810 5422 2962 5481 gustu
2978 5427 3303 5483 cognoscere
3331 5425 3573 5469 matrem.

2326 5541 2551 5624 proferre
2577 5558 2891 5624 sermonem;
2913 5545 3043 5599 item
3074 5548 3330 5624 adversus
3365 5552 3621 5606 Praxeatn
3649 5571 3765 5624 cap.
3790 5558 3895 5612 22:

2324 5608 2573 5694 Dominus
2595 5613 2680 5663 dat
2704 5614 2826 5666 mihi
2848 5616 3079 5694 _linguam
3103 5620 3393 5686 disciplina:
3408 5624 3474 5674 ad
3496 5608 3897 5694 cognoscenti—lini

2320 5678 2779 5761 quandopporteat
2804 5678 2970 5765 dicere
3000 5678 3296 5765 set-monent.
3337 5694 3465 5746 Nam
3499 5678 3898 5765 vti'lgalailec'tio

2324 5760 2505 5803 nostra
2538 5752 2587 5804 in
2623 5755 2919 5820 posteriore
2948 5760 3187 5814 membro
3217 5761 3425 5817 diversa
3450 5776 3549 5817 est.
