  <div class='ocr_page' id='page_1' title='image "/cluster/home/n/w/nwhite01/storage/ocr_20150623/63/hvd.32044073498792/168.png"; bbox 0 0 4192 6260; ppageno 0'>
   <div class='ocr_carea' id='block_1_1' title="bbox 261 372 371 425">
    <p class='ocr_par' dir='ltr' id='par_1_1' title="bbox 261 372 371 425">
     <span class='ocr_line' id='line_1_1' title="bbox 261 372 371 425; baseline -0.009 -1"><span class='ocrx_word' id='word_1_1' title='bbox 261 372 371 425; x_wconf 67' lang='lat'><strong>.325</strong></span> 
     </span>
    </p>
   </div>
   <div class='ocr_carea' id='block_1_2' title="bbox 265 476 1486 544">
    <p class='ocr_par' dir='ltr' id='par_1_2' title="bbox 265 476 1486 544">
     <span class='ocr_line' id='line_1_2' title="bbox 265 476 1486 544; baseline -0.005 -10"><span class='ocrx_word' id='word_1_2' title='bbox 265 481 416 535; x_wconf 78' lang='lat' dir='ltr'><strong>Unde</strong></span> <span class='ocrx_word' id='word_1_3' title='bbox 444 478 790 532; x_wconf 59' lang='lat' dir='ltr'><strong>subornatum</strong></span> <span class='ocrx_word' id='word_1_4' title='bbox 820 476 1085 541; x_wconf 80' lang='lat' dir='ltr'><strong>sorbetur,</strong></span> <span class='ocrx_word' id='word_1_5' title='bbox 1116 476 1250 531; x_wconf 85' lang='lat' dir='ltr'><strong>lacte</strong></span> <span class='ocrx_word' id='word_1_6' title='bbox 1274 484 1486 544; x_wconf 86' lang='lat' dir='ltr'><strong>negato,</strong></span> 
     </span>
    </p>
   </div>
   <div class='ocr_carea' id='block_1_3' title="bbox 266 569 1555 626">
    <p class='ocr_par' dir='ltr' id='par_1_3' title="bbox 266 569 1555 626">
     <span class='ocr_line' id='line_1_3' title="bbox 266 569 1555 626; baseline -0.002 -1"><span class='ocrx_word' id='word_1_7' title='bbox 266 574 530 625; x_wconf 80' lang='lat' dir='ltr'><strong>Faucibus</strong></span> <span class='ocrx_word' id='word_1_8' title='bbox 558 571 781 626; x_wconf 91' lang='lat' dir='ltr'><strong>insuetis</strong></span> <span class='ocrx_word' id='word_1_9' title='bbox 809 570 1026 625; x_wconf 90' lang='lat' dir='ltr'><strong>ridenda</strong></span> <span class='ocrx_word' id='word_1_10' title='bbox 1056 569 1243 625; x_wconf 83' lang='lat' dir='ltr'><strong>fraude</strong></span> <span class='ocrx_word' id='word_1_11' title='bbox 1270 585 1555 625; x_wconf 88' lang='lat' dir='ltr'><strong>venenum.</strong></span> 
     </span>
    </p>
   </div>
   <div class='ocr_carea' id='block_1_4' title="bbox 267 661 1520 731">
    <p class='ocr_par' dir='ltr' id='par_1_4' title="bbox 267 661 1520 731">
     <span class='ocr_line' id='line_1_4' title="bbox 267 661 1520 731; baseline -0.002 -14"><span class='ocrx_word' id='word_1_12' title='bbox 267 666 424 717; x_wconf 92' lang='lat' dir='ltr'><strong>lstius</strong></span> <span class='ocrx_word' id='word_1_13' title='bbox 448 664 531 717; x_wconf 92' lang='lat' dir='ltr'><strong>illa</strong></span> <span class='ocrx_word' id='word_1_14' title='bbox 562 663 678 728; x_wconf 87' lang='lat' dir='ltr'><strong>fttit,</strong></span> <span class='ocrx_word' id='word_1_15' title='bbox 709 678 829 716; x_wconf 89' lang='lat' dir='ltr'><strong>cum</strong></span> <span class='ocrx_word' id='word_1_16' title='bbox 857 663 1065 731; x_wconf 81' lang='lat' dir='ltr'><strong>signum</strong></span> <span class='ocrx_word' id='word_1_17' title='bbox 1096 661 1336 729; x_wconf 80' lang='lat' dir='ltr'><strong>contigit,</strong></span> <span class='ocrx_word' id='word_1_18' title='bbox 1369 671 1520 715; x_wconf 62' lang='lat' dir='ltr'><strong>artas.</strong></span> 
     </span>
    </p>
   </div>
   <div class='ocr_carea' id='block_1_5' title="bbox 263 752 1545 820">
    <p class='ocr_par' dir='ltr' id='par_1_5' title="bbox 263 752 1545 820">
     <span class='ocr_line' id='line_1_5' title="bbox 263 752 1545 820; baseline -0.004 -13"><span class='ocrx_word' id='word_1_19' title='bbox 263 754 401 808; x_wconf 79' lang='lat' dir='ltr'><strong>Nam</strong></span> <span class='ocrx_word' id='word_1_20' title='bbox 426 754 642 807; x_wconf 79' lang='lat' dir='ltr'><strong>fulsisse</strong></span> <span class='ocrx_word' id='word_1_21' title='bbox 674 753 849 806; x_wconf 91' lang='lat' dir='ltr'><strong>ferunt</strong></span> <span class='ocrx_word' id='word_1_22' title='bbox 880 752 1035 820; x_wconf 83' lang='lat' dir='ltr'><strong>hujus</strong></span> <span class='ocrx_word' id='word_1_23' title='bbox 1061 752 1323 805; x_wconf 80' lang='lat' dir='ltr'><strong>cunabula</strong></span> <span class='ocrx_word' id='word_1_24' title='bbox 1354 764 1545 819; x_wconf 88' lang='lat' dir='ltr'><strong>magno</strong></span> 
     </span>
    </p>
   </div>
   <div class='ocr_carea' id='block_1_6' title="bbox 263 841 1663 910">
    <p class='ocr_par' dir='ltr' id='par_1_6' title="bbox 263 841 1663 910">
     <span class='ocr_line' id='line_1_6' title="bbox 263 841 1663 910; baseline -0.003 -11"><span class='ocrx_word' id='word_1_25' title='bbox 263 845 516 908; x_wconf 84' lang='lat' dir='ltr'><strong>Lumine,</strong></span> <span class='ocrx_word' id='word_1_26' title='bbox 542 859 665 899; x_wconf 92' lang='lat' dir='ltr'><strong>cum</strong></span> <span class='ocrx_word' id='word_1_27' title='bbox 690 853 867 897; x_wconf 90' lang='lat' dir='ltr'><strong>tantus</strong></span> <span class='ocrx_word' id='word_1_28' title='bbox 889 844 1165 896; x_wconf 87' lang='lat' dir='ltr'><strong>micuisset</strong></span> <span class='ocrx_word' id='word_1_29' title='bbox 1194 841 1447 910; x_wconf 83' lang='lat' dir='ltr'><strong>Splendor</strong></span> <span class='ocrx_word' id='word_1_30' title='bbox 1474 842 1527 895; x_wconf 91' lang='lat' dir='ltr'><strong>in</strong></span> <span class='ocrx_word' id='word_1_31' title='bbox 1556 841 1663 904; x_wconf 88' lang='lat' dir='ltr'><strong>illo,</strong></span> 
     </span>
    </p>
   </div>
   <div class='ocr_carea' id='block_1_7' title="bbox 263 934 1747 1003">
    <p class='ocr_par' dir='ltr' id='par_1_7' title="bbox 263 934 1747 1003">
     <span class='ocr_line' id='line_1_7' title="bbox 263 934 1747 1003; baseline -0.005 -14"><span class='ocrx_word' id='word_1_32' title='bbox 263 937 509 1000; x_wconf 82' lang='lat' dir='ltr'><strong>Quantus</strong></span> <span class='ocrx_word' id='word_1_33' title='bbox 540 936 590 989; x_wconf 95' lang='lat' dir='ltr'><strong>in</strong></span> <span class='ocrx_word' id='word_1_34' title='bbox 626 934 939 1003; x_wconf 84' lang='lat' dir='ltr'><strong>obsequium</strong></span> <span class='ocrx_word' id='word_1_35' title='bbox 972 934 1137 1003; x_wconf 91' lang='lat' dir='ltr'><strong>potuit</strong></span> <span class='ocrx_word' id='word_1_36' title='bbox 1169 943 1277 986; x_wconf 93' lang='lat' dir='ltr'><strong>tum</strong></span> <span class='ocrx_word' id='word_1_37' title='bbox 1309 934 1516 1002; x_wconf 89' lang='lat' dir='ltr'><strong>fungier</strong></span> <span class='ocrx_word' id='word_1_38' title='bbox 1536 934 1703 987; x_wconf 66' lang='lat' dir='ltr'><strong>aether</strong></span> <span class='ocrx_word' id='word_1_39' title='bbox 1737 950 1747 982; x_wconf 88' lang='lat'><strong>:</strong></span> 
     </span>
    </p>
   </div>
   <div class='ocr_carea' id='block_1_8' title="bbox 262 1026 1492 1095">
    <p class='ocr_par' dir='ltr' id='par_1_8' title="bbox 262 1026 1492 1095">
     <span class='ocr_line' id='line_1_8' title="bbox 262 1026 1492 1095; baseline -0.001 -14"><span class='ocrx_word' id='word_1_40' title='bbox 262 1029 403 1081; x_wconf 83' lang='lat' dir='ltr'><strong>Cum</strong></span> <span class='ocrx_word' id='word_1_41' title='bbox 429 1029 609 1095; x_wconf 84' lang='lat' dir='ltr'><strong>jussus</strong></span> <span class='ocrx_word' id='word_1_42' title='bbox 636 1027 839 1080; x_wconf 83' lang='lat' dir='ltr'><strong>servire</strong></span> <span class='ocrx_word' id='word_1_43' title='bbox 868 1026 1003 1092; x_wconf 90' lang='lat' dir='ltr'><strong>viro,</strong></span> <span class='ocrx_word' id='word_1_44' title='bbox 1031 1026 1271 1080; x_wconf 82' lang='lat' dir='ltr'><strong>mortalia</strong></span> <span class='ocrx_word' id='word_1_45' title='bbox 1301 1029 1492 1095; x_wconf 86' lang='lat' dir='ltr'><strong>raptim</strong></span> 
     </span>
    </p>
   </div>
   <div class='ocr_carea' id='block_1_9' title="bbox 267 1117 1723 1187">
    <p class='ocr_par' dir='ltr' id='par_1_9' title="bbox 267 1117 1723 1187">
     <span class='ocr_line' id='line_1_9' title="bbox 267 1117 1723 1187; baseline -0.003 -13"><span class='ocrx_word' id='word_1_46' title='bbox 267 1119 506 1174; x_wconf 77' lang='lat' dir='ltr'><strong>Membra</strong></span> <span class='ocrx_word' id='word_1_47' title='bbox 539 1121 677 1172; x_wconf 91' lang='lat' dir='ltr'><strong>levat</strong></span> <span class='ocrx_word' id='word_1_48' title='bbox 709 1121 861 1187; x_wconf 90' lang='lat' dir='ltr'><strong>lapsu</strong></span> <span class='ocrx_word' id='word_1_49' title='bbox 888 1118 1135 1186; x_wconf 85' lang='lat' dir='ltr'><strong>gradiens</strong></span> <span class='ocrx_word' id='word_1_50' title='bbox 1168 1118 1309 1172; x_wconf 87' lang='lat' dir='ltr'><strong>celer</strong></span> <span class='ocrx_word' id='word_1_51' title='bbox 1337 1118 1472 1187; x_wconf 93' lang='lat' dir='ltr'><strong>ignis</strong></span> <span class='ocrx_word' id='word_1_52' title='bbox 1493 1117 1723 1187; x_wconf 83' lang='lat' dir='ltr'><strong>Olympi,</strong></span> 
     </span>
    </p>
   </div>
   <div class='ocr_carea' id='block_1_10' title="bbox 266 1208 1629 1279">
    <p class='ocr_par' dir='ltr' id='par_1_10' title="bbox 266 1208 1629 1279">
     <span class='ocr_line' id='line_1_10' title="bbox 266 1208 1629 1279; baseline -0.001 -14"><span class='ocrx_word' id='word_1_53' title='bbox 266 1210 627 1279; x_wconf 86' lang='lat' dir='ltr'><strong>Cornipedum</strong></span> <span class='ocrx_word' id='word_1_54' title='bbox 656 1210 840 1277; x_wconf 83' lang='lat' dir='ltr'><strong>pernix</strong></span> <span class='ocrx_word' id='word_1_55' title='bbox 868 1223 1052 1263; x_wconf 88' lang='lat' dir='ltr'><strong>cursus</strong></span> <span class='ocrx_word' id='word_1_56' title='bbox 1086 1208 1319 1262; x_wconf 83' lang='lat' dir='ltr'><strong>imitatus</strong></span> <span class='ocrx_word' id='word_1_57' title='bbox 1349 1223 1629 1277; x_wconf 91' lang='lat' dir='ltr'><strong>equorum.</strong></span> 
     </span>
    </p>
   </div>
   <div class='ocr_carea' id='block_1_11' title="bbox 270 1298 1847 1369">
    <p class='ocr_par' dir='ltr' id='par_1_11' title="bbox 270 1298 1847 1369">
     <span class='ocr_line' id='line_1_11' title="bbox 270 1298 1847 1369; baseline -0.003 -16"><span class='ocrx_word' id='word_1_58' title='bbox 270 1302 536 1369; x_wconf 86' lang='lat' dir='ltr'><strong>Prospera</strong></span> <span class='ocrx_word' id='word_1_59' title='bbox 575 1314 681 1353; x_wconf 92' lang='lat' dir='ltr'><strong>non</strong></span> <span class='ocrx_word' id='word_1_60' title='bbox 717 1299 872 1352; x_wconf 80' lang='lat' dir='ltr'><strong>aliter</strong></span> <span class='ocrx_word' id='word_1_61' title='bbox 914 1313 1132 1366; x_wconf 88' lang='lat' dir='ltr'><strong>puerum</strong></span> <span class='ocrx_word' id='word_1_62' title='bbox 1165 1306 1290 1352; x_wconf 90' lang='lat' dir='ltr'><strong>tunc</strong></span> <span class='ocrx_word' id='word_1_63' title='bbox 1321 1298 1532 1351; x_wconf 84' lang='lat' dir='ltr'><strong>ﬂamma</strong></span> <span class='ocrx_word' id='word_1_64' title='bbox 1564 1310 1847 1367; x_wconf 88' lang='lat' dir='ltr'><strong>pererrans</strong></span> 
     </span>
    </p>
   </div>
   <div class='ocr_carea' id='block_1_12' title="bbox 268 1388 1599 1457">
    <p class='ocr_par' dir='ltr' id='par_1_12' title="bbox 268 1388 1599 1457">
     <span class='ocr_line' id='line_1_12' title="bbox 268 1388 1599 1457; baseline 0 -16"><span class='ocrx_word' id='word_1_65' title='bbox 268 1391 492 1455; x_wconf 71' lang='lat' dir='ltr'><strong>Circuit,</strong></span> <span class='ocrx_word' id='word_1_66' title='bbox 527 1390 777 1457; x_wconf 83' lang='lat' dir='ltr'><strong>illustrat,</strong></span> <span class='ocrx_word' id='word_1_67' title='bbox 811 1398 1115 1454; x_wconf 81' lang='lat' dir='ltr'><strong>veneratur,</strong></span> <span class='ocrx_word' id='word_1_68' title='bbox 1148 1389 1389 1456; x_wconf 88' lang='lat' dir='ltr'><strong>suspicit,</strong></span> <span class='ocrx_word' id='word_1_69' title='bbox 1416 1388 1599 1441; x_wconf 87' lang='lat' dir='ltr'><strong>ambit.</strong></span> 
     </span>
    </p>
   </div>
   <div class='ocr_carea' id='block_1_13' title="bbox 343 1480 1701 1551">
    <p class='ocr_par' dir='ltr' id='par_1_13' title="bbox 343 1480 1701 1551">
     <span class='ocr_line' id='line_1_13' title="bbox 343 1480 1701 1551; baseline -0.003 -16"><span class='ocrx_word' id='word_1_70' title='bbox 343 1484 478 1536; x_wconf 86' lang='lat' dir='ltr'><strong>Tum</strong></span> <span class='ocrx_word' id='word_1_71' title='bbox 513 1483 733 1551; x_wconf 87' lang='lat' dir='ltr'><strong>pavidus</strong></span> <span class='ocrx_word' id='word_1_72' title='bbox 762 1483 972 1549; x_wconf 79' lang='lat' dir='ltr'><strong>genitor</strong></span> <span class='ocrx_word' id='word_1_73' title='bbox 1000 1482 1266 1534; x_wconf 91' lang='lat' dir='ltr'><strong>submisso</strong></span> <span class='ocrx_word' id='word_1_74' title='bbox 1297 1480 1496 1533; x_wconf 89' lang='lat' dir='ltr'><strong>lumine</strong></span> <span class='ocrx_word' id='word_1_75' title='bbox 1520 1480 1657 1532; x_wconf 86' lang='lat' dir='ltr'><strong>fatur</strong></span> <span class='ocrx_word' id='word_1_76' title='bbox 1688 1498 1701 1531; x_wconf 89' lang='lat'>:</span> 
     </span>
    </p>
   </div>
   <div class='ocr_carea' id='block_1_14' title="bbox 270 1570 1636 1637">
    <p class='ocr_par' dir='ltr' id='par_1_14' title="bbox 270 1570 1636 1637">
     <span class='ocr_line' id='line_1_14' title="bbox 270 1570 1636 1637; baseline -0.005 -8"><span class='ocrx_word' id='word_1_77' title='bbox 270 1574 493 1629; x_wconf 85' lang='lat' dir='ltr'><strong>Summe</strong></span> <span class='ocrx_word' id='word_1_78' title='bbox 526 1574 712 1637; x_wconf 88' lang='lat' dir='ltr'><strong>Deum,</strong></span> <span class='ocrx_word' id='word_1_79' title='bbox 740 1573 906 1625; x_wconf 84' lang='lat' dir='ltr'><strong>sancti</strong></span> <span class='ocrx_word' id='word_1_80' title='bbox 935 1581 1115 1625; x_wconf 90' lang='lat' dir='ltr'><strong>custos</strong></span> <span class='ocrx_word' id='word_1_81' title='bbox 1142 1571 1228 1637; x_wconf 92' lang='lat' dir='ltr'><strong>qui</strong></span> <span class='ocrx_word' id='word_1_82' title='bbox 1256 1571 1487 1623; x_wconf 91' lang='lat' dir='ltr'><strong>culmine</strong></span> <span class='ocrx_word' id='word_1_83' title='bbox 1516 1570 1636 1624; x_wconf 79' lang='lat' dir='ltr'><strong>caeli</strong></span> 
     </span>
    </p>
   </div>
   <div class='ocr_carea' id='block_1_15' title="bbox 272 1659 1685 1731">
    <p class='ocr_par' dir='ltr' id='par_1_15' title="bbox 272 1659 1685 1731">
     <span class='ocr_line' id='line_1_15' title="bbox 272 1659 1685 1731; baseline -0.004 -16"><span class='ocrx_word' id='word_1_84' title='bbox 272 1666 465 1720; x_wconf 81' lang='lat' dir='ltr'><strong>Umina</strong></span> <span class='ocrx_word' id='word_1_85' title='bbox 492 1665 680 1716; x_wconf 86' lang='lat' dir='ltr'><strong>dextra</strong></span> <span class='ocrx_word' id='word_1_86' title='bbox 713 1662 860 1729; x_wconf 75' lang='lat' dir='ltr'><strong>facis,</strong></span> <span class='ocrx_word' id='word_1_87' title='bbox 888 1676 1007 1731; x_wconf 68' lang='lat' dir='ltr'><strong>quae</strong></span> <span class='ocrx_word' id='word_1_88' title='bbox 1029 1662 1203 1714; x_wconf 88' lang='lat' dir='ltr'><strong>cernis</strong></span> <span class='ocrx_word' id='word_1_89' title='bbox 1232 1659 1432 1713; x_wconf 90' lang='lat' dir='ltr'><strong>lumine</strong></span> <span class='ocrx_word' id='word_1_90' title='bbox 1456 1659 1645 1713; x_wconf 87' lang='lat' dir='ltr'><strong>dextro</strong></span> <span class='ocrx_word' id='word_1_91' title='bbox 1673 1676 1685 1710; x_wconf 93' lang='lat'><strong>:</strong></span> 
     </span>
    </p>
   </div>
   <div class='ocr_carea' id='block_1_16' title="bbox 275 1750 1702 1820">
    <p class='ocr_par' dir='ltr' id='par_1_16' title="bbox 275 1750 1702 1820">
     <span class='ocr_line' id='line_1_16' title="bbox 275 1750 1702 1820; baseline -0.004 -12"><span class='ocrx_word' id='word_1_92' title='bbox 275 1755 425 1808; x_wconf 88' lang='lat' dir='ltr'><strong>llunc</strong></span> <span class='ocrx_word' id='word_1_93' title='bbox 459 1752 553 1807; x_wconf 89' lang='lat' dir='ltr'><strong>tibi</strong></span> <span class='ocrx_word' id='word_1_94' title='bbox 578 1753 648 1807; x_wconf 91' lang='lat' dir='ltr'><strong>de</strong></span> <span class='ocrx_word' id='word_1_95' title='bbox 677 1752 863 1820; x_wconf 86' lang='lat' dir='ltr'><strong>primis</strong></span> <span class='ocrx_word' id='word_1_96' title='bbox 888 1762 944 1806; x_wconf 88' lang='lat' dir='ltr'><strong>et</strong></span> <span class='ocrx_word' id='word_1_97' title='bbox 969 1751 1143 1805; x_wconf 86' lang='lat' dir='ltr'><strong>adhuc</strong></span> <span class='ocrx_word' id='word_1_98' title='bbox 1172 1750 1502 1818; x_wconf 88' lang='lat' dir='ltr'><strong>reptantibus</strong></span> <span class='ocrx_word' id='word_1_99' title='bbox 1530 1750 1702 1815; x_wconf 90' lang='lat' dir='ltr'><strong>anuis,</strong></span> 
     </span>
    </p>
   </div>
   <div class='ocr_carea' id='block_1_17' title="bbox 272 1842 1782 1913">
    <p class='ocr_par' dir='ltr' id='par_1_17' title="bbox 272 1842 1782 1913">
     <span class='ocr_line' id='line_1_17' title="bbox 272 1842 1782 1913; baseline -0.002 -13"><span class='ocrx_word' id='word_1_100' title='bbox 272 1846 469 1900; x_wconf 79' lang='lat' dir='ltr'><strong>Sancte</strong></span> <span class='ocrx_word' id='word_1_101' title='bbox 499 1854 667 1913; x_wconf 87' lang='lat' dir='ltr'><strong>pater,</strong></span> <span class='ocrx_word' id='word_1_102' title='bbox 700 1859 890 1908; x_wconf 91' lang='lat' dir='ltr'><strong>voveo,</strong></span> <span class='ocrx_word' id='word_1_103' title='bbox 912 1858 1070 1912; x_wconf 90' lang='lat' dir='ltr'><strong>quem</strong></span> <span class='ocrx_word' id='word_1_104' title='bbox 1098 1843 1322 1897; x_wconf 91' lang='lat' dir='ltr'><strong>necdum</strong></span> <span class='ocrx_word' id='word_1_105' title='bbox 1356 1843 1592 1896; x_wconf 81' lang='lat' dir='ltr'><strong>cassibus</strong></span> <span class='ocrx_word' id='word_1_106' title='bbox 1620 1842 1782 1897; x_wconf 86' lang='lat' dir='ltr'><strong>arctis</strong></span> 
     </span>
    </p>
   </div>
   <div class='ocr_carea' id='block_1_18' title="bbox 276 1931 1502 2000">
    <p class='ocr_par' dir='ltr' id='par_1_18' title="bbox 276 1931 1502 2000">
     <span class='ocr_line' id='line_1_18' title="bbox 276 1931 1502 2000; baseline -0.005 -11"><span class='ocrx_word' id='word_1_107' title='bbox 276 1936 419 1989; x_wconf 90' lang='lat' dir='ltr'><strong>Lubr</strong></span> <span class='ocrx_word' id='word_1_108' title='bbox 441 1950 500 1989; x_wconf 86' lang='lat' dir='ltr'><strong>ca</strong></span> <span class='ocrx_word' id='word_1_109' title='bbox 535 1934 761 1989; x_wconf 88' lang='lat' dir='ltr'><strong>terrenis</strong></span> <span class='ocrx_word' id='word_1_110' title='bbox 790 1933 1063 1987; x_wconf 87' lang='lat' dir='ltr'><strong>innectunt</strong></span> <span class='ocrx_word' id='word_1_111' title='bbox 1087 1934 1280 1985; x_wconf 71' lang='lat' dir='ltr'><strong>secula</strong></span> <span class='ocrx_word' id='word_1_112' title='bbox 1312 1931 1502 2000; x_wconf 89' lang='lat' dir='ltr'><strong>culpis.</strong></span> 
     </span>
    </p>
   </div>
   <div class='ocr_carea' id='block_1_19' title="bbox 276 2022 1810 2091">
    <p class='ocr_par' dir='ltr' id='par_1_19' title="bbox 276 2022 1810 2091">
     <span class='ocr_line' id='line_1_19' title="bbox 276 2022 1810 2091; baseline -0.001 -12"><span class='ocrx_word' id='word_1_113' title='bbox 276 2026 381 2080; x_wconf 78' lang='lat' dir='ltr'><strong>Nec</strong></span> <span class='ocrx_word' id='word_1_114' title='bbox 410 2026 607 2079; x_wconf 78' lang='lat' dir='ltr'><strong>iaciant</strong></span> <span class='ocrx_word' id='word_1_115' title='bbox 632 2042 646 2078; x_wconf 89' lang='lat'><strong>:</strong></span> <span class='ocrx_word' id='word_1_116' title='bbox 676 2028 767 2089; x_wconf 82' lang='lat' dir='ltr'><strong>sit,</strong></span> <span class='ocrx_word' id='word_1_117' title='bbox 794 2037 1000 2077; x_wconf 86' lang='lat' dir='ltr'><strong>summe</strong></span> <span class='ocrx_word' id='word_1_118' title='bbox 1034 2024 1187 2086; x_wconf 86' lang='lat' dir='ltr'><strong>Deus,</strong></span> <span class='ocrx_word' id='word_1_119' title='bbox 1216 2023 1306 2076; x_wconf 89' lang='lat' dir='ltr'><strong>tibi</strong></span> <span class='ocrx_word' id='word_1_120' title='bbox 1338 2036 1530 2075; x_wconf 88' lang='lat' dir='ltr'><strong>munus</strong></span> <span class='ocrx_word' id='word_1_121' title='bbox 1555 2022 1810 2091; x_wconf 84' lang='lat' dir='ltr'><strong>opimum.</strong></span> 
     </span>
    </p>
   </div>
   <div class='ocr_carea' id='block_1_20' title="bbox 280 2112 1742 2187">
    <p class='ocr_par' dir='ltr' id='par_1_20' title="bbox 280 2112 1742 2187">
     <span class='ocr_line' id='line_1_20' title="bbox 280 2112 1742 2187; baseline -0.005 -14"><span class='ocrx_word' id='word_1_122' title='bbox 280 2120 399 2173; x_wconf 61' lang='lat' dir='ltr'><strong>[late</strong></span> <span class='ocrx_word' id='word_1_123' title='bbox 421 2120 518 2181; x_wconf 86' lang='lat' dir='ltr'><strong>ait,</strong></span> <span class='ocrx_word' id='word_1_124' title='bbox 542 2128 599 2171; x_wconf 82' lang='lat' dir='ltr'><strong>et</strong></span> <span class='ocrx_word' id='word_1_125' title='bbox 619 2118 880 2187; x_wconf 86' lang='lat' dir='ltr'><strong>lacrymas</strong></span> <span class='ocrx_word' id='word_1_126' title='bbox 904 2129 1035 2184; x_wconf 87' lang='lat' dir='ltr'><strong>quas</strong></span> <span class='ocrx_word' id='word_1_127' title='bbox 1068 2122 1315 2182; x_wconf 89' lang='lat' dir='ltr'><strong>promunt</strong></span> <span class='ocrx_word' id='word_1_128' title='bbox 1336 2114 1526 2182; x_wconf 86' lang='lat' dir='ltr'><strong>gaudia</strong></span> <span class='ocrx_word' id='word_1_129' title='bbox 1557 2112 1742 2166; x_wconf 89' lang='lat' dir='ltr'><strong>fundit.</strong></span> 
     </span>
    </p>
   </div>
   <div class='ocr_carea' id='block_1_21' title="bbox 347 2203 1763 2277">
    <p class='ocr_par' dir='ltr' id='par_1_21' title="bbox 347 2203 1763 2277">
     <span class='ocr_line' id='line_1_21' title="bbox 347 2203 1763 2277; baseline -0.004 -16"><span class='ocrx_word' id='word_1_130' title='bbox 347 2208 650 2277; x_wconf 76' lang='lat' dir='ltr'><strong>Cri~piuum</strong></span> <span class='ocrx_word' id='word_1_131' title='bbox 675 2209 804 2274; x_wconf 87' lang='lat' dir='ltr'><strong>petit</strong></span> <span class='ocrx_word' id='word_1_132' title='bbox 834 2204 955 2259; x_wconf 86' lang='lat' dir='ltr'><strong>inde</strong></span> <span class='ocrx_word' id='word_1_133' title='bbox 985 2204 1182 2270; x_wconf 89' lang='lat' dir='ltr'><strong>libens,</strong></span> <span class='ocrx_word' id='word_1_134' title='bbox 1212 2219 1371 2273; x_wconf 89' lang='lat' dir='ltr'><strong>quem</strong></span> <span class='ocrx_word' id='word_1_135' title='bbox 1400 2203 1580 2257; x_wconf 90' lang='lat' dir='ltr'><strong>dicere</strong></span> <span class='ocrx_word' id='word_1_136' title='bbox 1603 2203 1763 2271; x_wconf 89' lang='lat' dir='ltr'><strong>digno</strong></span> 
     </span>
    </p>
   </div>
   <div class='ocr_carea' id='block_1_22' title="bbox 281 2294 1707 2366">
    <p class='ocr_par' dir='ltr' id='par_1_22' title="bbox 281 2294 1707 2366">
     <span class='ocr_line' id='line_1_22' title="bbox 281 2294 1707 2366; baseline -0.004 -14"><span class='ocrx_word' id='word_1_137' title='bbox 281 2299 389 2352; x_wconf 69' lang='lat' dir='ltr'><strong>Non</strong></span> <span class='ocrx_word' id='word_1_138' title='bbox 419 2301 578 2353; x_wconf 81' lang='lat' dir='ltr'><strong>datur</strong></span> <span class='ocrx_word' id='word_1_139' title='bbox 607 2296 845 2366; x_wconf 88' lang='lat' dir='ltr'><strong>eloquio,</strong></span> <span class='ocrx_word' id='word_1_140' title='bbox 878 2310 977 2349; x_wconf 91' lang='lat' dir='ltr'><strong>nec</strong></span> <span class='ocrx_word' id='word_1_141' title='bbox 1001 2295 1043 2348; x_wconf 87' lang='lat' dir='ltr'><strong>si</strong></span> <span class='ocrx_word' id='word_1_142' title='bbox 1076 2294 1236 2348; x_wconf 86' lang='lat' dir='ltr'><strong>modo</strong></span> <span class='ocrx_word' id='word_1_143' title='bbox 1266 2302 1446 2363; x_wconf 89' lang='lat' dir='ltr'><strong>surgat</strong></span> <span class='ocrx_word' id='word_1_144' title='bbox 1475 2295 1707 2360; x_wconf 81' lang='lat' dir='ltr'><strong>Averno,</strong></span> 
     </span>
    </p>
   </div>
   <div class='ocr_carea' id='block_1_23' title="bbox 281 2386 1459 2458">
    <p class='ocr_par' dir='ltr' id='par_1_23' title="bbox 281 2386 1459 2458">
     <span class='ocr_line' id='line_1_23' title="bbox 281 2386 1459 2458; baseline -0.004 -16"><span class='ocrx_word' id='word_1_145' title='bbox 281 2390 375 2454; x_wconf 83' lang='lat' dir='ltr'><strong>Qui</strong></span> <span class='ocrx_word' id='word_1_146' title='bbox 404 2389 576 2458; x_wconf 86' lang='lat' dir='ltr'><strong>putuit</strong></span> <span class='ocrx_word' id='word_1_147' title='bbox 604 2387 800 2456; x_wconf 90' lang='lat' dir='ltr'><strong>rigidas</strong></span> <span class='ocrx_word' id='word_1_148' title='bbox 828 2387 893 2441; x_wconf 87' lang='lat' dir='ltr'><strong>de</strong></span> <span class='ocrx_word' id='word_1_149' title='bbox 925 2386 1143 2454; x_wconf 90' lang='lat' dir='ltr'><strong>rupibus</strong></span> <span class='ocrx_word' id='word_1_150' title='bbox 1173 2386 1459 2454; x_wconf 85' lang='lat' dir='ltr'><strong>Apennini,</strong></span> 
     </span>
    </p>
   </div>
   <div class='ocr_carea' id='block_1_24' title="bbox 283 2476 1745 2545">
    <p class='ocr_par' dir='ltr' id='par_1_24' title="bbox 283 2476 1745 2545">
     <span class='ocr_line' id='line_1_24' title="bbox 283 2476 1745 2545; baseline -0.002 -13"><span class='ocrx_word' id='word_1_151' title='bbox 283 2478 522 2532; x_wconf 83' lang='lat' dir='ltr'><strong>Flumina</strong></span> <span class='ocrx_word' id='word_1_152' title='bbox 550 2493 671 2532; x_wconf 91' lang='lat' dir='ltr'><strong>cum</strong></span> <span class='ocrx_word' id='word_1_153' title='bbox 702 2486 925 2541; x_wconf 83' lang='lat' dir='ltr'><strong>starent,</strong></span> <span class='ocrx_word' id='word_1_154' title='bbox 954 2476 1021 2530; x_wconf 87' lang='lat' dir='ltr'><strong>ad</strong></span> <span class='ocrx_word' id='word_1_155' title='bbox 1052 2477 1310 2545; x_wconf 84' lang='lat' dir='ltr'><strong>plectrum</strong></span> <span class='ocrx_word' id='word_1_156' title='bbox 1340 2477 1535 2532; x_wconf 90' lang='lat' dir='ltr'><strong>ducere</strong></span> <span class='ocrx_word' id='word_1_157' title='bbox 1563 2477 1745 2531; x_wconf 86' lang='lat' dir='ltr'><strong>silvas.</strong></span> 
     </span>
    </p>
   </div>
   <div class='ocr_carea' id='block_1_25' title="bbox 284 2567 1497 2637">
    <p class='ocr_par' dir='ltr' id='par_1_25' title="bbox 284 2567 1497 2637">
     <span class='ocr_line' id='line_1_25' title="bbox 284 2567 1497 2637; baseline 0 -14"><span class='ocrx_word' id='word_1_158' title='bbox 284 2570 457 2623; x_wconf 88' lang='lat' dir='ltr'><strong>llelias</strong></span> <span class='ocrx_word' id='word_1_159' title='bbox 484 2568 579 2622; x_wconf 87' lang='lat' dir='ltr'><strong>fuit</strong></span> <span class='ocrx_word' id='word_1_160' title='bbox 608 2568 689 2621; x_wconf 91' lang='lat' dir='ltr'><strong>hic</strong></span> <span class='ocrx_word' id='word_1_161' title='bbox 712 2583 861 2637; x_wconf 89' lang='lat' dir='ltr'><strong>mage</strong></span> <span class='ocrx_word' id='word_1_162' title='bbox 888 2584 901 2619; x_wconf 87' lang='lat'><strong>:</strong></span> <span class='ocrx_word' id='word_1_163' title='bbox 932 2582 1051 2620; x_wconf 90' lang='lat' dir='ltr'><strong>nam</strong></span> <span class='ocrx_word' id='word_1_164' title='bbox 1074 2569 1191 2637; x_wconf 78' lang='lat' dir='ltr'><strong>quis</strong></span> <span class='ocrx_word' id='word_1_165' title='bbox 1215 2567 1497 2623; x_wconf 68' lang='lat' dir='ltr'><strong>Helismum</strong></span> 
     </span>
    </p>
   </div>
   <div class='ocr_carea' id='block_1_26' title="bbox 284 2658 1639 2728">
    <p class='ocr_par' dir='ltr' id='par_1_26' title="bbox 284 2658 1639 2728">
     <span class='ocr_line' id='line_1_26' title="bbox 284 2658 1639 2728; baseline -0.001 -14"><span class='ocrx_word' id='word_1_166' title='bbox 284 2660 569 2728; x_wconf 88' lang='lat' dir='ltr'><strong>Linqueret</strong></span> <span class='ocrx_word' id='word_1_167' title='bbox 600 2660 653 2713; x_wconf 91' lang='lat' dir='ltr'><strong>in</strong></span> <span class='ocrx_word' id='word_1_168' title='bbox 678 2662 853 2723; x_wconf 84' lang='lat' dir='ltr'><strong>terris,</strong></span> <span class='ocrx_word' id='word_1_169' title='bbox 878 2658 1146 2728; x_wconf 88' lang='lat' dir='ltr'><strong>duplicato</strong></span> <span class='ocrx_word' id='word_1_170' title='bbox 1177 2675 1399 2714; x_wconf 90' lang='lat' dir='ltr'><strong>munere</strong></span> <span class='ocrx_word' id='word_1_171' title='bbox 1431 2661 1639 2727; x_wconf 66' lang='lat' dir='ltr'><strong>palmas.</strong></span> 
     </span>
    </p>
   </div>
   <div class='ocr_carea' id='block_1_27' title="bbox 284 2753 1679 2822">
    <p class='ocr_par' dir='ltr' id='par_1_27' title="bbox 284 2753 1679 2822">
     <span class='ocr_line' id='line_1_27' title="bbox 284 2753 1679 2822; baseline 0 -15"><span class='ocrx_word' id='word_1_172' title='bbox 284 2754 509 2807; x_wconf 83' lang='lat' dir='ltr'><strong>Nutrivit</strong></span> <span class='ocrx_word' id='word_1_173' title='bbox 538 2768 695 2822; x_wconf 90' lang='lat' dir='ltr'><strong>quem</strong></span> <span class='ocrx_word' id='word_1_174' title='bbox 728 2754 864 2808; x_wconf 89' lang='lat' dir='ltr'><strong>lacte</strong></span> <span class='ocrx_word' id='word_1_175' title='bbox 894 2754 1001 2821; x_wconf 85' lang='lat' dir='ltr'><strong>pio.</strong></span> <span class='ocrx_word' id='word_1_176' title='bbox 1034 2753 1173 2822; x_wconf 89' lang='lat' dir='ltr'><strong>quod</strong></span> <span class='ocrx_word' id='word_1_177' title='bbox 1205 2754 1271 2806; x_wconf 84' lang='lat' dir='ltr'><strong>ab</strong></span> <span class='ocrx_word' id='word_1_178' title='bbox 1297 2754 1457 2807; x_wconf 90' lang='lat' dir='ltr'><strong>ubere</strong></span> <span class='ocrx_word' id='word_1_179' title='bbox 1489 2754 1679 2808; x_wconf 86' lang='lat' dir='ltr'><strong>Paulus</strong></span> 
     </span>
    </p>
   </div>
   <div class='ocr_carea' id='block_1_28' title="bbox 285 2842 1748 2915">
    <p class='ocr_par' dir='ltr' id='par_1_28' title="bbox 285 2842 1748 2915">
     <span class='ocr_line' id='line_1_28' title="bbox 285 2842 1748 2915; baseline 0.003 -19"><span class='ocrx_word' id='word_1_180' title='bbox 285 2842 508 2908; x_wconf 75' lang='lat' dir='ltr'><strong>Pressit,</strong></span> <span class='ocrx_word' id='word_1_181' title='bbox 540 2844 863 2912; x_wconf 82' lang='lat' dir='ltr'><strong>evangelicis</strong></span> <span class='ocrx_word' id='word_1_182' title='bbox 894 2845 1048 2913; x_wconf 89' lang='lat' dir='ltr'><strong>plena</strong></span> <span class='ocrx_word' id='word_1_183' title='bbox 1080 2854 1161 2899; x_wconf 89' lang='lat' dir='ltr'><strong>est</strong></span> <span class='ocrx_word' id='word_1_184' title='bbox 1191 2845 1273 2898; x_wconf 93' lang='lat' dir='ltr'><strong>cui</strong></span> <span class='ocrx_word' id='word_1_185' title='bbox 1301 2845 1486 2900; x_wconf 86' lang='lat' dir='ltr'><strong>dextra</strong></span> <span class='ocrx_word' id='word_1_186' title='bbox 1520 2846 1748 2915; x_wconf 89' lang='lat' dir='ltr'><strong>papillis.</strong></span> 
     </span>
    </p>
   </div>
   <div class='ocr_carea' id='block_1_29' title="bbox 284 2935 1644 3009">
    <p class='ocr_par' dir='ltr' id='par_1_29' title="bbox 284 2935 1644 3009">
     <span class='ocr_line' id='line_1_29' title="bbox 284 2935 1644 3009; baseline 0.003 -20"><span class='ocrx_word' id='word_1_187' title='bbox 284 2935 455 3001; x_wconf 80' lang='lat' dir='ltr'><strong>Saive,</strong></span> <span class='ocrx_word' id='word_1_188' title='bbox 489 2945 673 2991; x_wconf 87' lang='lat' dir='ltr'><strong>sancte</strong></span> <span class='ocrx_word' id='word_1_189' title='bbox 706 2952 913 3005; x_wconf 87' lang='lat' dir='ltr'><strong>parens,</strong></span> <span class='ocrx_word' id='word_1_190' title='bbox 945 2952 1156 3005; x_wconf 88' lang='lat' dir='ltr'><strong>semper</strong></span> <span class='ocrx_word' id='word_1_191' title='bbox 1188 2938 1411 3003; x_wconf 78' lang='lat' dir='ltr'><strong>salvete,</strong></span> <span class='ocrx_word' id='word_1_192' title='bbox 1443 2940 1644 3009; x_wconf 86' lang='lat' dir='ltr'><strong>recepti</strong></span> 
     </span>
    </p>
   </div>
   <div class='ocr_carea' id='block_1_30' title="bbox 281 3030 1469 3100">
    <p class='ocr_par' dir='ltr' id='par_1_30' title="bbox 281 3030 1469 3100">
     <span class='ocr_line' id='line_1_30' title="bbox 281 3030 1469 3100; baseline 0.003 -18"><span class='ocrx_word' id='word_1_193' title='bbox 281 3030 510 3094; x_wconf 62' lang='grc' dir='ltr'><strong>Οτὶειιίηὶ</strong></span> <span class='ocrx_word' id='word_1_194' title='bbox 535 3032 762 3094; x_wconf 89' lang='lat' dir='ltr'><strong>cineres,</strong></span> <span class='ocrx_word' id='word_1_195' title='bbox 790 3030 854 3083; x_wconf 88' lang='lat' dir='ltr'><strong>ad</strong></span> <span class='ocrx_word' id='word_1_196' title='bbox 885 3031 1032 3100; x_wconf 68' lang='lat' dir='ltr'><strong>cujus</strong></span> <span class='ocrx_word' id='word_1_197' title='bbox 1060 3031 1178 3100; x_wconf 88' lang='lat' dir='ltr'><strong>jura</strong></span> <span class='ocrx_word' id='word_1_198' title='bbox 1208 3031 1469 3085; x_wconf 85' lang='lat' dir='ltr'><strong>redundat</strong></span> 
     </span>
    </p>
   </div>
   <div class='ocr_carea' id='block_1_31' title="bbox 282 3120 1782 3192">
    <p class='ocr_par' dir='ltr' id='par_1_31' title="bbox 282 3120 1782 3192">
     <span class='ocr_line' id='line_1_31' title="bbox 282 3120 1782 3192; baseline 0.001 -20"><span class='ocrx_word' id='word_1_199' title='bbox 282 3120 545 3189; x_wconf 79' lang='lat' dir='ltr'><strong>Quidquid</strong></span> <span class='ocrx_word' id='word_1_200' title='bbox 569 3121 622 3173; x_wconf 90' lang='lat' dir='ltr'><strong>in</strong></span> <span class='ocrx_word' id='word_1_201' title='bbox 652 3122 751 3174; x_wconf 92' lang='lat' dir='ltr'><strong>hoc</strong></span> <span class='ocrx_word' id='word_1_202' title='bbox 778 3121 969 3173; x_wconf 81' lang='lat' dir='ltr'><strong>Christi</strong></span> <span class='ocrx_word' id='word_1_203' title='bbox 996 3122 1249 3175; x_wconf 82' lang='lat' dir='ltr'><strong>mirantur</strong></span> <span class='ocrx_word' id='word_1_204' title='bbox 1272 3122 1517 3192; x_wconf 87' lang='lat' dir='ltr'><strong>dogmate</strong></span> <span class='ocrx_word' id='word_1_205' title='bbox 1546 3122 1782 3192; x_wconf 89' lang='lat' dir='ltr'><strong>dignum.</strong></span> 
     </span>
    </p>
   </div>
   <div class='ocr_carea' id='block_1_32' title="bbox 354 3207 1931 3291">
    <p class='ocr_par' dir='ltr' id='par_1_32' title="bbox 354 3207 1931 3291">
     <span class='ocr_line' id='line_1_32' title="bbox 354 3207 1931 3291; baseline 0.002 -26"><span class='ocrx_word' id='word_1_206' title='bbox 354 3211 431 3265; x_wconf 88' lang='lat' dir='ltr'><strong>Tu</strong></span> <span class='ocrx_word' id='word_1_207' title='bbox 456 3213 594 3265; x_wconf 84' lang='lat' dir='ltr'><strong>bene</strong></span> <span class='ocrx_word' id='word_1_208' title='bbox 621 3213 987 3265; x_wconf 76' lang='lat' dir='ltr'><strong>transmissum</strong></span> <span class='ocrx_word' id='word_1_209' title='bbox 1014 3214 1106 3266; x_wconf 90' lang='lat' dir='ltr'><strong>tibi</strong></span> <span class='ocrx_word' id='word_1_210' title='bbox 1135 3229 1367 3291; x_wconf 82' lang='lat' dir='ltr'><strong>censum</strong></span> <span class='ocrx_word' id='word_1_211' title='bbox 1393 3215 1632 3282; x_wconf 78' lang='lat' dir='ltr'><strong>pOSsides</strong></span> <span class='ocrx_word' id='word_1_212' title='bbox 1662 3214 1854 3270; x_wconf 72' lang='lat' dir='ltr'><strong>turres.</strong></span> <span class='ocrx_word' id='word_1_213' title='bbox 1886 3207 1931 3268; x_wconf 86' lang='lat' dir='ltr'><strong><em>C</em></strong></span> 
     </span>
    </p>
   </div>
   <div class='ocr_carea' id='block_1_33' title="bbox 290 3302 1677 3373">
    <p class='ocr_par' dir='ltr' id='par_1_33' title="bbox 290 3302 1677 3373">
     <span class='ocr_line' id='line_1_33' title="bbox 290 3302 1677 3373; baseline 0.004 -19"><span class='ocrx_word' id='word_1_214' title='bbox 290 3302 387 3355; x_wconf 80' lang='lat' dir='ltr'><strong>Res</strong></span> <span class='ocrx_word' id='word_1_215' title='bbox 418 3317 524 3355; x_wconf 92' lang='lat' dir='ltr'><strong>non</strong></span> <span class='ocrx_word' id='word_1_216' title='bbox 565 3318 729 3372; x_wconf 89' lang='lat' dir='ltr'><strong>parva</strong></span> <span class='ocrx_word' id='word_1_217' title='bbox 760 3303 916 3356; x_wconf 87' lang='lat' dir='ltr'><strong>docet</strong></span> <span class='ocrx_word' id='word_1_218' title='bbox 937 3304 1216 3372; x_wconf 82' lang='lat' dir='ltr'><strong>triplicatis</strong></span> <span class='ocrx_word' id='word_1_219' title='bbox 1241 3306 1421 3373; x_wconf 89' lang='lat' dir='ltr'><strong>juncta</strong></span> <span class='ocrx_word' id='word_1_220' title='bbox 1449 3306 1677 3360; x_wconf 89' lang='lat' dir='ltr'><strong>talentis.</strong></span> 
     </span>
    </p>
   </div>
   <div class='ocr_carea' id='block_1_34' title="bbox 290 3392 1649 3463">
    <p class='ocr_par' dir='ltr' id='par_1_34' title="bbox 290 3392 1649 3463">
     <span class='ocr_line' id='line_1_34' title="bbox 290 3392 1649 3463; baseline 0.004 -18"><span class='ocrx_word' id='word_1_221' title='bbox 290 3392 546 3446; x_wconf 74' lang='lat' dir='ltr'><strong>Monstrat</strong></span> <span class='ocrx_word' id='word_1_222' title='bbox 574 3393 642 3446; x_wconf 87' lang='lat' dir='ltr'><strong>ab</strong></span> <span class='ocrx_word' id='word_1_223' title='bbox 670 3394 874 3446; x_wconf 88' lang='lat' dir='ltr'><strong>occidui</strong></span> <span class='ocrx_word' id='word_1_224' title='bbox 904 3403 1205 3449; x_wconf 81' lang='lat' dir='ltr'><strong>revocatum</strong></span> <span class='ocrx_word' id='word_1_225' title='bbox 1242 3397 1475 3463; x_wconf 84' lang='lat' dir='ltr'><strong>partibus</strong></span> <span class='ocrx_word' id='word_1_226' title='bbox 1507 3398 1649 3451; x_wconf 89' lang='lat' dir='ltr'><strong>orbis</strong></span> 
     </span>
    </p>
   </div>
   <div class='ocr_carea' id='block_1_35' title="bbox 290 3486 1677 3559">
    <p class='ocr_par' dir='ltr' id='par_1_35' title="bbox 290 3486 1677 3559">
     <span class='ocr_line' id='line_1_35' title="bbox 290 3486 1677 3559; baseline 0.005 -23"><span class='ocrx_word' id='word_1_227' title='bbox 290 3486 435 3551; x_wconf 86' lang='lat' dir='ltr'><strong>Quod</strong></span> <span class='ocrx_word' id='word_1_228' title='bbox 464 3486 689 3554; x_wconf 79' lang='lat' dir='ltr'><strong>supplex</strong></span> <span class='ocrx_word' id='word_1_229' title='bbox 720 3496 927 3553; x_wconf 88' lang='lat' dir='ltr'><strong>captum</strong></span> <span class='ocrx_word' id='word_1_230' title='bbox 961 3488 1250 3541; x_wconf 77' lang='lat' dir='ltr'><strong>transmisit</strong></span> <span class='ocrx_word' id='word_1_231' title='bbox 1281 3489 1446 3543; x_wconf 84' lang='lat' dir='ltr'><strong>Gallia</strong></span> <span class='ocrx_word' id='word_1_232' title='bbox 1473 3490 1677 3559; x_wconf 76' lang='lat' dir='ltr'><strong>vulgus,</strong></span> 
     </span>
    </p>
   </div>
   <div class='ocr_carea' id='block_1_36' title="bbox 292 3576 1433 3647">
    <p class='ocr_par' dir='ltr' id='par_1_36' title="bbox 292 3576 1433 3647">
     <span class='ocr_line' id='line_1_36' title="bbox 292 3576 1433 3647; baseline 0.004 -19"><span class='ocrx_word' id='word_1_233' title='bbox 292 3576 457 3630; x_wconf 75' lang='lat' dir='ltr'><strong>Eﬂ&#39;era</strong></span> <span class='ocrx_word' id='word_1_234' title='bbox 493 3588 543 3631; x_wconf 90' lang='lat' dir='ltr'><strong>te</strong></span> <span class='ocrx_word' id='word_1_235' title='bbox 568 3576 681 3629; x_wconf 69' lang='lat' dir='ltr'><strong>viso</strong></span> <span class='ocrx_word' id='word_1_236' title='bbox 707 3577 1001 3631; x_wconf 88' lang='lat' dir='ltr'><strong>didicerunt</strong></span> <span class='ocrx_word' id='word_1_237' title='bbox 1028 3587 1240 3647; x_wconf 89' lang='lat' dir='ltr'><strong>pectora</strong></span> <span class='ocrx_word' id='word_1_238' title='bbox 1272 3578 1433 3643; x_wconf 84' lang='lat' dir='ltr'><strong>necti,</strong></span> 
     </span>
    </p>
   </div>
   <div class='ocr_carea' id='block_1_37' title="bbox 292 3668 1648 3737">
    <p class='ocr_par' dir='ltr' id='par_1_37' title="bbox 292 3668 1648 3737">
     <span class='ocr_line' id='line_1_37' title="bbox 292 3668 1648 3737; baseline 0.002 -18"><span class='ocrx_word' id='word_1_239' title='bbox 292 3668 563 3720; x_wconf 73' lang='lat' dir='ltr'><strong>Armatum</strong></span> <span class='ocrx_word' id='word_1_240' title='bbox 589 3668 831 3735; x_wconf 80' lang='lat' dir='ltr'><strong>precibus</strong></span> <span class='ocrx_word' id='word_1_241' title='bbox 858 3670 1140 3737; x_wconf 65' lang='lat' dir='ltr'><strong>supensti.</strong></span> <span class='ocrx_word' id='word_1_242' title='bbox 1167 3670 1414 3735; x_wconf 78' lang='lat' dir='ltr'><strong>mavime,</strong></span> <span class='ocrx_word' id='word_1_243' title='bbox 1446 3684 1648 3736; x_wconf 89' lang='lat' dir='ltr'><strong>regem.</strong></span> 
     </span>
    </p>
   </div>
   <div class='ocr_carea' id='block_1_38' title="bbox 294 3757 1613 3829">
    <p class='ocr_par' dir='ltr' id='par_1_38' title="bbox 294 3757 1613 3829">
     <span class='ocr_line' id='line_1_38' title="bbox 294 3757 1613 3829; baseline 0.002 -18"><span class='ocrx_word' id='word_1_244' title='bbox 294 3757 379 3811; x_wconf 87' lang='lat' dir='ltr'><strong>Sic</strong></span> <span class='ocrx_word' id='word_1_245' title='bbox 404 3774 610 3827; x_wconf 81' lang='lat' dir='ltr'><strong>pugnax</strong></span> <span class='ocrx_word' id='word_1_246' title='bbox 643 3759 847 3828; x_wconf 68' lang='lat' dir='ltr'><strong>gladius</strong></span> <span class='ocrx_word' id='word_1_247' title='bbox 877 3760 1120 3813; x_wconf 76' lang='lat' dir='ltr'><strong>obtundi</strong></span> <span class='ocrx_word' id='word_1_248' title='bbox 1153 3760 1373 3813; x_wconf 77' lang='lat' dir='ltr'><strong>verbere</strong></span> <span class='ocrx_word' id='word_1_249' title='bbox 1404 3762 1577 3829; x_wconf 85' lang='lat' dir='ltr'><strong>lingua</strong></span> <span class='ocrx_word' id='word_1_250' title='bbox 1599 3801 1613 3825; x_wconf 95' lang='lat'><strong>,</strong></span> 
     </span>
    </p>
   </div>
   <div class='ocr_carea' id='block_1_39' title="bbox 296 3850 1619 3920">
    <p class='ocr_par' dir='ltr' id='par_1_39' title="bbox 296 3850 1619 3920">
     <span class='ocr_line' id='line_1_39' title="bbox 296 3850 1619 3920; baseline 0.003 -17"><span class='ocrx_word' id='word_1_251' title='bbox 296 3850 378 3903; x_wconf 62' lang='lat' dir='ltr'><strong>Sic</strong></span> <span class='ocrx_word' id='word_1_252' title='bbox 406 3851 603 3904; x_wconf 73' lang='lat' dir='ltr'><strong>fenum</strong></span> <span class='ocrx_word' id='word_1_253' title='bbox 632 3860 897 3920; x_wconf 85' lang='lat' dir='ltr'><strong>expugnat</strong></span> <span class='ocrx_word' id='word_1_254' title='bbox 922 3851 1204 3905; x_wconf 81' lang='lat' dir='ltr'><strong>verborum</strong></span> <span class='ocrx_word' id='word_1_255' title='bbox 1234 3852 1422 3905; x_wconf 88' lang='lat' dir='ltr'><strong>lamina</strong></span> <span class='ocrx_word' id='word_1_256' title='bbox 1448 3853 1619 3907; x_wconf 89' lang='lat' dir='ltr'><strong>fortis.</strong></span> 
     </span>
    </p>
   </div>
   <div class='ocr_carea' id='block_1_40' title="bbox 358 3942 1792 4013">
    <p class='ocr_par' dir='ltr' id='par_1_40' title="bbox 358 3942 1792 4013">
     <span class='ocr_line' id='line_1_40' title="bbox 358 3942 1792 4013; baseline 0.003 -18"><span class='ocrx_word' id='word_1_257' title='bbox 358 3942 486 3995; x_wconf 81' lang='lat' dir='ltr'><strong>Nam</strong></span> <span class='ocrx_word' id='word_1_258' title='bbox 519 3946 559 3996; x_wconf 90' lang='lat' dir='ltr'><strong>si</strong></span> <span class='ocrx_word' id='word_1_259' title='bbox 586 3944 738 3996; x_wconf 90' lang='lat' dir='ltr'><strong>fanda</strong></span> <span class='ocrx_word' id='word_1_260' title='bbox 766 3943 959 4007; x_wconf 85' lang='lat' dir='ltr'><strong>ferunt,</strong></span> <span class='ocrx_word' id='word_1_261' title='bbox 984 3946 1188 3997; x_wconf 90' lang='lat' dir='ltr'><strong>sociant</strong></span> <span class='ocrx_word' id='word_1_262' title='bbox 1217 3944 1301 4011; x_wconf 88' lang='lat' dir='ltr'><strong>qni</strong></span> <span class='ocrx_word' id='word_1_263' title='bbox 1336 3944 1563 3997; x_wconf 85' lang='lat' dir='ltr'><strong>maxima</strong></span> <span class='ocrx_word' id='word_1_264' title='bbox 1597 3948 1792 4013; x_wconf 74' lang='lat' dir='ltr'><strong>parvis,</strong></span> 
     </span>
    </p>
   </div>
   <div class='ocr_carea' id='block_1_41' title="bbox 297 4034 1719 4104">
    <p class='ocr_par' dir='ltr' id='par_1_41' title="bbox 297 4034 1719 4104">
     <span class='ocr_line' id='line_1_41' title="bbox 297 4034 1719 4104; baseline 0.003 -17"><span class='ocrx_word' id='word_1_265' title='bbox 297 4034 377 4088; x_wconf 89' lang='lat' dir='ltr'><strong>Sic</strong></span> <span class='ocrx_word' id='word_1_266' title='bbox 406 4035 683 4090; x_wconf 88' lang='lat' dir='ltr'><strong>Dominum</strong></span> <span class='ocrx_word' id='word_1_267' title='bbox 714 4045 989 4104; x_wconf 82' lang='lat' dir='ltr'><strong>exspectat</strong></span> <span class='ocrx_word' id='word_1_268' title='bbox 1018 4036 1290 4089; x_wconf 87' lang='lat' dir='ltr'><strong>domitatis</strong></span> <span class='ocrx_word' id='word_1_269' title='bbox 1320 4037 1530 4091; x_wconf 89' lang='lat' dir='ltr'><strong>villicus</strong></span> <span class='ocrx_word' id='word_1_270' title='bbox 1559 4040 1719 4099; x_wconf 82' lang='lat' dir='ltr'><strong>arvis.</strong></span> 
     </span>
    </p>
   </div>
   <div class='ocr_carea' id='block_1_42' title="bbox 295 4125 1479 4197">
    <p class='ocr_par' dir='ltr' id='par_1_42' title="bbox 295 4125 1479 4197">
     <span class='ocr_line' id='line_1_42' title="bbox 295 4125 1479 4197; baseline 0.003 -18"><span class='ocrx_word' id='word_1_271' title='bbox 295 4125 421 4180; x_wconf 88' lang='lat' dir='ltr'><strong>Cum</strong></span> <span class='ocrx_word' id='word_1_272' title='bbox 447 4129 582 4183; x_wconf 89' lang='lat' dir='ltr'><strong>bene</strong></span> <span class='ocrx_word' id='word_1_273' title='bbox 614 4130 845 4182; x_wconf 86' lang='lat' dir='ltr'><strong>mellitos</strong></span> <span class='ocrx_word' id='word_1_274' title='bbox 872 4130 1072 4183; x_wconf 68' lang='lat' dir='ltr'><strong>i::corvi</strong></span> <span class='ocrx_word' id='word_1_275' title='bbox 1101 4128 1257 4183; x_wconf 91' lang='lat' dir='ltr'><strong>dente</strong></span> <span class='ocrx_word' id='word_1_276' title='bbox 1290 4128 1479 4197; x_wconf 82' lang='lat' dir='ltr'><strong>ligonis</strong></span> 
     </span>
    </p>
   </div>
   <div class='ocr_carea' id='block_1_43' title="bbox 297 4220 1687 4290">
    <p class='ocr_par' dir='ltr' id='par_1_43' title="bbox 297 4220 1687 4290">
     <span class='ocr_line' id='line_1_43' title="bbox 297 4220 1687 4290; baseline 0.001 -17"><span class='ocrx_word' id='word_1_277' title='bbox 297 4220 489 4274; x_wconf 86' lang='lat' dir='ltr'><strong>Scribit</strong></span> <span class='ocrx_word' id='word_1_278' title='bbox 519 4237 693 4289; x_wconf 84' lang='lat' dir='ltr'><strong>agros,</strong></span> <span class='ocrx_word' id='word_1_279' title='bbox 728 4221 1021 4290; x_wconf 81' lang='lat' dir='ltr'><strong>faciemque</strong></span> <span class='ocrx_word' id='word_1_280' title='bbox 1050 4222 1148 4276; x_wconf 92' lang='lat' dir='ltr'><strong>soli</strong></span> <span class='ocrx_word' id='word_1_281' title='bbox 1177 4223 1252 4275; x_wconf 86' lang='lat' dir='ltr'><strong>sic</strong></span> <span class='ocrx_word' id='word_1_282' title='bbox 1286 4222 1445 4289; x_wconf 86' lang='lat' dir='ltr'><strong>pectit</strong></span> <span class='ocrx_word' id='word_1_283' title='bbox 1477 4225 1687 4286; x_wconf 73' lang='lat' dir='ltr'><strong>aratris,</strong></span> 
     </span>
    </p>
   </div>
   <div class='ocr_carea' id='block_1_44' title="bbox 297 4310 1547 4379">
    <p class='ocr_par' dir='ltr' id='par_1_44' title="bbox 297 4310 1547 4379">
     <span class='ocr_line' id='line_1_44' title="bbox 297 4310 1547 4379; baseline -0.001 -14"><span class='ocrx_word' id='word_1_284' title='bbox 297 4310 362 4365; x_wconf 87' lang='lat' dir='ltr'><strong>Ut</strong></span> <span class='ocrx_word' id='word_1_285' title='bbox 388 4323 600 4379; x_wconf 88' lang='lat' dir='ltr'><strong>spumet</strong></span> <span class='ocrx_word' id='word_1_286' title='bbox 630 4312 797 4378; x_wconf 82' lang='lat' dir='ltr'><strong>plenis</strong></span> <span class='ocrx_word' id='word_1_287' title='bbox 820 4328 1041 4365; x_wconf 87' lang='lat' dir='ltr'><strong>currens</strong></span> <span class='ocrx_word' id='word_1_288' title='bbox 1070 4312 1332 4366; x_wconf 85' lang='lat' dir='ltr'><strong>vindemia</strong></span> <span class='ocrx_word' id='word_1_289' title='bbox 1367 4312 1547 4366; x_wconf 87' lang='lat' dir='ltr'><strong>labris.</strong></span> 
     </span>
    </p>
   </div>
   <div class='ocr_carea' id='block_1_45' title="bbox 299 4401 1636 4471">
    <p class='ocr_par' dir='ltr' id='par_1_45' title="bbox 299 4401 1636 4471">
     <span class='ocr_line' id='line_1_45' title="bbox 299 4401 1636 4471; baseline 0.001 -17"><span class='ocrx_word' id='word_1_290' title='bbox 299 4401 484 4455; x_wconf 89' lang='lat' dir='ltr'><strong>luserit</strong></span> <span class='ocrx_word' id='word_1_291' title='bbox 507 4411 757 4455; x_wconf 81' lang='lat' dir='ltr'><strong>externas</strong></span> <span class='ocrx_word' id='word_1_292' title='bbox 789 4402 1067 4471; x_wconf 88' lang='lat' dir='ltr'><strong>peregrino</strong></span> <span class='ocrx_word' id='word_1_293' title='bbox 1099 4404 1149 4456; x_wconf 92' lang='lat' dir='ltr'><strong>in</strong></span> <span class='ocrx_word' id='word_1_294' title='bbox 1178 4403 1379 4469; x_wconf 76' lang='lat' dir='ltr'><strong>Cespite</strong></span> <span class='ocrx_word' id='word_1_295' title='bbox 1412 4403 1636 4471; x_wconf 88' lang='lat' dir='ltr'><strong>plantas.</strong></span> 
     </span>
    </p>
   </div>
   <div class='ocr_carea' id='block_1_46' title="bbox 296 4492 1554 4559">
    <p class='ocr_par' dir='ltr' id='par_1_46' title="bbox 296 4492 1554 4559">
     <span class='ocr_line' id='line_1_46' title="bbox 296 4492 1554 4559; baseline -0.001 -14"><span class='ocrx_word' id='word_1_296' title='bbox 296 4492 509 4545; x_wconf 79' lang='lat' dir='ltr'><strong>Adven&#39;a</strong></span> <span class='ocrx_word' id='word_1_297' title='bbox 538 4492 835 4559; x_wconf 78' lang='lat' dir='ltr'><strong>conjunc1is</strong></span> <span class='ocrx_word' id='word_1_298' title='bbox 864 4493 1093 4546; x_wconf 85' lang='lat' dir='ltr'><strong>sociatur</strong></span> <span class='ocrx_word' id='word_1_299' title='bbox 1122 4493 1344 4545; x_wconf 79' lang='lat' dir='ltr'><strong>nexibus</strong></span> <span class='ocrx_word' id='word_1_300' title='bbox 1376 4492 1554 4557; x_wconf 89' lang='lat' dir='ltr'><strong>arbor,</strong></span> 
     </span>
    </p>
   </div>
   <div class='ocr_carea' id='block_1_47' title="bbox 298 4584 1591 4654">
    <p class='ocr_par' dir='ltr' id='par_1_47' title="bbox 298 4584 1591 4654">
     <span class='ocr_line' id='line_1_47' title="bbox 298 4584 1591 4654; baseline -0.002 -17"><span class='ocrx_word' id='word_1_301' title='bbox 298 4584 630 4640; x_wconf 88' lang='lat' dir='ltr'><strong>Truncanlur</strong></span> <span class='ocrx_word' id='word_1_302' title='bbox 653 4586 870 4654; x_wconf 87' lang='lat' dir='ltr'><strong>stirpes,</strong></span> <span class='ocrx_word' id='word_1_303' title='bbox 899 4588 1200 4639; x_wconf 87' lang='lat' dir='ltr'><strong>demessum</strong></span> <span class='ocrx_word' id='word_1_304' title='bbox 1231 4584 1362 4637; x_wconf 68' lang='lat' dir='ltr'><strong>falce</strong></span> <span class='ocrx_word' id='word_1_305' title='bbox 1381 4584 1591 4636; x_wconf 89' lang='lat' dir='ltr'><strong>tnaritat</strong></span> 
     </span>
    </p>
   </div>
   <div class='ocr_carea' id='block_1_48' title="bbox 300 4676 1558 4749">
    <p class='ocr_par' dir='ltr' id='par_1_48' title="bbox 300 4676 1558 4749">
     <span class='ocr_line' id='line_1_48' title="bbox 300 4676 1558 4749; baseline -0.004 -17"><span class='ocrx_word' id='word_1_306' title='bbox 300 4676 619 4749; x_wconf 68' lang='lat' dir='ltr'><strong>Virguftum,</strong></span> <span class='ocrx_word' id='word_1_307' title='bbox 651 4688 834 4734; x_wconf 89' lang='lat' dir='ltr'><strong>tenero</strong></span> <span class='ocrx_word' id='word_1_308' title='bbox 861 4679 1059 4749; x_wconf 72' lang='lat' dir='ltr'><strong>lignum</strong></span> <span class='ocrx_word' id='word_1_309' title='bbox 1090 4679 1363 4732; x_wconf 85' lang='lat' dir='ltr'><strong>mordetur</strong></span> <span class='ocrx_word' id='word_1_310' title='bbox 1391 4677 1558 4737; x_wconf 85' lang='lat' dir='ltr'><strong>hiatu,</strong></span> 
     </span>
    </p>
   </div>
   <div class='ocr_carea' id='block_1_49' title="bbox 300 4768 1595 4840">
    <p class='ocr_par' dir='ltr' id='par_1_49' title="bbox 300 4768 1595 4840">
     <span class='ocr_line' id='line_1_49' title="bbox 300 4768 1595 4840; baseline -0.003 -15"><span class='ocrx_word' id='word_1_311' title='bbox 300 4768 551 4825; x_wconf 85' lang='lat' dir='ltr'><strong>Gerntine</strong></span> <span class='ocrx_word' id='word_1_312' title='bbox 581 4770 826 4825; x_wconf 85' lang='lat' dir='ltr'><strong>nobilitas</strong></span> <span class='ocrx_word' id='word_1_313' title='bbox 850 4771 1122 4840; x_wconf 87' lang='lat' dir='ltr'><strong>consurgit</strong></span> <span class='ocrx_word' id='word_1_314' title='bbox 1152 4784 1256 4823; x_wconf 91' lang='lat' dir='ltr'><strong>non</strong></span> <span class='ocrx_word' id='word_1_315' title='bbox 1287 4783 1380 4823; x_wconf 88' lang='lat' dir='ltr'><strong>sua</strong></span> <span class='ocrx_word' id='word_1_316' title='bbox 1412 4782 1595 4837; x_wconf 88' lang='lat' dir='ltr'><strong>parvo,</strong></span> 
     </span>
    </p>
   </div>
   <div class='ocr_carea' id='block_1_50' title="bbox 300 4862 1481 4933">
    <p class='ocr_par' dir='ltr' id='par_1_50' title="bbox 300 4862 1481 4933">
     <span class='ocr_line' id='line_1_50' title="bbox 300 4862 1481 4933; baseline -0.004 -14"><span class='ocrx_word' id='word_1_317' title='bbox 300 4864 556 4919; x_wconf 89' lang='lat' dir='ltr'><strong>Surcu&#39;us</strong></span> <span class='ocrx_word' id='word_1_318' title='bbox 585 4864 708 4933; x_wconf 84' lang='lat' dir='ltr'><strong>igno</strong></span> <span class='ocrx_word' id='word_1_319' title='bbox 732 4880 765 4919; x_wconf 95' lang='lat' dir='ltr'><strong>o</strong></span> <span class='ocrx_word' id='word_1_320' title='bbox 793 4864 1041 4918; x_wconf 89' lang='lat' dir='ltr'><strong>coalescit</strong></span> <span class='ocrx_word' id='word_1_321' title='bbox 1072 4877 1289 4917; x_wconf 91' lang='lat' dir='ltr'><strong>munere</strong></span> <span class='ocrx_word' id='word_1_322' title='bbox 1312 4862 1481 4924; x_wconf 85' lang='lat' dir='ltr'><strong>dives,</strong></span> 
     </span>
    </p>
   </div>
   <div class='ocr_carea' id='block_1_51' title="bbox 368 4967 1869 5043">
    <p class='ocr_par' dir='ltr' id='par_1_51' title="bbox 368 4967 1869 5043">
     <span class='ocr_line' id='line_1_51' title="bbox 368 4967 1869 5043; baseline -0.003 -17"><span class='ocrx_word' id='word_1_323' title='bbox 368 4977 385 5006; x_wconf 81' lang='grc'>¹</span> <span class='ocrx_word' id='word_1_324' title='bbox 416 4974 557 5027; x_wconf 84' lang='lat' dir='ltr'><strong>Lilia</strong></span> <span class='ocrx_word' id='word_1_325' title='bbox 582 4990 673 5039; x_wconf 89' lang='lat' dir='ltr'><strong>pro</strong></span> <span class='ocrx_word' id='word_1_326' title='bbox 710 4974 885 5026; x_wconf 80' lang='lat' dir='ltr'><strong>nitida:</strong></span> <span class='ocrx_word' id='word_1_327' title='bbox 912 4974 1195 5043; x_wconf 77' lang='lat' dir='ltr'><strong>funduntur</strong></span> <span class='ocrx_word' id='word_1_328' title='bbox 1219 4972 1408 5025; x_wconf 85' lang='lat' dir='ltr'><strong>lumine</strong></span> <span class='ocrx_word' id='word_1_329' title='bbox 1430 4967 1608 5037; x_wconf 75' lang='lat' dir='ltr'><strong>calcis]</strong></span> <span class='ocrx_word' id='word_1_330' title='bbox 1637 4968 1869 5043; x_wconf 48' lang='lat' dir='ltr'><strong>[lictores</strong></span> 
     </span>
    </p>
   </div>
   <div class='ocr_carea' id='block_1_52' title="bbox 299 5040 1863 5113">
    <p class='ocr_par' dir='ltr' id='par_1_52' title="bbox 299 5040 1863 5113">
     <span class='ocr_line' id='line_1_52' title="bbox 299 5040 1863 5113; baseline -0.004 -18"><span class='ocrx_word' id='word_1_331' title='bbox 299 5045 491 5097; x_wconf 84' lang='lat' dir='ltr'><strong>tabulis</strong></span> <span class='ocrx_word' id='word_1_332' title='bbox 523 5060 651 5113; x_wconf 79' lang='lat' dir='ltr'><strong>quas</strong></span> <span class='ocrx_word' id='word_1_333' title='bbox 685 5040 1109 5109; x_wconf 40' lang='lat' dir='ltr'><strong>picturm&#39;aptant</strong></span> <span class='ocrx_word' id='word_1_334' title='bbox 1130 5084 1142 5101; x_wconf 89' lang='lat'><strong>.</strong></span> <span class='ocrx_word' id='word_1_335' title='bbox 1170 5044 1401 5113; x_wconf 79' lang='lat' dir='ltr'><strong>colorem</strong></span> <span class='ocrx_word' id='word_1_336' title='bbox 1436 5042 1605 5113; x_wconf 88' lang='lat' dir='ltr'><strong>primo</strong></span> <span class='ocrx_word' id='word_1_337' title='bbox 1634 5040 1863 5113; x_wconf 81' lang='lat' dir='ltr'><strong>aliquem</strong></span> 
     </span>
    </p>
   </div>
   <div class='ocr_carea' id='block_1_53' title="bbox 298 5110 1870 5179">
    <p class='ocr_par' dir='ltr' id='par_1_53' title="bbox 298 5110 1870 5179">
     <span class='ocr_line' id='line_1_53' title="bbox 298 5110 1870 5179; baseline -0.004 -12"><span class='ocrx_word' id='word_1_338' title='bbox 298 5110 554 5177; x_wconf 59' lang='lat' dir='ltr'><strong>illinuot,</strong></span> <span class='ocrx_word' id='word_1_339' title='bbox 593 5129 748 5179; x_wconf 88' lang='lat' dir='ltr'><strong>quem</strong></span> <span class='ocrx_word' id='word_1_340' title='bbox 790 5129 1033 5179; x_wconf 87' lang='lat' dir='ltr'><strong>campum</strong></span> <span class='ocrx_word' id='word_1_341' title='bbox 1071 5124 1283 5165; x_wconf 87' lang='lat' dir='ltr'><strong>vocant.</strong></span> <span class='ocrx_word' id='word_1_342' title='bbox 1331 5112 1382 5163; x_wconf 93' lang='lat' dir='ltr'><strong>In</strong></span> <span class='ocrx_word' id='word_1_343' title='bbox 1429 5110 1711 5163; x_wconf 85' lang='lat' dir='ltr'><strong>rusticanis</strong></span> <span class='ocrx_word' id='word_1_344' title='bbox 1744 5123 1870 5161; x_wconf 85' lang='lat' dir='ltr'><strong>vero</strong></span> 
     </span>
    </p>
   </div>
   <div class='ocr_carea' id='block_1_54' title="bbox 298 5180 1872 5252">
    <p class='ocr_par' dir='ltr' id='par_1_54' title="bbox 298 5180 1872 5252">
     <span class='ocr_line' id='line_1_54' title="bbox 298 5180 1872 5252; baseline -0.004 -15"><span class='ocrx_word' id='word_1_345' title='bbox 298 5187 519 5247; x_wconf 85' lang='lat' dir='ltr'><strong>picturis</strong></span> <span class='ocrx_word' id='word_1_346' title='bbox 577 5198 696 5252; x_wconf 63' lang='lat' dir='ltr'><strong>quae</strong></span> <span class='ocrx_word' id='word_1_347' title='bbox 745 5184 1035 5251; x_wconf 83' lang='lat' dir='ltr'><strong>parietibus</strong></span> <span class='ocrx_word' id='word_1_348' title='bbox 1085 5183 1439 5236; x_wconf 82' lang='lat' dir='ltr'><strong>inducuntur.</strong></span> <span class='ocrx_word' id='word_1_349' title='bbox 1484 5182 1596 5232; x_wconf 88' lang='lat' dir='ltr'><strong>calx</strong></span> <span class='ocrx_word' id='word_1_350' title='bbox 1637 5180 1759 5252; x_wconf 77' lang='lat' dir='ltr'><strong>ipsa</strong></span> <span class='ocrx_word' id='word_1_351' title='bbox 1816 5185 1872 5230; x_wconf 89' lang='lat' dir='ltr'><strong>et</strong></span> 
     </span>
    </p>
   </div>
   <div class='ocr_carea' id='block_1_55' title="bbox 298 5247 1871 5323">
    <p class='ocr_par' dir='ltr' id='par_1_55' title="bbox 298 5247 1871 5323">
     <span class='ocr_line' id='line_1_55' title="bbox 298 5247 1871 5323; baseline -0.004 -16"><span class='ocrx_word' id='word_1_352' title='bbox 298 5264 402 5309; x_wconf 85' lang='lat' dir='ltr'><strong>lect</strong></span> <span class='ocrx_word' id='word_1_353' title='bbox 442 5247 677 5309; x_wconf 52' lang='lat' dir='ltr'><strong>rinnt&#39;eSt</strong></span> <span class='ocrx_word' id='word_1_354' title='bbox 699 5247 796 5322; x_wconf 78' lang='lat' dir='ltr'><strong>pro</strong></span> <span class='ocrx_word' id='word_1_355' title='bbox 817 5268 1025 5323; x_wconf 89' lang='lat' dir='ltr'><strong>campo.</strong></span> <span class='ocrx_word' id='word_1_356' title='bbox 1048 5252 1157 5306; x_wconf 83' lang='lat' dir='ltr'><strong>lloc</strong></span> <span class='ocrx_word' id='word_1_357' title='bbox 1185 5253 1346 5311; x_wconf 76' lang='lat' dir='ltr'><strong>igitur</strong></span> <span class='ocrx_word' id='word_1_358' title='bbox 1364 5260 1447 5305; x_wconf 90' lang='lat' dir='ltr'><strong>est</strong></span> <span class='ocrx_word' id='word_1_359' title='bbox 1466 5252 1604 5323; x_wconf 88' lang='lat' dir='ltr'><strong>quod</strong></span> <span class='ocrx_word' id='word_1_360' title='bbox 1634 5247 1684 5301; x_wconf 92' lang='lat' dir='ltr'><strong>in</strong></span> <span class='ocrx_word' id='word_1_361' title='bbox 1717 5248 1871 5301; x_wconf 91' lang='lat' dir='ltr'><strong>horto</strong></span> 
     </span>
    </p>
   </div>
   <div class='ocr_carea' id='block_1_56' title="bbox 295 5322 1873 5391">
    <p class='ocr_par' dir='ltr' id='par_1_56' title="bbox 295 5322 1873 5391">
     <span class='ocr_line' id='line_1_56' title="bbox 295 5322 1873 5391; baseline -0.004 -14"><span class='ocrx_word' id='word_1_362' title='bbox 295 5339 392 5378; x_wconf 83' lang='lat' dir='ltr'><strong>suo</strong></span> <span class='ocrx_word' id='word_1_363' title='bbox 439 5326 588 5391; x_wconf 77' lang='lat' dir='ltr'><strong>ltngit</strong></span> <span class='ocrx_word' id='word_1_364' title='bbox 627 5322 945 5389; x_wconf 35' lang='lat' dir='ltr'><strong>Lnnodius,’</strong></span> <span class='ocrx_word' id='word_1_365' title='bbox 971 5339 1064 5391; x_wconf 86' lang='lat' dir='ltr'><strong>pro</strong></span> <span class='ocrx_word' id='word_1_366' title='bbox 1094 5324 1319 5375; x_wconf 89' lang='lat' dir='ltr'><strong>tectorio</strong></span> <span class='ocrx_word' id='word_1_367' title='bbox 1354 5328 1407 5374; x_wconf 87' lang='lat' dir='ltr'><strong>et</strong></span> <span class='ocrx_word' id='word_1_368' title='bbox 1438 5322 1873 5391; x_wconf 25' lang='lat' dir='ltr'><strong>picturafAcampo</strong></span> 
     </span>
    </p>
   </div>
   <div class='ocr_carea' id='block_1_57' title="bbox 297 5388 1871 5461">
    <p class='ocr_par' dir='ltr' id='par_1_57' title="bbox 297 5388 1871 5461">
     <span class='ocr_line' id='line_1_57' title="bbox 297 5388 1871 5461; baseline -0.002 -16"><span class='ocrx_word' id='word_1_369' title='bbox 297 5395 460 5449; x_wconf 77' lang='lat' dir='ltr'><strong>fuis~e</strong></span> <span class='ocrx_word' id='word_1_370' title='bbox 493 5388 633 5457; x_wconf 86' lang='lat' dir='ltr'><strong>lilia;</strong></span> <span class='ocrx_word' id='word_1_371' title='bbox 667 5410 760 5459; x_wconf 87' lang='lat' dir='ltr'><strong>pro</strong></span> <span class='ocrx_word' id='word_1_372' title='bbox 781 5388 1018 5447; x_wconf 81' lang='lat' dir='ltr'><strong>colornin</strong></span> <span class='ocrx_word' id='word_1_373' title='bbox 1049 5392 1333 5461; x_wconf 72' lang='lat' dir='ltr'><strong>pigmentis</strong></span> <span class='ocrx_word' id='word_1_374' title='bbox 1364 5392 1599 5460; x_wconf 86' lang='lat' dir='ltr'><strong>reliquos</strong></span> <span class='ocrx_word' id='word_1_375' title='bbox 1629 5388 1871 5442; x_wconf 85' lang='lat' dir='ltr'><strong>diverso-</strong></span> 
     </span>
    </p>
   </div>
   <div class='ocr_carea' id='block_1_58' title="bbox 296 5464 1267 5528">
    <p class='ocr_par' dir='ltr' id='par_1_58' title="bbox 296 5464 1267 5528">
     <span class='ocr_line' id='line_1_58' title="bbox 296 5464 1267 5528; baseline -0.004 -11"><span class='ocrx_word' id='word_1_376' title='bbox 296 5479 411 5517; x_wconf 88' lang='lat' dir='ltr'><strong>rum</strong></span> <span class='ocrx_word' id='word_1_377' title='bbox 442 5480 694 5526; x_wconf 72' lang='lat' dir='ltr'><strong>generum</strong></span> <span class='ocrx_word' id='word_1_378' title='bbox 723 5464 1067 5528; x_wconf 88' lang='lat' dir='ltr'><strong>colorumque</strong></span> <span class='ocrx_word' id='word_1_379' title='bbox 1090 5464 1267 5515; x_wconf 75' lang='lat' dir='ltr'><strong>llorcs.</strong></span> 
     </span>
    </p>
   </div>
   <div class='ocr_carea' id='block_1_59' title="bbox 364 5529 1870 5603">
    <p class='ocr_par' dir='ltr' id='par_1_59' title="bbox 364 5529 1870 5603">
     <span class='ocr_line' id='line_1_59' title="bbox 364 5529 1870 5603; baseline -0.005 -16"><span class='ocrx_word' id='word_1_380' title='bbox 364 5535 385 5566; x_wconf 80' lang='lat'>&#39;</span> <span class='ocrx_word' id='word_1_381' title='bbox 420 5534 655 5603; x_wconf 79' lang='lat' dir='ltr'><strong>Hymnus</strong></span> <span class='ocrx_word' id='word_1_382' title='bbox 679 5531 1012 5602; x_wconf 74' lang='lat' dir='ltr'><strong>vespertinus]</strong></span> <span class='ocrx_word' id='word_1_383' title='bbox 1044 5534 1145 5598; x_wconf 82' lang='lat' dir='ltr'><strong>Qui</strong></span> <span class='ocrx_word' id='word_1_384' title='bbox 1183 5530 1470 5603; x_wconf 78' lang='lat' dir='ltr'><strong>[’rttdentio</strong></span> <span class='ocrx_word' id='word_1_385' title='bbox 1499 5538 1580 5603; x_wconf 81' lang='lat' dir='ltr'><strong>est</strong></span> <span class='ocrx_word' id='word_1_386' title='bbox 1607 5529 1673 5603; x_wconf 67' lang='lat' dir='ltr'><strong>ur!</strong></span> <span class='ocrx_word' id='word_1_387' title='bbox 1693 5529 1870 5603; x_wconf 67' lang='lat' dir='ltr'><strong>incen-</strong></span> 
     </span>
    </p>
   </div>
   <div class='ocr_carea' id='block_1_60' title="bbox 293 5599 1872 5670">
    <p class='ocr_par' dir='ltr' id='par_1_60' title="bbox 293 5599 1872 5670">
     <span class='ocr_line' id='line_1_60' title="bbox 293 5599 1872 5670; baseline -0.006 -13"><span class='ocrx_word' id='word_1_388' title='bbox 293 5620 404 5657; x_wconf 80' lang='lat' dir='ltr'><strong>sum</strong></span> <span class='ocrx_word' id='word_1_389' title='bbox 437 5599 680 5658; x_wconf 71' lang='lat' dir='ltr'><strong>lucernae.</strong></span> <span class='ocrx_word' id='word_1_390' title='bbox 712 5604 801 5657; x_wconf 91' lang='lat' dir='ltr'><strong>Sic</strong></span> <span class='ocrx_word' id='word_1_391' title='bbox 826 5603 967 5656; x_wconf 90' lang='lat' dir='ltr'><strong>enim</strong></span> <span class='ocrx_word' id='word_1_392' title='bbox 1004 5599 1061 5656; x_wconf 88' lang='lat' dir='ltr'><strong>in</strong></span> <span class='ocrx_word' id='word_1_393' title='bbox 1099 5602 1317 5670; x_wconf 89' lang='lat' dir='ltr'><strong>optimis</strong></span> <span class='ocrx_word' id='word_1_394' title='bbox 1357 5599 1751 5667; x_wconf 80' lang='lat' dir='ltr'><strong>exemplaribus</strong></span> <span class='ocrx_word' id='word_1_395' title='bbox 1792 5599 1872 5650; x_wconf 86' lang='lat' dir='ltr'><strong>in-</strong></span> 
     </span>
    </p>
   </div>
   <div class='ocr_carea' id='block_1_61' title="bbox 292 5670 1872 5744">
    <p class='ocr_par' dir='ltr' id='par_1_61' title="bbox 292 5670 1872 5744">
     <span class='ocr_line' id='line_1_61' title="bbox 292 5670 1872 5744; baseline -0.005 -17"><span class='ocrx_word' id='word_1_396' title='bbox 292 5674 551 5729; x_wconf 83' lang='lat' dir='ltr'><strong>scribitur</strong></span> <span class='ocrx_word' id='word_1_397' title='bbox 594 5672 876 5744; x_wconf 74' lang='lat' dir='ltr'><strong>hymnusﬁ</strong></span> <span class='ocrx_word' id='word_1_398' title='bbox 904 5673 1341 5735; x_wconf 68' lang='lat' dir='ltr'><strong>Cathemerinon,</strong></span> <span class='ocrx_word' id='word_1_399' title='bbox 1387 5670 1481 5744; x_wconf 79' lang='lat' dir='ltr'><strong>qui</strong></span> <span class='ocrx_word' id='word_1_400' title='bbox 1520 5670 1757 5736; x_wconf 86' lang='lat' dir='ltr'><strong>ejusdem</strong></span> <span class='ocrx_word' id='word_1_401' title='bbox 1789 5676 1872 5744; x_wconf 78' lang='lat' dir='ltr'><strong>est</strong></span> 
     </span>
    </p>
   </div>
   <div class='ocr_carea' id='block_1_62' title="bbox 291 5739 1873 5813">
    <p class='ocr_par' dir='ltr' id='par_1_62' title="bbox 291 5739 1873 5813">
     <span class='ocr_line' id='line_1_62' title="bbox 291 5739 1873 5813; baseline -0.005 -16"><span class='ocrx_word' id='word_1_402' title='bbox 291 5744 588 5813; x_wconf 85' lang='lat' dir='ltr'><strong>argumenti</strong></span> <span class='ocrx_word' id='word_1_403' title='bbox 629 5739 646 5793; x_wconf 80' lang='grc' dir='ltr'>Ξ</span> <span class='ocrx_word' id='word_1_404' title='bbox 681 5760 786 5797; x_wconf 92' lang='lat' dir='ltr'><strong>non</strong></span> <span class='ocrx_word' id='word_1_405' title='bbox 825 5754 883 5813; x_wconf 88' lang='lat' dir='ltr'><strong>ut</strong></span> <span class='ocrx_word' id='word_1_406' title='bbox 916 5743 1185 5811; x_wconf 82' lang='lat' dir='ltr'><strong>vulgatum</strong></span> <span class='ocrx_word' id='word_1_407' title='bbox 1212 5751 1331 5813; x_wconf 79' lang='lat' dir='ltr'><strong>est,</strong></span> <span class='ocrx_word' id='word_1_408' title='bbox 1365 5740 1443 5813; x_wconf 72' lang='lat' dir='ltr'><strong>Ad</strong></span> <span class='ocrx_word' id='word_1_409' title='bbox 1464 5740 1719 5791; x_wconf 73' lang='lat' dir='ltr'><strong>inermum</strong></span> <span class='ocrx_word' id='word_1_410' title='bbox 1747 5739 1873 5813; x_wconf 68' lang='lat' dir='ltr'><strong>cerei</strong></span> 
     </span>
    </p>
   </div>
   <div class='ocr_carea' id='block_1_63' title="bbox 294 5808 1872 5880">
    <p class='ocr_par' dir='ltr' id='par_1_63' title="bbox 294 5808 1872 5880">
     <span class='ocr_line' id='line_1_63' title="bbox 294 5808 1872 5880; baseline -0.004 -14"><span class='ocrx_word' id='word_1_411' title='bbox 294 5808 570 5880; x_wconf 60' lang='lat' dir='ltr'><strong>paschalis.</strong></span> <span class='ocrx_word' id='word_1_412' title='bbox 606 5813 757 5870; x_wconf 87' lang='lat' dir='ltr'><strong>Unde</strong></span> <span class='ocrx_word' id='word_1_413' title='bbox 787 5823 839 5868; x_wconf 91' lang='lat' dir='ltr'><strong>et</strong></span> <span class='ocrx_word' id='word_1_414' title='bbox 870 5808 1247 5869; x_wconf 70' lang='lat' dir='ltr'><strong>Lucernarium</strong></span> <span class='ocrx_word' id='word_1_415' title='bbox 1270 5811 1518 5866; x_wconf 89' lang='lat' dir='ltr'><strong>dicebant</strong></span> <span class='ocrx_word' id='word_1_416' title='bbox 1545 5808 1872 5877; x_wconf 86' lang='lat' dir='ltr'><strong>vespertina-</strong></span> 
     </span>
    </p>
   </div>
   <div class='ocr_carea' id='block_1_64' title="bbox 1600 364 2209 425">
    <p class='ocr_par' dir='ltr' id='par_1_64' title="bbox 1600 364 2209 425">
     <span class='ocr_line' id='line_1_64' title="bbox 1600 364 2209 425; baseline -0.01 0"><span class='ocrx_word' id='word_1_417' title='bbox 1600 366 1746 425; x_wconf 64' lang='lat' dir='ltr'><strong>‘CAR</strong></span> <span class='ocrx_word' id='word_1_418' title='bbox 1756 364 1963 421; x_wconf 71' lang='lat' dir='ltr'><strong>MINUM</strong></span> <span class='ocrx_word' id='word_1_419' title='bbox 2005 365 2127 419; x_wconf 84' lang='lat' dir='ltr'><strong>LIB.</strong></span> <span class='ocrx_word' id='word_1_420' title='bbox 2167 366 2209 419; x_wconf 87' lang='grc' dir='ltr'><strong>Ι.</strong></span> 
     </span>
    </p>
   </div>
   <div class='ocr_carea' id='block_1_65' title="bbox 1870 474 3235 552">
    <p class='ocr_par' dir='ltr' id='par_1_65' title="bbox 1870 474 3235 552">
     <span class='ocr_line' id='line_1_65' title="bbox 1870 474 3235 552; baseline -0.003 -20"><span class='ocrx_word' id='word_1_421' title='bbox 1870 496 1919 552; x_wconf 72' lang='grc' dir='ltr'><strong>Α</strong></span> <span class='ocrx_word' id='word_1_422' title='bbox 1954 480 2081 532; x_wconf 90' lang='lat' dir='ltr'><strong>Dum</strong></span> <span class='ocrx_word' id='word_1_423' title='bbox 2111 475 2403 530; x_wconf 88' lang='lat' dir='ltr'><strong>madefacta</strong></span> <span class='ocrx_word' id='word_1_424' title='bbox 2424 474 2753 543; x_wconf 79' lang='lat' dir='ltr'><strong>novojungit</strong></span> <span class='ocrx_word' id='word_1_425' title='bbox 2790 475 3045 544; x_wconf 83' lang='lat' dir='ltr'><strong>plantaria</strong></span> <span class='ocrx_word' id='word_1_426' title='bbox 3080 475 3235 531; x_wconf 91' lang='lat' dir='ltr'><strong>libro.</strong></span> 
     </span>
    </p>
   </div>
   <div class='ocr_carea' id='block_1_66' title="bbox 3418 364 3521 421">
    <p class='ocr_par' dir='ltr' id='par_1_66' title="bbox 3418 364 3521 421">
     <span class='ocr_line' id='line_1_66' title="bbox 3418 364 3521 421; baseline -0.019 0"><span class='ocrx_word' id='word_1_427' title='bbox 3418 364 3521 421; x_wconf 71' lang='lat'><strong>526</strong></span> 
     </span>
    </p>
   </div>
   <div class='ocr_carea' id='block_1_67' title="bbox 1944 566 3110 636">
    <p class='ocr_par' dir='ltr' id='par_1_67' title="bbox 1944 566 3110 636">
     <span class='ocr_line' id='line_1_67' title="bbox 1944 566 3110 636; baseline -0.003 -12"><span class='ocrx_word' id='word_1_428' title='bbox 1944 570 2199 624; x_wconf 61' lang='lat' dir='ltr'><strong>Paestanis</strong></span> <span class='ocrx_word' id='word_1_429' title='bbox 2223 568 2421 635; x_wconf 86' lang='lat' dir='ltr'><strong>pariter</strong></span> <span class='ocrx_word' id='word_1_430' title='bbox 2444 566 2686 635; x_wconf 89' lang='lat' dir='ltr'><strong>depingit</strong></span> <span class='ocrx_word' id='word_1_431' title='bbox 2713 576 2856 636; x_wconf 81' lang='lat' dir='ltr'><strong>terga</strong></span> <span class='ocrx_word' id='word_1_432' title='bbox 2887 568 3079 623; x_wconf 87' lang='lat' dir='ltr'><strong>rosetis</strong></span> <span class='ocrx_word' id='word_1_433' title='bbox 3096 611 3110 631; x_wconf 87' lang='lat'><strong>,</strong></span> 
     </span>
    </p>
   </div>
   <div class='ocr_carea' id='block_1_68' title="bbox 1944 657 3117 726">
    <p class='ocr_par' dir='ltr' id='par_1_68' title="bbox 1944 657 3117 726">
     <span class='ocr_line' id='line_1_68' title="bbox 1944 657 3117 726; baseline -0.001 -13"><span class='ocrx_word' id='word_1_434' title='bbox 1944 659 2140 725; x_wconf 78' lang='lat' dir='ltr'><strong>Regius</strong></span> <span class='ocrx_word' id='word_1_435' title='bbox 2171 658 2362 725; x_wconf 82' lang='lat' dir='ltr'><strong>agresti</strong></span> <span class='ocrx_word' id='word_1_436' title='bbox 2394 660 2616 709; x_wconf 84' lang='lat' dir='ltr'><strong>vestitur</strong></span> <span class='ocrx_word' id='word_1_437' title='bbox 2644 657 2849 711; x_wconf 88' lang='lat' dir='ltr'><strong>murice</strong></span> <span class='ocrx_word' id='word_1_438' title='bbox 2877 673 3117 726; x_wconf 90' lang='lat' dir='ltr'><strong>campus.</strong></span> 
     </span>
    </p>
   </div>
   <div class='ocr_carea' id='block_1_69' title="bbox 1945 745 3241 815">
    <p class='ocr_par' dir='ltr' id='par_1_69' title="bbox 1945 745 3241 815">
     <span class='ocr_line' id='line_1_69' title="bbox 1945 745 3241 815; baseline -0.002 -12"><span class='ocrx_word' id='word_1_439' title='bbox 1945 749 2077 803; x_wconf 86' lang='lat' dir='ltr'><strong>Lilia</strong></span> <span class='ocrx_word' id='word_1_440' title='bbox 2110 751 2125 779; x_wconf 86' lang='grc'>¹</span> <span class='ocrx_word' id='word_1_441' title='bbox 2158 762 2255 815; x_wconf 85' lang='lat' dir='ltr'><strong>pio</strong></span> <span class='ocrx_word' id='word_1_442' title='bbox 2283 745 2463 800; x_wconf 70' lang='lat' dir='ltr'><strong>nitida:</strong></span> <span class='ocrx_word' id='word_1_443' title='bbox 2492 746 2785 801; x_wconf 89' lang='lat' dir='ltr'><strong>funduntur</strong></span> <span class='ocrx_word' id='word_1_444' title='bbox 2811 748 3008 801; x_wconf 90' lang='lat' dir='ltr'><strong>lumine</strong></span> <span class='ocrx_word' id='word_1_445' title='bbox 3036 747 3195 802; x_wconf 88' lang='lat' dir='ltr'><strong>calcis</strong></span> <span class='ocrx_word' id='word_1_446' title='bbox 3228 767 3241 800; x_wconf 92' lang='lat'><em>:</em></span> 
     </span>
    </p>
   </div>
   <div class='ocr_carea' id='block_1_70' title="bbox 1945 836 3379 909">
    <p class='ocr_par' dir='ltr' id='par_1_70' title="bbox 1945 836 3379 909">
     <span class='ocr_line' id='line_1_70' title="bbox 1945 836 3379 909; baseline 0.001 -15"><span class='ocrx_word' id='word_1_447' title='bbox 1945 839 2095 894; x_wconf 84' lang='lat' dir='ltr'><strong>Tunc</strong></span> <span class='ocrx_word' id='word_1_448' title='bbox 2130 837 2299 907; x_wconf 85' lang='lat' dir='ltr'><strong>pingit</strong></span> <span class='ocrx_word' id='word_1_449' title='bbox 2330 836 2517 901; x_wconf 81' lang='lat' dir='ltr'><strong>violas,</strong></span> <span class='ocrx_word' id='word_1_450' title='bbox 2548 837 2806 906; x_wconf 78' lang='lat' dir='ltr'><strong>cythisos,</strong></span> <span class='ocrx_word' id='word_1_451' title='bbox 2840 839 3121 904; x_wconf 77' lang='lat' dir='ltr'><strong>colocasia,</strong></span> <span class='ocrx_word' id='word_1_452' title='bbox 3154 841 3379 909; x_wconf 87' lang='lat' dir='ltr'><strong>calthas,</strong></span> 
     </span>
    </p>
   </div>
   <div class='ocr_carea' id='block_1_71' title="bbox 1942 927 3397 996">
    <p class='ocr_par' dir='ltr' id='par_1_71' title="bbox 1942 927 3397 996">
     <span class='ocr_line' id='line_1_71' title="bbox 1942 927 3397 996; baseline 0.001 -14"><span class='ocrx_word' id='word_1_453' title='bbox 1942 928 2222 991; x_wconf 88' lang='lat' dir='ltr'><strong>Cinnama,</strong></span> <span class='ocrx_word' id='word_1_454' title='bbox 2256 927 2555 994; x_wconf 88' lang='lat' dir='ltr'><strong>serpillum,</strong></span> <span class='ocrx_word' id='word_1_455' title='bbox 2586 929 2874 995; x_wconf 88' lang='lat' dir='ltr'><strong>narcissos,</strong></span> <span class='ocrx_word' id='word_1_456' title='bbox 2908 929 3166 996; x_wconf 88' lang='lat' dir='ltr'><strong>balsama,</strong></span> <span class='ocrx_word' id='word_1_457' title='bbox 3196 943 3397 987; x_wconf 91' lang='lat' dir='ltr'><strong>costos.</strong></span> 
     </span>
    </p>
   </div>
   <div class='ocr_carea' id='block_1_72' title="bbox 1945 1018 3364 1090">
    <p class='ocr_par' dir='ltr' id='par_1_72' title="bbox 1945 1018 3364 1090">
     <span class='ocr_line' id='line_1_72' title="bbox 1945 1018 3364 1090; baseline 0.003 -19"><span class='ocrx_word' id='word_1_458' title='bbox 1945 1019 2092 1073; x_wconf 85' lang='lat' dir='ltr'><strong>Tunc</strong></span> <span class='ocrx_word' id='word_1_459' title='bbox 2114 1018 2344 1073; x_wconf 85' lang='lat' dir='ltr'><strong>rediviva</strong></span> <span class='ocrx_word' id='word_1_460' title='bbox 2366 1019 2496 1071; x_wconf 89' lang='lat' dir='ltr'><strong>serit</strong></span> <span class='ocrx_word' id='word_1_461' title='bbox 2522 1034 2639 1087; x_wconf 63' lang='lat' dir='ltr'><strong>qua!</strong></span> <span class='ocrx_word' id='word_1_462' title='bbox 2674 1028 2846 1087; x_wconf 89' lang='lat' dir='ltr'><strong>portat</strong></span> <span class='ocrx_word' id='word_1_463' title='bbox 2868 1022 3103 1088; x_wconf 89' lang='lat' dir='ltr'><strong>germina</strong></span> <span class='ocrx_word' id='word_1_464' title='bbox 3133 1023 3364 1090; x_wconf 77' lang='lat' dir='ltr'><strong>phrenix.</strong></span> 
     </span>
    </p>
   </div>
   <div class='ocr_carea' id='block_1_73' title="bbox 1949 1110 3523 1180">
    <p class='ocr_par' dir='ltr' id='par_1_73' title="bbox 1949 1110 3523 1180">
     <span class='ocr_line' id='line_1_73' title="bbox 1949 1110 3523 1180; baseline 0.003 -16"><span class='ocrx_word' id='word_1_465' title='bbox 1949 1110 2097 1165; x_wconf 85' lang='lat' dir='ltr'><strong>ilunc</strong></span> <span class='ocrx_word' id='word_1_466' title='bbox 2120 1111 2271 1180; x_wconf 90' lang='lat' dir='ltr'><strong>jubet</strong></span> <span class='ocrx_word' id='word_1_467' title='bbox 2298 1110 2586 1165; x_wconf 84' lang='lat' dir='ltr'><strong>adveniens</strong></span> <span class='ocrx_word' id='word_1_468' title='bbox 2616 1112 2863 1166; x_wconf 88' lang='lat' dir='ltr'><strong>dominus</strong></span> <span class='ocrx_word' id='word_1_469' title='bbox 2892 1114 3226 1170; x_wconf 85' lang='lat' dir='ltr'><strong>discumbere</strong></span> <span class='ocrx_word' id='word_1_470' title='bbox 3256 1132 3473 1173; x_wconf 86' lang='lat' dir='ltr'><strong>servum</strong></span> <span class='ocrx_word' id='word_1_471' title='bbox 3506 1134 3523 1169; x_wconf 86' lang='lat'><strong>:</strong></span> 
     </span>
    </p>
   </div>
   <div class='ocr_carea' id='block_1_74' title="bbox 1945 1201 3379 1271">
    <p class='ocr_par' dir='ltr' id='par_1_74' title="bbox 1945 1201 3379 1271">
     <span class='ocr_line' id='line_1_74' title="bbox 1945 1201 3379 1271; baseline 0.003 -15"><span class='ocrx_word' id='word_1_472' title='bbox 1945 1202 2144 1271; x_wconf 78' lang='lat' dir='ltr'><strong>Surgit,</strong></span> <span class='ocrx_word' id='word_1_473' title='bbox 2177 1210 2231 1256; x_wconf 89' lang='lat' dir='ltr'><strong>et</strong></span> <span class='ocrx_word' id='word_1_474' title='bbox 2255 1201 2368 1271; x_wconf 92' lang='lat' dir='ltr'><strong>ipse</strong></span> <span class='ocrx_word' id='word_1_475' title='bbox 2393 1202 2503 1256; x_wconf 90' lang='lat' dir='ltr'><strong>suis</strong></span> <span class='ocrx_word' id='word_1_476' title='bbox 2533 1203 2776 1257; x_wconf 90' lang='lat' dir='ltr'><strong>manibus</strong></span> <span class='ocrx_word' id='word_1_477' title='bbox 2805 1203 2897 1257; x_wconf 92' lang='lat' dir='ltr'><strong>dat</strong></span> <span class='ocrx_word' id='word_1_478' title='bbox 2927 1203 3125 1258; x_wconf 86' lang='lat' dir='ltr'><strong>fercula</strong></span> <span class='ocrx_word' id='word_1_479' title='bbox 3158 1222 3379 1261; x_wconf 68' lang='lat' dir='ltr'><strong>mensas.</strong></span> 
     </span>
    </p>
   </div>
   <div class='ocr_carea' id='block_1_75' title="bbox 2015 1295 3352 1361">
    <p class='ocr_par' dir='ltr' id='par_1_75' title="bbox 2015 1295 3352 1361">
     <span class='ocr_line' id='line_1_75' title="bbox 2015 1295 3352 1361; baseline 0.003 -11"><span class='ocrx_word' id='word_1_480' title='bbox 2015 1296 2105 1351; x_wconf 92' lang='lat' dir='ltr'><strong>Sic</strong></span> <span class='ocrx_word' id='word_1_481' title='bbox 2146 1304 2231 1349; x_wconf 92' lang='lat' dir='ltr'><strong>tua</strong></span> <span class='ocrx_word' id='word_1_482' title='bbox 2256 1305 2337 1349; x_wconf 88' lang='lat' dir='ltr'><strong>ter</strong></span> <span class='ocrx_word' id='word_1_483' title='bbox 2362 1295 2536 1361; x_wconf 89' lang='lat' dir='ltr'><strong>denis,</strong></span> <span class='ocrx_word' id='word_1_484' title='bbox 2570 1296 2864 1351; x_wconf 87' lang='lat' dir='ltr'><strong>animarum</strong></span> <span class='ocrx_word' id='word_1_485' title='bbox 2890 1298 3080 1361; x_wconf 90' lang='lat' dir='ltr'><strong>cultor,</strong></span> <span class='ocrx_word' id='word_1_486' title='bbox 3114 1299 3166 1352; x_wconf 90' lang='lat' dir='ltr'><strong>in</strong></span> <span class='ocrx_word' id='word_1_487' title='bbox 3196 1301 3352 1355; x_wconf 87' lang='lat' dir='ltr'><strong>annis</strong></span> 
     </span>
    </p>
   </div>
   <div class='ocr_carea' id='block_1_76' title="bbox 1947 1386 3127 1458">
    <p class='ocr_par' dir='ltr' id='par_1_76' title="bbox 1947 1386 3127 1458">
     <span class='ocr_line' id='line_1_76' title="bbox 1947 1386 3127 1458; baseline 0.004 -19"><span class='ocrx_word' id='word_1_488' title='bbox 1947 1386 2139 1440; x_wconf 82' lang='lat' dir='ltr'><strong>Halant</strong></span> <span class='ocrx_word' id='word_1_489' title='bbox 2166 1403 2286 1441; x_wconf 91' lang='lat' dir='ltr'><strong>rura</strong></span> <span class='ocrx_word' id='word_1_490' title='bbox 2320 1403 2489 1454; x_wconf 76' lang='lat' dir='ltr'><strong>rosas,</strong></span> <span class='ocrx_word' id='word_1_491' title='bbox 2517 1389 2848 1458; x_wconf 88' lang='lat' dir='ltr'><strong>interpellata</strong></span> <span class='ocrx_word' id='word_1_492' title='bbox 2878 1404 2975 1443; x_wconf 89' lang='lat' dir='ltr'><strong>nec</strong></span> <span class='ocrx_word' id='word_1_493' title='bbox 3008 1392 3127 1444; x_wconf 89' lang='lat' dir='ltr'><strong>ullis</strong></span> 
     </span>
    </p>
   </div>
   <div class='ocr_carea' id='block_1_77' title="bbox 1947 1475 3392 1549">
    <p class='ocr_par' dir='ltr' id='par_1_77' title="bbox 1947 1475 3392 1549">
     <span class='ocr_line' id='line_1_77' title="bbox 1947 1475 3392 1549; baseline 0.004 -20"><span class='ocrx_word' id='word_1_494' title='bbox 1947 1475 2254 1546; x_wconf 85' lang='lat' dir='ltr'><strong>Frigoribus</strong></span> <span class='ocrx_word' id='word_1_495' title='bbox 2286 1478 2568 1531; x_wconf 88' lang='lat' dir='ltr'><strong>marcescit</strong></span> <span class='ocrx_word' id='word_1_496' title='bbox 2600 1477 2810 1544; x_wconf 89' lang='lat' dir='ltr'><strong>humus,</strong></span> <span class='ocrx_word' id='word_1_497' title='bbox 2832 1494 2989 1547; x_wconf 82' lang='lat' dir='ltr'><strong>quam</strong></span> <span class='ocrx_word' id='word_1_498' title='bbox 3022 1495 3147 1534; x_wconf 88' lang='lat' dir='ltr'><strong>vere</strong></span> <span class='ocrx_word' id='word_1_499' title='bbox 3172 1482 3392 1549; x_wconf 87' lang='lat' dir='ltr'><strong>perenni</strong></span> 
     </span>
    </p>
   </div>
   <div class='ocr_carea' id='block_1_78' title="bbox 1949 1568 3201 1640">
    <p class='ocr_par' dir='ltr' id='par_1_78' title="bbox 1949 1568 3201 1640">
     <span class='ocr_line' id='line_1_78' title="bbox 1949 1568 3201 1640; baseline 0.002 -18"><span class='ocrx_word' id='word_1_500' title='bbox 1949 1568 2141 1623; x_wconf 85' lang='lat' dir='ltr'><strong>Servat</strong></span> <span class='ocrx_word' id='word_1_501' title='bbox 2172 1569 2395 1623; x_wconf 89' lang='lat' dir='ltr'><strong>odorato</strong></span> <span class='ocrx_word' id='word_1_502' title='bbox 2424 1572 2735 1623; x_wconf 89' lang='lat' dir='ltr'><strong>meritorum</strong></span> <span class='ocrx_word' id='word_1_503' title='bbox 2764 1571 2966 1640; x_wconf 90' lang='lat' dir='ltr'><strong>cespite</strong></span> <span class='ocrx_word' id='word_1_504' title='bbox 2993 1571 3201 1625; x_wconf 90' lang='lat' dir='ltr'><strong>doctor.</strong></span> 
     </span>
    </p>
   </div>
   <div class='ocr_carea' id='block_1_79' title="bbox 1948 1661 3228 1731">
    <p class='ocr_par' dir='ltr' id='par_1_79' title="bbox 1948 1661 3228 1731">
     <span class='ocr_line' id='line_1_79' title="bbox 1948 1661 3228 1731; baseline 0.003 -18"><span class='ocrx_word' id='word_1_505' title='bbox 1948 1661 2149 1713; x_wconf 79' lang='lat' dir='ltr'><strong>Arbuta</strong></span> <span class='ocrx_word' id='word_1_506' title='bbox 2181 1661 2449 1715; x_wconf 90' lang='lat' dir='ltr'><strong>siccantur</strong></span> <span class='ocrx_word' id='word_1_507' title='bbox 2477 1662 2723 1730; x_wconf 89' lang='lat' dir='ltr'><strong>quotiens</strong></span> <span class='ocrx_word' id='word_1_508' title='bbox 2753 1672 2837 1715; x_wconf 89' lang='lat' dir='ltr'><strong>tua</strong></span> <span class='ocrx_word' id='word_1_509' title='bbox 2868 1677 2989 1717; x_wconf 88' lang='lat' dir='ltr'><strong>rore</strong></span> <span class='ocrx_word' id='word_1_510' title='bbox 3021 1672 3228 1731; x_wconf 88' lang='lat' dir='ltr'><strong>negato,</strong></span> 
     </span>
    </p>
   </div>
   <div class='ocr_carea' id='block_1_80' title="bbox 1952 1750 3463 1823">
    <p class='ocr_par' dir='ltr' id='par_1_80' title="bbox 1952 1750 3463 1823">
     <span class='ocr_line' id='line_1_80' title="bbox 1952 1750 3463 1823; baseline 0.003 -19"><span class='ocrx_word' id='word_1_511' title='bbox 1952 1750 2191 1805; x_wconf 85' lang='lat' dir='ltr'><strong>infundis</strong></span> <span class='ocrx_word' id='word_1_512' title='bbox 2222 1751 2471 1822; x_wconf 83' lang='lat' dir='ltr'><strong>lacrymis</strong></span> <span class='ocrx_word' id='word_1_513' title='bbox 2504 1792 2520 1818; x_wconf 93' lang='lat'><strong>,</strong></span> <span class='ocrx_word' id='word_1_514' title='bbox 2546 1752 2831 1821; x_wconf 90' lang='lat' dir='ltr'><strong>cophinum</strong></span> <span class='ocrx_word' id='word_1_515' title='bbox 2855 1768 3067 1821; x_wconf 88' lang='lat' dir='ltr'><strong>quoque</strong></span> <span class='ocrx_word' id='word_1_516' title='bbox 3094 1754 3335 1823; x_wconf 88' lang='lat' dir='ltr'><strong>congeris</strong></span> <span class='ocrx_word' id='word_1_517' title='bbox 3356 1754 3463 1810; x_wconf 90' lang='lat' dir='ltr'><strong>illic</strong></span> 
     </span>
    </p>
   </div>
   <div class='ocr_carea' id='block_1_81' title="bbox 1882 1840 3318 1912">
    <p class='ocr_par' dir='ltr' id='par_1_81' title="bbox 1882 1840 3318 1912">
     <span class='ocr_line' id='line_1_81' title="bbox 1882 1840 3318 1912; baseline 0.004 -19"><span class='ocrx_word' id='word_1_518' title='bbox 1882 1841 1930 1900; x_wconf 81' lang='grc' dir='ltr'><strong>Β</strong></span> <span class='ocrx_word' id='word_1_519' title='bbox 1955 1840 2221 1894; x_wconf 80' lang='lat' dir='ltr'><strong>Stercoris</strong></span> <span class='ocrx_word' id='word_1_520' title='bbox 2246 1841 2509 1894; x_wconf 90' lang='lat' dir='ltr'><strong>immundi</strong></span> <span class='ocrx_word' id='word_1_521' title='bbox 2535 1858 2546 1892; x_wconf 92' lang='lat'>:</span> <span class='ocrx_word' id='word_1_522' title='bbox 2582 1851 2705 1896; x_wconf 91' lang='lat' dir='ltr'><strong>tunc</strong></span> <span class='ocrx_word' id='word_1_523' title='bbox 2734 1843 2894 1895; x_wconf 90' lang='lat' dir='ltr'><strong>ramis</strong></span> <span class='ocrx_word' id='word_1_524' title='bbox 2914 1844 3081 1912; x_wconf 90' lang='lat' dir='ltr'><strong>surgit</strong></span> <span class='ocrx_word' id='word_1_525' title='bbox 3103 1846 3318 1912; x_wconf 89' lang='lat' dir='ltr'><strong>opimis,</strong></span> 
     </span>
    </p>
   </div>
   <div class='ocr_carea' id='block_1_82' title="bbox 1954 1932 3224 2004">
    <p class='ocr_par' dir='ltr' id='par_1_82' title="bbox 1954 1932 3224 2004">
     <span class='ocr_line' id='line_1_82' title="bbox 1954 1932 3224 2004; baseline 0.003 -19"><span class='ocrx_word' id='word_1_526' title='bbox 1954 1932 2087 1985; x_wconf 88' lang='lat' dir='ltr'><strong>Tum</strong></span> <span class='ocrx_word' id='word_1_527' title='bbox 2118 1932 2343 1987; x_wconf 91' lang='lat' dir='ltr'><strong>fecunda</strong></span> <span class='ocrx_word' id='word_1_528' title='bbox 2372 1932 2481 1987; x_wconf 73' lang='lat' dir='ltr'><strong>Deo</strong></span> <span class='ocrx_word' id='word_1_529' title='bbox 2510 1936 2762 1989; x_wconf 90' lang='lat' dir='ltr'><strong>nascendi</strong></span> <span class='ocrx_word' id='word_1_530' title='bbox 2790 1936 2907 2003; x_wconf 89' lang='lat' dir='ltr'><strong>jura</strong></span> <span class='ocrx_word' id='word_1_531' title='bbox 2939 1946 3224 2004; x_wconf 89' lang='lat' dir='ltr'><strong>superstat.</strong></span> 
     </span>
    </p>
   </div>
   <div class='ocr_carea' id='block_1_83' title="bbox 2024 2024 3355 2093">
    <p class='ocr_par' dir='ltr' id='par_1_83' title="bbox 2024 2024 3355 2093">
     <span class='ocr_line' id='line_1_83' title="bbox 2024 2024 3355 2093; baseline 0.003 -15"><span class='ocrx_word' id='word_1_532' title='bbox 2024 2025 2248 2093; x_wconf 87' lang='lat' dir='ltr'><strong>Suscipe</strong></span> <span class='ocrx_word' id='word_1_533' title='bbox 2270 2041 2409 2079; x_wconf 92' lang='lat' dir='ltr'><strong>nunc</strong></span> <span class='ocrx_word' id='word_1_534' title='bbox 2437 2024 2646 2091; x_wconf 79' lang='lat' dir='ltr'><strong>dexter,</strong></span> <span class='ocrx_word' id='word_1_535' title='bbox 2678 2028 2801 2081; x_wconf 73' lang='lat' dir='ltr'><strong>vita:</strong></span> <span class='ocrx_word' id='word_1_536' title='bbox 2827 2029 2913 2082; x_wconf 86' lang='lat' dir='ltr'><strong>lux</strong></span> <span class='ocrx_word' id='word_1_537' title='bbox 2947 2042 3107 2082; x_wconf 89' lang='lat' dir='ltr'><strong>aurea</strong></span> <span class='ocrx_word' id='word_1_538' title='bbox 3140 2038 3355 2093; x_wconf 79' lang='lat' dir='ltr'><strong>nostrae,</strong></span> 
     </span>
    </p>
   </div>
   <div class='ocr_carea' id='block_1_84' title="bbox 1955 2114 3531 2188">
    <p class='ocr_par' dir='ltr' id='par_1_84' title="bbox 1955 2114 3531 2188">
     <span class='ocr_line' id='line_1_84' title="bbox 1955 2114 3531 2188; baseline 0.006 -21"><span class='ocrx_word' id='word_1_539' title='bbox 1955 2114 2155 2169; x_wconf 88' lang='lat' dir='ltr'><strong>Gaudia</strong></span> <span class='ocrx_word' id='word_1_540' title='bbox 2190 2131 2306 2184; x_wconf 63' lang='lat' dir='ltr'><strong>quae</strong></span> <span class='ocrx_word' id='word_1_541' title='bbox 2335 2116 2536 2170; x_wconf 91' lang='lat' dir='ltr'><strong>faciunt</strong></span> <span class='ocrx_word' id='word_1_542' title='bbox 2577 2119 2840 2171; x_wconf 86' lang='lat' dir='ltr'><strong>modicum</strong></span> <span class='ocrx_word' id='word_1_543' title='bbox 2875 2121 2965 2172; x_wconf 93' lang='lat' dir='ltr'><strong>tibi</strong></span> <span class='ocrx_word' id='word_1_544' title='bbox 3014 2135 3260 2188; x_wconf 89' lang='lat' dir='ltr'><strong>promere</strong></span> <span class='ocrx_word' id='word_1_545' title='bbox 3293 2136 3531 2177; x_wconf 90' lang='lat' dir='ltr'><strong>carmen.</strong></span> 
     </span>
    </p>
   </div>
   <div class='ocr_carea' id='block_1_85' title="bbox 1953 2204 3301 2279">
    <p class='ocr_par' dir='ltr' id='par_1_85' title="bbox 1953 2204 3301 2279">
     <span class='ocr_line' id='line_1_85' title="bbox 1953 2204 3301 2279; baseline 0.005 -22"><span class='ocrx_word' id='word_1_546' title='bbox 1953 2204 2085 2258; x_wconf 86' lang='lat' dir='ltr'><strong>Cum</strong></span> <span class='ocrx_word' id='word_1_547' title='bbox 2112 2220 2226 2258; x_wconf 90' lang='lat' dir='ltr'><strong>mea</strong></span> <span class='ocrx_word' id='word_1_548' title='bbox 2256 2216 2377 2258; x_wconf 84' lang='lat' dir='ltr'><strong>vota</strong></span> <span class='ocrx_word' id='word_1_549' title='bbox 2412 2206 2551 2260; x_wconf 88' lang='lat' dir='ltr'><strong>Deus</strong></span> <span class='ocrx_word' id='word_1_550' title='bbox 2580 2207 2888 2275; x_wconf 82' lang='lat' dir='ltr'><strong>produxerit</strong></span> <span class='ocrx_word' id='word_1_551' title='bbox 2910 2210 3100 2262; x_wconf 71' lang='lat' dir='ltr'><strong>ordine</strong></span> <span class='ocrx_word' id='word_1_552' title='bbox 3122 2219 3301 2279; x_wconf 90' lang='lat' dir='ltr'><strong>cepto,</strong></span> 
     </span>
    </p>
   </div>
   <div class='ocr_carea' id='block_1_86' title="bbox 1956 2296 3392 2367">
    <p class='ocr_par' dir='ltr' id='par_1_86' title="bbox 1956 2296 3392 2367">
     <span class='ocr_line' id='line_1_86' title="bbox 1956 2296 3392 2367; baseline 0.003 -17"><span class='ocrx_word' id='word_1_553' title='bbox 1956 2296 2185 2351; x_wconf 88' lang='lat' dir='ltr'><strong>Fulserit</strong></span> <span class='ocrx_word' id='word_1_554' title='bbox 2214 2307 2267 2351; x_wconf 90' lang='lat' dir='ltr'><strong>et</strong></span> <span class='ocrx_word' id='word_1_555' title='bbox 2296 2297 2485 2351; x_wconf 89' lang='lat' dir='ltr'><strong>docilis</strong></span> <span class='ocrx_word' id='word_1_556' title='bbox 2515 2313 2672 2366; x_wconf 92' lang='lat' dir='ltr'><strong>quem</strong></span> <span class='ocrx_word' id='word_1_557' title='bbox 2697 2299 2895 2366; x_wconf 90' lang='lat' dir='ltr'><strong>plantat</strong></span> <span class='ocrx_word' id='word_1_558' title='bbox 2921 2299 3136 2353; x_wconf 78' lang='lat' dir='ltr'><strong>dextera</strong></span> <span class='ocrx_word' id='word_1_559' title='bbox 3164 2301 3392 2367; x_wconf 82' lang='lat' dir='ltr'><strong>palmrs;</strong></span> 
     </span>
    </p>
   </div>
   <div class='ocr_carea' id='block_1_87' title="bbox 1957 2386 3344 2456">
    <p class='ocr_par' dir='ltr' id='par_1_87' title="bbox 1957 2386 3344 2456">
     <span class='ocr_line' id='line_1_87' title="bbox 1957 2386 3344 2456; baseline 0.002 -15"><span class='ocrx_word' id='word_1_560' title='bbox 1957 2386 2149 2441; x_wconf 87' lang='lat' dir='ltr'><strong>Debita</strong></span> <span class='ocrx_word' id='word_1_561' title='bbox 2182 2397 2302 2456; x_wconf 90' lang='lat' dir='ltr'><strong>post</strong></span> <span class='ocrx_word' id='word_1_562' title='bbox 2329 2398 2542 2442; x_wconf 89' lang='lat' dir='ltr'><strong>centum</strong></span> <span class='ocrx_word' id='word_1_563' title='bbox 2571 2388 2789 2442; x_wconf 89' lang='lat' dir='ltr'><strong>reddam</strong></span> <span class='ocrx_word' id='word_1_564' title='bbox 2822 2389 2915 2442; x_wconf 90' lang='lat' dir='ltr'><strong>tibi</strong></span> <span class='ocrx_word' id='word_1_565' title='bbox 2942 2390 3128 2443; x_wconf 78' lang='lat' dir='ltr'><strong>fortius</strong></span> <span class='ocrx_word' id='word_1_566' title='bbox 3154 2405 3344 2444; x_wconf 86' lang='lat' dir='ltr'><strong>annos.</strong></span> 
     </span>
    </p>
   </div>
   <div class='ocr_carea' id='block_1_88' title="bbox 1957 2477 3424 2549">
    <p class='ocr_par' dir='ltr' id='par_1_88' title="bbox 1957 2477 3424 2549">
     <span class='ocr_line' id='line_1_88' title="bbox 1957 2477 3424 2549; baseline 0.003 -19"><span class='ocrx_word' id='word_1_567' title='bbox 1957 2477 2034 2530; x_wconf 82' lang='lat' dir='ltr'><strong>En</strong></span> <span class='ocrx_word' id='word_1_568' title='bbox 2056 2478 2213 2531; x_wconf 91' lang='lat' dir='ltr'><strong>statui</strong></span> <span class='ocrx_word' id='word_1_569' title='bbox 2242 2478 2592 2546; x_wconf 87' lang='lat' dir='ltr'><strong>quodcunque</strong></span> <span class='ocrx_word' id='word_1_570' title='bbox 2620 2478 2711 2532; x_wconf 92' lang='lat' dir='ltr'><strong>tibi</strong></span> <span class='ocrx_word' id='word_1_571' title='bbox 2742 2494 2880 2533; x_wconf 91' lang='lat' dir='ltr'><strong>nunc</strong></span> <span class='ocrx_word' id='word_1_572' title='bbox 2907 2480 3147 2549; x_wconf 86' lang='lat' dir='ltr'><strong>scalpere</strong></span> <span class='ocrx_word' id='word_1_573' title='bbox 3169 2494 3385 2535; x_wconf 88' lang='lat' dir='ltr'><strong>carmen</strong></span> <span class='ocrx_word' id='word_1_574' title='bbox 3410 2499 3424 2545; x_wconf 86' lang='lat'><strong>;</strong></span> 
     </span>
    </p>
   </div>
   <div class='ocr_carea' id='block_1_89' title="bbox 1956 2573 3237 2645">
    <p class='ocr_par' dir='ltr' id='par_1_89' title="bbox 1956 2573 3237 2645">
     <span class='ocr_line' id='line_1_89' title="bbox 1956 2573 3237 2645; baseline 0.002 -18"><span class='ocrx_word' id='word_1_575' title='bbox 1956 2573 2170 2628; x_wconf 85' lang='lat' dir='ltr'><strong>Nodoso</strong></span> <span class='ocrx_word' id='word_1_576' title='bbox 2198 2576 2298 2629; x_wconf 91' lang='lat' dir='ltr'><strong>sub</strong></span> <span class='ocrx_word' id='word_1_577' title='bbox 2322 2575 2464 2643; x_wconf 92' lang='lat' dir='ltr'><strong>jure,</strong></span> <span class='ocrx_word' id='word_1_578' title='bbox 2498 2585 2671 2645; x_wconf 85' lang='lat' dir='ltr'><strong>pater,</strong></span> <span class='ocrx_word' id='word_1_579' title='bbox 2696 2574 2835 2644; x_wconf 91' lang='lat' dir='ltr'><strong>quod</strong></span> <span class='ocrx_word' id='word_1_580' title='bbox 2867 2577 3050 2629; x_wconf 81' lang='lat' dir='ltr'><strong>nexuit</strong></span> <span class='ocrx_word' id='word_1_581' title='bbox 3078 2576 3237 2630; x_wconf 89' lang='lat' dir='ltr'><strong>arctis</strong></span> 
     </span>
    </p>
   </div>
   <div class='ocr_carea' id='block_1_90' title="bbox 1960 2663 3313 2735">
    <p class='ocr_par' dir='ltr' id='par_1_90' title="bbox 1960 2663 3313 2735">
     <span class='ocr_line' id='line_1_90' title="bbox 1960 2663 3313 2735; baseline 0.003 -18"><span class='ocrx_word' id='word_1_582' title='bbox 1960 2663 2175 2719; x_wconf 87' lang='lat' dir='ltr'><strong>Diversa</strong></span> <span class='ocrx_word' id='word_1_583' title='bbox 2209 2666 2304 2719; x_wconf 88' lang='lat' dir='ltr'><strong>sub</strong></span> <span class='ocrx_word' id='word_1_584' title='bbox 2340 2666 2512 2720; x_wconf 88' lang='lat' dir='ltr'><strong>lronte</strong></span> <span class='ocrx_word' id='word_1_585' title='bbox 2543 2665 2716 2719; x_wconf 91' lang='lat' dir='ltr'><strong>modis</strong></span> <span class='ocrx_word' id='word_1_586' title='bbox 2748 2666 2829 2719; x_wconf 89' lang='lat' dir='ltr'><strong>lex</strong></span> <span class='ocrx_word' id='word_1_587' title='bbox 2854 2666 3091 2734; x_wconf 87' lang='lat' dir='ltr'><strong>proxima</strong></span> <span class='ocrx_word' id='word_1_588' title='bbox 3120 2680 3313 2735; x_wconf 69' lang='lat' dir='ltr'><strong>preme,</strong></span> 
     </span>
    </p>
   </div>
   <div class='ocr_carea' id='block_1_91' title="bbox 1961 2752 3155 2826">
    <p class='ocr_par' dir='ltr' id='par_1_91' title="bbox 1961 2752 3155 2826">
     <span class='ocr_line' id='line_1_91' title="bbox 1961 2752 3155 2826; baseline 0.003 -18"><span class='ocrx_word' id='word_1_589' title='bbox 1961 2752 2193 2822; x_wconf 91' lang='lat' dir='ltr'><strong>Usquam</strong></span> <span class='ocrx_word' id='word_1_590' title='bbox 2220 2770 2287 2811; x_wconf 90' lang='lat' dir='ltr'><strong>ne</strong></span> <span class='ocrx_word' id='word_1_591' title='bbox 2316 2756 2473 2809; x_wconf 80' lang='lat' dir='ltr'><strong>fallax</strong></span> <span class='ocrx_word' id='word_1_592' title='bbox 2507 2764 2737 2810; x_wconf 89' lang='lat' dir='ltr'><strong>mutaret</strong></span> <span class='ocrx_word' id='word_1_593' title='bbox 2763 2756 2990 2826; x_wconf 87' lang='lat' dir='ltr'><strong>syllaba.</strong></span> <span class='ocrx_word' id='word_1_594' title='bbox 3016 2756 3155 2811; x_wconf 88' lang='lat' dir='ltr'><strong>Dixi.</strong></span> 
     </span>
    </p>
   </div>
   <div class='ocr_carea' id='block_1_92' title="bbox 2416 2940 3073 2991">
    <p class='ocr_par' dir='ltr' id='par_1_92' title="bbox 2416 2940 3073 2991">
     <span class='ocr_line' id='line_1_92' title="bbox 2416 2940 3073 2991; baseline 0 0"><span class='ocrx_word' id='word_1_595' title='bbox 2416 2940 2436 2968; x_wconf 81' lang='grc'>³</span> <span class='ocrx_word' id='word_1_596' title='bbox 2460 2953 2662 2991; x_wconf 70' lang='lat' dir='ltr'><strong>BYMNUS</strong></span> <span class='ocrx_word' id='word_1_597' title='bbox 2701 2952 3073 2991; x_wconf 74' lang='lat' dir='ltr'><strong>vespsn&#39;rtzws.</strong></span> 
     </span>
    </p>
   </div>
   <div class='ocr_carea' id='block_1_93' title="bbox 2171 3026 2833 3096">
    <p class='ocr_par' dir='ltr' id='par_1_93' title="bbox 2171 3026 2833 3096">
     <span class='ocr_line' id='line_1_93' title="bbox 2171 3026 2833 3096; baseline 0.006 -17"><span class='ocrx_word' id='word_1_598' title='bbox 2171 3026 2423 3096; x_wconf 85' lang='lat' dir='ltr'><strong>Nigrante</strong></span> <span class='ocrx_word' id='word_1_599' title='bbox 2452 3037 2643 3082; x_wconf 90' lang='lat' dir='ltr'><strong>tectam</strong></span> <span class='ocrx_word' id='word_1_600' title='bbox 2669 3029 2833 3096; x_wconf 85' lang='lat' dir='ltr'><strong>pallio</strong></span> 
     </span>
    </p>
   </div>
   <div class='ocr_carea' id='block_1_94' title="bbox 2172 3120 2971 3191">
    <p class='ocr_par' dir='ltr' id='par_1_94' title="bbox 2172 3120 2971 3191">
     <span class='ocr_line' id='line_1_94' title="bbox 2172 3120 2971 3191; baseline -0.003 -16"><span class='ocrx_word' id='word_1_601' title='bbox 2172 3120 2289 3176; x_wconf 84' lang='lat' dir='ltr'><strong>Jam</strong></span> <span class='ocrx_word' id='word_1_602' title='bbox 2318 3130 2456 3175; x_wconf 90' lang='lat' dir='ltr'><strong>terra</strong></span> <span class='ocrx_word' id='word_1_603' title='bbox 2488 3134 2697 3176; x_wconf 90' lang='lat' dir='ltr'><strong>noctem</strong></span> <span class='ocrx_word' id='word_1_604' title='bbox 2729 3122 2971 3191; x_wconf 89' lang='lat' dir='ltr'><strong>suscipit.</strong></span> 
     </span>
    </p>
   </div>
   <div class='ocr_carea' id='block_1_95' title="bbox 2172 3210 2773 3267">
    <p class='ocr_par' dir='ltr' id='par_1_95' title="bbox 2172 3210 2773 3267">
     <span class='ocr_line' id='line_1_95' title="bbox 2172 3210 2773 3267; baseline 0 -1"><span class='ocrx_word' id='word_1_605' title='bbox 2172 3210 2243 3266; x_wconf 91' lang='lat' dir='ltr'><strong>Ut</strong></span> <span class='ocrx_word' id='word_1_606' title='bbox 2270 3211 2386 3265; x_wconf 87' lang='lat' dir='ltr'><strong>viva</strong></span> <span class='ocrx_word' id='word_1_607' title='bbox 2415 3211 2555 3265; x_wconf 89' lang='lat' dir='ltr'><strong>dulci</strong></span> <span class='ocrx_word' id='word_1_608' title='bbox 2585 3211 2773 3267; x_wconf 86' lang='lat' dir='ltr'><strong>funere</strong></span> 
     </span>
    </p>
   </div>
   <div class='ocr_carea' id='block_1_96' title="bbox 2172 3300 2893 3373">
    <p class='ocr_par' dir='ltr' id='par_1_96' title="bbox 2172 3300 2893 3373">
     <span class='ocr_line' id='line_1_96' title="bbox 2172 3300 2893 3373; baseline 0 -17"><span class='ocrx_word' id='word_1_609' title='bbox 2172 3300 2626 3356; x_wconf 85' lang='lat' dir='ltr'><strong>Reconvalescant</strong></span> <span class='ocrx_word' id='word_1_610' title='bbox 2649 3318 2893 3373; x_wconf 89' lang='lat' dir='ltr'><strong>corpora.</strong></span> 
     </span>
    </p>
   </div>
   <div class='ocr_carea' id='block_1_97' title="bbox 2175 3392 2829 3461">
    <p class='ocr_par' dir='ltr' id='par_1_97' title="bbox 2175 3392 2829 3461">
     <span class='ocr_line' id='line_1_97' title="bbox 2175 3392 2829 3461; baseline 0 -15"><span class='ocrx_word' id='word_1_611' title='bbox 2175 3392 2360 3447; x_wconf 82' lang='lat' dir='ltr'><strong>Mortis</strong></span> <span class='ocrx_word' id='word_1_612' title='bbox 2383 3392 2548 3461; x_wconf 84' lang='lat' dir='ltr'><strong>ﬁgura</strong></span> <span class='ocrx_word' id='word_1_613' title='bbox 2582 3393 2829 3447; x_wconf 89' lang='lat' dir='ltr'><strong>blandior</strong></span> 
     </span>
    </p>
   </div>
   <div class='ocr_carea' id='block_1_98' title="bbox 2179 3482 2937 3551">
    <p class='ocr_par' dir='ltr' id='par_1_98' title="bbox 2179 3482 2937 3551">
     <span class='ocr_line' id='line_1_98' title="bbox 2179 3482 2937 3551; baseline 0.001 -16"><span class='ocrx_word' id='word_1_614' title='bbox 2179 3482 2397 3535; x_wconf 87' lang='lat' dir='ltr'><strong>Bustum</strong></span> <span class='ocrx_word' id='word_1_615' title='bbox 2428 3485 2636 3551; x_wconf 90' lang='lat' dir='ltr'><strong>soporis</strong></span> <span class='ocrx_word' id='word_1_616' title='bbox 2667 3483 2937 3549; x_wconf 84' lang='lat' dir='ltr'><strong>admovet,</strong></span> 
     </span>
    </p>
   </div>
   <div class='ocr_carea' id='block_1_99' title="bbox 2175 3575 2784 3630">
    <p class='ocr_par' dir='ltr' id='par_1_99' title="bbox 2175 3575 2784 3630">
     <span class='ocr_line' id='line_1_99' title="bbox 2175 3575 2784 3630; baseline 0.002 -1"><span class='ocrx_word' id='word_1_617' title='bbox 2175 3575 2378 3629; x_wconf 83' lang='lat' dir='ltr'><strong>Anhela</strong></span> <span class='ocrx_word' id='word_1_618' title='bbox 2413 3575 2543 3630; x_wconf 92' lang='lat' dir='ltr'><strong>lucis</strong></span> <span class='ocrx_word' id='word_1_619' title='bbox 2564 3576 2784 3630; x_wconf 67' lang='lat' dir='ltr'><strong>aestibus</strong></span> 
     </span>
    </p>
   </div>
   <div class='ocr_carea' id='block_1_100' title="bbox 2178 3666 2908 3735">
    <p class='ocr_par' dir='ltr' id='par_1_100' title="bbox 2178 3666 2908 3735">
     <span class='ocr_line' id='line_1_100' title="bbox 2178 3666 2908 3735; baseline -0.001 -15"><span class='ocrx_word' id='word_1_620' title='bbox 2178 3666 2312 3720; x_wconf 90' lang='lat' dir='ltr'><strong>Dum</strong></span> <span class='ocrx_word' id='word_1_621' title='bbox 2341 3682 2491 3719; x_wconf 89' lang='lat' dir='ltr'><strong>mens</strong></span> <span class='ocrx_word' id='word_1_622' title='bbox 2525 3668 2747 3735; x_wconf 89' lang='lat' dir='ltr'><strong>tepescit</strong></span> <span class='ocrx_word' id='word_1_623' title='bbox 2776 3667 2908 3720; x_wconf 90' lang='lat' dir='ltr'><strong>otio.</strong></span> 
     </span>
    </p>
   </div>
   <div class='ocr_carea' id='block_1_101' title="bbox 2180 3760 2981 3827">
    <p class='ocr_par' dir='ltr' id='par_1_101' title="bbox 2180 3760 2981 3827">
     <span class='ocr_line' id='line_1_101' title="bbox 2180 3760 2981 3827; baseline 0.001 -13"><span class='ocrx_word' id='word_1_624' title='bbox 2180 3762 2315 3827; x_wconf 85' lang='lat' dir='ltr'><strong>Lux,</strong></span> <span class='ocrx_word' id='word_1_625' title='bbox 2345 3760 2573 3825; x_wconf 89' lang='lat' dir='ltr'><strong>Christe,</strong></span> <span class='ocrx_word' id='word_1_626' title='bbox 2605 3761 2735 3826; x_wconf 85' lang='lat' dir='ltr'><strong>vita,</strong></span> <span class='ocrx_word' id='word_1_627' title='bbox 2768 3760 2981 3825; x_wconf 86' lang='lat' dir='ltr'><strong>veritas,</strong></span> 
     </span>
    </p>
   </div>
   <div class='ocr_carea' id='block_1_102' title="bbox 2176 3852 2930 3921">
    <p class='ocr_par' dir='ltr' id='par_1_102' title="bbox 2176 3852 2930 3921">
     <span class='ocr_line' id='line_1_102' title="bbox 2176 3852 2930 3921; baseline -0.001 -14"><span class='ocrx_word' id='word_1_628' title='bbox 2176 3852 2255 3909; x_wconf 84' lang='lat' dir='ltr'><strong>Ne</strong></span> <span class='ocrx_word' id='word_1_629' title='bbox 2285 3856 2425 3905; x_wconf 90' lang='lat' dir='ltr'><strong>lusca</strong></span> <span class='ocrx_word' id='word_1_630' title='bbox 2459 3854 2632 3906; x_wconf 85' lang='lat' dir='ltr'><strong>somni</strong></span> <span class='ocrx_word' id='word_1_631' title='bbox 2666 3863 2930 3921; x_wconf 89' lang='lat' dir='ltr'><strong>tempora,</strong></span> 
     </span>
    </p>
   </div>
   <div class='ocr_carea' id='block_1_103' title="bbox 2184 3943 2937 4012">
    <p class='ocr_par' dir='ltr' id='par_1_103' title="bbox 2184 3943 2937 4012">
     <span class='ocr_line' id='line_1_103' title="bbox 2184 3943 2937 4012; baseline -0.001 -15"><span class='ocrx_word' id='word_1_632' title='bbox 2184 3943 2363 3997; x_wconf 86' lang='lat' dir='ltr'><strong>Tetris</strong></span> <span class='ocrx_word' id='word_1_633' title='bbox 2394 3953 2573 4012; x_wconf 88' lang='lat' dir='ltr'><strong>parata</strong></span> <span class='ocrx_word' id='word_1_634' title='bbox 2597 3944 2937 4005; x_wconf 88' lang='lat' dir='ltr'><strong>umbraculis,</strong></span> 
     </span>
    </p>
   </div>
   <div class='ocr_carea' id='block_1_104' title="bbox 2179 4034 2923 4090">
    <p class='ocr_par' dir='ltr' id='par_1_104' title="bbox 2179 4034 2923 4090">
     <span class='ocr_line' id='line_1_104' title="bbox 2179 4034 2923 4090; baseline 0.001 -1"><span class='ocrx_word' id='word_1_635' title='bbox 2179 4034 2285 4089; x_wconf 87' lang='lat' dir='ltr'><strong>Nos</strong></span> <span class='ocrx_word' id='word_1_636' title='bbox 2302 4035 2368 4089; x_wconf 89' lang='lat' dir='ltr'><strong>ad</strong></span> <span class='ocrx_word' id='word_1_637' title='bbox 2399 4038 2646 4090; x_wconf 90' lang='lat' dir='ltr'><strong>tenebras</strong></span> <span class='ocrx_word' id='word_1_638' title='bbox 2675 4043 2923 4090; x_wconf 87' lang='lat' dir='ltr'><strong>evocent.</strong></span> 
     </span>
    </p>
   </div>
   <div class='ocr_carea' id='block_1_105' title="bbox 2177 4125 2961 4193">
    <p class='ocr_par' dir='ltr' id='par_1_105' title="bbox 2177 4125 2961 4193">
     <span class='ocr_line' id='line_1_105' title="bbox 2177 4125 2961 4193; baseline -0.001 -14"><span class='ocrx_word' id='word_1_639' title='bbox 2177 4125 2290 4179; x_wconf 88' lang='lat' dir='ltr'><strong>Nox</strong></span> <span class='ocrx_word' id='word_1_640' title='bbox 2324 4127 2464 4180; x_wconf 86' lang='lat' dir='ltr'><strong>nulla</strong></span> <span class='ocrx_word' id='word_1_641' title='bbox 2491 4142 2589 4182; x_wconf 84' lang='lat' dir='ltr'><strong>nos</strong></span> <span class='ocrx_word' id='word_1_642' title='bbox 2619 4126 2808 4180; x_wconf 86' lang='lat' dir='ltr'><strong>subdat</strong></span> <span class='ocrx_word' id='word_1_643' title='bbox 2838 4126 2961 4193; x_wconf 84' lang='lat' dir='ltr'><strong>sibi,</strong></span> 
     </span>
    </p>
   </div>
   <div class='ocr_carea' id='block_1_106' title="bbox 2183 4215 2875 4285">
    <p class='ocr_par' dir='ltr' id='par_1_106' title="bbox 2183 4215 2875 4285">
     <span class='ocr_line' id='line_1_106' title="bbox 2183 4215 2875 4285; baseline 0.003 -16"><span class='ocrx_word' id='word_1_644' title='bbox 2183 4215 2237 4269; x_wconf 91' lang='lat' dir='ltr'><strong>ln</strong></span> <span class='ocrx_word' id='word_1_645' title='bbox 2264 4218 2436 4270; x_wconf 89' lang='lat' dir='ltr'><strong>noctis</strong></span> <span class='ocrx_word' id='word_1_646' title='bbox 2463 4226 2593 4269; x_wconf 75' lang='lat' dir='ltr'><strong>atra:</strong></span> <span class='ocrx_word' id='word_1_647' title='bbox 2623 4219 2875 4285; x_wconf 87' lang='lat' dir='ltr'><strong>tegmine,</strong></span> 
     </span>
    </p>
   </div>
   <div class='ocr_carea' id='block_1_107' title="bbox 2181 4306 2791 4361">
    <p class='ocr_par' dir='ltr' id='par_1_107' title="bbox 2181 4306 2791 4361">
     <span class='ocr_line' id='line_1_107' title="bbox 2181 4306 2791 4361; baseline 0 0"><span class='ocrx_word' id='word_1_648' title='bbox 2181 4306 2284 4361; x_wconf 91' lang='lat' dir='ltr'><strong>Sed</strong></span> <span class='ocrx_word' id='word_1_649' title='bbox 2319 4322 2415 4361; x_wconf 90' lang='lat' dir='ltr'><strong>nec</strong></span> <span class='ocrx_word' id='word_1_650' title='bbox 2444 4307 2634 4360; x_wconf 91' lang='lat' dir='ltr'><strong>caloris</strong></span> <span class='ocrx_word' id='word_1_651' title='bbox 2656 4308 2791 4361; x_wconf 89' lang='lat' dir='ltr'><strong>ebrii</strong></span> 
     </span>
    </p>
   </div>
   <div class='ocr_carea' id='block_1_108' title="bbox 2181 4397 2884 4468">
    <p class='ocr_par' dir='ltr' id='par_1_108' title="bbox 2181 4397 2884 4468">
     <span class='ocr_line' id='line_1_108' title="bbox 2181 4397 2884 4468; baseline 0.001 -17"><span class='ocrx_word' id='word_1_652' title='bbox 2181 4398 2399 4451; x_wconf 82' lang='lat' dir='ltr'><strong>Mentita</strong></span> <span class='ocrx_word' id='word_1_653' title='bbox 2431 4397 2609 4466; x_wconf 88' lang='lat' dir='ltr'><strong>pingat</strong></span> <span class='ocrx_word' id='word_1_654' title='bbox 2638 4413 2884 4468; x_wconf 87' lang='lat' dir='ltr'><strong>corpora,</strong></span> 
     </span>
    </p>
   </div>
   <div class='ocr_carea' id='block_1_109' title="bbox 2182 4489 2848 4545">
    <p class='ocr_par' dir='ltr' id='par_1_109' title="bbox 2182 4489 2848 4545">
     <span class='ocr_line' id='line_1_109' title="bbox 2182 4489 2848 4545; baseline -0.002 -2"><span class='ocrx_word' id='word_1_655' title='bbox 2182 4489 2378 4543; x_wconf 81' lang='lat' dir='ltr'><strong>Verum</strong></span> <span class='ocrx_word' id='word_1_656' title='bbox 2419 4501 2622 4543; x_wconf 84' lang='lat' dir='ltr'><strong>reatum</strong></span> <span class='ocrx_word' id='word_1_657' title='bbox 2652 4491 2848 4545; x_wconf 77' lang='lat' dir='ltr'><strong>nesciis</strong></span> 
     </span>
    </p>
   </div>
   <div class='ocr_carea' id='block_1_110' title="bbox 2189 4580 2947 4637">
    <p class='ocr_par' dir='ltr' id='par_1_110' title="bbox 2189 4580 2947 4637">
     <span class='ocr_line' id='line_1_110' title="bbox 2189 4580 2947 4637; baseline 0 -3"><span class='ocrx_word' id='word_1_658' title='bbox 2189 4581 2329 4634; x_wconf 80' lang='lat' dir='ltr'><strong>Falsi</strong></span> <span class='ocrx_word' id='word_1_659' title='bbox 2360 4580 2668 4635; x_wconf 87' lang='lat' dir='ltr'><strong>ministrans</strong></span> <span class='ocrx_word' id='word_1_660' title='bbox 2690 4581 2947 4637; x_wconf 84' lang='lat' dir='ltr'><strong>criminis.</strong></span> 
     </span>
    </p>
   </div>
   <div class='ocr_carea' id='block_1_111' title="bbox 2186 4671 2845 4743">
    <p class='ocr_par' dir='ltr' id='par_1_111' title="bbox 2186 4671 2845 4743">
     <span class='ocr_line' id='line_1_111' title="bbox 2186 4671 2845 4743; baseline 0.003 -18"><span class='ocrx_word' id='word_1_661' title='bbox 2186 4671 2264 4725; x_wconf 84' lang='lat' dir='ltr'><strong>Tu</strong></span> <span class='ocrx_word' id='word_1_662' title='bbox 2298 4688 2390 4739; x_wconf 90' lang='lat' dir='ltr'><strong>per</strong></span> <span class='ocrx_word' id='word_1_663' title='bbox 2411 4672 2605 4743; x_wconf 84' lang='lat' dir='ltr'><strong>quietis</strong></span> <span class='ocrx_word' id='word_1_664' title='bbox 2628 4686 2845 4727; x_wconf 81' lang='lat' dir='ltr'><strong>mUncra</strong></span> 
     </span>
    </p>
   </div>
   <div class='ocr_carea' id='block_1_112' title="bbox 2187 4764 2835 4834">
    <p class='ocr_par' dir='ltr' id='par_1_112' title="bbox 2187 4764 2835 4834">
     <span class='ocr_line' id='line_1_112' title="bbox 2187 4764 2835 4834; baseline 0.005 -18"><span class='ocrx_word' id='word_1_665' title='bbox 2187 4764 2388 4816; x_wconf 79' lang='lat' dir='ltr'><strong>As~islc</strong></span> <span class='ocrx_word' id='word_1_666' title='bbox 2401 4774 2580 4817; x_wconf 86' lang='lat' dir='ltr'><strong>custos</strong></span> <span class='ocrx_word' id='word_1_667' title='bbox 2593 4765 2835 4834; x_wconf 83' lang='lat' dir='ltr'><strong>pervigil.</strong></span> 
     </span>
    </p>
   </div>
   <div class='ocr_carea' id='block_1_113' title="bbox 2191 4852 2965 4919">
    <p class='ocr_par' dir='ltr' id='par_1_113' title="bbox 2191 4852 2965 4919">
     <span class='ocr_line' id='line_1_113' title="bbox 2191 4852 2965 4919; baseline 0.008 -15"><span class='ocrx_word' id='word_1_668' title='bbox 2191 4852 2364 4905; x_wconf 87' lang='lat' dir='ltr'><strong>llostis</strong></span> <span class='ocrx_word' id='word_1_669' title='bbox 2396 4854 2576 4919; x_wconf 58' lang='lat' dir='ltr'><strong>procul</strong></span> <span class='ocrx_word' id='word_1_670' title='bbox 2606 4857 2676 4908; x_wconf 86' lang='lat' dir='ltr'><strong>sit</strong></span> <span class='ocrx_word' id='word_1_671' title='bbox 2698 4855 2918 4909; x_wconf 76' lang='lat' dir='ltr'><strong>callidus</strong></span> <span class='ocrx_word' id='word_1_672' title='bbox 2951 4871 2965 4910; x_wconf 84' lang='lat'>:</span> 
     </span>
    </p>
   </div>
   <div class='ocr_carea' id='block_1_114' title="bbox 1979 4967 3556 5037">
    <p class='ocr_par' dir='ltr' id='par_1_114' title="bbox 1979 4967 3556 5037">
     <span class='ocr_line' id='line_1_114' title="bbox 1979 4967 3556 5037; baseline 0.003 -20"><span class='ocrx_word' id='word_1_673' title='bbox 1979 4983 2091 5017; x_wconf 83' lang='lat' dir='ltr'><strong>rnin</strong></span> <span class='ocrx_word' id='word_1_674' title='bbox 2142 4981 2353 5029; x_wconf 87' lang='lat' dir='ltr'><strong>precum</strong></span> <span class='ocrx_word' id='word_1_675' title='bbox 2396 4967 2625 5020; x_wconf 87' lang='lat' dir='ltr'><strong>olliciutn</strong></span> <span class='ocrx_word' id='word_1_676' title='bbox 2648 5012 2661 5032; x_wconf 86' lang='lat'><strong>,</strong></span> <span class='ocrx_word' id='word_1_677' title='bbox 2708 4968 2845 5033; x_wconf 85' lang='lat' dir='ltr'><strong>quod</strong></span> <span class='ocrx_word' id='word_1_678' title='bbox 2901 4982 3125 5035; x_wconf 85' lang='lat' dir='ltr'><strong>vespere</strong></span> <span class='ocrx_word' id='word_1_679' title='bbox 3154 4978 3206 5022; x_wconf 89' lang='lat' dir='ltr'><strong>et</strong></span> <span class='ocrx_word' id='word_1_680' title='bbox 3236 4969 3448 5037; x_wconf 86' lang='lat' dir='ltr'><strong>quando</strong></span> <span class='ocrx_word' id='word_1_681' title='bbox 3480 4972 3490 5023; x_wconf 96' lang='grc' dir='ltr'><strong>Ι</strong></span> <span class='ocrx_word' id='word_1_682' title='bbox 3518 4990 3556 5021; x_wconf 79' lang='lat'><strong>:-</strong></span> 
     </span>
    </p>
   </div>
   <div class='ocr_carea' id='block_1_115' title="bbox 1978 5037 3555 5109">
    <p class='ocr_par' dir='ltr' id='par_1_115' title="bbox 1978 5037 3555 5109">
     <span class='ocr_line' id='line_1_115' title="bbox 1978 5037 3555 5109; baseline 0.006 -22"><span class='ocrx_word' id='word_1_683' title='bbox 1978 5052 2005 5087; x_wconf 87' lang='lat' dir='ltr'><strong>c</strong></span> <span class='ocrx_word' id='word_1_684' title='bbox 2045 5051 2163 5109; x_wconf 82' lang='lat' dir='ltr'><strong>rnas</strong></span> <span class='ocrx_word' id='word_1_685' title='bbox 2190 5037 2405 5109; x_wconf 71' lang='lat' dir='ltr'><strong>accendi</strong></span> <span class='ocrx_word' id='word_1_686' title='bbox 2442 5054 2555 5089; x_wconf 85' lang='lat' dir='ltr'><strong>nios</strong></span> <span class='ocrx_word' id='word_1_687' title='bbox 2579 5051 2686 5099; x_wconf 72' lang='lat' dir='ltr'><strong>est,</strong></span> <span class='ocrx_word' id='word_1_688' title='bbox 2720 5053 2909 5109; x_wconf 86' lang='lat' dir='ltr'><strong>occaso</strong></span> <span class='ocrx_word' id='word_1_689' title='bbox 2938 5039 3184 5109; x_wconf 83' lang='lat' dir='ltr'><strong>nimirum</strong></span> <span class='ocrx_word' id='word_1_690' title='bbox 3212 5045 3343 5105; x_wconf 60' lang='grc' dir='ltr'><strong>μων,</strong></span> <span class='ocrx_word' id='word_1_691' title='bbox 3380 5046 3555 5109; x_wconf 63' lang='lat' dir='ltr'><strong>peragi</strong></span> 
     </span>
    </p>
   </div>
   <div class='ocr_carea' id='block_1_116' title="bbox 1978 5106 3556 5173">
    <p class='ocr_par' dir='ltr' id='par_1_116' title="bbox 1978 5106 3556 5173">
     <span class='ocr_line' id='line_1_116' title="bbox 1978 5106 3556 5173; baseline 0.004 -14"><span class='ocrx_word' id='word_1_692' title='bbox 1978 5107 2192 5159; x_wconf 58' lang='lat' dir='ltr'><strong>soleret.</strong></span> <span class='ocrx_word' id='word_1_693' title='bbox 2227 5106 2410 5159; x_wconf 73' lang='lat' dir='ltr'><strong>Honsn</strong></span> <span class='ocrx_word' id='word_1_694' title='bbox 2445 5124 2641 5160; x_wconf 73' lang='lat' dir='ltr'><strong>l.\&#39;Ct~‘.N~l</strong></span> <span class='ocrx_word' id='word_1_695' title='bbox 2672 5108 2899 5173; x_wconf 87' lang='lat' dir='ltr'><strong>appellat</strong></span> <span class='ocrx_word' id='word_1_696' title='bbox 2932 5108 2986 5163; x_wconf 92' lang='lat' dir='ltr'><strong>S.</strong></span> <span class='ocrx_word' id='word_1_697' title='bbox 3018 5110 3329 5164; x_wconf 73' lang='lat' dir='ltr'><strong>Ambrosius</strong></span> <span class='ocrx_word' id='word_1_698' title='bbox 3377 5106 3465 5164; x_wconf 89' lang='lat' dir='ltr'><strong>lib.</strong></span> <span class='ocrx_word' id='word_1_699' title='bbox 3505 5129 3556 5166; x_wconf 89' lang='lat' dir='ltr'><strong>Ill</strong></span> 
     </span>
    </p>
   </div>
   <div class='ocr_carea' id='block_1_117' title="bbox 1979 5176 3551 5249">
    <p class='ocr_par' dir='ltr' id='par_1_117' title="bbox 1979 5176 3551 5249">
     <span class='ocr_line' id='line_1_117' title="bbox 1979 5176 3551 5249; baseline 0.002 -21"><span class='ocrx_word' id='word_1_700' title='bbox 1979 5177 2045 5229; x_wconf 86' lang='lat' dir='ltr'><strong>tle</strong></span> <span class='ocrx_word' id='word_1_701' title='bbox 2073 5176 2373 5245; x_wconf 85' lang='lat' dir='ltr'><strong>Virginibus</strong></span> <span class='ocrx_word' id='word_1_702' title='bbox 2405 5194 2417 5228; x_wconf 92' lang='lat'>:</span> <span class='ocrx_word' id='word_1_703' title='bbox 2449 5177 2592 5249; x_wconf 75' lang='lat' dir='ltr'><strong>Certe</strong></span> <span class='ocrx_word' id='word_1_704' title='bbox 2621 5180 2866 5230; x_wconf 65' lang='lat' dir='ltr'><strong>solemnes</strong></span> <span class='ocrx_word' id='word_1_705' title='bbox 2917 5180 3169 5233; x_wconf 83' lang='lat' dir='ltr'><strong>orationes</strong></span> <span class='ocrx_word' id='word_1_706' title='bbox 3210 5198 3321 5232; x_wconf 82' lang='lat' dir='ltr'><strong>rum</strong></span> <span class='ocrx_word' id='word_1_707' title='bbox 3364 5186 3551 5249; x_wconf 71' lang='lat' dir='ltr'><strong>gratiu-</strong></span> 
     </span>
    </p>
   </div>
   <div class='ocr_carea' id='block_1_118' title="bbox 1978 5248 3552 5315">
    <p class='ocr_par' dir='ltr' id='par_1_118' title="bbox 1978 5248 3552 5315">
     <span class='ocr_line' id='line_1_118' title="bbox 1978 5248 3552 5315; baseline 0.001 -17"><span class='ocrx_word' id='word_1_708' title='bbox 1978 5262 2093 5298; x_wconf 81' lang='lat' dir='ltr'><strong>rnm</strong></span> <span class='ocrx_word' id='word_1_709' title='bbox 2126 5251 2325 5299; x_wconf 86' lang='lat' dir='ltr'><strong>actione</strong></span> <span class='ocrx_word' id='word_1_710' title='bbox 2349 5257 2465 5299; x_wconf 81' lang='lat' dir='ltr'><strong>sunt</strong></span> <span class='ocrx_word' id='word_1_711' title='bbox 2494 5248 2779 5314; x_wconf 59' lang='lat' dir='ltr'><strong>deferenda:</strong></span> <span class='ocrx_word' id='word_1_712' title='bbox 2800 5288 2814 5311; x_wconf 93' lang='lat'><strong>,</strong></span> <span class='ocrx_word' id='word_1_713' title='bbox 2856 5265 2970 5300; x_wconf 83' lang='lat' dir='ltr'><strong>cum</strong></span> <span class='ocrx_word' id='word_1_714' title='bbox 3010 5266 3036 5301; x_wconf 89' lang='lat' dir='ltr'><strong>e</strong></span> <span class='ocrx_word' id='word_1_715' title='bbox 3075 5266 3252 5303; x_wconf 85' lang='lat' dir='ltr'><strong>somno</strong></span> <span class='ocrx_word' id='word_1_716' title='bbox 3283 5248 3552 5315; x_wconf 51' lang='lat' dir='ltr'><strong>surgimus,</strong></span> 
     </span>
    </p>
   </div>
   <div class='ocr_carea' id='block_1_119' title="bbox 1981 5318 3553 5387">
    <p class='ocr_par' dir='ltr' id='par_1_119' title="bbox 1981 5318 3553 5387">
     <span class='ocr_line' id='line_1_119' title="bbox 1981 5318 3553 5387; baseline -0.001 -20"><span class='ocrx_word' id='word_1_717' title='bbox 1981 5332 2093 5367; x_wconf 77' lang='lat' dir='ltr'><strong>cum</strong></span> <span class='ocrx_word' id='word_1_718' title='bbox 2116 5319 2395 5384; x_wconf 78' lang='lat' dir='ltr'><strong>prodimus,</strong></span> <span class='ocrx_word' id='word_1_719' title='bbox 2419 5333 2531 5367; x_wconf 82' lang='lat' dir='ltr'><strong>cum</strong></span> <span class='ocrx_word' id='word_1_720' title='bbox 2548 5318 2709 5387; x_wconf 82' lang='lat' dir='ltr'><strong>cibum</strong></span> <span class='ocrx_word' id='word_1_721' title='bbox 2732 5320 3000 5381; x_wconf 84' lang='lat' dir='ltr'><strong>sumimus,</strong></span> <span class='ocrx_word' id='word_1_722' title='bbox 3026 5336 3138 5371; x_wconf 84' lang='lat' dir='ltr'><strong>cum</strong></span> <span class='ocrx_word' id='word_1_723' title='bbox 3171 5324 3553 5387; x_wconf 69' lang='lat' dir='ltr'><strong>smnpsciimm,</strong></span> 
     </span>
    </p>
   </div>
   <div class='ocr_carea' id='block_1_120' title="bbox 1984 5384 3560 5457">
    <p class='ocr_par' dir='ltr' id='par_1_120' title="bbox 1984 5384 3560 5457">
     <span class='ocr_line' id='line_1_120' title="bbox 1984 5384 3560 5457; baseline 0.003 -20"><span class='ocrx_word' id='word_1_724' title='bbox 1984 5398 2030 5457; x_wconf 69' lang='lat' dir='ltr'><strong>et</strong></span> <span class='ocrx_word' id='word_1_725' title='bbox 2072 5387 2198 5439; x_wconf 84' lang='lat' dir='ltr'><strong>hora</strong></span> <span class='ocrx_word' id='word_1_726' title='bbox 2228 5388 2419 5438; x_wconf 76' lang='lat' dir='ltr'><strong>incensi</strong></span> <span class='ocrx_word' id='word_1_727' title='bbox 2454 5402 2470 5438; x_wconf 88' lang='lat'><strong><em>:</em></strong></span> <span class='ocrx_word' id='word_1_728' title='bbox 2505 5404 2618 5438; x_wconf 76' lang='lat' dir='ltr'><strong>cum</strong></span> <span class='ocrx_word' id='word_1_729' title='bbox 2656 5384 2869 5456; x_wconf 72' lang='lat' dir='ltr'><strong>denique</strong></span> <span class='ocrx_word' id='word_1_730' title='bbox 2904 5391 3125 5440; x_wconf 83' lang='lat' dir='ltr'><strong>cubitum</strong></span> <span class='ocrx_word' id='word_1_731' title='bbox 3174 5384 3294 5457; x_wconf 61' lang='grc' dir='ltr'><strong>ρροῃ</strong></span> <span class='ocrx_word' id='word_1_732' title='bbox 3320 5406 3443 5439; x_wconf 72' lang='lat' dir='ltr'><strong>mus.</strong></span> <span class='ocrx_word' id='word_1_733' title='bbox 3490 5389 3560 5441; x_wconf 73' lang='lat' dir='ltr'><strong>lle</strong></span> 
     </span>
    </p>
   </div>
   <div class='ocr_carea' id='block_1_121' title="bbox 1980 5456 3551 5526">
    <p class='ocr_par' dir='ltr' id='par_1_121' title="bbox 1980 5456 3551 5526">
     <span class='ocr_line' id='line_1_121' title="bbox 1980 5456 3551 5526; baseline 0.001 -19"><span class='ocrx_word' id='word_1_734' title='bbox 1980 5456 2189 5525; x_wconf 80' lang='lat' dir='ltr'><strong>hymnis</strong></span> <span class='ocrx_word' id='word_1_735' title='bbox 2232 5471 2390 5524; x_wconf 87' lang='lat' dir='ltr'><strong>p0tro</strong></span> <span class='ocrx_word' id='word_1_736' title='bbox 2429 5458 2518 5525; x_wconf 84' lang='lat' dir='ltr'><strong>qui</strong></span> <span class='ocrx_word' id='word_1_737' title='bbox 2547 5472 2858 5526; x_wconf 82' lang='lat' dir='ltr'><strong>sequuntur,</strong></span> <span class='ocrx_word' id='word_1_738' title='bbox 2894 5462 2992 5511; x_wconf 83' lang='lat' dir='ltr'><strong>etsi</strong></span> <span class='ocrx_word' id='word_1_739' title='bbox 3026 5460 3163 5526; x_wconf 84' lang='lat' dir='ltr'><strong>stylo</strong></span> <span class='ocrx_word' id='word_1_740' title='bbox 3190 5470 3241 5511; x_wconf 88' lang='lat' dir='ltr'><strong>et</strong></span> <span class='ocrx_word' id='word_1_741' title='bbox 3266 5456 3391 5525; x_wconf 77' lang='lat' dir='ltr'><strong>geni</strong></span> <span class='ocrx_word' id='word_1_742' title='bbox 3420 5482 3427 5501; x_wconf 79' lang='grc' dir='ltr'>ι</span> <span class='ocrx_word' id='word_1_743' title='bbox 3459 5474 3551 5506; x_wconf 76' lang='lat' dir='ltr'><strong>au-</strong></span> 
     </span>
    </p>
   </div>
   <div class='ocr_carea' id='block_1_122' title="bbox 1978 5527 3556 5594">
    <p class='ocr_par' dir='ltr' id='par_1_122' title="bbox 1978 5527 3556 5594">
     <span class='ocr_line' id='line_1_122' title="bbox 1978 5527 3556 5594; baseline 0.001 -16"><span class='ocrx_word' id='word_1_744' title='bbox 1978 5538 2176 5579; x_wconf 60' lang='lat' dir='ltr'><strong>ctorem</strong></span> <span class='ocrx_word' id='word_1_745' title='bbox 2220 5530 2347 5580; x_wconf 88' lang='lat' dir='ltr'><strong>satis</strong></span> <span class='ocrx_word' id='word_1_746' title='bbox 2396 5527 2623 5594; x_wconf 78' lang='lat' dir='ltr'><strong>produiit</strong></span> <span class='ocrx_word' id='word_1_747' title='bbox 2667 5529 2996 5589; x_wconf 80' lang='lat' dir='ltr'><strong>Ennodinm,</strong></span> <span class='ocrx_word' id='word_1_748' title='bbox 3042 5530 3261 5580; x_wconf 87' lang='lat' dir='ltr'><strong>aberant</strong></span> <span class='ocrx_word' id='word_1_749' title='bbox 3312 5537 3486 5578; x_wconf 87' lang='lat' dir='ltr'><strong>tamen</strong></span> <span class='ocrx_word' id='word_1_750' title='bbox 3531 5544 3556 5580; x_wconf 76' lang='grc' dir='ltr'><strong>ει</strong></span> 
     </span>
    </p>
   </div>
   <div class='ocr_carea' id='block_1_123' title="bbox 1981 5597 3555 5666">
    <p class='ocr_par' dir='ltr' id='par_1_123' title="bbox 1981 5597 3555 5666">
     <span class='ocr_line' id='line_1_123' title="bbox 1981 5597 3555 5666; baseline 0 -17"><span class='ocrx_word' id='word_1_751' title='bbox 1981 5597 2378 5663; x_wconf 71' lang='lat' dir='ltr'><strong>Inanttscriptis,</strong></span> <span class='ocrx_word' id='word_1_752' title='bbox 2420 5614 2641 5666; x_wconf 86' lang='lat' dir='ltr'><strong>quorum</strong></span> <span class='ocrx_word' id='word_1_753' title='bbox 2669 5616 2768 5666; x_wconf 86' lang='lat' dir='ltr'><strong>ope</strong></span> <span class='ocrx_word' id='word_1_754' title='bbox 2801 5599 2914 5651; x_wconf 79' lang='lat' dir='ltr'><strong>nixi</strong></span> <span class='ocrx_word' id='word_1_755' title='bbox 2966 5612 3167 5650; x_wconf 89' lang='lat' dir='ltr'><strong>sntnus.</strong></span> <span class='ocrx_word' id='word_1_756' title='bbox 3215 5597 3391 5663; x_wconf 80' lang='lat' dir='ltr'><strong>Quare</strong></span> <span class='ocrx_word' id='word_1_757' title='bbox 3436 5614 3555 5649; x_wconf 77' lang='lat' dir='ltr'><strong>cum</strong></span> 
     </span>
    </p>
   </div>
   <div class='ocr_carea' id='block_1_124' title="bbox 1979 5668 3555 5734">
    <p class='ocr_par' dir='ltr' id='par_1_124' title="bbox 1979 5668 3555 5734">
     <span class='ocr_line' id='line_1_124' title="bbox 1979 5668 3555 5734; baseline 0.001 -15"><span class='ocrx_word' id='word_1_758' title='bbox 1979 5668 2180 5732; x_wconf 88' lang='lat' dir='ltr'><strong>reliqua</strong></span> <span class='ocrx_word' id='word_1_759' title='bbox 2214 5678 2357 5720; x_wconf 85' lang='lat' dir='ltr'><strong>esset</strong></span> <span class='ocrx_word' id='word_1_760' title='bbox 2395 5673 2715 5732; x_wconf 39' lang='lat' dir='ltr'><strong>conjecturae</strong></span> <span class='ocrx_word' id='word_1_761' title='bbox 2755 5669 3043 5733; x_wconf 80' lang='lat' dir='ltr'><strong>divinatio,</strong></span> <span class='ocrx_word' id='word_1_762' title='bbox 3088 5668 3175 5733; x_wconf 85' lang='lat' dir='ltr'><strong>qni</strong></span> <span class='ocrx_word' id='word_1_763' title='bbox 3222 5672 3431 5734; x_wconf 82' lang='lat' dir='ltr'><strong>parcius</strong></span> <span class='ocrx_word' id='word_1_764' title='bbox 3482 5670 3555 5721; x_wconf 85' lang='lat' dir='ltr'><strong>uti</strong></span> 
     </span>
    </p>
   </div>
   <div class='ocr_carea' id='block_1_125' title="bbox 1981 5738 3389 5808">
    <p class='ocr_par' dir='ltr' id='par_1_125' title="bbox 1981 5738 3389 5808">
     <span class='ocr_line' id='line_1_125' title="bbox 1981 5738 3389 5808; baseline 0 -18"><span class='ocrx_word' id='word_1_765' title='bbox 1981 5738 2153 5800; x_wconf 87' lang='lat' dir='ltr'><strong>libttit,</strong></span> <span class='ocrx_word' id='word_1_766' title='bbox 2186 5752 2343 5805; x_wconf 77' lang='lat' dir='ltr'><strong>pauca</strong></span> <span class='ocrx_word' id='word_1_767' title='bbox 2374 5755 2539 5806; x_wconf 72' lang='lat' dir='ltr'><strong>eaque</strong></span> <span class='ocrx_word' id='word_1_768' title='bbox 2570 5749 2749 5808; x_wconf 79' lang='lat' dir='ltr'><strong>aperta</strong></span> <span class='ocrx_word' id='word_1_769' title='bbox 2782 5747 2833 5793; x_wconf 84' lang='lat' dir='ltr'><strong>et</strong></span> <span class='ocrx_word' id='word_1_770' title='bbox 2863 5738 3014 5790; x_wconf 84' lang='lat' dir='ltr'><strong>obvia</strong></span> <span class='ocrx_word' id='word_1_771' title='bbox 3047 5738 3389 5791; x_wconf 88' lang='lat' dir='ltr'><strong>mutavimus.</strong></span> 
     </span>
    </p>
   </div>
  </div>
