4192 6260
673 375 706 428 5

712 373 775 427 27

881 477 1030 544 Quod
1058 475 1223 540 laedit,
1260 473 1386 528 illud
1418 471 1662 525 dormiat.

877 573 976 637 Qui
1004 571 1164 623 dente
1193 581 1334 620 Stevo
1359 564 1611 617 mandere

873 661 1053 716 Certat
1081 659 1334 711 cubantes
1361 654 1586 715 lectulis,

879 753 974 806 llic
1001 750 1232 803 membra
1261 750 1468 802 vinctus
1497 747 1671 814 lugeat

877 842 1093 894 Pulsare
1120 852 1238 891 sese
1259 851 1389 904 quos
1415 835 1581 889 foves.

877 931 1120 984 Madente
1151 943 1310 980 carne
1333 927 1550 994 Spiritus

872 1024 986 1077 Non
1015 1031 1264 1076 enecetur
1295 1021 1596 1090 naufragus.

878 1120 1044 1171 Oruvt
1064 1118 1235 1169 cubile
1263 1115 1497 1176 castitas,

879 1211 1008 1276 Qua:
1039 1209 1204 1276 prima
1230 1209 1477 1260 virtutum
1503 1205 1662 1258 micat
1691 1219 1703 1254 :

870 1298 1024 1351 Vivat
1049 1297 1180 1352 fides
1213 1299 1263 1350 in
1297 1288 1534 1365 pectore,

879 1390 1010 1458 Qua:
1032 1393 1149 1445 luce
1178 1399 1364 1445 vernat
1393 1387 1618 1458 perpeti.

1409 1487 1497 1540 XI.

945 1595 1148 1634 IIYMNUS
1183 1595 1240 1632 II.
1283 1595 1332 1632 IN
1372 1593 1614 1631 TEEIPOIIE
1650 1589 1945 1629 TIIISTITIIE.

877 1671 1015 1726 Deus
1042 1686 1270 1735 perenne
1299 1668 1570 1737 gaudium,

873 1760 1002 1824 Pax,
1027 1759 1258 1822 Christe,
1285 1758 1462 1812 cordis
1488 1757 1650 1821 anxii,

875 1852 1170 1920 Portusque
1201 1850 1579 1904 fluetuantimn.

869 1943 1036 2006 Quem
1073 1957 1168 1996 nec
1197 1942 1448 2009 procella,
1485 1938 1704 1992 turbidis

881 2034 936 2089 Si
962 2042 1135 2087 verrat
1165 2033 1267 2085 ima
1290 2034 1537 2094 motibus,

878 2124 1058 2177 Potest
1090 2127 1268 2192 fugare
1299 2138 1327 2176 a
1352 2132 1586 2192 pectore.

873 2215 973 2282 Qui
1003 2230 1178 2270 mersa
1210 2225 1371 2284 ponto
1402 2213 1670 2275 sttblevas,

879 2307 980 2374 Qui
1004 2307 1280 2375 subjugata
1307 2306 1553 2366 sarcinis,

871 2397 970 2463 Qui
999 2396 1102 2450 dux
1129 2394 1395 2462 propheta:
1427 2393 1687 2461 naufragi,

878 2488 1009 2540 Dum
1039 2486 1169 2539 vivit
1191 2499 1311 2539 esca
1336 2484 1543 2550 bellum,

876 2580 1009 2632 Dum
1033 2577 1202 2631 nescit
1231 2591 1412 2644 aequor
1437 2574 1575 2646 quod
1608 2583 1773 2640 tenet,

858 2668 1065 2722 .Tutum
1095 2666 1265 2722 ferino
1291 2676 1506 2736 gutture

873 2763 1102 2816 Exactor
1125 2761 1380 2829 abrumpe
1401 2760 1598 2814 cibum.

872 2854 997 2907 Diro
1023 2856 1272 2908 reductus
1303 2854 1525 2921 remige,

877 2945 1111 2999 Custode
1131 2945 1309 2998 salvus
1337 2944 1594 3012 pessimo,

876 3035 1034 3090 V'ates
1060 3036 1266 3088 locutus
1288 3042 1341 3087 te
1366 3034 1532 3087 Deum

870 3127 1019 3181 Tunc
1042 3127 1188 3195 jussa
1209 3126 1370 3195 gessit
1401 3125 1609 3179 fortior.

879 3221 1150 3274 Immunda
1177 3220 1402 3290 lymphis
1423 3219 1656 3272 sobriam

879 3313 979 3365 l’er
1006 3312 1161 3365 busta
1189 3311 1344 3363 terris
1372 3308 1576 3362 vixerat

880 3401 1077 3454 Vivens
1105 3401 1345 3468 sepulcra
1377 3401 1612 3467 pertulit,

881 3491 1120 3545 Viventis
1144 3501 1299 3545 ornet
1329 3491 1628 3558 prandium.

872 3585 1090 3638 Secreta
1116 3583 1221 3637 ceti
1249 3583 1477 3650 prodidit

870 3677 1043 3729 Testis
1065 3675 1325 3727 verendus
1351 3673 1540 3724 intimi.

871 3767 961 3822 Sic
982 3779 1079 3819 nos
1102 3779 1396 3833 precamur,
1427 3777 1516 3816 rex
1548 3763 1707 3825 Deus,
1736 3771 1738 3774 '

873 3859 1100 3914 Mmrore
1128 3856 1319 3908 fractos
1343 3863 1398 3907 ut
1424 3854 1598 3907 cibum

882 3950 957 4003 De
983 3955 1169 4002 ventre
1195 3961 1438 3998 curarum
1469 3959 1617 4012 rape.

878 4041 1017 4094 Vivit
1042 4036 1286 4092 medullia
1315 4035 1452 4103 quod
1485 4046 1659 4097 necat,

871 4131 1174 4186 Turbautur
1203 4128 1308 4179 alta
1331 4127 1614 4190 viscerum,

875 4223 930 4276 In
959 4221 1103 4273 fonte
1130 4216 1306 4272 carnis
1333 4216 1490 4269 ardor
1516 4220 1629 4279 est,

874 4310 976 4377 Qui
1009 4310 1219 4377 mergit,
1245 4307 1368 4371 urit,
1396 4305 1562 4359 afficit
1593 4322 1608 4358 :

880 4400 986 4456 Sed
1017 4401 1060 4454 si
1089 4413 1307 4453 serenus
1338 4398 1552 4465 aspicis,

875 4495 1126 4550 Pressura
1158 4491 1334 4559 gignct
1363 4489 1633 4557 gaudium.

1399 4589 1513 4642 XII.

1041 4697 1242 4738 ιιγδιῐςυε
1271 4697 1342 4736 111.
1388 4696 1453 4733 DE
1493 4697 1536 4732 S.
1577 4694 1848 4732 CYPRIANO.

875 4779 1024 4832 Vatis
1052 4776 1298 4846 Cypriani
1328 4786 1380 4828 et
1403 4774 1649 4842 martyris

871 4871 996 4934 Cur,
1033 4868 1230 4937 lingua,
1257 4880 1465 4928 sensus,
1497 4865 1724 4928 dignitas

878 4963 1096 5015 Mortem
1129 4960 1344 5014 ferendo
1375 4959 1661 5026 proferunt.

877 5052 1054 5104 Vitali~
1079 5051 1238 5103 ictum
1273 5065 1370 5102 nex
1399 5049 1561 5111 dedit,

873 5143 1121 5198 Macrone
1154 5150 1297 5209 parta
1332 5140 1418 5192 lux
1454 5140 1631 5192 micat.

878 5232 988 5284 Dict
1012 5246 1037 5284 s
1068 5231 1162 5284 fuit
1187 5230 1544 5297 prll'llllgldtls,

737 5372 754 5403 ί
787 5367 1068 5421 Proconsul
1095 5363 1370 5432 Maximus‘|
1393 5363 1630 5416 Galerius
1650 5364 1725 5416 illa
1741 5365 1929 5428 ximus,
1954 5365 2039 5431 qui
2063 5367 2229 5430 Aspa-

664 5442 745 5494 sio
798 5439 1024 5492 Paterno
1071 5437 1123 5488 in
1178 5435 1546 5501 proconsulatu
1592 5434 1781 5488 Arrace
1850 5448 2226 5490 successerat:

665 5511 815 5579 Cujus
854 5510 1027 5561 audita
1063 5505 1360 5579 Cyprianus
1398 5506 1654 5579 sententia
1687 5520 1786 5572 qua
1821 5507 1974 5557 morti
2015 5508 2226 5559 addice-

668 5575 839 5640 ltatttr,
890 5579 989 5630 hoc
1027 5592 1052 5630 s
1076 5578 1195 5629 dum
1244 5575 1552 5639 respondit:
1585 5575 1690 5626 1)εο
1722 5591 1942 5628 annus
1978 5593 1990 5639 ;
2020 5579 2143 5643 quin
2175 5587 2229 5630 et

665 5651 844 5714 ligatis
875 5664 965 5716 per
995 5662 1178 5701 ntanus
1210 5659 1332 5716 suas
1354 5643 1536 5716 oculis
1557 5685 1571 5703 ,
1618 5654 1672 5696 ut
1709 5645 2226 5716 [’untius_diaconus

666 5714 1100 5778 εετιὶιίι,“ιιι(ιτ;ιηι
1130 5715 1392 5768 carnificis
1417 5729 1605 5782 urgere
1636 5716 1816 5766 teutab
1836 5727 1872 5767 ει
1927 5714 2001 5766 Eo
2028 5725 2227 5781 spei-tat

670 5789 946 5842 Ennudius
972 5802 1088 5840 eum
1129 5788 1199 5838 ait
1237 5787 1557 5854 Cyprianum
1597 5798 1750 5837 enses
1795 5785 2067 5847 accivissc,
2114 5801 2225 5838 mo-

1807 359 2077 416 LNNODII
2119 357 2413 416 EI‘ISCOPI
2454 357 2822 414 'I‘ICINENSIS

2265 478 2312 531 Δ

3817 356 3917 409 328

2560 471 2628 524 Et
2651 486 2746 525 ore
2766 471 2915 526 dives
2943 472 3122 535 unico,

2554 561 2828 616 Torrentis
2861 561 2998 614 unda
3031 559 3270 630 gurgitis,

2557 651 2786 719 lmpacta
2808 665 2976 705 cornu
3007 649 3210 719 spicula

2548 747 2809 804 Sermone
2843 749 3061 803 vincens
3083 747 3349 816 promulo.

2549 837 2688 906 Opes
2717 839 2934 892 verendi
2969 841 3201 906 pectoris

2550 928 2646 994 Qui
2679 929 2798 997 jure
2829 929 3042 983 Christo
3066 930 3313 983 reddidit.

2547 1015 2699 1069 Nunc
2721 1032 2910 1072 munus
2937 1018 3123 1084 implet
3149 1019 3450 1086 pristinum,

2547 1101 2739 1157 Orator
2763 1115 2900 1170 orat,
2934 1105 3158 1169 obtinet,

2553 1192 2620 1246 Et
2640 1194 2770 1247 dura
2791 1196 2967 1249 causis
2993 1204 3269 1264 temperat.

2551 1280 2702 1334 Facit
2728 1283 2912 1336 beatos
2930 1297 3002 1336 ex
3031 1285 3158 1348 reis,

2555 1366 2781 1423 Peccata
2808 1385 3063 1439 rumpens
3089 1375 3349 1426 carmine.

2551 1456 2665 1510 Non
2690 1457 2925 1524 ﬂamma,
2959 1475 3161 1524 carcer,
3187 1462 3456 1516 vinculqu

2545 1546 2726 1601 Potest
2753 1562 2946 1603 nocere
2976 1565 3108 1618 quos
3127 1550 3296 1618 juvat.

2548 1636 2778 1690 Mactare
2805 1637 2983 1704 jussus
3012 1638 3232 1704 hostias,

2555 1725 2808 1794 Lugenda
2838 1727 2956 1781 risit
2985 1730 3220 1784 numina.

2555 1811 2791 1866 Instante
2818 1830 2940 1868 mox
2969 1816 3229 1884 periculo,

2552 1901 2704 1970 Fugit
2735 1904 2928 1970 pericla
2955 1903 3158 1959 funere.

2550 1992 2748 2046 Parvas
2770 1992 3019 2061 loquendi
3049 1995 3321 2048 schemate

2545 2082 2723 2136 Moras
2750 2083 2957 2136 remisit
2980 2084 3189 2149 ictibus,

2555 2169 2759 2223 Accivit
2787 2184 2944 2224 enses
2974 2170 3167 2236 laetior,

2547 2260 2807 2316 Currente
2837 2261 2981 2314 letho
3006 2262 3120 2329 plus
3146 2263 3307 2316 celer.

2545 2349 2836 2404 Proconsul
2868 2352 2884 2381 ¹
2914 2366 3032 2405 esse
3063 2352 3252 2406 saevior

2554 2439 2805 2509 Nequivit
2835 2441 2921 2494 ille
2950 2441 3228 2506 Maximus,

2551 2533 2682 2586 Dum
2710 2531 2850 2599 quod
2879 2529 3108 2584 minatur
3134 2544 3326 2584 munus
3353 2539 3436 2582 est
3467 2543 3482 2581 :

2545 2623 2654 2677 Nec
2677 2623 2855 2676 tardat
2885 2622 2962 2674 ira
2993 2622 3165 2675 lenior

2553 2713 2819 2769 Christum
2849 2712 3084 2766 volentes
3107 2715 3295 2766 visere.

3048 2802 3186 2856 XIII.

2711 2907 2916 2946 HYINUS
2953 2908 3026 2946 ιν.
3070 2909 3135 2946 DE
3174 2909 3526 2947 PENTECOSTE.

2555 2984 2620 3038 Et
2651 2984 2752 3038 hoc
2779 3000 3066 3054 supernum
3092 3001 3281 3038 munus
3305 3001 3334 3038 e
3367 2996 3404 3048 t,

2547 3075 2699 3141 Quod
2731 3075 2926 3144 linguis
2955 3077 3128 3144 lingua
3153 3076 3366 3128 militat.

2556 3167 2684 3233 Quis
2707 3182 2809 3220 non
2841 3169 3071 3221 tonantis
3099 3167 3315 3235 praemia

2557 3258 2658 3311 Per
2686 3257 2822 3309 dona
2850 3255 3088 3324 ejusdem
3123 3253 3389 3324 proferat?

2551 3345 2703 3400 Facit
2731 3346 2994 3414 loquendo
3017 3348 3100 3413 qui
3125 3350 3281 3413 sap't,

2545 3438 2766 3506 Dignum
2799 3437 3043 3505 loquatur
3059 3449 3113 3490 ut
3145 3437 3272 3492 Deo.

2545 3527 2776 3581 quundit
2804 3541 2928 3580 ecce
2955 3528 3204 3593 Spiritus,

2554 3617 2622 3670 Et
2650 3630 2742 3670 ora
2771 3631 2956 3670 rursus
2980 3617 3211 3670 instruit.

2547 3709 2711 3764 Intrat
2729 3711 2747 3739 ²
2780 3718 2999 3762 veterno
3026 3719 3240 3776 pectora

2555 3798 2855 3851 Eviscet‘ata
2885 3799 3088 3851 nubilo.

2547 3887 2602 3940 Itt
2639 3887 2670 3941 lt
2708 3903 2738 3941 c
2767 3889 3022 3956 apostolis
3050 3889 3136 3941 die

2551 3977 2683 4030 Dum
2713 3977 2868 4029 verba
2905 3976 3132 4030 Verbum
3163 3974 3364 4039 dividit,

2549 4067 2806 4123 Sermone
2837 4067 3017 4120 mundi
3045 4075 3340 4136 praepotens

2549 4159 2616 4212 Et
2645 4159 2802 4212 corda
2831 4159 3012 4212 mundi
3041 4161 3282 4213 contulit.

2546 4250 2750 4305 Summi
2783 4252 2979 4305 teratur
3008 4252 3250 4304 laudibus

2554 4341 2746 4406 Homo,
2780 4343 2937 4397 habet
2965 4357 3054 4395 ora
3085 4343 3340 4411 gentium.

2545 4433 2748 4498 Thrax,
2775 4433 2975 4494 Gallus,
3002 4433 3157 4486 Indus
3186 4450 3320 4486 unus
3345 4442 3446 4490 cst.

2549 4521 2700 4585 Quod
2735 4520 2923 4574 blanda
2955 4522 3087 4573 ludit
3114 4521 3338 4584 Grmcia,

2550 4609 2700 4675 Quod
2727 4609 2875 4662 saevit
2902 4619 3053 4661 atrox
3077 4609 3358 4661 barbarum

2549 4697 2753 4751 Stridor
2781 4695 2977 4764 Canopi
3011 4696 3319 4760 murmuris,

2549 4785 2696 4852 Quod
2722 4786 2741 4816 ³
2773 4787 2946 4854 lingua
2972 4785 3422 4849 latrat‘Parthica,

2549 4876 2734 4929 Pectus
2758 4877 2977 4944 replevit
3005 4875 3295 4941 hospitum.

2546 4967 2721 5021 Mundi
2751 4968 2814 5019 ad
2845 4967 3067 5022 salutem
3097 4968 3328 5022 curritur
3411 4975 3420 4985 ’

2544 5057 2768 5111 Nolente
2798 5058 2996 5111 mundo
3020 5058 3234 5117 tot,viis.

2545 5147 2693 5214 Quod
2725 5163 2872 5202 sacra
2897 5163 3036 5202 nunc
3062 5147 3303 5201 remissio

2545 5237 2814 5293 Paschalis
2843 5239 3010 5292 instar
3036 5237 3218 5306 gratize

2336 5385 2554 5427 remoue
2578 5368 2838 5436 loquendo
2868 5368 3138 5420 minimam
3169 5367 3428 5420 attulisse.

2403 5442 2424 5471 ³
2455 5439 2668 5492 Veterno
2694 5436 2886 5505 nubite]
2912 5438 3170 5488 Veternus
3188 5439 3464 5504 adjective,
3493 5447 3587 5497 pro
3618 5442 3901 5484 Velt't‘ll"§n

2333 5517 2385 5564 et
2425 5519 2633 5562 vetusto
2673 5525 2684 5558 :
2726 5520 2778 5558 ttt
2817 5511 2866 5560 in
2912 5509 3230 5574 pain-gyriCu
3257 5547 3270 5567 ,
3325 5505 3653 5556 conscientias
3702 5516 3900 5554 veterno

2330 5595 2498 5631 errare
2542 5593 2823 5645 possessas,
2869 5586 2922 5629 et
2962 5575 3194 5628 dictione
3244 5577 3294 5628 in
3338 5575 3663 5636 Novercam,
3714 5575 3901 5626 veterni

2335 5649 2484 5698 It‘rebt'
2512 5650 2540 5699 Ιι
2557 5647 2721 5715 gibus.

2401 5717 2422 5746 ³
2449 5712 2644 5782 Lingua
2682 5717 2832 5767 Intrat
2881 5712 3142 5784 Parthica]
3175 5714 3228 5768 Itt
3262 5714 3552 5782 Parmnesi,
3589 5712 3829 5768 Pttrlltt'ra
3856 5720 3899 5765 et

2331 5789 2477 5840 latret
2505 5785 2733 5839 Marinus
2765 5787 2950 5853 ﬁgura.
