  <div class='ocr_page' id='page_1' title='image "/cluster/home/n/w/nwhite01/storage/ocr_20150623/63/hvd.32044073498792/171.png"; bbox 0 0 4184 6260; ppageno 0'>
   <div class='ocr_carea' id='block_1_1' title="bbox 525 338 3784 428">
    <p class='ocr_par' dir='ltr' id='par_1_1' title="bbox 525 338 3784 428">
     <span class='ocr_line' id='line_1_1' title="bbox 525 338 3784 428; baseline -0.012 0"><span class='ocrx_word' id='word_1_1' title='bbox 525 376 619 428; x_wconf 70' lang='lat' dir='ltr'><strong>5M</strong></span> <span class='ocrx_word' id='word_1_2' title='bbox 1642 363 1909 417; x_wconf 70' lang='lat' dir='ltr'><strong>ICNNOliII</strong></span> <span class='ocrx_word' id='word_1_3' title='bbox 1951 358 2248 415; x_wconf 76' lang='lat' dir='ltr'><strong>EPISCOPI</strong></span> <span class='ocrx_word' id='word_1_4' title='bbox 2289 352 2657 411; x_wconf 73' lang='lat' dir='ltr'><strong>TlillNENSIS</strong></span> <span class='ocrx_word' id='word_1_5' title='bbox 3682 338 3784 390; x_wconf 62' lang='lat'><strong>35!</strong></span> 
     </span>
    </p>
   </div>
   <div class='ocr_carea' id='block_1_2' title="bbox 2129 461 3152 547">
    <p class='ocr_par' dir='ltr' id='par_1_2' title="bbox 2129 461 3152 547">
     <span class='ocr_line' id='line_1_2' title="bbox 2129 461 3152 547; baseline -0.018 -19"><span class='ocrx_word' id='word_1_6' title='bbox 2129 492 2177 547; x_wconf 75' lang='grc' dir='ltr'><strong>Α</strong></span> <span class='ocrx_word' id='word_1_7' title='bbox 2421 470 2493 523; x_wconf 83' lang='lat' dir='ltr'><strong>De</strong></span> <span class='ocrx_word' id='word_1_8' title='bbox 2521 477 2692 521; x_wconf 92' lang='lat' dir='ltr'><strong>morte</strong></span> <span class='ocrx_word' id='word_1_9' title='bbox 2718 466 2895 517; x_wconf 84' lang='lat' dir='ltr'><strong>lumen</strong></span> <span class='ocrx_word' id='word_1_10' title='bbox 2927 461 3152 514; x_wconf 93' lang='lat' dir='ltr'><strong>addidit.</strong></span> 
     </span>
    </p>
   </div>
   <div class='ocr_carea' id='block_1_3' title="bbox 740 500 1494 565">
    <p class='ocr_par' dir='ltr' id='par_1_3' title="bbox 740 500 1494 565">
     <span class='ocr_line' id='line_1_3' title="bbox 740 500 1494 565; baseline -0.009 -6"><span class='ocrx_word' id='word_1_11' title='bbox 740 505 905 559; x_wconf 75' lang='lat' dir='ltr'><strong>Intrat</strong></span> <span class='ocrx_word' id='word_1_12' title='bbox 933 502 1241 559; x_wconf 78' lang='lat' dir='ltr'><strong>tremendus</strong></span> <span class='ocrx_word' id='word_1_13' title='bbox 1271 500 1494 565; x_wconf 91' lang='lat' dir='ltr'><strong>arbiter,</strong></span> 
     </span>
    </p>
   </div>
   <div class='ocr_carea' id='block_1_4' title="bbox 2417 552 3043 624">
    <p class='ocr_par' dir='ltr' id='par_1_4' title="bbox 2417 552 3043 624">
     <span class='ocr_line' id='line_1_4' title="bbox 2417 552 3043 624; baseline -0.018 -10"><span class='ocrx_word' id='word_1_14' title='bbox 2417 563 2625 614; x_wconf 76' lang='lat' dir='ltr'><strong>Nerone.</strong></span> <span class='ocrx_word' id='word_1_15' title='bbox 2651 556 2773 611; x_wconf 76' lang='lat' dir='ltr'><strong>felix</strong></span> <span class='ocrx_word' id='word_1_16' title='bbox 2803 552 3043 624; x_wconf 81' lang='lat' dir='ltr'><strong>principe</strong></span> 
     </span>
    </p>
   </div>
   <div class='ocr_carea' id='block_1_5' title="bbox 732 595 1428 669">
    <p class='ocr_par' dir='ltr' id='par_1_5' title="bbox 732 595 1428 669">
     <span class='ocr_line' id='line_1_5' title="bbox 732 595 1428 669; baseline -0.006 -16"><span class='ocrx_word' id='word_1_17' title='bbox 732 599 895 669; x_wconf 71' lang='lat' dir='ltr'><strong>Major</strong></span> <span class='ocrx_word' id='word_1_18' title='bbox 925 598 1140 667; x_wconf 69' lang='lat' dir='ltr'><strong>tropaeis</strong></span> <span class='ocrx_word' id='word_1_19' title='bbox 1169 595 1428 649; x_wconf 87' lang='lat' dir='ltr'><strong>hostium.</strong></span> 
     </span>
    </p>
   </div>
   <div class='ocr_carea' id='block_1_6' title="bbox 1220 683 1387 740">
    <p class='ocr_par' dir='ltr' id='par_1_6' title="bbox 1220 683 1387 740">
     <span class='ocr_line' id='line_1_6' title="bbox 1220 683 1387 740; baseline -0.018 0"><span class='ocrx_word' id='word_1_20' title='bbox 1220 683 1387 740; x_wconf 81' lang='lat' dir='ltr'><strong>XVII.</strong></span> 
     </span>
    </p>
   </div>
   <div class='ocr_carea' id='block_1_7' title="bbox 866 790 1749 833">
    <p class='ocr_par' dir='ltr' id='par_1_7' title="bbox 866 790 1749 833">
     <span class='ocr_line' id='line_1_7' title="bbox 866 790 1749 833; baseline -0.006 -1"><span class='ocrx_word' id='word_1_21' title='bbox 866 794 1072 833; x_wconf 62' lang='lat' dir='ltr'><strong>HYSINUS</strong></span> <span class='ocrx_word' id='word_1_22' title='bbox 1113 794 1226 831; x_wconf 72' lang='lat' dir='ltr'><strong>VIII.</strong></span> <span class='ocrx_word' id='word_1_23' title='bbox 1269 794 1333 831; x_wconf 76' lang='lat' dir='ltr'><strong>DE</strong></span> <span class='ocrx_word' id='word_1_24' title='bbox 1374 793 1417 830; x_wconf 88' lang='lat' dir='ltr'><strong>S.</strong></span> <span class='ocrx_word' id='word_1_25' title='bbox 1462 790 1749 830; x_wconf 69' lang='lat' dir='ltr'><strong>EUPBEBIIA.</strong></span> 
     </span>
    </p>
   </div>
   <div class='ocr_carea' id='block_1_8' title="bbox 666 867 1790 939">
    <p class='ocr_par' dir='ltr' id='par_1_8' title="bbox 666 867 1790 939">
     <span class='ocr_line' id='line_1_8' title="bbox 666 867 1790 939; baseline -0.004 -15"><span class='ocrx_word' id='word_1_26' title='bbox 666 870 795 937; x_wconf 70' lang='lat' dir='ltr'><strong>Quae</strong></span> <span class='ocrx_word' id='word_1_27' title='bbox 826 872 1002 939; x_wconf 88' lang='lat' dir='ltr'><strong>lingua</strong></span> <span class='ocrx_word' id='word_1_28' title='bbox 1032 871 1219 937; x_wconf 68' lang='lat' dir='ltr'><strong>possit,</strong></span> <span class='ocrx_word' id='word_1_29' title='bbox 1249 869 1368 938; x_wconf 93' lang='lat' dir='ltr'><strong>quis</strong></span> <span class='ocrx_word' id='word_1_30' title='bbox 1399 869 1570 921; x_wconf 88' lang='lat' dir='ltr'><strong>valeat</strong></span> <span class='ocrx_word' id='word_1_31' title='bbox 1596 867 1790 936; x_wconf 84' lang='lat' dir='ltr'><strong>stylus,</strong></span> 
     </span>
    </p>
   </div>
   <div class='ocr_carea' id='block_1_9' title="bbox 671 955 1657 1028">
    <p class='ocr_par' dir='ltr' id='par_1_9' title="bbox 671 955 1657 1028">
     <span class='ocr_line' id='line_1_9' title="bbox 671 955 1657 1028; baseline -0.008 -13"><span class='ocrx_word' id='word_1_32' title='bbox 671 963 854 1015; x_wconf 68' lang='lat' dir='ltr'><strong>Tantae</strong></span> <span class='ocrx_word' id='word_1_33' title='bbox 879 959 1177 1028; x_wconf 87' lang='lat' dir='ltr'><strong>triumphus</strong></span> <span class='ocrx_word' id='word_1_34' title='bbox 1203 956 1422 1028; x_wconf 73' lang='lat' dir='ltr'><strong>virginis</strong></span> <span class='ocrx_word' id='word_1_35' title='bbox 1446 955 1657 1026; x_wconf 80' lang='lat' dir='ltr'><strong>eloqui?</strong></span> 
     </span>
    </p>
   </div>
   <div class='ocr_carea' id='block_1_10' title="bbox 670 1045 1752 1105">
    <p class='ocr_par' dir='ltr' id='par_1_10' title="bbox 670 1045 1752 1105">
     <span class='ocr_line' id='line_1_10' title="bbox 670 1045 1752 1105; baseline -0.007 0"><span class='ocrx_word' id='word_1_36' title='bbox 670 1051 819 1105; x_wconf 77' lang='lat' dir='ltr'><strong>Nunc</strong></span> <span class='ocrx_word' id='word_1_37' title='bbox 849 1062 1027 1105; x_wconf 87' lang='lat' dir='ltr'><strong>mente</strong></span> <span class='ocrx_word' id='word_1_38' title='bbox 1055 1049 1244 1104; x_wconf 89' lang='lat' dir='ltr'><strong>molles</strong></span> <span class='ocrx_word' id='word_1_39' title='bbox 1274 1047 1463 1102; x_wconf 81' lang='lat' dir='ltr'><strong>discite</strong></span> <span class='ocrx_word' id='word_1_40' title='bbox 1494 1045 1711 1100; x_wconf 82' lang='lat' dir='ltr'><strong>masculi</strong></span> <span class='ocrx_word' id='word_1_41' title='bbox 1738 1061 1752 1097; x_wconf 90' lang='lat'>:</span> 
     </span>
    </p>
   </div>
   <div class='ocr_carea' id='block_1_11' title="bbox 671 1137 1667 1211">
    <p class='ocr_par' dir='ltr' id='par_1_11' title="bbox 671 1137 1667 1211">
     <span class='ocr_line' id='line_1_11' title="bbox 671 1137 1667 1211; baseline -0.007 -14"><span class='ocrx_word' id='word_1_42' title='bbox 671 1142 925 1211; x_wconf 80' lang='lat' dir='ltr'><strong>Exempla</strong></span> <span class='ocrx_word' id='word_1_43' title='bbox 950 1148 1184 1209; x_wconf 64' lang='lat' dir='ltr'><strong>pra&#39;stat,</strong></span> <span class='ocrx_word' id='word_1_44' title='bbox 1209 1139 1405 1193; x_wconf 89' lang='lat' dir='ltr'><strong>sumite</strong></span> <span class='ocrx_word' id='word_1_45' title='bbox 1436 1137 1667 1199; x_wconf 81' lang='lat' dir='ltr'><strong>desides,</strong></span> 
     </span>
    </p>
   </div>
   <div class='ocr_carea' id='block_1_12' title="bbox 675 1226 1619 1303">
    <p class='ocr_par' dir='ltr' id='par_1_12' title="bbox 675 1226 1619 1303">
     <span class='ocr_line' id='line_1_12' title="bbox 675 1226 1619 1303; baseline -0.007 -14"><span class='ocrx_word' id='word_1_46' title='bbox 675 1236 854 1289; x_wconf 86' lang='lat' dir='ltr'><strong>Puella</strong></span> <span class='ocrx_word' id='word_1_47' title='bbox 884 1235 1034 1289; x_wconf 90' lang='lat' dir='ltr'><strong>fortis</strong></span> <span class='ocrx_word' id='word_1_48' title='bbox 1058 1226 1178 1287; x_wconf 90' lang='lat' dir='ltr'><strong>cum</strong></span> <span class='ocrx_word' id='word_1_49' title='bbox 1210 1242 1430 1303; x_wconf 88' lang='lat' dir='ltr'><strong>superat</strong></span> <span class='ocrx_word' id='word_1_50' title='bbox 1454 1231 1619 1283; x_wconf 86' lang='lat' dir='ltr'><strong>viros.</strong></span> 
     </span>
    </p>
   </div>
   <div class='ocr_carea' id='block_1_13' title="bbox 680 1324 1633 1393">
    <p class='ocr_par' dir='ltr' id='par_1_13' title="bbox 680 1324 1633 1393">
     <span class='ocr_line' id='line_1_13' title="bbox 680 1324 1633 1393; baseline -0.007 -13"><span class='ocrx_word' id='word_1_51' title='bbox 680 1326 857 1380; x_wconf 80' lang='lat' dir='ltr'><strong>Virtus</strong></span> <span class='ocrx_word' id='word_1_52' title='bbox 885 1324 1056 1380; x_wconf 86' lang='lat' dir='ltr'><strong>teneri</strong></span> <span class='ocrx_word' id='word_1_53' title='bbox 1083 1324 1263 1379; x_wconf 80' lang='lat' dir='ltr'><strong>nescia</strong></span> <span class='ocrx_word' id='word_1_54' title='bbox 1294 1337 1510 1393; x_wconf 86' lang='lat' dir='ltr'><strong>semper</strong></span> <span class='ocrx_word' id='word_1_55' title='bbox 1531 1329 1633 1383; x_wconf 87' lang='lat' dir='ltr'><strong>est,</strong></span> 
     </span>
    </p>
   </div>
   <div class='ocr_carea' id='block_1_14' title="bbox 678 1412 1712 1487">
    <p class='ocr_par' dir='ltr' id='par_1_14' title="bbox 678 1412 1712 1487">
     <span class='ocr_line' id='line_1_14' title="bbox 678 1412 1712 1487; baseline -0.008 -16"><span class='ocrx_word' id='word_1_56' title='bbox 678 1419 784 1472; x_wconf 83' lang='lat' dir='ltr'><strong>Nec</strong></span> <span class='ocrx_word' id='word_1_57' title='bbox 806 1418 926 1487; x_wconf 87' lang='lat' dir='ltr'><strong>jura</strong></span> <span class='ocrx_word' id='word_1_58' title='bbox 952 1430 1141 1479; x_wconf 80' lang='lat' dir='ltr'><strong>sexus,</strong></span> <span class='ocrx_word' id='word_1_59' title='bbox 1166 1413 1437 1484; x_wconf 86' lang='lat' dir='ltr'><strong>fractaque</strong></span> <span class='ocrx_word' id='word_1_60' title='bbox 1462 1427 1613 1466; x_wconf 91' lang='lat' dir='ltr'><strong>mens</strong></span> <span class='ocrx_word' id='word_1_61' title='bbox 1642 1412 1712 1475; x_wconf 88' lang='lat' dir='ltr'><strong>ei,</strong></span> 
     </span>
    </p>
   </div>
   <div class='ocr_carea' id='block_1_15' title="bbox 676 1501 1835 1575">
    <p class='ocr_par' dir='ltr' id='par_1_15' title="bbox 676 1501 1835 1575">
     <span class='ocr_line' id='line_1_15' title="bbox 676 1501 1835 1575; baseline -0.006 -15"><span class='ocrx_word' id='word_1_62' title='bbox 676 1512 806 1575; x_wconf 76' lang='lat' dir='ltr'><strong>Quae</strong></span> <span class='ocrx_word' id='word_1_63' title='bbox 829 1509 994 1563; x_wconf 88' lang='lat' dir='ltr'><strong>corde</strong></span> <span class='ocrx_word' id='word_1_64' title='bbox 1018 1507 1285 1561; x_wconf 83' lang='lat' dir='ltr'><strong>Christum</strong></span> <span class='ocrx_word' id='word_1_65' title='bbox 1315 1504 1623 1573; x_wconf 80' lang='lat' dir='ltr'><strong>conciperet</strong></span> <span class='ocrx_word' id='word_1_66' title='bbox 1649 1501 1835 1556; x_wconf 85' lang='lat' dir='ltr'><strong>semel.</strong></span> 
     </span>
    </p>
   </div>
   <div class='ocr_carea' id='block_1_16' title="bbox 751 1595 1735 1667">
    <p class='ocr_par' dir='ltr' id='par_1_16' title="bbox 751 1595 1735 1667">
     <span class='ocr_line' id='line_1_16' title="bbox 751 1595 1735 1667; baseline -0.009 -12"><span class='ocrx_word' id='word_1_67' title='bbox 751 1600 978 1655; x_wconf 83' lang='lat' dir='ltr'><strong>Solvnnt</strong></span> <span class='ocrx_word' id='word_1_68' title='bbox 1004 1596 1217 1653; x_wconf 85' lang='lat' dir='ltr'><strong>caducis</strong></span> <span class='ocrx_word' id='word_1_69' title='bbox 1246 1604 1459 1667; x_wconf 80' lang='lat' dir='ltr'><strong>pectora</strong></span> <span class='ocrx_word' id='word_1_70' title='bbox 1484 1595 1735 1659; x_wconf 79' lang='lat' dir='ltr'><strong>vinculis,</strong></span> 
     </span>
    </p>
   </div>
   <div class='ocr_carea' id='block_1_17' title="bbox 678 1687 1745 1761">
    <p class='ocr_par' dir='ltr' id='par_1_17' title="bbox 678 1687 1745 1761">
     <span class='ocr_line' id='line_1_17' title="bbox 678 1687 1745 1761; baseline -0.008 -12"><span class='ocrx_word' id='word_1_71' title='bbox 678 1694 883 1761; x_wconf 83' lang='lat' dir='ltr'><strong>Quibus</strong></span> <span class='ocrx_word' id='word_1_72' title='bbox 907 1702 1155 1761; x_wconf 89' lang='lat' dir='ltr'><strong>repostus</strong></span> <span class='ocrx_word' id='word_1_73' title='bbox 1184 1690 1450 1743; x_wconf 85' lang='lat' dir='ltr'><strong>mentibus</strong></span> <span class='ocrx_word' id='word_1_74' title='bbox 1478 1698 1556 1741; x_wconf 82' lang='lat' dir='ltr'><strong>est</strong></span> <span class='ocrx_word' id='word_1_75' title='bbox 1582 1687 1745 1740; x_wconf 86' lang='lat' dir='ltr'><strong>Deus.</strong></span> 
     </span>
    </p>
   </div>
   <div class='ocr_carea' id='block_1_18' title="bbox 682 1780 1634 1849">
    <p class='ocr_par' dir='ltr' id='par_1_18' title="bbox 682 1780 1634 1849">
     <span class='ocr_line' id='line_1_18' title="bbox 682 1780 1634 1849; baseline -0.008 -7"><span class='ocrx_word' id='word_1_76' title='bbox 682 1786 971 1842; x_wconf 82' lang='lat' dir='ltr'><strong>Tormenta</strong></span> <span class='ocrx_word' id='word_1_77' title='bbox 999 1782 1154 1837; x_wconf 89' lang='lat' dir='ltr'><strong>torsit</strong></span> <span class='ocrx_word' id='word_1_78' title='bbox 1176 1780 1333 1836; x_wconf 80' lang='lat' dir='ltr'><strong>fortia</strong></span> <span class='ocrx_word' id='word_1_79' title='bbox 1360 1794 1588 1849; x_wconf 88' lang='lat' dir='ltr'><strong>corpore</strong></span> <span class='ocrx_word' id='word_1_80' title='bbox 1622 1799 1634 1834; x_wconf 89' lang='lat'><strong>:</strong></span> 
     </span>
    </p>
   </div>
   <div class='ocr_carea' id='block_1_19' title="bbox 684 1857 2201 1946">
    <p class='ocr_par' dir='ltr' id='par_1_19' title="bbox 684 1857 2201 1946">
     <span class='ocr_line' id='line_1_19' title="bbox 684 1857 2201 1946; baseline -0.015 -10"><span class='ocrx_word' id='word_1_81' title='bbox 684 1882 943 1936; x_wconf 82' lang='lat' dir='ltr'><strong>Lassante</strong></span> <span class='ocrx_word' id='word_1_82' title='bbox 965 1889 1121 1946; x_wconf 72' lang='lat' dir='ltr'><strong>pinna</strong></span> <span class='ocrx_word' id='word_1_83' title='bbox 1149 1876 1319 1931; x_wconf 90' lang='lat' dir='ltr'><strong>crevit</strong></span> <span class='ocrx_word' id='word_1_84' title='bbox 1347 1887 1499 1927; x_wconf 87' lang='lat' dir='ltr'><strong>amor</strong></span> <span class='ocrx_word' id='word_1_85' title='bbox 1525 1871 1720 1926; x_wconf 88' lang='lat' dir='ltr'><strong>crucis.</strong></span> <span class='ocrx_word' id='word_1_86' title='bbox 2153 1857 2201 1914; x_wconf 85' lang='lat' dir='ltr'><strong>B</strong></span> 
     </span>
    </p>
   </div>
   <div class='ocr_carea' id='block_1_20' title="bbox 754 1966 1768 2038">
    <p class='ocr_par' dir='ltr' id='par_1_20' title="bbox 754 1966 1768 2038">
     <span class='ocr_line' id='line_1_20' title="bbox 754 1966 1768 2038; baseline -0.014 -11"><span class='ocrx_word' id='word_1_87' title='bbox 754 1973 811 2027; x_wconf 88' lang='lat' dir='ltr'><strong>Si</strong></span> <span class='ocrx_word' id='word_1_88' title='bbox 843 1969 981 2025; x_wconf 90' lang='lat' dir='ltr'><strong>scire</strong></span> <span class='ocrx_word' id='word_1_89' title='bbox 1001 1979 1189 2038; x_wconf 87' lang='lat' dir='ltr'><strong>posses</strong></span> <span class='ocrx_word' id='word_1_90' title='bbox 1212 1966 1428 2020; x_wconf 78' lang='lat' dir='ltr'><strong>vincere</strong></span> <span class='ocrx_word' id='word_1_91' title='bbox 1456 1971 1768 2032; x_wconf 81' lang='lat' dir='ltr'><strong>martyrem,</strong></span> 
     </span>
    </p>
   </div>
   <div class='ocr_carea' id='block_1_21' title="bbox 688 2054 1656 2125">
    <p class='ocr_par' dir='ltr' id='par_1_21' title="bbox 688 2054 1656 2125">
     <span class='ocr_line' id='line_1_21' title="bbox 688 2054 1656 2125; baseline -0.012 -8"><span class='ocrx_word' id='word_1_92' title='bbox 688 2063 897 2117; x_wconf 78' lang='lat' dir='ltr'><strong>Vesane</strong></span> <span class='ocrx_word' id='word_1_93' title='bbox 928 2067 1121 2123; x_wconf 91' lang='lat' dir='ltr'><strong>tortor,</strong></span> <span class='ocrx_word' id='word_1_94' title='bbox 1156 2069 1376 2125; x_wconf 86' lang='lat' dir='ltr'><strong>parcere</strong></span> <span class='ocrx_word' id='word_1_95' title='bbox 1400 2054 1656 2108; x_wconf 81' lang='lat' dir='ltr'><strong>disceres.</strong></span> 
     </span>
    </p>
   </div>
   <div class='ocr_carea' id='block_1_22' title="bbox 689 2144 1819 2218">
    <p class='ocr_par' dir='ltr' id='par_1_22' title="bbox 689 2144 1819 2218">
     <span class='ocr_line' id='line_1_22' title="bbox 689 2144 1819 2218; baseline -0.013 -10"><span class='ocrx_word' id='word_1_96' title='bbox 689 2153 978 2215; x_wconf 81' lang='lat' dir='ltr'><strong>Flammas,</strong></span> <span class='ocrx_word' id='word_1_97' title='bbox 1007 2148 1297 2218; x_wconf 83' lang='lat' dir='ltr'><strong>flagellum,</strong></span> <span class='ocrx_word' id='word_1_98' title='bbox 1325 2144 1625 2205; x_wconf 88' lang='lat' dir='ltr'><strong>carnifices,</strong></span> <span class='ocrx_word' id='word_1_99' title='bbox 1654 2149 1819 2204; x_wconf 88' lang='lat' dir='ltr'><strong>rotas,</strong></span> 
     </span>
    </p>
   </div>
   <div class='ocr_carea' id='block_1_23' title="bbox 686 2230 1917 2309">
    <p class='ocr_par' dir='ltr' id='par_1_23' title="bbox 686 2230 1917 2309">
     <span class='ocr_line' id='line_1_23' title="bbox 686 2230 1917 2309; baseline -0.014 -11"><span class='ocrx_word' id='word_1_100' title='bbox 686 2243 783 2298; x_wconf 86' lang='lat' dir='ltr'><strong>Cui</strong></span> <span class='ocrx_word' id='word_1_101' title='bbox 812 2257 943 2296; x_wconf 77' lang='lat' dir='ltr'><strong>crux</strong></span> <span class='ocrx_word' id='word_1_102' title='bbox 964 2237 1233 2309; x_wconf 83' lang='lat' dir='ltr'><strong>sequenda</strong></span> <span class='ocrx_word' id='word_1_103' title='bbox 1254 2244 1357 2303; x_wconf 88' lang='lat' dir='ltr'><strong>est,</strong></span> <span class='ocrx_word' id='word_1_104' title='bbox 1390 2248 1493 2289; x_wconf 91' lang='lat' dir='ltr'><strong>non</strong></span> <span class='ocrx_word' id='word_1_105' title='bbox 1521 2232 1709 2286; x_wconf 87' lang='lat' dir='ltr'><strong>metuit</strong></span> <span class='ocrx_word' id='word_1_106' title='bbox 1738 2230 1917 2284; x_wconf 91' lang='lat' dir='ltr'><strong>nimis.</strong></span> 
     </span>
    </p>
   </div>
   <div class='ocr_carea' id='block_1_24' title="bbox 693 2322 1748 2396">
    <p class='ocr_par' dir='ltr' id='par_1_24' title="bbox 693 2322 1748 2396">
     <span class='ocr_line' id='line_1_24' title="bbox 693 2322 1748 2396; baseline -0.013 -9"><span class='ocrx_word' id='word_1_107' title='bbox 693 2334 840 2387; x_wconf 80' lang='lat' dir='ltr'><strong>lianc</strong></span> <span class='ocrx_word' id='word_1_108' title='bbox 863 2346 983 2386; x_wconf 92' lang='lat' dir='ltr'><strong>cum</strong></span> <span class='ocrx_word' id='word_1_109' title='bbox 1020 2328 1243 2383; x_wconf 87' lang='lat' dir='ltr'><strong>caminis</strong></span> <span class='ocrx_word' id='word_1_110' title='bbox 1266 2326 1386 2396; x_wconf 90' lang='lat' dir='ltr'><strong>igne</strong></span> <span class='ocrx_word' id='word_1_111' title='bbox 1410 2322 1748 2391; x_wconf 88' lang='lat' dir='ltr'><strong>crepantibus</strong></span> 
     </span>
    </p>
   </div>
   <div class='ocr_carea' id='block_1_25' title="bbox 690 2411 1632 2486">
    <p class='ocr_par' dir='ltr' id='par_1_25' title="bbox 690 2411 1632 2486">
     <span class='ocr_line' id='line_1_25' title="bbox 690 2411 1632 2486; baseline -0.015 -9"><span class='ocrx_word' id='word_1_112' title='bbox 690 2421 925 2477; x_wconf 76' lang='lat' dir='ltr'><strong>Jussisse</strong></span> <span class='ocrx_word' id='word_1_113' title='bbox 956 2420 1123 2474; x_wconf 90' lang='lat' dir='ltr'><strong>fertur</strong></span> <span class='ocrx_word' id='word_1_114' title='bbox 1153 2414 1478 2486; x_wconf 79' lang='lat' dir='ltr'><strong>prazcipitem</strong></span> <span class='ocrx_word' id='word_1_115' title='bbox 1518 2411 1632 2465; x_wconf 86' lang='lat' dir='ltr'><strong>dari</strong></span> 
     </span>
    </p>
   </div>
   <div class='ocr_carea' id='block_1_26' title="bbox 692 2504 1680 2579">
    <p class='ocr_par' dir='ltr' id='par_1_26' title="bbox 692 2504 1680 2579">
     <span class='ocr_line' id='line_1_26' title="bbox 692 2504 1680 2579; baseline -0.016 -7"><span class='ocrx_word' id='word_1_116' title='bbox 692 2515 907 2572; x_wconf 82' lang='lat' dir='ltr'><strong>Priscus</strong></span> <span class='ocrx_word' id='word_1_117' title='bbox 934 2514 976 2579; x_wconf 78' lang='grc'><strong>⁸,</strong></span> <span class='ocrx_word' id='word_1_118' title='bbox 1005 2509 1198 2566; x_wconf 86' lang='lat' dir='ltr'><strong>veneni</strong></span> <span class='ocrx_word' id='word_1_119' title='bbox 1229 2507 1375 2562; x_wconf 91' lang='lat' dir='ltr'><strong>fonte</strong></span> <span class='ocrx_word' id='word_1_120' title='bbox 1400 2504 1680 2560; x_wconf 90' lang='lat' dir='ltr'><strong>nocentior</strong></span> 
     </span>
    </p>
   </div>
   <div class='ocr_carea' id='block_1_27' title="bbox 695 2593 1711 2677">
    <p class='ocr_par' dir='ltr' id='par_1_27' title="bbox 695 2593 1711 2677">
     <span class='ocr_line' id='line_1_27' title="bbox 695 2593 1711 2677; baseline -0.014 -15"><span class='ocrx_word' id='word_1_121' title='bbox 695 2606 852 2677; x_wconf 79' lang='lat' dir='ltr'><strong>(Nam</strong></span> <span class='ocrx_word' id='word_1_122' title='bbox 875 2604 951 2658; x_wconf 88' lang='lat' dir='ltr'><strong>sic</strong></span> <span class='ocrx_word' id='word_1_123' title='bbox 978 2601 1195 2658; x_wconf 80' lang='lat' dir='ltr'><strong>feralem</strong></span> <span class='ocrx_word' id='word_1_124' title='bbox 1228 2609 1468 2668; x_wconf 88' lang='lat' dir='ltr'><strong>tempore</strong></span> <span class='ocrx_word' id='word_1_125' title='bbox 1490 2593 1711 2650; x_wconf 86' lang='lat' dir='ltr'><strong>sordido</strong></span> 
     </span>
    </p>
   </div>
   <div class='ocr_carea' id='block_1_28' title="bbox 697 2684 1674 2761">
    <p class='ocr_par' dir='ltr' id='par_1_28' title="bbox 697 2684 1674 2761">
     <span class='ocr_line' id='line_1_28' title="bbox 697 2684 1674 2761; baseline -0.013 -9"><span class='ocrx_word' id='word_1_126' title='bbox 697 2699 888 2753; x_wconf 76' lang='lat' dir='ltr'><strong>Dixere</strong></span> <span class='ocrx_word' id='word_1_127' title='bbox 916 2702 1114 2750; x_wconf 61' lang='lat' dir='ltr'><strong>sancte</strong></span> <span class='ocrx_word' id='word_1_128' title='bbox 1143 2690 1362 2761; x_wconf 82' lang='lat' dir='ltr'><strong>virginis</strong></span> <span class='ocrx_word' id='word_1_129' title='bbox 1390 2684 1674 2754; x_wconf 90' lang='lat' dir='ltr'><strong>arbitrum)</strong></span> 
     </span>
    </p>
   </div>
   <div class='ocr_carea' id='block_1_29' title="bbox 699 2775 1758 2856">
    <p class='ocr_par' dir='ltr' id='par_1_29' title="bbox 699 2775 1758 2856">
     <span class='ocr_line' id='line_1_29' title="bbox 699 2775 1758 2856; baseline -0.015 -13"><span class='ocrx_word' id='word_1_130' title='bbox 699 2787 868 2856; x_wconf 88' lang='lat' dir='ltr'><strong>Ilujus</strong></span> <span class='ocrx_word' id='word_1_131' title='bbox 896 2783 1129 2840; x_wconf 84' lang='lat' dir='ltr'><strong>minis&#39;ri</strong></span> <span class='ocrx_word' id='word_1_132' title='bbox 1156 2782 1281 2836; x_wconf 90' lang='lat' dir='ltr'><strong>dum</strong></span> <span class='ocrx_word' id='word_1_133' title='bbox 1312 2786 1569 2849; x_wconf 90' lang='lat' dir='ltr'><strong>cuperent</strong></span> <span class='ocrx_word' id='word_1_134' title='bbox 1598 2775 1758 2831; x_wconf 88' lang='lat' dir='ltr'><strong>nimis</strong></span> 
     </span>
    </p>
   </div>
   <div class='ocr_carea' id='block_1_30' title="bbox 700 2870 1709 2938">
    <p class='ocr_par' dir='ltr' id='par_1_30' title="bbox 700 2870 1709 2938">
     <span class='ocr_line' id='line_1_30' title="bbox 700 2870 1709 2938; baseline -0.017 -4"><span class='ocrx_word' id='word_1_135' title='bbox 700 2876 958 2934; x_wconf 82' lang='lat' dir='ltr'><strong>Fornacis</strong></span> <span class='ocrx_word' id='word_1_136' title='bbox 982 2888 1122 2929; x_wconf 70' lang='lat' dir='ltr'><strong>escae</strong></span> <span class='ocrx_word' id='word_1_137' title='bbox 1150 2870 1365 2926; x_wconf 88' lang='lat' dir='ltr'><strong>tradere</strong></span> <span class='ocrx_word' id='word_1_138' title='bbox 1393 2876 1709 2938; x_wconf 72' lang='lat' dir='ltr'><strong>martyrum,</strong></span> 
     </span>
    </p>
   </div>
   <div class='ocr_carea' id='block_1_31' title="bbox 701 2958 1642 3032">
    <p class='ocr_par' dir='ltr' id='par_1_31' title="bbox 701 2958 1642 3032">
     <span class='ocr_line' id='line_1_31' title="bbox 701 2958 1642 3032; baseline -0.015 -11"><span class='ocrx_word' id='word_1_139' title='bbox 701 2968 815 3022; x_wconf 73' lang='lat' dir='ltr'><strong>Lux</strong></span> <span class='ocrx_word' id='word_1_140' title='bbox 846 2975 970 3019; x_wconf 89' lang='lat' dir='ltr'><strong>tunc</strong></span> <span class='ocrx_word' id='word_1_141' title='bbox 1001 2960 1211 3032; x_wconf 79' lang='lat' dir='ltr'><strong>Olympi</strong></span> <span class='ocrx_word' id='word_1_142' title='bbox 1254 2959 1373 3013; x_wconf 88' lang='lat' dir='ltr'><strong>luce</strong></span> <span class='ocrx_word' id='word_1_143' title='bbox 1399 2958 1642 3012; x_wconf 90' lang='lat' dir='ltr'><strong>serenior</strong></span> 
     </span>
    </p>
   </div>
   <div class='ocr_carea' id='block_1_32' title="bbox 701 3047 1638 3126">
    <p class='ocr_par' dir='ltr' id='par_1_32' title="bbox 701 3047 1638 3126">
     <span class='ocr_line' id='line_1_32' title="bbox 701 3047 1638 3126; baseline -0.017 -14"><span class='ocrx_word' id='word_1_144' title='bbox 701 3058 847 3126; x_wconf 82' lang='lat' dir='ltr'><strong>Opus</strong></span> <span class='ocrx_word' id='word_1_145' title='bbox 879 3052 1108 3109; x_wconf 81' lang='lat' dir='ltr'><strong>removit</strong></span> <span class='ocrx_word' id='word_1_146' title='bbox 1134 3063 1276 3104; x_wconf 65' lang='lat' dir='ltr'><strong>saeva</strong></span> <span class='ocrx_word' id='word_1_147' title='bbox 1310 3047 1599 3100; x_wconf 86' lang='lat' dir='ltr'><strong>volentium</strong></span> <span class='ocrx_word' id='word_1_148' title='bbox 1626 3061 1638 3096; x_wconf 92' lang='lat'><strong>:</strong></span> 
     </span>
    </p>
   </div>
   <div class='ocr_carea' id='block_1_33' title="bbox 700 3130 1908 3206">
    <p class='ocr_par' dir='ltr' id='par_1_33' title="bbox 700 3130 1908 3206">
     <span class='ocr_line' id='line_1_33' title="bbox 700 3130 1908 3206; baseline -0.017 -5"><span class='ocrx_word' id='word_1_149' title='bbox 700 3147 834 3201; x_wconf 82' lang='lat' dir='ltr'><strong>Cum</strong></span> <span class='ocrx_word' id='word_1_150' title='bbox 862 3157 993 3197; x_wconf 84' lang='lat' dir='ltr'><strong>voce</strong></span> <span class='ocrx_word' id='word_1_151' title='bbox 1022 3146 1322 3195; x_wconf 83' lang='lat' dir='ltr'><strong>monstrant</strong></span> <span class='ocrx_word' id='word_1_152' title='bbox 1348 3136 1436 3206; x_wconf 91' lang='lat' dir='ltr'><strong>qui</strong></span> <span class='ocrx_word' id='word_1_153' title='bbox 1466 3135 1699 3204; x_wconf 89' lang='lat' dir='ltr'><strong>gladium</strong></span> <span class='ocrx_word' id='word_1_154' title='bbox 1731 3130 1908 3185; x_wconf 87' lang='lat' dir='ltr'><strong>simul.</strong></span> 
     </span>
    </p>
   </div>
   <div class='ocr_carea' id='block_1_34' title="bbox 705 3223 2218 3299">
    <p class='ocr_par' dir='ltr' id='par_1_34' title="bbox 705 3223 2218 3299">
     <span class='ocr_line' id='line_1_34' title="bbox 705 3223 2218 3299; baseline -0.013 -9"><span class='ocrx_word' id='word_1_155' title='bbox 705 3236 813 3290; x_wconf 80' lang='lat' dir='ltr'><strong>Nos</strong></span> <span class='ocrx_word' id='word_1_156' title='bbox 845 3234 966 3286; x_wconf 91' lang='lat' dir='ltr'><strong>hinc</strong></span> <span class='ocrx_word' id='word_1_157' title='bbox 997 3244 1278 3299; x_wconf 85' lang='lat' dir='ltr'><strong>precamur</strong></span> <span class='ocrx_word' id='word_1_158' title='bbox 1306 3227 1475 3294; x_wconf 84' lang='lat' dir='ltr'><strong>dirige</strong></span> <span class='ocrx_word' id='word_1_159' title='bbox 1505 3224 1754 3287; x_wconf 86' lang='lat' dir='ltr'><strong>Tartaro,</strong></span> <span class='ocrx_word' id='word_1_160' title='bbox 2172 3223 2218 3283; x_wconf 83' lang='lat' dir='ltr'><strong><em>C</em></strong></span> 
     </span>
    </p>
   </div>
   <div class='ocr_carea' id='block_1_35' title="bbox 705 3312 1876 3379">
    <p class='ocr_par' dir='ltr' id='par_1_35' title="bbox 705 3312 1876 3379">
     <span class='ocr_line' id='line_1_35' title="bbox 705 3312 1876 3379; baseline -0.016 0"><span class='ocrx_word' id='word_1_161' title='bbox 705 3325 835 3379; x_wconf 85' lang='lat' dir='ltr'><strong>Nam</strong></span> <span class='ocrx_word' id='word_1_162' title='bbox 864 3332 1043 3374; x_wconf 87' lang='lat' dir='ltr'><strong>nostra</strong></span> <span class='ocrx_word' id='word_1_163' title='bbox 1072 3328 1309 3372; x_wconf 88' lang='lat' dir='ltr'><strong>sanctam</strong></span> <span class='ocrx_word' id='word_1_164' title='bbox 1345 3328 1449 3367; x_wconf 92' lang='lat' dir='ltr'><strong>non</strong></span> <span class='ocrx_word' id='word_1_165' title='bbox 1480 3312 1642 3364; x_wconf 87' lang='lat' dir='ltr'><strong>violat</strong></span> <span class='ocrx_word' id='word_1_166' title='bbox 1665 3323 1876 3363; x_wconf 88' lang='lat' dir='ltr'><strong>manus.</strong></span> 
     </span>
    </p>
   </div>
   <div class='ocr_carea' id='block_1_36' title="bbox 706 3401 1671 3477">
    <p class='ocr_par' dir='ltr' id='par_1_36' title="bbox 706 3401 1671 3477">
     <span class='ocr_line' id='line_1_36' title="bbox 706 3401 1671 3477; baseline -0.017 -13"><span class='ocrx_word' id='word_1_167' title='bbox 706 3407 985 3477; x_wconf 81' lang='lat' dir='ltr'><strong>Turgescit</strong></span> <span class='ocrx_word' id='word_1_168' title='bbox 1015 3405 1088 3457; x_wconf 90' lang='lat' dir='ltr'><strong>illi</strong></span> <span class='ocrx_word' id='word_1_169' title='bbox 1122 3404 1241 3456; x_wconf 88' lang='lat' dir='ltr'><strong>felle</strong></span> <span class='ocrx_word' id='word_1_170' title='bbox 1263 3402 1417 3469; x_wconf 88' lang='lat' dir='ltr'><strong>jecur</strong></span> <span class='ocrx_word' id='word_1_171' title='bbox 1441 3401 1625 3452; x_wconf 88' lang='lat' dir='ltr'><strong>calens</strong></span> <span class='ocrx_word' id='word_1_172' title='bbox 1657 3415 1671 3448; x_wconf 71' lang='grc' dir='ltr'><strong><em>ι</em></strong></span> 
     </span>
    </p>
   </div>
   <div class='ocr_carea' id='block_1_37' title="bbox 709 3488 1790 3559">
    <p class='ocr_par' dir='ltr' id='par_1_37' title="bbox 709 3488 1790 3559">
     <span class='ocr_line' id='line_1_37' title="bbox 709 3488 1790 3559; baseline -0.016 -4"><span class='ocrx_word' id='word_1_173' title='bbox 709 3502 826 3556; x_wconf 78' lang='lat' dir='ltr'><strong>Mox</strong></span> <span class='ocrx_word' id='word_1_174' title='bbox 857 3511 1006 3559; x_wconf 77' lang='lat' dir='ltr'><strong>saxa,</strong></span> <span class='ocrx_word' id='word_1_175' title='bbox 1042 3495 1231 3558; x_wconf 62' lang='lat' dir='ltr'><strong>fossas,</strong></span> <span class='ocrx_word' id='word_1_176' title='bbox 1270 3492 1523 3553; x_wconf 86' lang='lat' dir='ltr'><strong>verbera,</strong></span> <span class='ocrx_word' id='word_1_177' title='bbox 1556 3488 1790 3547; x_wconf 87' lang='lat' dir='ltr'><strong>bestias;</strong></span> 
     </span>
    </p>
   </div>
   <div class='ocr_carea' id='block_1_38' title="bbox 712 3583 1696 3658">
    <p class='ocr_par' dir='ltr' id='par_1_38' title="bbox 712 3583 1696 3658">
     <span class='ocr_line' id='line_1_38' title="bbox 712 3583 1696 3658; baseline -0.013 -12"><span class='ocrx_word' id='word_1_178' title='bbox 712 3590 880 3658; x_wconf 85' lang='lat' dir='ltr'><strong>Majns</strong></span> <span class='ocrx_word' id='word_1_179' title='bbox 907 3601 1170 3641; x_wconf 85' lang='lat' dir='ltr'><strong>venenum</strong></span> <span class='ocrx_word' id='word_1_180' title='bbox 1204 3583 1491 3639; x_wconf 87' lang='lat' dir='ltr'><strong>blanditias</strong></span> <span class='ocrx_word' id='word_1_181' title='bbox 1525 3589 1696 3650; x_wconf 87' lang='lat' dir='ltr'><strong>parat,</strong></span> 
     </span>
    </p>
   </div>
   <div class='ocr_carea' id='block_1_39' title="bbox 712 3674 1621 3747">
    <p class='ocr_par' dir='ltr' id='par_1_39' title="bbox 712 3674 1621 3747">
     <span class='ocr_line' id='line_1_39' title="bbox 712 3674 1621 3747; baseline -0.013 -12"><span class='ocrx_word' id='word_1_182' title='bbox 712 3681 915 3747; x_wconf 80' lang='lat' dir='ltr'><strong>Quibus</strong></span> <span class='ocrx_word' id='word_1_183' title='bbox 937 3679 1028 3731; x_wconf 79' lang='lat' dir='ltr'><strong>vir:</strong></span> <span class='ocrx_word' id='word_1_184' title='bbox 1050 3692 1118 3745; x_wconf 78' lang='lat' dir='ltr'><strong>gn</strong></span> <span class='ocrx_word' id='word_1_185' title='bbox 1149 3676 1359 3729; x_wconf 77' lang='lat' dir='ltr'><strong>fortiter</strong></span> <span class='ocrx_word' id='word_1_186' title='bbox 1388 3674 1621 3728; x_wconf 85' lang='lat' dir='ltr'><strong>obstitit.</strong></span> 
     </span>
    </p>
   </div>
   <div class='ocr_carea' id='block_1_40' title="bbox 1267 3782 1452 3838">
    <p class='ocr_par' dir='ltr' id='par_1_40' title="bbox 1267 3782 1452 3838">
     <span class='ocr_line' id='line_1_40' title="bbox 1267 3782 1452 3838; baseline -0.005 0"><span class='ocrx_word' id='word_1_187' title='bbox 1267 3782 1452 3838; x_wconf 70' lang='lat' dir='ltr'><strong>XVIII.</strong></span> 
     </span>
    </p>
   </div>
   <div class='ocr_carea' id='block_1_41' title="bbox 931 3878 1781 3932">
    <p class='ocr_par' dir='ltr' id='par_1_41' title="bbox 931 3878 1781 3932">
     <span class='ocr_line' id='line_1_41' title="bbox 931 3878 1781 3932; baseline -0.008 -1"><span class='ocrx_word' id='word_1_188' title='bbox 931 3892 1139 3932; x_wconf 70' lang='lat' dir='ltr'><strong>nvnxus</strong></span> <span class='ocrx_word' id='word_1_189' title='bbox 1178 3893 1253 3929; x_wconf 77' lang='lat' dir='ltr'><strong>ix.</strong></span> <span class='ocrx_word' id='word_1_190' title='bbox 1292 3878 1312 3905; x_wconf 81' lang='grc'>¹</span> <span class='ocrx_word' id='word_1_191' title='bbox 1355 3891 1419 3929; x_wconf 79' lang='lat' dir='ltr'><strong>nt:</strong></span> <span class='ocrx_word' id='word_1_192' title='bbox 1450 3888 1497 3927; x_wconf 89' lang='lat' dir='ltr'><strong>s.</strong></span> <span class='ocrx_word' id='word_1_193' title='bbox 1536 3884 1781 3926; x_wconf 62' lang='grc' dir='ltr'><strong>Μυκη).</strong></span> 
     </span>
    </p>
   </div>
   <div class='ocr_carea' id='block_1_42' title="bbox 778 3969 1462 4037">
    <p class='ocr_par' dir='ltr' id='par_1_42' title="bbox 778 3969 1462 4037">
     <span class='ocr_line' id='line_1_42' title="bbox 778 3969 1462 4037; baseline -0.012 -13"><span class='ocrx_word' id='word_1_194' title='bbox 778 3970 1016 4037; x_wconf 80' lang='lat' dir='ltr'><strong>Augusta</strong></span> <span class='ocrx_word' id='word_1_195' title='bbox 1045 3969 1166 4019; x_wconf 74' lang='lat' dir='ltr'><strong>vitm</strong></span> <span class='ocrx_word' id='word_1_196' title='bbox 1198 3975 1462 4033; x_wconf 86' lang='lat' dir='ltr'><strong>tempora.</strong></span> 
     </span>
    </p>
   </div>
   <div class='ocr_carea' id='block_1_43' title="bbox 781 4053 1474 4115">
    <p class='ocr_par' dir='ltr' id='par_1_43' title="bbox 781 4053 1474 4115">
     <span class='ocr_line' id='line_1_43' title="bbox 781 4053 1474 4115; baseline -0.013 -3"><span class='ocrx_word' id='word_1_197' title='bbox 781 4056 965 4112; x_wconf 85' lang='lat' dir='ltr'><strong>Parvis</strong></span> <span class='ocrx_word' id='word_1_198' title='bbox 993 4065 1176 4109; x_wconf 89' lang='lat' dir='ltr'><strong>coacta</strong></span> <span class='ocrx_word' id='word_1_199' title='bbox 1210 4053 1474 4115; x_wconf 69' lang='lat' dir='ltr'><strong>terminis,</strong></span> 
     </span>
    </p>
   </div>
   <div class='ocr_carea' id='block_1_44' title="bbox 787 4146 1622 4207">
    <p class='ocr_par' dir='ltr' id='par_1_44' title="bbox 787 4146 1622 4207">
     <span class='ocr_line' id='line_1_44' title="bbox 787 4146 1622 4207; baseline -0.011 -3"><span class='ocrx_word' id='word_1_200' title='bbox 787 4148 928 4205; x_wconf 77' lang='lat' dir='ltr'><strong>Mors</strong></span> <span class='ocrx_word' id='word_1_201' title='bbox 957 4157 1139 4201; x_wconf 89' lang='lat' dir='ltr'><strong>sancta</strong></span> <span class='ocrx_word' id='word_1_202' title='bbox 1171 4146 1335 4199; x_wconf 88' lang='lat' dir='ltr'><strong>dunat</strong></span> <span class='ocrx_word' id='word_1_203' title='bbox 1356 4156 1622 4207; x_wconf 84' lang='lat' dir='ltr'><strong>crescere,</strong></span> 
     </span>
    </p>
   </div>
   <div class='ocr_carea' id='block_1_45' title="bbox 789 4240 1484 4306">
    <p class='ocr_par' dir='ltr' id='par_1_45' title="bbox 789 4240 1484 4306">
     <span class='ocr_line' id='line_1_45' title="bbox 789 4240 1484 4306; baseline -0.012 -10"><span class='ocrx_word' id='word_1_204' title='bbox 789 4241 1015 4297; x_wconf 64' lang='lat' dir='ltr'><strong>Eterna</strong></span> <span class='ocrx_word' id='word_1_205' title='bbox 1040 4240 1173 4293; x_wconf 90' lang='lat' dir='ltr'><strong>iines</strong></span> <span class='ocrx_word' id='word_1_206' title='bbox 1204 4242 1484 4306; x_wconf 70' lang='lat' dir='ltr'><strong>praeparat.</strong></span> 
     </span>
    </p>
   </div>
   <div class='ocr_carea' id='block_1_46' title="bbox 797 4326 1492 4402">
    <p class='ocr_par' dir='ltr' id='par_1_46' title="bbox 797 4326 1492 4402">
     <span class='ocr_line' id='line_1_46' title="bbox 797 4326 1492 4402; baseline -0.012 -15"><span class='ocrx_word' id='word_1_207' title='bbox 797 4333 872 4387; x_wconf 82' lang='lat' dir='ltr'><strong>De</strong></span> <span class='ocrx_word' id='word_1_208' title='bbox 899 4330 1051 4402; x_wconf 83' lang='lat' dir='ltr'><strong>fruge</strong></span> <span class='ocrx_word' id='word_1_209' title='bbox 1074 4343 1292 4384; x_wconf 85' lang='lat' dir='ltr'><strong>casuum</strong></span> <span class='ocrx_word' id='word_1_210' title='bbox 1324 4326 1492 4389; x_wconf 87' lang='lat' dir='ltr'><strong>venit,</strong></span> 
     </span>
    </p>
   </div>
   <div class='ocr_carea' id='block_1_47' title="bbox 795 4419 1681 4492">
    <p class='ocr_par' dir='ltr' id='par_1_47' title="bbox 795 4419 1681 4492">
     <span class='ocr_line' id='line_1_47' title="bbox 795 4419 1681 4492; baseline -0.014 -14"><span class='ocrx_word' id='word_1_211' title='bbox 795 4424 913 4492; x_wconf 90' lang='lat' dir='ltr'><strong>Quo</strong></span> <span class='ocrx_word' id='word_1_212' title='bbox 943 4430 1126 4490; x_wconf 86' lang='lat' dir='ltr'><strong>surgat</strong></span> <span class='ocrx_word' id='word_1_213' title='bbox 1148 4419 1436 4474; x_wconf 90' lang='lat' dir='ltr'><strong>humanum</strong></span> <span class='ocrx_word' id='word_1_214' title='bbox 1463 4429 1631 4485; x_wconf 81' lang='lat' dir='ltr'><strong>genus</strong></span> <span class='ocrx_word' id='word_1_215' title='bbox 1665 4427 1681 4466; x_wconf 87' lang='lat'><strong>:</strong></span> 
     </span>
    </p>
   </div>
   <div class='ocr_carea' id='block_1_48' title="bbox 794 4506 1491 4581">
    <p class='ocr_par' dir='ltr' id='par_1_48' title="bbox 794 4506 1491 4581">
     <span class='ocr_line' id='line_1_48' title="bbox 794 4506 1491 4581; baseline -0.019 -12"><span class='ocrx_word' id='word_1_216' title='bbox 794 4515 850 4569; x_wconf 92' lang='lat' dir='ltr'><strong>In</strong></span> <span class='ocrx_word' id='word_1_217' title='bbox 877 4512 1043 4581; x_wconf 83' lang='lat' dir='ltr'><strong>stirpe</strong></span> <span class='ocrx_word' id='word_1_218' title='bbox 1069 4509 1324 4565; x_wconf 66' lang='lat' dir='ltr'><strong>Nazarius</strong></span> <span class='ocrx_word' id='word_1_219' title='bbox 1353 4506 1491 4560; x_wconf 87' lang='lat' dir='ltr'><strong>bona</strong></span> 
     </span>
    </p>
   </div>
   <div class='ocr_carea' id='block_1_49' title="bbox 646 4605 2147 4695">
    <p class='ocr_par' dir='ltr' id='par_1_49' title="bbox 646 4605 2147 4695">
     <span class='ocr_line' id='line_1_49' title="bbox 646 4605 2147 4695; baseline -0.019 -12"><span class='ocrx_word' id='word_1_220' title='bbox 646 4632 661 4663; x_wconf 87' lang='grc'>¹</span> <span class='ocrx_word' id='word_1_221' title='bbox 704 4622 933 4695; x_wconf 80' lang='lat' dir='ltr'><strong>Priscus]</strong></span> <span class='ocrx_word' id='word_1_222' title='bbox 956 4621 1105 4695; x_wconf 61' lang='lat' dir='ltr'><strong>Asiae</strong></span> <span class='ocrx_word' id='word_1_223' title='bbox 1132 4614 1417 4695; x_wconf 79' lang='lat' dir='ltr'><strong>proconsul</strong></span> <span class='ocrx_word' id='word_1_224' title='bbox 1448 4631 1462 4695; x_wconf 69' lang='grc' dir='ltr'>ξ</span> <span class='ocrx_word' id='word_1_225' title='bbox 1497 4605 2147 4695; x_wconf 27' lang='lat' dir='ltr'><strong>quojudice..S...AE‘uphe-</strong></span> 
     </span>
    </p>
   </div>
   <div class='ocr_carea' id='block_1_50' title="bbox 2192 4574 2241 4633">
    <p class='ocr_par' dir='ltr' id='par_1_50' title="bbox 2192 4574 2241 4633">
     <span class='ocr_line' id='line_1_50' title="bbox 2192 4574 2241 4633; baseline 0 0"><span class='ocrx_word' id='word_1_226' title='bbox 2192 4574 2241 4633; x_wconf 90' lang='lat' dir='ltr'><strong>D</strong></span> 
     </span>
    </p>
   </div>
   <div class='ocr_carea' id='block_1_51' title="bbox 2428 641 3154 716">
    <p class='ocr_par' dir='ltr' id='par_1_51' title="bbox 2428 641 3154 716">
     <span class='ocr_line' id='line_1_51' title="bbox 2428 641 3154 716; baseline -0.011 -13"><span class='ocrx_word' id='word_1_227' title='bbox 2428 652 2643 704; x_wconf 75' lang='lat' dir='ltr'><strong>Diversa</strong></span> <span class='ocrx_word' id='word_1_228' title='bbox 2678 661 2962 716; x_wconf 81' lang='lat' dir='ltr'><strong>perpessus</strong></span> <span class='ocrx_word' id='word_1_229' title='bbox 2996 641 3154 705; x_wconf 87' lang='lat' dir='ltr'><strong>mala,</strong></span> 
     </span>
    </p>
   </div>
   <div class='ocr_carea' id='block_1_52' title="bbox 2429 732 3221 802">
    <p class='ocr_par' dir='ltr' id='par_1_52' title="bbox 2429 732 3221 802">
     <span class='ocr_line' id='line_1_52' title="bbox 2429 732 3221 802; baseline -0.013 -8"><span class='ocrx_word' id='word_1_230' title='bbox 2429 742 2697 794; x_wconf 86' lang='lat' dir='ltr'><strong>Lu-travit</strong></span> <span class='ocrx_word' id='word_1_231' title='bbox 2718 737 2900 790; x_wconf 88' lang='lat' dir='ltr'><strong>orbem</strong></span> <span class='ocrx_word' id='word_1_232' title='bbox 2932 749 3039 788; x_wconf 91' lang='lat' dir='ltr'><strong>non</strong></span> <span class='ocrx_word' id='word_1_233' title='bbox 3076 732 3221 802; x_wconf 85' lang='lat' dir='ltr'><strong>gravi</strong></span> 
     </span>
    </p>
   </div>
   <div class='ocr_carea' id='block_1_53' title="bbox 2427 826 3154 896">
    <p class='ocr_par' dir='ltr' id='par_1_53' title="bbox 2427 826 3154 896">
     <span class='ocr_line' id='line_1_53' title="bbox 2427 826 3154 896; baseline -0.012 -12"><span class='ocrx_word' id='word_1_234' title='bbox 2427 833 2633 885; x_wconf 87' lang='lat' dir='ltr'><strong>Pavore</strong></span> <span class='ocrx_word' id='word_1_235' title='bbox 2661 828 2839 883; x_wconf 89' lang='lat' dir='ltr'><strong>cordis</strong></span> <span class='ocrx_word' id='word_1_236' title='bbox 2861 826 3067 896; x_wconf 81' lang='lat' dir='ltr'><strong>algidus</strong></span> <span class='ocrx_word' id='word_1_237' title='bbox 3100 841 3113 877; x_wconf 87' lang='lat'><strong><em>:</em></strong></span> <span class='ocrx_word' id='word_1_238' title='bbox 3152 871 3154 874; x_wconf 75' lang='grc'><strong>,</strong></span> 
     </span>
    </p>
   </div>
   <div class='ocr_carea' id='block_1_54' title="bbox 2425 919 3107 991">
    <p class='ocr_par' dir='ltr' id='par_1_54' title="bbox 2425 919 3107 991">
     <span class='ocr_line' id='line_1_54' title="bbox 2425 919 3107 991; baseline -0.01 -13"><span class='ocrx_word' id='word_1_239' title='bbox 2425 924 2530 978; x_wconf 87' lang='lat' dir='ltr'><strong>Sed</strong></span> <span class='ocrx_word' id='word_1_240' title='bbox 2554 933 2609 977; x_wconf 94' lang='lat' dir='ltr'><strong>nt</strong></span> <span class='ocrx_word' id='word_1_241' title='bbox 2633 922 2868 991; x_wconf 91' lang='lat' dir='ltr'><strong>profanis</strong></span> <span class='ocrx_word' id='word_1_242' title='bbox 2898 919 3107 974; x_wconf 90' lang='lat' dir='ltr'><strong>inderet</strong></span> 
     </span>
    </p>
   </div>
   <div class='ocr_carea' id='block_1_55' title="bbox 2434 1008 3303 1081">
    <p class='ocr_par' dir='ltr' id='par_1_55' title="bbox 2434 1008 3303 1081">
     <span class='ocr_line' id='line_1_55' title="bbox 2434 1008 3303 1081; baseline -0.009 -12"><span class='ocrx_word' id='word_1_243' title='bbox 2434 1019 2551 1081; x_wconf 88' lang='lat' dir='ltr'><strong>Quo</strong></span> <span class='ocrx_word' id='word_1_244' title='bbox 2579 1015 2718 1069; x_wconf 82' lang='lat' dir='ltr'><strong>calle</strong></span> <span class='ocrx_word' id='word_1_245' title='bbox 2746 1011 3106 1067; x_wconf 85' lang='lat' dir='ltr'><strong>conscendant</strong></span> <span class='ocrx_word' id='word_1_246' title='bbox 3130 1008 3303 1077; x_wconf 83' lang='lat' dir='ltr'><strong>polus,</strong></span> 
     </span>
    </p>
   </div>
   <div class='ocr_carea' id='block_1_56' title="bbox 2436 1103 3123 1176">
    <p class='ocr_par' dir='ltr' id='par_1_56' title="bbox 2436 1103 3123 1176">
     <span class='ocr_line' id='line_1_56' title="bbox 2436 1103 3123 1176; baseline -0.006 -15"><span class='ocrx_word' id='word_1_247' title='bbox 2436 1108 2607 1163; x_wconf 75' lang='lat' dir='ltr'><strong>Verus</strong></span> <span class='ocrx_word' id='word_1_248' title='bbox 2634 1106 2888 1176; x_wconf 79' lang='lat' dir='ltr'><strong>magister</strong></span> <span class='ocrx_word' id='word_1_249' title='bbox 2914 1103 3123 1157; x_wconf 86' lang='lat' dir='ltr'><strong>actibus</strong></span> 
     </span>
    </p>
   </div>
   <div class='ocr_carea' id='block_1_57' title="bbox 2434 1190 3255 1267">
    <p class='ocr_par' dir='ltr' id='par_1_57' title="bbox 2434 1190 3255 1267">
     <span class='ocr_line' id='line_1_57' title="bbox 2434 1190 3255 1267; baseline -0.015 -14"><span class='ocrx_word' id='word_1_250' title='bbox 2434 1198 2710 1267; x_wconf 76' lang='lat' dir='ltr'><strong>Exempla,</strong></span> <span class='ocrx_word' id='word_1_251' title='bbox 2747 1213 2849 1251; x_wconf 91' lang='lat' dir='ltr'><strong>non</strong></span> <span class='ocrx_word' id='word_1_252' title='bbox 2883 1195 3061 1248; x_wconf 82' lang='lat' dir='ltr'><strong>verbis</strong></span> <span class='ocrx_word' id='word_1_253' title='bbox 3084 1190 3255 1246; x_wconf 87' lang='lat' dir='ltr'><strong>dedit.</strong></span> 
     </span>
    </p>
   </div>
   <div class='ocr_carea' id='block_1_58' title="bbox 2438 1282 3208 1344">
    <p class='ocr_par' dir='ltr' id='par_1_58' title="bbox 2438 1282 3208 1344">
     <span class='ocr_line' id='line_1_58' title="bbox 2438 1282 3208 1344; baseline -0.014 0"><span class='ocrx_word' id='word_1_254' title='bbox 2438 1289 2569 1344; x_wconf 84' lang='lat' dir='ltr'><strong>Nam</strong></span> <span class='ocrx_word' id='word_1_255' title='bbox 2597 1289 2785 1343; x_wconf 88' lang='lat' dir='ltr'><strong>ductor</strong></span> <span class='ocrx_word' id='word_1_256' title='bbox 2809 1285 2895 1340; x_wconf 88' lang='lat' dir='ltr'><strong>ille</strong></span> <span class='ocrx_word' id='word_1_257' title='bbox 2922 1282 3075 1339; x_wconf 86' lang='lat' dir='ltr'><strong>furtis</strong></span> <span class='ocrx_word' id='word_1_258' title='bbox 3104 1291 3208 1343; x_wconf 91' lang='lat' dir='ltr'><strong>est,</strong></span> 
     </span>
    </p>
   </div>
   <div class='ocr_carea' id='block_1_59' title="bbox 2442 1374 3151 1447">
    <p class='ocr_par' dir='ltr' id='par_1_59' title="bbox 2442 1374 3151 1447">
     <span class='ocr_line' id='line_1_59' title="bbox 2442 1374 3151 1447; baseline -0.011 -15"><span class='ocrx_word' id='word_1_259' title='bbox 2442 1380 2543 1447; x_wconf 87' lang='lat' dir='ltr'><strong>Qui</strong></span> <span class='ocrx_word' id='word_1_260' title='bbox 2577 1378 2710 1433; x_wconf 84' lang='lat' dir='ltr'><strong>bella</strong></span> <span class='ocrx_word' id='word_1_261' title='bbox 2740 1376 2943 1430; x_wconf 90' lang='lat' dir='ltr'><strong>viribus</strong></span> <span class='ocrx_word' id='word_1_262' title='bbox 2974 1374 3151 1427; x_wconf 88' lang='lat' dir='ltr'><strong>docet.</strong></span> 
     </span>
    </p>
   </div>
   <div class='ocr_carea' id='block_1_60' title="bbox 2435 1465 3303 1541">
    <p class='ocr_par' dir='ltr' id='par_1_60' title="bbox 2435 1465 3303 1541">
     <span class='ocr_line' id='line_1_60' title="bbox 2435 1465 3303 1541; baseline -0.014 -12"><span class='ocrx_word' id='word_1_263' title='bbox 2435 1474 2605 1541; x_wconf 83' lang='lat' dir='ltr'><strong>Quem</strong></span> <span class='ocrx_word' id='word_1_264' title='bbox 2634 1473 2773 1527; x_wconf 89' lang='lat' dir='ltr'><strong>dicta</strong></span> <span class='ocrx_word' id='word_1_265' title='bbox 2806 1470 3032 1524; x_wconf 88' lang='lat' dir='ltr'><strong>militem</strong></span> <span class='ocrx_word' id='word_1_266' title='bbox 3065 1465 3303 1530; x_wconf 91' lang='lat' dir='ltr'><strong>trahunt,</strong></span> 
     </span>
    </p>
   </div>
   <div class='ocr_carea' id='block_1_61' title="bbox 2438 1555 3210 1631">
    <p class='ocr_par' dir='ltr' id='par_1_61' title="bbox 2438 1555 3210 1631">
     <span class='ocr_line' id='line_1_61' title="bbox 2438 1555 3210 1631; baseline -0.01 -14"><span class='ocrx_word' id='word_1_267' title='bbox 2438 1563 2494 1617; x_wconf 88' lang='lat' dir='ltr'><strong>Si</strong></span> <span class='ocrx_word' id='word_1_268' title='bbox 2525 1562 2633 1616; x_wconf 79' lang='lat' dir='ltr'><strong>dux</strong></span> <span class='ocrx_word' id='word_1_269' title='bbox 2661 1559 2910 1631; x_wconf 87' lang='lat' dir='ltr'><strong>gerendis</strong></span> <span class='ocrx_word' id='word_1_270' title='bbox 2937 1555 3210 1613; x_wconf 74' lang='lat' dir='ltr'><strong>abstinet?</strong></span> 
     </span>
    </p>
   </div>
   <div class='ocr_carea' id='block_1_62' title="bbox 2446 1647 3192 1719">
    <p class='ocr_par' dir='ltr' id='par_1_62' title="bbox 2446 1647 3192 1719">
     <span class='ocr_line' id='line_1_62' title="bbox 2446 1647 3192 1719; baseline -0.012 -12"><span class='ocrx_word' id='word_1_271' title='bbox 2446 1653 2679 1707; x_wconf 84' lang='lat' dir='ltr'><strong>Ventosa</strong></span> <span class='ocrx_word' id='word_1_272' title='bbox 2713 1652 2907 1719; x_wconf 74' lang='lat' dir='ltr'><strong>linguae</strong></span> <span class='ocrx_word' id='word_1_273' title='bbox 2934 1647 3192 1710; x_wconf 84' lang='lat' dir='ltr'><strong>hortatio,</strong></span> 
     </span>
    </p>
   </div>
   <div class='ocr_carea' id='block_1_63' title="bbox 2438 1736 3408 1812">
    <p class='ocr_par' dir='ltr' id='par_1_63' title="bbox 2438 1736 3408 1812">
     <span class='ocr_line' id='line_1_63' title="bbox 2438 1736 3408 1812; baseline -0.007 -14"><span class='ocrx_word' id='word_1_274' title='bbox 2438 1743 2589 1812; x_wconf 92' lang='lat' dir='ltr'><strong>Quod</strong></span> <span class='ocrx_word' id='word_1_275' title='bbox 2624 1743 2791 1797; x_wconf 87' lang='lat' dir='ltr'><strong>forma</strong></span> <span class='ocrx_word' id='word_1_276' title='bbox 2826 1749 3066 1810; x_wconf 57' lang='lat' dir='ltr'><strong>prastat,</strong></span> <span class='ocrx_word' id='word_1_277' title='bbox 3097 1753 3202 1791; x_wconf 87' lang='lat' dir='ltr'><strong>nnn</strong></span> <span class='ocrx_word' id='word_1_278' title='bbox 3233 1736 3408 1791; x_wconf 85' lang='lat' dir='ltr'><strong>habet.</strong></span> 
     </span>
    </p>
   </div>
   <div class='ocr_carea' id='block_1_64' title="bbox 2446 1830 3327 1903">
    <p class='ocr_par' dir='ltr' id='par_1_64' title="bbox 2446 1830 3327 1903">
     <span class='ocr_line' id='line_1_64' title="bbox 2446 1830 3327 1903; baseline -0.018 -10"><span class='ocrx_word' id='word_1_279' title='bbox 2446 1837 2549 1893; x_wconf 88' lang='lat' dir='ltr'><strong>Sed</strong></span> <span class='ocrx_word' id='word_1_280' title='bbox 2578 1848 2765 1903; x_wconf 86' lang='lat' dir='ltr'><strong>magna</strong></span> <span class='ocrx_word' id='word_1_281' title='bbox 2795 1844 3073 1902; x_wconf 87' lang='lat' dir='ltr'><strong>postquam</strong></span> <span class='ocrx_word' id='word_1_282' title='bbox 3102 1830 3327 1891; x_wconf 81' lang='lat' dir='ltr'><strong>semina,</strong></span> 
     </span>
    </p>
   </div>
   <div class='ocr_carea' id='block_1_65' title="bbox 2449 1921 3215 1983">
    <p class='ocr_par' dir='ltr' id='par_1_65' title="bbox 2449 1921 3215 1983">
     <span class='ocr_line' id='line_1_65' title="bbox 2449 1921 3215 1983; baseline -0.016 -2"><span class='ocrx_word' id='word_1_283' title='bbox 2449 1926 2733 1982; x_wconf 88' lang='lat' dir='ltr'><strong>Scribente</strong></span> <span class='ocrx_word' id='word_1_284' title='bbox 2762 1934 2955 1979; x_wconf 81' lang='lat' dir='ltr'><strong>terram</strong></span> <span class='ocrx_word' id='word_1_285' title='bbox 2986 1921 3215 1983; x_wconf 85' lang='lat' dir='ltr'><strong>sarculo,</strong></span> 
     </span>
    </p>
   </div>
   <div class='ocr_carea' id='block_1_66' title="bbox 2449 2015 3117 2085">
    <p class='ocr_par' dir='ltr' id='par_1_66' title="bbox 2449 2015 3117 2085">
     <span class='ocr_line' id='line_1_66' title="bbox 2449 2015 3117 2085; baseline -0.009 -12"><span class='ocrx_word' id='word_1_286' title='bbox 2449 2019 2632 2074; x_wconf 85' lang='lat' dir='ltr'><strong>Glebis</strong></span> <span class='ocrx_word' id='word_1_287' title='bbox 2657 2017 2854 2072; x_wconf 79' lang='lat' dir='ltr'><strong>refudit</strong></span> <span class='ocrx_word' id='word_1_288' title='bbox 2882 2015 3117 2085; x_wconf 82' lang='lat' dir='ltr'><strong>optimis,</strong></span> 
     </span>
    </p>
   </div>
   <div class='ocr_carea' id='block_1_67' title="bbox 2454 2109 3141 2177">
    <p class='ocr_par' dir='ltr' id='par_1_67' title="bbox 2454 2109 3141 2177">
     <span class='ocr_line' id='line_1_67' title="bbox 2454 2109 3141 2177; baseline -0.013 -14"><span class='ocrx_word' id='word_1_289' title='bbox 2454 2109 2806 2163; x_wconf 76' lang='lat' dir='ltr'><strong>Mediolanum</strong></span> <span class='ocrx_word' id='word_1_290' title='bbox 2838 2124 2957 2161; x_wconf 80' lang='lat' dir='ltr'><strong>mox</strong></span> <span class='ocrx_word' id='word_1_291' title='bbox 2987 2110 3141 2177; x_wconf 67' lang='lat' dir='ltr'><strong>petii,</strong></span> 
     </span>
    </p>
   </div>
   <div class='ocr_carea' id='block_1_68' title="bbox 2447 2199 3122 2269">
    <p class='ocr_par' dir='ltr' id='par_1_68' title="bbox 2447 2199 3122 2269">
     <span class='ocr_line' id='line_1_68' title="bbox 2447 2199 3122 2269; baseline -0.003 -15"><span class='ocrx_word' id='word_1_292' title='bbox 2447 2201 2501 2254; x_wconf 91' lang='lat' dir='ltr'><strong>In</strong></span> <span class='ocrx_word' id='word_1_293' title='bbox 2532 2214 2635 2269; x_wconf 86' lang='lat' dir='ltr'><strong>qua</strong></span> <span class='ocrx_word' id='word_1_294' title='bbox 2667 2199 2935 2268; x_wconf 86' lang='lat' dir='ltr'><strong>triumpho</strong></span> <span class='ocrx_word' id='word_1_295' title='bbox 2958 2199 3122 2253; x_wconf 89' lang='lat' dir='ltr'><strong>nobili</strong></span> 
     </span>
    </p>
   </div>
   <div class='ocr_carea' id='block_1_69' title="bbox 2444 2289 3152 2358">
    <p class='ocr_par' dir='ltr' id='par_1_69' title="bbox 2444 2289 3152 2358">
     <span class='ocr_line' id='line_1_69' title="bbox 2444 2289 3152 2358; baseline -0.007 -12"><span class='ocrx_word' id='word_1_296' title='bbox 2444 2290 2635 2346; x_wconf 81' lang='lat' dir='ltr'><strong>Carnis</strong></span> <span class='ocrx_word' id='word_1_297' title='bbox 2664 2291 2867 2344; x_wconf 91' lang='lat' dir='ltr'><strong>ruinam</strong></span> <span class='ocrx_word' id='word_1_298' title='bbox 2896 2289 3152 2358; x_wconf 90' lang='lat' dir='ltr'><strong>reppulit.</strong></span> 
     </span>
    </p>
   </div>
   <div class='ocr_carea' id='block_1_70' title="bbox 2448 2367 3279 2450">
    <p class='ocr_par' dir='ltr' id='par_1_70' title="bbox 2448 2367 3279 2450">
     <span class='ocr_line' id='line_1_70' title="bbox 2448 2367 3279 2450; baseline -0.005 -13"><span class='ocrx_word' id='word_1_299' title='bbox 2448 2384 2551 2450; x_wconf 90' lang='lat' dir='ltr'><strong>Qui</strong></span> <span class='ocrx_word' id='word_1_300' title='bbox 2582 2381 2729 2436; x_wconf 71' lang='lat' dir='ltr'><strong>caede</strong></span> <span class='ocrx_word' id='word_1_301' title='bbox 2760 2396 2864 2435; x_wconf 90' lang='lat' dir='ltr'><strong>non</strong></span> <span class='ocrx_word' id='word_1_302' title='bbox 2888 2381 3046 2449; x_wconf 87' lang='lat' dir='ltr'><strong>digna</strong></span> <span class='ocrx_word' id='word_1_303' title='bbox 3069 2367 3279 2449; x_wconf 87' lang='lat' dir='ltr'><strong>jacens,</strong></span> 
     </span>
    </p>
   </div>
   <div class='ocr_carea' id='block_1_71' title="bbox 2452 2472 3401 2535">
    <p class='ocr_par' dir='ltr' id='par_1_71' title="bbox 2452 2472 3401 2535">
     <span class='ocr_line' id='line_1_71' title="bbox 2452 2472 3401 2535; baseline -0.005 -8"><span class='ocrx_word' id='word_1_304' title='bbox 2452 2473 2639 2528; x_wconf 73' lang='lat' dir='ltr'><strong>Vatem</strong></span> <span class='ocrx_word' id='word_1_305' title='bbox 2668 2473 2689 2504; x_wconf 83' lang='grc'>³</span> <span class='ocrx_word' id='word_1_306' title='bbox 2714 2472 3021 2528; x_wconf 85' lang='lat' dir='ltr'><strong>tremendus</strong></span> <span class='ocrx_word' id='word_1_307' title='bbox 3046 2487 3167 2527; x_wconf 76' lang='lat' dir='ltr'><strong>mox</strong></span> <span class='ocrx_word' id='word_1_308' title='bbox 3201 2479 3401 2535; x_wconf 78' lang='lat' dir='ltr'><strong>manet,</strong></span> 
     </span>
    </p>
   </div>
   <div class='ocr_carea' id='block_1_72' title="bbox 2452 2563 3154 2619">
    <p class='ocr_par' dir='ltr' id='par_1_72' title="bbox 2452 2563 3154 2619">
     <span class='ocr_line' id='line_1_72' title="bbox 2452 2563 3154 2619; baseline -0.004 0"><span class='ocrx_word' id='word_1_309' title='bbox 2452 2563 2523 2619; x_wconf 93' lang='lat' dir='ltr'><strong>Ut</strong></span> <span class='ocrx_word' id='word_1_310' title='bbox 2547 2565 2688 2618; x_wconf 86' lang='lat' dir='ltr'><strong>clara</strong></span> <span class='ocrx_word' id='word_1_311' title='bbox 2717 2577 2903 2618; x_wconf 84' lang='lat' dir='ltr'><strong>rursus</strong></span> <span class='ocrx_word' id='word_1_312' title='bbox 2930 2578 3154 2618; x_wconf 90' lang='lat' dir='ltr'><strong>munera</strong></span> 
     </span>
    </p>
   </div>
   <div class='ocr_carea' id='block_1_73' title="bbox 2456 2653 3158 2710">
    <p class='ocr_par' dir='ltr' id='par_1_73' title="bbox 2456 2653 3158 2710">
     <span class='ocr_line' id='line_1_73' title="bbox 2456 2653 3158 2710; baseline -0.003 -2"><span class='ocrx_word' id='word_1_313' title='bbox 2456 2654 2654 2710; x_wconf 79' lang='lat' dir='ltr'><strong>Mundo</strong></span> <span class='ocrx_word' id='word_1_314' title='bbox 2682 2654 2891 2710; x_wconf 84' lang='lat' dir='ltr'><strong>refusus</strong></span> <span class='ocrx_word' id='word_1_315' title='bbox 2918 2653 3158 2709; x_wconf 89' lang='lat' dir='ltr'><strong>adderet.</strong></span> 
     </span>
    </p>
   </div>
   <div class='ocr_carea' id='block_1_74' title="bbox 2966 2743 3108 2797">
    <p class='ocr_par' dir='ltr' id='par_1_74' title="bbox 2966 2743 3108 2797">
     <span class='ocr_line' id='line_1_74' title="bbox 2966 2743 3108 2797; baseline 0 0"><span class='ocrx_word' id='word_1_316' title='bbox 2966 2743 3108 2797; x_wconf 82' lang='lat' dir='ltr'><strong>XIX.</strong></span> 
     </span>
    </p>
   </div>
   <div class='ocr_carea' id='block_1_75' title="bbox 2682 2872 3393 2915">
    <p class='ocr_par' dir='ltr' id='par_1_75' title="bbox 2682 2872 3393 2915">
     <span class='ocr_line' id='line_1_75' title="bbox 2682 2872 3393 2915; baseline -0.01 0"><span class='ocrx_word' id='word_1_317' title='bbox 2682 2873 2884 2915; x_wconf 61' lang='lat' dir='ltr'><strong>IIYINUS</strong></span> <span class='ocrx_word' id='word_1_318' title='bbox 2923 2874 2974 2912; x_wconf 72' lang='grc' dir='ltr'><strong>ἰ.</strong></span> <span class='ocrx_word' id='word_1_319' title='bbox 3017 2874 3081 2911; x_wconf 80' lang='lat' dir='ltr'><strong>DE</strong></span> <span class='ocrx_word' id='word_1_320' title='bbox 3121 2872 3166 2911; x_wconf 80' lang='grc'><strong>8.</strong></span> <span class='ocrx_word' id='word_1_321' title='bbox 3210 2872 3393 2909; x_wconf 62' lang='lat' dir='ltr'><strong>IMR”.</strong></span> 
     </span>
    </p>
   </div>
   <div class='ocr_carea' id='block_1_76' title="bbox 2458 2949 3231 3021">
    <p class='ocr_par' dir='ltr' id='par_1_76' title="bbox 2458 2949 3231 3021">
     <span class='ocr_line' id='line_1_76' title="bbox 2458 2949 3231 3021; baseline -0.01 -12"><span class='ocrx_word' id='word_1_322' title='bbox 2458 2953 2527 3009; x_wconf 89' lang='lat' dir='ltr'><strong>Ut</strong></span> <span class='ocrx_word' id='word_1_323' title='bbox 2558 2952 2817 3021; x_wconf 86' lang='lat' dir='ltr'><strong>virginem</strong></span> <span class='ocrx_word' id='word_1_324' title='bbox 2851 2949 3011 3003; x_wconf 88' lang='lat' dir='ltr'><strong>fetam</strong></span> <span class='ocrx_word' id='word_1_325' title='bbox 3045 2949 3231 3017; x_wconf 88' lang='lat' dir='ltr'><strong>loquar</strong></span> 
     </span>
    </p>
   </div>
   <div class='ocr_carea' id='block_1_77' title="bbox 2461 3041 3263 3113">
    <p class='ocr_par' dir='ltr' id='par_1_77' title="bbox 2461 3041 3263 3113">
     <span class='ocr_line' id='line_1_77' title="bbox 2461 3041 3263 3113; baseline -0.009 -13"><span class='ocrx_word' id='word_1_326' title='bbox 2461 3045 2601 3112; x_wconf 87' lang='lat' dir='ltr'><strong>Quid</strong></span> <span class='ocrx_word' id='word_1_327' title='bbox 2626 3044 2782 3098; x_wconf 90' lang='lat' dir='ltr'><strong>laude</strong></span> <span class='ocrx_word' id='word_1_328' title='bbox 2807 3043 3026 3113; x_wconf 84' lang='lat' dir='ltr'><strong>dignum</strong></span> <span class='ocrx_word' id='word_1_329' title='bbox 3050 3041 3263 3095; x_wconf 72' lang='lat' dir='ltr'><strong>Mariae?</strong></span> 
     </span>
    </p>
   </div>
   <div class='ocr_carea' id='block_1_78' title="bbox 2463 3136 3214 3207">
    <p class='ocr_par' dir='ltr' id='par_1_78' title="bbox 2463 3136 3214 3207">
     <span class='ocr_line' id='line_1_78' title="bbox 2463 3136 3214 3207; baseline -0.008 -14"><span class='ocrx_word' id='word_1_330' title='bbox 2463 3139 2563 3193; x_wconf 88' lang='lat' dir='ltr'><strong>Det</strong></span> <span class='ocrx_word' id='word_1_331' title='bbox 2592 3145 2795 3207; x_wconf 89' lang='lat' dir='ltr'><strong>partus,</strong></span> <span class='ocrx_word' id='word_1_332' title='bbox 2829 3143 3003 3201; x_wconf 91' lang='lat' dir='ltr'><strong>ornet,</strong></span> <span class='ocrx_word' id='word_1_333' title='bbox 3034 3136 3214 3203; x_wconf 83' lang='lat' dir='ltr'><strong>exigat</strong></span> 
     </span>
    </p>
   </div>
   <div class='ocr_carea' id='block_1_79' title="bbox 2460 3225 3403 3297">
    <p class='ocr_par' dir='ltr' id='par_1_79' title="bbox 2460 3225 3403 3297">
     <span class='ocr_line' id='line_1_79' title="bbox 2460 3225 3403 3297; baseline -0.006 -13"><span class='ocrx_word' id='word_1_334' title='bbox 2460 3228 2613 3297; x_wconf 91' lang='lat' dir='ltr'><strong>Quod</strong></span> <span class='ocrx_word' id='word_1_335' title='bbox 2641 3232 2819 3281; x_wconf 87' lang='lat' dir='ltr'><strong>clausa</strong></span> <span class='ocrx_word' id='word_1_336' title='bbox 2850 3236 3020 3295; x_wconf 88' lang='lat' dir='ltr'><strong>porta,</strong></span> <span class='ocrx_word' id='word_1_337' title='bbox 3045 3225 3184 3295; x_wconf 93' lang='lat' dir='ltr'><strong>quod</strong></span> <span class='ocrx_word' id='word_1_338' title='bbox 3220 3233 3403 3296; x_wconf 79' lang='lat' dir='ltr'><strong>patens</strong></span> 
     </span>
    </p>
   </div>
   <div class='ocr_carea' id='block_1_80' title="bbox 2472 3318 3197 3389">
    <p class='ocr_par' dir='ltr' id='par_1_80' title="bbox 2472 3318 3197 3389">
     <span class='ocr_line' id='line_1_80' title="bbox 2472 3318 3197 3389; baseline -0.007 -14"><span class='ocrx_word' id='word_1_339' title='bbox 2472 3322 2549 3376; x_wconf 82' lang='lat' dir='ltr'><strong>Ex</strong></span> <span class='ocrx_word' id='word_1_340' title='bbox 2562 3321 2754 3389; x_wconf 84' lang='lat' dir='ltr'><strong>poscit,</strong></span> <span class='ocrx_word' id='word_1_341' title='bbox 2791 3318 2905 3388; x_wconf 88' lang='lat' dir='ltr'><strong>ipsa</strong></span> <span class='ocrx_word' id='word_1_342' title='bbox 2930 3325 3197 3386; x_wconf 83' lang='lat' dir='ltr'><strong>suggerat.</strong></span> 
     </span>
    </p>
   </div>
   <div class='ocr_carea' id='block_1_81' title="bbox 2469 3409 3266 3467">
    <p class='ocr_par' dir='ltr' id='par_1_81' title="bbox 2469 3409 3266 3467">
     <span class='ocr_line' id='line_1_81' title="bbox 2469 3409 3266 3467; baseline -0.005 0"><span class='ocrx_word' id='word_1_343' title='bbox 2469 3413 2591 3467; x_wconf 89' lang='lat' dir='ltr'><strong>Sint</strong></span> <span class='ocrx_word' id='word_1_344' title='bbox 2619 3410 2776 3464; x_wconf 84' lang='lat' dir='ltr'><strong>verba</strong></span> <span class='ocrx_word' id='word_1_345' title='bbox 2806 3424 2905 3465; x_wconf 90' lang='lat' dir='ltr'><strong>ceu</strong></span> <span class='ocrx_word' id='word_1_346' title='bbox 2935 3409 3266 3463; x_wconf 83' lang='lat' dir='ltr'><strong>miraculum.</strong></span> 
     </span>
    </p>
   </div>
   <div class='ocr_carea' id='block_1_82' title="bbox 2422 3499 3366 3570">
    <p class='ocr_par' dir='ltr' id='par_1_82' title="bbox 2422 3499 3366 3570">
     <span class='ocr_line' id='line_1_82' title="bbox 2422 3499 3366 3570; baseline -0.006 -14"><span class='ocrx_word' id='word_1_347' title='bbox 2422 3520 2425 3521; x_wconf 63' lang='lat'><strong><em>&#39;</em></strong></span> <span class='ocrx_word' id='word_1_348' title='bbox 2467 3502 2603 3570; x_wconf 91' lang='lat' dir='ltr'><strong>Quid</strong></span> <span class='ocrx_word' id='word_1_349' title='bbox 2634 3517 2784 3555; x_wconf 85' lang='lat' dir='ltr'><strong>mens</strong></span> <span class='ocrx_word' id='word_1_350' title='bbox 2814 3499 3054 3570; x_wconf 80' lang='lat' dir='ltr'><strong>requiras</strong></span> <span class='ocrx_word' id='word_1_351' title='bbox 3081 3500 3366 3554; x_wconf 79' lang='lat' dir='ltr'><strong>ordinem?</strong></span> 
     </span>
    </p>
   </div>
   <div class='ocr_carea' id='block_1_83' title="bbox 2467 3589 3144 3658">
    <p class='ocr_par' dir='ltr' id='par_1_83' title="bbox 2467 3589 3144 3658">
     <span class='ocr_line' id='line_1_83' title="bbox 2467 3589 3144 3658; baseline -0.006 -13"><span class='ocrx_word' id='word_1_352' title='bbox 2467 3593 2661 3646; x_wconf 84' lang='lat' dir='ltr'><strong>Natura</strong></span> <span class='ocrx_word' id='word_1_353' title='bbox 2696 3600 2862 3644; x_wconf 88' lang='lat' dir='ltr'><strong>totum</strong></span> <span class='ocrx_word' id='word_1_354' title='bbox 2895 3589 3144 3658; x_wconf 81' lang='lat' dir='ltr'><strong>perdidit.</strong></span> 
     </span>
    </p>
   </div>
   <div class='ocr_carea' id='block_1_84' title="bbox 2468 3680 3359 3749">
    <p class='ocr_par' dir='ltr' id='par_1_84' title="bbox 2468 3680 3359 3749">
     <span class='ocr_line' id='line_1_84' title="bbox 2468 3680 3359 3749; baseline -0.01 -11"><span class='ocrx_word' id='word_1_355' title='bbox 2468 3684 2581 3738; x_wconf 83' lang='lat' dir='ltr'><strong>Hoc</strong></span> <span class='ocrx_word' id='word_1_356' title='bbox 2604 3694 2686 3737; x_wconf 91' lang='lat' dir='ltr'><strong>est</strong></span> <span class='ocrx_word' id='word_1_357' title='bbox 2716 3682 2882 3740; x_wconf 86' lang='lat' dir='ltr'><strong>salus.</strong></span> <span class='ocrx_word' id='word_1_358' title='bbox 2907 3680 3048 3749; x_wconf 87' lang='lat' dir='ltr'><strong>quod</strong></span> <span class='ocrx_word' id='word_1_359' title='bbox 3076 3680 3359 3733; x_wconf 81' lang='lat' dir='ltr'><strong>vincimur.</strong></span> 
     </span>
    </p>
   </div>
   <div class='ocr_carea' id='block_1_85' title="bbox 2468 3771 3173 3841">
    <p class='ocr_par' dir='ltr' id='par_1_85' title="bbox 2468 3771 3173 3841">
     <span class='ocr_line' id='line_1_85' title="bbox 2468 3771 3173 3841; baseline -0.009 -12"><span class='ocrx_word' id='word_1_360' title='bbox 2468 3776 2600 3829; x_wconf 90' lang='lat' dir='ltr'><strong>Cum</strong></span> <span class='ocrx_word' id='word_1_361' title='bbox 2622 3775 2732 3827; x_wconf 89' lang='lat' dir='ltr'><strong>sola</strong></span> <span class='ocrx_word' id='word_1_362' title='bbox 2763 3772 2911 3841; x_wconf 86' lang='lat' dir='ltr'><strong>virgo</strong></span> <span class='ocrx_word' id='word_1_363' title='bbox 2936 3771 3173 3839; x_wconf 85' lang='lat' dir='ltr'><strong>degeret,</strong></span> 
     </span>
    </p>
   </div>
   <div class='ocr_carea' id='block_1_86' title="bbox 2467 3864 3125 3933">
    <p class='ocr_par' dir='ltr' id='par_1_86' title="bbox 2467 3864 3125 3933">
     <span class='ocr_line' id='line_1_86' title="bbox 2467 3864 3125 3933; baseline -0.005 -13"><span class='ocrx_word' id='word_1_364' title='bbox 2467 3866 2727 3933; x_wconf 87' lang='lat' dir='ltr'><strong>Concepit</strong></span> <span class='ocrx_word' id='word_1_365' title='bbox 2755 3879 2885 3918; x_wconf 87' lang='lat' dir='ltr'><strong>aure</strong></span> <span class='ocrx_word' id='word_1_366' title='bbox 2918 3864 3086 3918; x_wconf 91' lang='lat' dir='ltr'><strong>filium</strong></span> <span class='ocrx_word' id='word_1_367' title='bbox 3110 3878 3125 3917; x_wconf 87' lang='lat'><strong>:</strong></span> 
     </span>
    </p>
   </div>
   <div class='ocr_carea' id='block_1_87' title="bbox 2470 3954 3234 4025">
    <p class='ocr_par' dir='ltr' id='par_1_87' title="bbox 2470 3954 3234 4025">
     <span class='ocr_line' id='line_1_87' title="bbox 2470 3954 3234 4025; baseline -0.005 -14"><span class='ocrx_word' id='word_1_368' title='bbox 2470 3957 2731 4025; x_wconf 88' lang='lat' dir='ltr'><strong>Stupente</strong></span> <span class='ocrx_word' id='word_1_369' title='bbox 2761 3954 2956 4008; x_wconf 87' lang='lat' dir='ltr'><strong>factum</strong></span> <span class='ocrx_word' id='word_1_370' title='bbox 2986 3968 3234 4022; x_wconf 87' lang='lat' dir='ltr'><strong>corpore,</strong></span> 
     </span>
    </p>
   </div>
   <div class='ocr_carea' id='block_1_88' title="bbox 2469 4036 3164 4118">
    <p class='ocr_par' dir='ltr' id='par_1_88' title="bbox 2469 4036 3164 4118">
     <span class='ocr_line' id='line_1_88' title="bbox 2469 4036 3164 4118; baseline -0.006 -15"><span class='ocrx_word' id='word_1_371' title='bbox 2469 4048 2745 4118; x_wconf 76' lang='lat' dir='ltr'><strong>Turgescit</strong></span> <span class='ocrx_word' id='word_1_372' title='bbox 2776 4049 2925 4101; x_wconf 86' lang='lat' dir='ltr'><strong>alvus</strong></span> <span class='ocrx_word' id='word_1_373' title='bbox 2954 4036 3164 4115; x_wconf 88' lang='lat' dir='ltr'><strong>spiritu.</strong></span> 
     </span>
    </p>
   </div>
   <div class='ocr_carea' id='block_1_89' title="bbox 2468 4141 3309 4212">
    <p class='ocr_par' dir='ltr' id='par_1_89' title="bbox 2468 4141 3309 4212">
     <span class='ocr_line' id='line_1_89' title="bbox 2468 4141 3309 4212; baseline -0.007 -14"><span class='ocrx_word' id='word_1_374' title='bbox 2468 4143 2620 4209; x_wconf 71' lang='lat' dir='ltr'><strong>Quod</strong></span> <span class='ocrx_word' id='word_1_375' title='bbox 2646 4142 2821 4212; x_wconf 84' lang='lat' dir='ltr'><strong>lingua</strong></span> <span class='ocrx_word' id='word_1_376' title='bbox 2842 4141 2969 4209; x_wconf 89' lang='lat' dir='ltr'><strong>jecit</strong></span> <span class='ocrx_word' id='word_1_377' title='bbox 2994 4153 3178 4194; x_wconf 85' lang='lat' dir='ltr'><strong>semen</strong></span> <span class='ocrx_word' id='word_1_378' title='bbox 3207 4146 3309 4201; x_wconf 85' lang='lat' dir='ltr'><strong>est.</strong></span> 
     </span>
    </p>
   </div>
   <div class='ocr_carea' id='block_1_90' title="bbox 2474 4233 3306 4301">
    <p class='ocr_par' dir='ltr' id='par_1_90' title="bbox 2474 4233 3306 4301">
     <span class='ocr_line' id='line_1_90' title="bbox 2474 4233 3306 4301; baseline -0.01 -10"><span class='ocrx_word' id='word_1_379' title='bbox 2474 4238 2527 4292; x_wconf 89' lang='lat' dir='ltr'><strong>In</strong></span> <span class='ocrx_word' id='word_1_380' title='bbox 2552 4250 2712 4290; x_wconf 84' lang='lat' dir='ltr'><strong>carne</strong></span> <span class='ocrx_word' id='word_1_381' title='bbox 2744 4235 2976 4290; x_wconf 81' lang='lat' dir='ltr'><strong>Verbum</strong></span> <span class='ocrx_word' id='word_1_382' title='bbox 3007 4233 3306 4301; x_wconf 82' lang='lat' dir='ltr'><strong>stringitur.</strong></span> 
     </span>
    </p>
   </div>
   <div class='ocr_carea' id='block_1_91' title="bbox 2476 4330 3323 4392">
    <p class='ocr_par' dir='ltr' id='par_1_91' title="bbox 2476 4330 3323 4392">
     <span class='ocr_line' id='line_1_91' title="bbox 2476 4330 3323 4392; baseline -0.006 -10"><span class='ocrx_word' id='word_1_383' title='bbox 2476 4330 2550 4382; x_wconf 82' lang='lat' dir='ltr'><strong>De</strong></span> <span class='ocrx_word' id='word_1_384' title='bbox 2573 4338 2742 4381; x_wconf 86' lang='lat' dir='ltr'><strong>matre</strong></span> <span class='ocrx_word' id='word_1_385' title='bbox 2763 4334 2988 4382; x_wconf 91' lang='lat' dir='ltr'><strong>cunctus</strong></span> <span class='ocrx_word' id='word_1_386' title='bbox 3016 4334 3199 4380; x_wconf 87' lang='lat' dir='ltr'><strong>noster</strong></span> <span class='ocrx_word' id='word_1_387' title='bbox 3219 4333 3323 4392; x_wconf 79' lang='lat' dir='ltr'><strong>est,</strong></span> 
     </span>
    </p>
   </div>
   <div class='ocr_carea' id='block_1_92' title="bbox 2476 4415 3269 4471">
    <p class='ocr_par' dir='ltr' id='par_1_92' title="bbox 2476 4415 3269 4471">
     <span class='ocr_line' id='line_1_92' title="bbox 2476 4415 3269 4471; baseline -0.005 0"><span class='ocrx_word' id='word_1_388' title='bbox 2476 4418 2547 4471; x_wconf 87' lang='lat' dir='ltr'><strong>De</strong></span> <span class='ocrx_word' id='word_1_389' title='bbox 2573 4417 2727 4471; x_wconf 84' lang='lat' dir='ltr'><strong>Patre</strong></span> <span class='ocrx_word' id='word_1_390' title='bbox 2748 4416 2820 4470; x_wconf 92' lang='lat' dir='ltr'><strong>nil</strong></span> <span class='ocrx_word' id='word_1_391' title='bbox 2846 4416 3050 4469; x_wconf 85' lang='lat' dir='ltr'><strong>distans</strong></span> <span class='ocrx_word' id='word_1_392' title='bbox 3082 4415 3222 4469; x_wconf 86' lang='lat' dir='ltr'><strong>Deus</strong></span> <span class='ocrx_word' id='word_1_393' title='bbox 3252 4430 3269 4468; x_wconf 89' lang='lat'><strong>:</strong></span> 
     </span>
    </p>
   </div>
   <div class='ocr_carea' id='block_1_93' title="bbox 2482 4504 3199 4575">
    <p class='ocr_par' dir='ltr' id='par_1_93' title="bbox 2482 4504 3199 4575">
     <span class='ocr_line' id='line_1_93' title="bbox 2482 4504 3199 4575; baseline -0.007 -13"><span class='ocrx_word' id='word_1_394' title='bbox 2482 4507 2728 4575; x_wconf 81' lang='lat' dir='ltr'><strong>Utrisque</strong></span> <span class='ocrx_word' id='word_1_395' title='bbox 2762 4514 2945 4574; x_wconf 83' lang='lat' dir='ltr'><strong>partus</strong></span> <span class='ocrx_word' id='word_1_396' title='bbox 2974 4504 3199 4573; x_wconf 83' lang='lat' dir='ltr'><strong>integer,</strong></span> 
     </span>
    </p>
   </div>
   <div class='ocr_carea' id='block_1_94' title="bbox 2509 4614 3536 4677">
    <p class='ocr_par' dir='ltr' id='par_1_94' title="bbox 2509 4614 3536 4677">
     <span class='ocr_line' id='line_1_94' title="bbox 2509 4614 3536 4677; baseline -0.008 -8"><span class='ocrx_word' id='word_1_397' title='bbox 2509 4622 2653 4670; x_wconf 87' lang='lat' dir='ltr'><strong>Sacra</strong></span> <span class='ocrx_word' id='word_1_398' title='bbox 2673 4615 2975 4677; x_wconf 83' lang='lat' dir='ltr'><strong>triumphalis</strong></span> <span class='ocrx_word' id='word_1_399' title='bbox 2997 4616 3159 4676; x_wconf 86' lang='lat' dir='ltr'><strong>signat</strong></span> <span class='ocrx_word' id='word_1_400' title='bbox 3177 4616 3349 4677; x_wconf 83' lang='lat' dir='ltr'><strong>imago</strong></span> <span class='ocrx_word' id='word_1_401' title='bbox 3363 4614 3536 4662; x_wconf 87' lang='lat' dir='ltr'><strong>locum.</strong></span> 
     </span>
    </p>
   </div>
   <div class='ocr_carea' id='block_1_95' title="bbox 2385 4676 3469 4743">
    <p class='ocr_par' dir='ltr' id='par_1_95' title="bbox 2385 4676 3469 4743">
     <span class='ocr_line' id='line_1_95' title="bbox 2385 4676 3469 4743; baseline -0.008 -12"><span class='ocrx_word' id='word_1_402' title='bbox 2385 4684 2438 4732; x_wconf 84' lang='lat' dir='ltr'><strong>in</strong></span> <span class='ocrx_word' id='word_1_403' title='bbox 2459 4692 2616 4743; x_wconf 79' lang='lat' dir='ltr'><strong>capite</strong></span> <span class='ocrx_word' id='word_1_404' title='bbox 2642 4685 2716 4743; x_wconf 77' lang='lat' dir='ltr'><strong>est</strong></span> <span class='ocrx_word' id='word_1_405' title='bbox 2737 4676 2902 4743; x_wconf 82' lang='lat' dir='ltr'><strong>templi</strong></span> <span class='ocrx_word' id='word_1_406' title='bbox 2930 4681 3039 4727; x_wconf 71' lang='lat' dir='ltr'><strong>vita:</strong></span> <span class='ocrx_word' id='word_1_407' title='bbox 3066 4676 3295 4743; x_wconf 76' lang='lat' dir='ltr'><strong>Nazarius</strong></span> <span class='ocrx_word' id='word_1_408' title='bbox 3314 4676 3469 4743; x_wconf 64' lang='lat' dir='ltr'><strong>alma,</strong></span> 
     </span>
    </p>
   </div>
   <div class='ocr_carea' id='block_1_96' title="bbox 2508 4739 3443 4803">
    <p class='ocr_par' dir='ltr' id='par_1_96' title="bbox 2508 4739 3443 4803">
     <span class='ocr_line' id='line_1_96' title="bbox 2508 4739 3443 4803; baseline -0.009 -10"><span class='ocrx_word' id='word_1_409' title='bbox 2508 4739 2567 4793; x_wconf 79' lang='lat' dir='ltr'><strong>El.</strong></span> <span class='ocrx_word' id='word_1_410' title='bbox 2582 4740 2793 4793; x_wconf 83' lang='lat' dir='ltr'><strong>sublime</strong></span> <span class='ocrx_word' id='word_1_411' title='bbox 2817 4739 2971 4788; x_wconf 69' lang='lat' dir='ltr'><strong>Solum</strong></span> <span class='ocrx_word' id='word_1_412' title='bbox 2995 4739 3443 4803; x_wconf 37' lang='lat' dir='ltr'><strong>martyrisuetuviis.</strong></span> 
     </span>
    </p>
   </div>
   <div class='ocr_carea' id='block_1_97' title="bbox 2382 4796 3636 4862">
    <p class='ocr_par' dir='ltr' id='par_1_97' title="bbox 2382 4796 3636 4862">
     <span class='ocr_line' id='line_1_97' title="bbox 2382 4796 3636 4862; baseline -0.01 -7"><span class='ocrx_word' id='word_1_413' title='bbox 2382 4806 2508 4856; x_wconf 77' lang='lat' dir='ltr'><strong>Crux</strong></span> <span class='ocrx_word' id='word_1_414' title='bbox 2538 4808 2619 4855; x_wconf 87' lang='lat' dir='ltr'><strong>ubi</strong></span> <span class='ocrx_word' id='word_1_415' title='bbox 2645 4812 2886 4857; x_wconf 81' lang='lat' dir='ltr'><strong>sacratum</strong></span> <span class='ocrx_word' id='word_1_416' title='bbox 2911 4810 3055 4862; x_wconf 81' lang='lat' dir='ltr'><strong>caput</strong></span> <span class='ocrx_word' id='word_1_417' title='bbox 3089 4796 3267 4848; x_wconf 67' lang='lat' dir='ltr'><strong>e&#39;xtulit</strong></span> <span class='ocrx_word' id='word_1_418' title='bbox 3286 4802 3407 4847; x_wconf 88' lang='lat' dir='ltr'><strong>orbe</strong></span> <span class='ocrx_word' id='word_1_419' title='bbox 3429 4796 3636 4862; x_wconf 76' lang='lat' dir='ltr'><strong>reflexo,</strong></span> 
     </span>
    </p>
   </div>
   <div class='ocr_carea' id='block_1_98' title="bbox 2507 4860 3596 4930">
    <p class='ocr_par' dir='ltr' id='par_1_98' title="bbox 2507 4860 3596 4930">
     <span class='ocr_line' id='line_1_98' title="bbox 2507 4860 3596 4930; baseline -0.013 -12"><span class='ocrx_word' id='word_1_420' title='bbox 2507 4868 2609 4918; x_wconf 80' lang='lat' dir='ltr'><strong>Hoc</strong></span> <span class='ocrx_word' id='word_1_421' title='bbox 2628 4877 2764 4930; x_wconf 73' lang='lat' dir='ltr'><strong>caput</strong></span> <span class='ocrx_word' id='word_1_422' title='bbox 2789 4872 2866 4915; x_wconf 87' lang='lat' dir='ltr'><strong>est</strong></span> <span class='ocrx_word' id='word_1_423' title='bbox 2888 4860 3069 4930; x_wconf 73' lang='lat' dir='ltr'><strong>templo</strong></span> <span class='ocrx_word' id='word_1_424' title='bbox 3092 4861 3390 4930; x_wconf 65' lang='lat' dir='ltr'><strong>Nazarioque</strong></span> <span class='ocrx_word' id='word_1_425' title='bbox 3410 4860 3596 4930; x_wconf 78' lang='lat' dir='ltr'><strong>domus.</strong></span> 
     </span>
    </p>
   </div>
   <div class='ocr_carea' id='block_1_99' title="bbox 2383 4925 3529 4990">
    <p class='ocr_par' dir='ltr' id='par_1_99' title="bbox 2383 4925 3529 4990">
     <span class='ocr_line' id='line_1_99' title="bbox 2383 4925 3529 4990; baseline -0.014 -9"><span class='ocrx_word' id='word_1_426' title='bbox 2383 4932 2473 4990; x_wconf 82' lang='lat' dir='ltr'><strong>Qui</strong></span> <span class='ocrx_word' id='word_1_427' title='bbox 2500 4931 2633 4981; x_wconf 85' lang='lat' dir='ltr'><strong>fovet</strong></span> <span class='ocrx_word' id='word_1_428' title='bbox 2651 4925 2884 4981; x_wconf 54' lang='lat' dir='ltr'><strong>:e&#39;ternam</strong></span> <span class='ocrx_word' id='word_1_429' title='bbox 2920 4927 3070 4990; x_wconf 81' lang='lat' dir='ltr'><strong>victor</strong></span> <span class='ocrx_word' id='word_1_430' title='bbox 3091 4925 3529 4990; x_wconf 79' lang='lat' dir='ltr'><strong>pietatequictem,</strong></span> 
     </span>
    </p>
   </div>
   <div class='ocr_carea' id='block_1_100' title="bbox 2506 4983 3641 5053">
    <p class='ocr_par' dir='ltr' id='par_1_100' title="bbox 2506 4983 3641 5053">
     <span class='ocr_line' id='line_1_100' title="bbox 2506 4983 3641 5053; baseline -0.013 -11"><span class='ocrx_word' id='word_1_431' title='bbox 2506 4992 2629 5042; x_wconf 76' lang='lat' dir='ltr'><strong>Crux</strong></span> <span class='ocrx_word' id='word_1_432' title='bbox 2659 4994 2735 5042; x_wconf 92' lang='lat' dir='ltr'><strong>cui</strong></span> <span class='ocrx_word' id='word_1_433' title='bbox 2758 4990 2913 5053; x_wconf 88' lang='lat' dir='ltr'><strong>palma</strong></span> <span class='ocrx_word' id='word_1_434' title='bbox 2940 4988 3047 5045; x_wconf 84' lang='lat' dir='ltr'><strong>fuit,</strong></span> <span class='ocrx_word' id='word_1_435' title='bbox 3073 4983 3193 5034; x_wconf 79' lang='lat' dir='ltr'><strong>crux</strong></span> <span class='ocrx_word' id='word_1_436' title='bbox 3220 4987 3366 5032; x_wconf 87' lang='lat' dir='ltr'><strong>etiam</strong></span> <span class='ocrx_word' id='word_1_437' title='bbox 3390 4986 3526 5031; x_wconf 88' lang='lat' dir='ltr'><strong>siuus</strong></span> <span class='ocrx_word' id='word_1_438' title='bbox 3546 4983 3641 5028; x_wconf 85' lang='lat' dir='ltr'><strong>est.</strong></span> 
     </span>
    </p>
   </div>
   <div class='ocr_carea' id='block_1_101' title="bbox 2258 5064 3845 5140">
    <p class='ocr_par' dir='ltr' id='par_1_101' title="bbox 2258 5064 3845 5140">
     <span class='ocr_line' id='line_1_101' title="bbox 2258 5064 3845 5140; baseline -0.012 -11"><span class='ocrx_word' id='word_1_439' title='bbox 2258 5075 2391 5129; x_wconf 92' lang='lat' dir='ltr'><strong>Sunt</strong></span> <span class='ocrx_word' id='word_1_440' title='bbox 2420 5084 2473 5128; x_wconf 90' lang='lat' dir='ltr'><strong>et</strong></span> <span class='ocrx_word' id='word_1_441' title='bbox 2501 5074 2588 5128; x_wconf 88' lang='lat' dir='ltr'><strong>alii</strong></span> <span class='ocrx_word' id='word_1_442' title='bbox 2614 5088 2820 5131; x_wconf 70' lang='lat' dir='ltr'><strong>VM‘SUS.</strong></span> <span class='ocrx_word' id='word_1_443' title='bbox 2849 5070 2937 5140; x_wconf 84' lang='lat' dir='ltr'><strong>qui</strong></span> <span class='ocrx_word' id='word_1_444' title='bbox 2967 5068 3203 5140; x_wconf 79' lang='lat' dir='ltr'><strong>indicant</strong></span> <span class='ocrx_word' id='word_1_445' title='bbox 3228 5080 3349 5140; x_wconf 85' lang='lat' dir='ltr'><strong>eam</strong></span> <span class='ocrx_word' id='word_1_446' title='bbox 3381 5064 3611 5140; x_wconf 68' lang='lat' dir='ltr'><strong>basilica:</strong></span> <span class='ocrx_word' id='word_1_447' title='bbox 3640 5067 3845 5140; x_wconf 74' lang='lat' dir='ltr'><strong>partem</strong></span> 
     </span>
    </p>
   </div>
   <div class='ocr_carea' id='block_1_102' title="bbox 2259 5131 3846 5214">
    <p class='ocr_par' dir='ltr' id='par_1_102' title="bbox 2259 5131 3846 5214">
     <span class='ocr_line' id='line_1_102' title="bbox 2259 5131 3846 5214; baseline -0.012 -15"><span class='ocrx_word' id='word_1_448' title='bbox 2259 5161 2362 5214; x_wconf 88' lang='lat' dir='ltr'><strong>qua</strong></span> <span class='ocrx_word' id='word_1_449' title='bbox 2394 5144 2603 5198; x_wconf 68' lang='lat' dir='ltr'><strong>Nazarsi</strong></span> <span class='ocrx_word' id='word_1_450' title='bbox 2634 5131 3015 5214; x_wconf 63' lang='lat' dir='ltr'><strong>conilitae&#39;snnt</strong></span> <span class='ocrx_word' id='word_1_451' title='bbox 3052 5139 3287 5214; x_wconf 68' lang='lat' dir='ltr'><strong>reliquiae</strong></span> <span class='ocrx_word' id='word_1_452' title='bbox 3310 5177 3325 5200; x_wconf 89' lang='lat'><strong>,</strong></span> <span class='ocrx_word' id='word_1_453' title='bbox 3361 5150 3389 5188; x_wconf 92' lang='lat' dir='ltr'><strong>a</strong></span> <span class='ocrx_word' id='word_1_454' title='bbox 3412 5136 3609 5187; x_wconf 78' lang='lat' dir='ltr'><strong>Serena</strong></span> <span class='ocrx_word' id='word_1_455' title='bbox 3639 5131 3846 5185; x_wconf 82' lang='lat' dir='ltr'><strong>Stilico-</strong></span> 
     </span>
    </p>
   </div>
   <div class='ocr_carea' id='block_1_103' title="bbox 2261 5209 3848 5337">
    <p class='ocr_par' dir='ltr' id='par_1_103' title="bbox 2261 5209 3848 5337">
     <span class='ocr_line' id='line_1_103' title="bbox 2261 5209 3848 5337; baseline -0.009 -70"><span class='ocrx_word' id='word_1_456' title='bbox 2261 5209 2342 5337; x_wconf 56' lang='lat' dir='ltr'><strong>pis</strong></span> <span class='ocrx_word' id='word_1_457' title='bbox 2384 5215 2632 5283; x_wconf 89' lang='lat' dir='ltr'><strong>conjuge,</strong></span> <span class='ocrx_word' id='word_1_458' title='bbox 2672 5212 2884 5282; x_wconf 83' lang='lat' dir='ltr'><strong>Libycis</strong></span> <span class='ocrx_word' id='word_1_459' title='bbox 2933 5209 3289 5264; x_wconf 69' lang='lat' dir='ltr'><strong>marmorbus</strong></span> <span class='ocrx_word' id='word_1_460' title='bbox 3335 5213 3581 5259; x_wconf 81' lang='lat' dir='ltr'><strong>ornatam</strong></span> <span class='ocrx_word' id='word_1_461' title='bbox 3626 5216 3691 5256; x_wconf 76' lang='lat' dir='ltr'><strong>ex</strong></span> <span class='ocrx_word' id='word_1_462' title='bbox 3723 5210 3848 5256; x_wconf 87' lang='lat' dir='ltr'><strong>voto</strong></span> 
     </span>
     <span class='ocr_line' id='line_1_104' title="bbox 2284 5300 2443 5337; baseline 0 0"><span class='ocrx_word' id='word_1_463' title='bbox 2284 5300 2443 5337; x_wconf 82' lang='lat' dir='ltr'><strong>uisse.</strong></span> 
     </span>
    </p>
   </div>
   <div class='ocr_carea' id='block_1_104' title="bbox 2284 5300 2443 5338">
    <p class='ocr_par' dir='ltr' id='par_1_104' title="bbox 2284 5300 2443 5338">
     <span class='ocr_line' id='line_1_105' title="bbox 2284 5300 2443 5338; baseline 0 0"><span class='ocrx_word' id='word_1_464' title='bbox 2284 5300 2443 5338; x_wconf 69' lang='grc' dir='ltr'><strong>υιεεθ.</strong></span> 
     </span>
    </p>
   </div>
   <div class='ocr_carea' id='block_1_105' title="bbox 2386 5374 3579 5433">
    <p class='ocr_par' dir='ltr' id='par_1_105' title="bbox 2386 5374 3579 5433">
     <span class='ocr_line' id='line_1_106' title="bbox 2386 5374 3579 5433; baseline -0.008 -12"><span class='ocrx_word' id='word_1_465' title='bbox 2386 5376 2490 5433; x_wconf 84' lang='lat' dir='ltr'><strong>Qua</strong></span> <span class='ocrx_word' id='word_1_466' title='bbox 2508 5377 2548 5422; x_wconf 87' lang='lat' dir='ltr'><strong>si</strong></span> <span class='ocrx_word' id='word_1_467' title='bbox 2573 5378 2683 5421; x_wconf 83' lang='lat' dir='ltr'><strong>uata</strong></span> <span class='ocrx_word' id='word_1_468' title='bbox 2708 5383 2826 5420; x_wconf 84' lang='lat' dir='ltr'><strong>cavo</strong></span> <span class='ocrx_word' id='word_1_469' title='bbox 2846 5377 3145 5425; x_wconf 74' lang='lat' dir='ltr'><strong>consurgunt</strong></span> <span class='ocrx_word' id='word_1_470' title='bbox 3169 5374 3300 5416; x_wconf 88' lang='lat' dir='ltr'><strong>tecta</strong></span> <span class='ocrx_word' id='word_1_471' title='bbox 3313 5378 3579 5433; x_wconf 72' lang='lat' dir='ltr'><strong>regressu,</strong></span> 
     </span>
    </p>
   </div>
   <div class='ocr_carea' id='block_1_106' title="bbox 2510 5430 3565 5495">
    <p class='ocr_par' dir='ltr' id='par_1_106' title="bbox 2510 5430 3565 5495">
     <span class='ocr_line' id='line_1_107' title="bbox 2510 5430 3565 5495; baseline -0.009 -12"><span class='ocrx_word' id='word_1_472' title='bbox 2510 5435 2819 5495; x_wconf 63' lang='lat' dir='ltr'><strong>Secutaeque</strong></span> <span class='ocrx_word' id='word_1_473' title='bbox 2842 5437 3004 5495; x_wconf 72' lang='lat' dir='ltr'><strong>crucis</strong></span> <span class='ocrx_word' id='word_1_474' title='bbox 3021 5433 3234 5495; x_wconf 79' lang='lat' dir='ltr'><strong>ﬂectitur</strong></span> <span class='ocrx_word' id='word_1_475' title='bbox 3255 5430 3378 5478; x_wconf 84' lang='lat' dir='ltr'><strong>orbe</strong></span> <span class='ocrx_word' id='word_1_476' title='bbox 3399 5433 3565 5487; x_wconf 80' lang='lat' dir='ltr'><strong>caput,</strong></span> 
     </span>
    </p>
   </div>
   <div class='ocr_carea' id='block_1_107' title="bbox 2388 5492 3546 5554">
    <p class='ocr_par' dir='ltr' id='par_1_107' title="bbox 2388 5492 3546 5554">
     <span class='ocr_line' id='line_1_108' title="bbox 2388 5492 3546 5554; baseline -0.009 -7"><span class='ocrx_word' id='word_1_477' title='bbox 2388 5495 2620 5547; x_wconf 72' lang='lat' dir='ltr'><strong>Nazarius</strong></span> <span class='ocrx_word' id='word_1_478' title='bbox 2647 5492 2756 5545; x_wconf 57' lang='lat' dir='ltr'><strong>vitae</strong></span> <span class='ocrx_word' id='word_1_479' title='bbox 2782 5492 3163 5554; x_wconf 81' lang='lat' dir='ltr'><strong>immaculahilis,</strong></span> <span class='ocrx_word' id='word_1_480' title='bbox 3190 5492 3389 5554; x_wconf 79' lang='lat' dir='ltr'><strong>integer</strong></span> <span class='ocrx_word' id='word_1_481' title='bbox 3412 5497 3546 5537; x_wconf 85' lang='lat' dir='ltr'><strong>artus</strong></span> 
     </span>
    </p>
   </div>
   <div class='ocr_carea' id='block_1_108' title="bbox 2514 5549 3771 5619">
    <p class='ocr_par' dir='ltr' id='par_1_108' title="bbox 2514 5549 3771 5619">
     <span class='ocr_line' id='line_1_109' title="bbox 2514 5549 3771 5619; baseline -0.009 -15"><span class='ocrx_word' id='word_1_482' title='bbox 2514 5557 2768 5619; x_wconf 64' lang='lat' dir='ltr'><strong>Conditor,</strong></span> <span class='ocrx_word' id='word_1_483' title='bbox 2795 5568 2885 5606; x_wconf 78' lang='lat' dir='ltr'><strong>exs</strong></span> <span class='ocrx_word' id='word_1_484' title='bbox 2905 5555 3045 5619; x_wconf 75' lang='lat' dir='ltr'><strong>uitans</strong></span> <span class='ocrx_word' id='word_1_485' title='bbox 3069 5549 3194 5619; x_wconf 67' lang='lat' dir='ltr'><strong>hune.</strong></span> <span class='ocrx_word' id='word_1_486' title='bbox 3220 5549 3391 5619; x_wconf 75' lang='lat' dir='ltr'><strong>tumuli</strong></span> <span class='ocrx_word' id='word_1_487' title='bbox 3413 5563 3523 5619; x_wconf 54' lang='lat' dir='ltr'><strong>esse</strong></span> <span class='ocrx_word' id='word_1_488' title='bbox 3545 5549 3717 5619; x_wconf 64' lang='lat' dir='ltr'><strong>locum.</strong></span> <span class='ocrx_word' id='word_1_489' title='bbox 3766 5598 3771 5609; x_wconf 47' lang='grc'><em>,</em></span> 
     </span>
    </p>
   </div>
   <div class='ocr_carea' id='block_1_109' title="bbox 2392 5611 3751 5679">
    <p class='ocr_par' dir='ltr' id='par_1_109' title="bbox 2392 5611 3751 5679">
     <span class='ocr_line' id='line_1_110' title="bbox 2392 5611 3751 5679; baseline -0.007 -11"><span class='ocrx_word' id='word_1_490' title='bbox 2392 5619 2545 5679; x_wconf 84' lang='lat' dir='ltr'><strong>Quem</strong></span> <span class='ocrx_word' id='word_1_491' title='bbox 2566 5620 2672 5679; x_wconf 88' lang='lat' dir='ltr'><strong>pius</strong></span> <span class='ocrx_word' id='word_1_492' title='bbox 2694 5611 2975 5679; x_wconf 80' lang='lat' dir='ltr'><strong>Ambrosius</strong></span> <span class='ocrx_word' id='word_1_493' title='bbox 2997 5618 3106 5679; x_wconf 77' lang='lat' dir='ltr'><strong>sign</strong></span> <span class='ocrx_word' id='word_1_494' title='bbox 3124 5678 3127 5679; x_wconf 16' lang='grc' dir='ltr'><em>ν</em></span> <span class='ocrx_word' id='word_1_495' title='bbox 3142 5617 3210 5679; x_wconf 82' lang='lat' dir='ltr'><strong>vit</strong></span> <span class='ocrx_word' id='word_1_496' title='bbox 3234 5611 3667 5679; x_wconf 28' lang='lat' dir='ltr'><strong>iinagine‘tltiristi,</strong></span> <span class='ocrx_word' id='word_1_497' title='bbox 3730 5650 3751 5675; x_wconf 9' lang='grc' dir='ltr'><strong>γε</strong></span> 
     </span>
    </p>
   </div>
   <div class='ocr_carea' id='block_1_110' title="bbox 2520 5672 3731 5735">
    <p class='ocr_par' dir='ltr' id='par_1_110' title="bbox 2520 5672 3731 5735">
     <span class='ocr_line' id='line_1_111' title="bbox 2520 5672 3731 5735; baseline -0.009 -7"><span class='ocrx_word' id='word_1_498' title='bbox 2520 5672 2839 5728; x_wconf 77' lang='lat' dir='ltr'><strong>Marmoribus</strong></span> <span class='ocrx_word' id='word_1_499' title='bbox 2866 5672 3162 5735; x_wconf 63' lang='lat' dir='ltr'><strong>Libycis&#39;iida</strong></span> <span class='ocrx_word' id='word_1_500' title='bbox 3187 5672 3375 5725; x_wconf 85' lang='lat' dir='ltr'><strong>Serena</strong></span> <span class='ocrx_word' id='word_1_501' title='bbox 3399 5674 3528 5734; x_wconf 85' lang='lat' dir='ltr'><strong>polit.</strong></span> <span class='ocrx_word' id='word_1_502' title='bbox 3730 5672 3731 5675; x_wconf 70' lang='grc'><em>“</em></span> 
     </span>
    </p>
   </div>
   <div class='ocr_carea' id='block_1_111' title="bbox 2392 5736 3505 5802">
    <p class='ocr_par' dir='ltr' id='par_1_111' title="bbox 2392 5736 3505 5802">
     <span class='ocr_line' id='line_1_112' title="bbox 2392 5736 3505 5802; baseline -0.011 -9"><span class='ocrx_word' id='word_1_503' title='bbox 2392 5741 2619 5802; x_wconf 75' lang='lat' dir='ltr'><strong>Coniugis</strong></span> <span class='ocrx_word' id='word_1_504' title='bbox 2642 5748 2696 5791; x_wconf 87' lang='lat' dir='ltr'><strong>ut.</strong></span> <span class='ocrx_word' id='word_1_505' title='bbox 2718 5741 2878 5789; x_wconf 85' lang='lat' dir='ltr'><strong>reditu</strong></span> <span class='ocrx_word' id='word_1_506' title='bbox 2905 5738 3147 5787; x_wconf 72' lang='lat' dir='ltr'><strong>Stzliconis</strong></span> <span class='ocrx_word' id='word_1_507' title='bbox 3169 5737 3278 5802; x_wconf 66' lang='lat' dir='ltr'><strong>lmta</strong></span> <span class='ocrx_word' id='word_1_508' title='bbox 3304 5736 3505 5802; x_wconf 63' lang='lat' dir='ltr'><strong>fruatur,</strong></span> 
     </span>
    </p>
   </div>
   <div class='ocr_carea' id='block_1_112' title="bbox 2518 5797 3545 5862">
    <p class='ocr_par' dir='ltr' id='par_1_112' title="bbox 2518 5797 3545 5862">
     <span class='ocr_line' id='line_1_113' title="bbox 2518 5797 3545 5862; baseline -0.009 -9"><span class='ocrx_word' id='word_1_509' title='bbox 2518 5797 2867 5862; x_wconf 66' lang='lat' dir='ltr'><strong>Germanisque</strong></span> <span class='ocrx_word' id='word_1_510' title='bbox 2893 5802 2994 5851; x_wconf 84' lang='lat' dir='ltr'><strong>suis</strong></span> <span class='ocrx_word' id='word_1_511' title='bbox 3024 5800 3303 5861; x_wconf 74' lang='lat' dir='ltr'><strong>pignoribus</strong></span> <span class='ocrx_word' id='word_1_512' title='bbox 3320 5797 3545 5859; x_wconf 65' lang='lat' dir='ltr'><strong>propriis.</strong></span> 
     </span>
    </p>
   </div>
   <div class='ocr_carea' id='block_1_113' title="bbox 576 4677 2150 4766">
    <p class='ocr_par' dir='ltr' id='par_1_113' title="bbox 576 4677 2150 4766">
     <span class='ocr_line' id='line_1_114' title="bbox 576 4677 2150 4766; baseline -0.017 -11"><span class='ocrx_word' id='word_1_513' title='bbox 576 4701 683 4755; x_wconf 87' lang='lat' dir='ltr'><strong>mia</strong></span> <span class='ocrx_word' id='word_1_514' title='bbox 704 4677 1269 4766; x_wconf 48' lang='lat' dir='ltr'><strong>martyr’Clialcedone</strong></span> <span class='ocrx_word' id='word_1_515' title='bbox 1298 4677 1648 4738; x_wconf 79' lang='lat' dir='ltr'><strong>atrocissimis</strong></span> <span class='ocrx_word' id='word_1_516' title='bbox 1672 4677 1946 4750; x_wconf 88' lang='lat' dir='ltr'><strong>suppliciis</strong></span> <span class='ocrx_word' id='word_1_517' title='bbox 1962 4691 2150 4732; x_wconf 80' lang='lat' dir='ltr'><strong>excru-</strong></span> 
     </span>
    </p>
   </div>
   <div class='ocr_carea' id='block_1_114' title="bbox 577 4775 2153 4899">
    <p class='ocr_par' dir='ltr' id='par_1_114' title="bbox 577 4775 2153 4899">
     <span class='ocr_line' id='line_1_115' title="bbox 577 4775 2153 4899; baseline -0.015 -9"><span class='ocrx_word' id='word_1_518' title='bbox 577 4775 873 4889; x_wconf 50' lang='lat' dir='ltr'><strong>cm’mbiﬂS.</strong></span> <span class='ocrx_word' id='word_1_519' title='bbox 906 4828 1168 4899; x_wconf 82' lang='lat' dir='ltr'><strong>Nazario]</strong></span> <span class='ocrx_word' id='word_1_520' title='bbox 1212 4827 1440 4899; x_wconf 69' lang='lat' dir='ltr'><strong>Hartyre</strong></span> <span class='ocrx_word' id='word_1_521' title='bbox 1490 4817 1899 4899; x_wconf 68' lang='lat' dir='ltr'><strong>Mediolanensi,</strong></span> <span class='ocrx_word' id='word_1_522' title='bbox 1940 4816 2007 4899; x_wconf 73' lang='lat' dir='ltr'><strong>de</strong></span> <span class='ocrx_word' id='word_1_523' title='bbox 2046 4830 2153 4885; x_wconf 83' lang='lat' dir='ltr'><strong>quo</strong></span> 
     </span>
    </p>
   </div>
   <div class='ocr_carea' id='block_1_115' title="bbox 580 4888 2153 4961">
    <p class='ocr_par' dir='ltr' id='par_1_115' title="bbox 580 4888 2153 4961">
     <span class='ocr_line' id='line_1_116' title="bbox 580 4888 2153 4961; baseline -0.015 0"><span class='ocrx_word' id='word_1_524' title='bbox 580 4913 755 4961; x_wconf 66' lang='lat' dir='ltr'><strong>exstat</strong></span> <span class='ocrx_word' id='word_1_525' title='bbox 781 4888 959 4957; x_wconf 84' lang='lat' dir='ltr'><strong>sermo</strong></span> <span class='ocrx_word' id='word_1_526' title='bbox 991 4904 1051 4958; x_wconf 90' lang='lat' dir='ltr'><strong>S.</strong></span> <span class='ocrx_word' id='word_1_527' title='bbox 1083 4888 1368 4956; x_wconf 52' lang='lat' dir='ltr'><strong>ambrosii:</strong></span> <span class='ocrx_word' id='word_1_528' title='bbox 1394 4894 1558 4947; x_wconf 88' lang='lat' dir='ltr'><strong>multa</strong></span> <span class='ocrx_word' id='word_1_529' title='bbox 1588 4892 1652 4945; x_wconf 90' lang='lat' dir='ltr'><strong>iis</strong></span> <span class='ocrx_word' id='word_1_530' title='bbox 1677 4905 1795 4959; x_wconf 69' lang='lat' dir='ltr'><strong>qua:</strong></span> <span class='ocrx_word' id='word_1_531' title='bbox 1823 4888 2153 4961; x_wconf 81' lang='lat' dir='ltr'><strong>hoc_l_iymnn</strong></span> 
     </span>
    </p>
   </div>
   <div class='ocr_carea' id='block_1_116' title="bbox 580 4956 2152 5035">
    <p class='ocr_par' dir='ltr' id='par_1_116' title="bbox 580 4956 2152 5035">
     <span class='ocr_line' id='line_1_117' title="bbox 580 4956 2152 5035; baseline -0.013 -6"><span class='ocrx_word' id='word_1_532' title='bbox 580 4956 905 5035; x_wconf 72' lang='lat' dir='ltr'><strong>scribuntur,</strong></span> <span class='ocrx_word' id='word_1_533' title='bbox 946 4956 1213 5024; x_wconf 85' lang='lat' dir='ltr'><strong>simillima</strong></span> <span class='ocrx_word' id='word_1_534' title='bbox 1256 4965 1576 5035; x_wconf 88' lang='lat' dir='ltr'><strong>continens._</strong></span> <span class='ocrx_word' id='word_1_535' title='bbox 1604 4956 1897 5035; x_wconf 36' lang='lat' dir='ltr'><strong>Sed-quod</strong></span> <span class='ocrx_word' id='word_1_536' title='bbox 1938 4956 2152 5035; x_wconf 50' lang='lat' dir='ltr'><strong>ﬁer-One</strong></span> 
     </span>
    </p>
   </div>
   <div class='ocr_carea' id='block_1_117' title="bbox 581 5027 2153 5110">
    <p class='ocr_par' dir='ltr' id='par_1_117' title="bbox 581 5027 2153 5110">
     <span class='ocr_line' id='line_1_118' title="bbox 581 5027 2153 5110; baseline -0.013 -13"><span class='ocrx_word' id='word_1_537' title='bbox 581 5027 876 5110; x_wconf 79' lang='lat' dir='ltr'><strong>imperante</strong></span> <span class='ocrx_word' id='word_1_538' title='bbox 893 5027 1084 5108; x_wconf 77' lang='lat' dir='ltr'><strong>passus</strong></span> <span class='ocrx_word' id='word_1_539' title='bbox 1102 5038 1296 5092; x_wconf 84' lang='lat' dir='ltr'><strong>dicitur</strong></span> <span class='ocrx_word' id='word_1_540' title='bbox 1312 5037 1369 5089; x_wconf 93' lang='lat' dir='ltr'><strong>S.</strong></span> <span class='ocrx_word' id='word_1_541' title='bbox 1396 5032 1669 5110; x_wconf 71' lang='lat' dir='ltr'><strong>Nazarins,</strong></span> <span class='ocrx_word' id='word_1_542' title='bbox 1696 5029 1745 5083; x_wconf 91' lang='lat' dir='ltr'><strong>id</strong></span> <span class='ocrx_word' id='word_1_543' title='bbox 1778 5037 1895 5092; x_wconf 87' lang='lat' dir='ltr'><strong>post</strong></span> <span class='ocrx_word' id='word_1_544' title='bbox 1925 5027 2153 5108; x_wconf 48' lang='lat' dir='ltr'><strong>Ambro-</strong></span> 
     </span>
    </p>
   </div>
   <div class='ocr_carea' id='block_1_118' title="bbox 529 5099 2152 5175">
    <p class='ocr_par' dir='ltr' id='par_1_118' title="bbox 529 5099 2152 5175">
     <span class='ocr_line' id='line_1_119' title="bbox 529 5099 2152 5175; baseline -0.009 -13"><span class='ocrx_word' id='word_1_545' title='bbox 529 5157 532 5162; x_wconf 93' lang='lat'><strong>.</strong></span> <span class='ocrx_word' id='word_1_546' title='bbox 579 5099 1252 5175; x_wconf 50' lang='lat' dir='ltr'><strong>siiinertem-compertum</strong></span> <span class='ocrx_word' id='word_1_547' title='bbox 1280 5115 1382 5171; x_wconf 40' lang='lat' dir='ltr'><strong>est,</strong></span> <span class='ocrx_word' id='word_1_548' title='bbox 1414 5104 1535 5175; x_wconf 75' lang='lat' dir='ltr'><strong>quia</strong></span> <span class='ocrx_word' id='word_1_549' title='bbox 1562 5115 1656 5175; x_wconf 85' lang='lat' dir='ltr'><strong>suo</strong></span> <span class='ocrx_word' id='word_1_550' title='bbox 1681 5099 2152 5175; x_wconf 73' lang='lat' dir='ltr'><strong>temporeignora-</strong></span> 
     </span>
    </p>
   </div>
   <div class='ocr_carea' id='block_1_119' title="bbox 581 5166 2152 5241">
    <p class='ocr_par' dir='ltr' id='par_1_119' title="bbox 581 5166 2152 5241">
     <span class='ocr_line' id='line_1_120' title="bbox 581 5166 2152 5241; baseline -0.013 -4"><span class='ocrx_word' id='word_1_551' title='bbox 581 5166 692 5237; x_wconf 83' lang='lat' dir='ltr'><strong>tum</strong></span> <span class='ocrx_word' id='word_1_552' title='bbox 735 5178 909 5234; x_wconf 86' lang='lat' dir='ltr'><strong>adhuc</strong></span> <span class='ocrx_word' id='word_1_553' title='bbox 939 5166 1124 5241; x_wconf 77' lang='lat' dir='ltr'><strong>fui-se,</strong></span> <span class='ocrx_word' id='word_1_554' title='bbox 1154 5186 1341 5230; x_wconf 86' lang='lat' dir='ltr'><strong>auctor</strong></span> <span class='ocrx_word' id='word_1_555' title='bbox 1371 5166 1461 5229; x_wconf 36' lang='lat' dir='ltr'><strong>&quot;est</strong></span> <span class='ocrx_word' id='word_1_556' title='bbox 1503 5171 1753 5227; x_wconf 85' lang='lat' dir='ltr'><strong>Paulinus</strong></span> <span class='ocrx_word' id='word_1_557' title='bbox 1792 5166 2071 5235; x_wconf 78' lang='lat' dir='ltr'><strong>presbyter</strong></span> <span class='ocrx_word' id='word_1_558' title='bbox 2101 5167 2152 5217; x_wconf 92' lang='lat' dir='ltr'><strong>in</strong></span> 
     </span>
    </p>
   </div>
   <div class='ocr_carea' id='block_1_120' title="bbox 580 5247 1724 5307">
    <p class='ocr_par' dir='ltr' id='par_1_120' title="bbox 580 5247 1724 5307">
     <span class='ocr_line' id='line_1_121' title="bbox 580 5247 1724 5307; baseline -0.017 0"><span class='ocrx_word' id='word_1_559' title='bbox 580 5253 699 5307; x_wconf 76' lang='lat' dir='ltr'><strong>Vita</strong></span> <span class='ocrx_word' id='word_1_560' title='bbox 732 5251 792 5305; x_wconf 91' lang='lat' dir='ltr'><strong>S.</strong></span> <span class='ocrx_word' id='word_1_561' title='bbox 824 5247 1117 5304; x_wconf 85' lang='lat' dir='ltr'><strong>Ambrosii.</strong></span> <span class='ocrx_word' id='word_1_562' title='bbox 1722 5286 1724 5288; x_wconf 36' lang='grc' dir='ltr'><strong><em>τ</em></strong></span> 
     </span>
    </p>
   </div>
   <div class='ocr_carea' id='block_1_121' title="bbox 650 5305 2157 5385">
    <p class='ocr_par' dir='ltr' id='par_1_121' title="bbox 650 5305 2157 5385">
     <span class='ocr_line' id='line_1_122' title="bbox 650 5305 2157 5385; baseline -0.013 -12"><span class='ocrx_word' id='word_1_563' title='bbox 650 5323 672 5354; x_wconf 88' lang='grc'><strong><em>³</em></strong></span> <span class='ocrx_word' id='word_1_564' title='bbox 712 5320 887 5373; x_wconf 84' lang='lat' dir='ltr'><strong>Vatcm</strong></span> <span class='ocrx_word' id='word_1_565' title='bbox 932 5314 1129 5385; x_wconf 77' lang='lat' dir='ltr'><strong>monet]</strong></span> <span class='ocrx_word' id='word_1_566' title='bbox 1177 5314 1512 5369; x_wconf 78' lang='lat' dir='ltr'><strong>Ambrosium</strong></span> <span class='ocrx_word' id='word_1_567' title='bbox 1564 5312 1905 5385; x_wconf 39' lang='lat' dir='ltr'><strong>episcopum:</strong></span> <span class='ocrx_word' id='word_1_568' title='bbox 1946 5305 2067 5385; x_wconf 58' lang='lat' dir='ltr'><strong>«lui,</strong></span> <span class='ocrx_word' id='word_1_569' title='bbox 2100 5312 2157 5385; x_wconf 79' lang='lat' dir='ltr'><strong>ut</strong></span> 
     </span>
    </p>
   </div>
   <div class='ocr_carea' id='block_1_122' title="bbox 582 5375 2154 5447">
    <p class='ocr_par' dir='ltr' id='par_1_122' title="bbox 582 5375 2154 5447">
     <span class='ocr_line' id='line_1_123' title="bbox 582 5375 2154 5447; baseline -0.013 0"><span class='ocrx_word' id='word_1_570' title='bbox 582 5393 835 5447; x_wconf 83' lang='lat' dir='ltr'><strong>Paulinus</strong></span> <span class='ocrx_word' id='word_1_571' title='bbox 880 5389 1021 5444; x_wconf 72' lang='lat' dir='ltr'><strong>idem</strong></span> <span class='ocrx_word' id='word_1_572' title='bbox 1067 5375 1276 5444; x_wconf 76' lang='lat' dir='ltr'><strong>narrat.</strong></span> <span class='ocrx_word' id='word_1_573' title='bbox 1307 5388 1554 5437; x_wconf 86' lang='lat' dir='ltr'><strong>inventas</strong></span> <span class='ocrx_word' id='word_1_574' title='bbox 1592 5375 1643 5435; x_wconf 84' lang='lat' dir='ltr'><strong>in</strong></span> <span class='ocrx_word' id='word_1_575' title='bbox 1676 5381 1831 5433; x_wconf 87' lang='lat' dir='ltr'><strong>horto</strong></span> <span class='ocrx_word' id='word_1_576' title='bbox 1857 5378 1915 5434; x_wconf 86' lang='lat' dir='ltr'><strong>S.</strong></span> <span class='ocrx_word' id='word_1_577' title='bbox 1948 5375 2154 5431; x_wconf 78' lang='lat' dir='ltr'><strong>Nazarii</strong></span> 
     </span>
    </p>
   </div>
   <div class='ocr_carea' id='block_1_123' title="bbox 582 5447 2160 5529">
    <p class='ocr_par' dir='ltr' id='par_1_123' title="bbox 582 5447 2160 5529">
     <span class='ocr_line' id='line_1_124' title="bbox 582 5447 2160 5529; baseline -0.011 -12"><span class='ocrx_word' id='word_1_578' title='bbox 582 5464 833 5529; x_wconf 77' lang='lat' dir='ltr'><strong>reliquias</strong></span> <span class='ocrx_word' id='word_1_579' title='bbox 864 5457 1132 5529; x_wconf 86' lang='lat' dir='ltr'><strong>transtulit</strong></span> <span class='ocrx_word' id='word_1_580' title='bbox 1160 5458 1211 5510; x_wconf 93' lang='lat' dir='ltr'><strong>in</strong></span> <span class='ocrx_word' id='word_1_581' title='bbox 1236 5454 1509 5529; x_wconf 85' lang='lat' dir='ltr'><strong>basilicam</strong></span> <span class='ocrx_word' id='word_1_582' title='bbox 1533 5452 1931 5529; x_wconf 73' lang='lat' dir='ltr'><strong>Apostolorum.</strong></span> <span class='ocrx_word' id='word_1_583' title='bbox 1955 5449 2069 5514; x_wconf 89' lang='lat' dir='ltr'><strong>Qua</strong></span> <span class='ocrx_word' id='word_1_584' title='bbox 2091 5447 2160 5526; x_wconf 80' lang='lat' dir='ltr'><strong>de</strong></span> 
     </span>
    </p>
   </div>
   <div class='ocr_carea' id='block_1_124' title="bbox 563 5519 2163 5598">
    <p class='ocr_par' dir='ltr' id='par_1_124' title="bbox 563 5519 2163 5598">
     <span class='ocr_line' id='line_1_125' title="bbox 563 5519 2163 5598; baseline -0.014 -7"><span class='ocrx_word' id='word_1_585' title='bbox 563 5540 644 5591; x_wconf 69' lang='lat' dir='ltr'><strong>ire</strong></span> <span class='ocrx_word' id='word_1_586' title='bbox 683 5519 952 5586; x_wconf 61' lang='lat' dir='ltr'><strong>Anthrosii</strong></span> <span class='ocrx_word' id='word_1_587' title='bbox 992 5528 1157 5598; x_wconf 88' lang='lat' dir='ltr'><strong>ipsius</strong></span> <span class='ocrx_word' id='word_1_588' title='bbox 1188 5538 1372 5598; x_wconf 77' lang='lat' dir='ltr'><strong>versus</strong></span> <span class='ocrx_word' id='word_1_589' title='bbox 1404 5524 1652 5598; x_wconf 61' lang='lat' dir='ltr'><strong>reguntur</strong></span> <span class='ocrx_word' id='word_1_590' title='bbox 1703 5521 1758 5573; x_wconf 91' lang='lat' dir='ltr'><strong>in</strong></span> <span class='ocrx_word' id='word_1_591' title='bbox 1800 5519 2163 5574; x_wconf 87' lang='lat' dir='ltr'><strong>monumentis</strong></span> 
     </span>
    </p>
   </div>
   <div class='ocr_carea' id='block_1_125' title="bbox 583 5592 1638 5669">
    <p class='ocr_par' dir='ltr' id='par_1_125' title="bbox 583 5592 1638 5669">
     <span class='ocr_line' id='line_1_126' title="bbox 583 5592 1638 5669; baseline -0.011 -13"><span class='ocrx_word' id='word_1_592' title='bbox 583 5602 751 5658; x_wconf 84' lang='lat' dir='ltr'><strong>Christ</strong></span> <span class='ocrx_word' id='word_1_593' title='bbox 764 5602 922 5665; x_wconf 88' lang='lat' dir='ltr'><strong>ianis,</strong></span> <span class='ocrx_word' id='word_1_594' title='bbox 954 5592 1088 5669; x_wconf 81' lang='lat' dir='ltr'><strong>quos</strong></span> <span class='ocrx_word' id='word_1_595' title='bbox 1110 5596 1319 5652; x_wconf 88' lang='lat' dir='ltr'><strong>titulum</strong></span> <span class='ocrx_word' id='word_1_596' title='bbox 1351 5592 1596 5660; x_wconf 76' lang='lat' dir='ltr'><strong>apposuit</strong></span> <span class='ocrx_word' id='word_1_597' title='bbox 1624 5605 1638 5644; x_wconf 88' lang='lat'><strong>:</strong></span> 
     </span>
    </p>
   </div>
   <div class='ocr_carea' id='block_1_126' title="bbox 704 5679 2044 5745">
    <p class='ocr_par' dir='ltr' id='par_1_126' title="bbox 704 5679 2044 5745">
     <span class='ocr_line' id='line_1_127' title="bbox 704 5679 2044 5745; baseline -0.008 -7"><span class='ocrx_word' id='word_1_598' title='bbox 704 5689 920 5738; x_wconf 77' lang='lat' dir='ltr'><strong>Condidit</strong></span> <span class='ocrx_word' id='word_1_599' title='bbox 943 5689 1224 5739; x_wconf 80' lang='lat' dir='ltr'><strong>Ambrosius</strong></span> <span class='ocrx_word' id='word_1_600' title='bbox 1245 5681 1496 5745; x_wconf 82' lang='lat' dir='ltr'><strong>templum,</strong></span> <span class='ocrx_word' id='word_1_601' title='bbox 1519 5679 1827 5745; x_wconf 80' lang='lat' dir='ltr'><strong>Dominoque</strong></span> <span class='ocrx_word' id='word_1_602' title='bbox 1839 5679 2044 5729; x_wconf 82' lang='lat' dir='ltr'><strong>sacravit</strong></span> 
     </span>
    </p>
   </div>
   <div class='ocr_carea' id='block_1_127' title="bbox 830 5743 1879 5812">
    <p class='ocr_par' dir='ltr' id='par_1_127' title="bbox 830 5743 1879 5812">
     <span class='ocr_line' id='line_1_128' title="bbox 830 5743 1879 5812; baseline -0.009 -13"><span class='ocrx_word' id='word_1_603' title='bbox 830 5752 1036 5800; x_wconf 78' lang='lat' dir='ltr'><strong>Nomine</strong></span> <span class='ocrx_word' id='word_1_604' title='bbox 1071 5743 1879 5812; x_wconf 7' lang='lat' dir='ltr'><strong>apostolico,munere,gl‘elli.tttiis.</strong></span> 
     </span>
    </p>
   </div>
   <div class='ocr_carea' id='block_1_128' title="bbox 708 5800 2134 5873">
    <p class='ocr_par' dir='ltr' id='par_1_128' title="bbox 708 5800 2134 5873">
     <span class='ocr_line' id='line_1_129' title="bbox 708 5800 2134 5873; baseline -0.004 -12"><span class='ocrx_word' id='word_1_605' title='bbox 708 5810 883 5861; x_wconf 71' lang='lat' dir='ltr'><strong>Forma</strong></span> <span class='ocrx_word' id='word_1_606' title='bbox 907 5812 1066 5861; x_wconf 83' lang='lat' dir='ltr'><strong>crucis</strong></span> <span class='ocrx_word' id='word_1_607' title='bbox 1087 5800 1319 5873; x_wconf 67' lang='lat' dir='ltr'><strong>templum</strong></span> <span class='ocrx_word' id='word_1_608' title='bbox 1339 5800 1437 5870; x_wconf 56' lang='grc' dir='ltr'><strong>ξεῖ,</strong></span> <span class='ocrx_word' id='word_1_609' title='bbox 1464 5800 1698 5867; x_wconf 72' lang='lat' dir='ltr'><strong>templum</strong></span> <span class='ocrx_word' id='word_1_610' title='bbox 1722 5800 1921 5861; x_wconf 87' lang='lat' dir='ltr'><strong>victoria</strong></span> <span class='ocrx_word' id='word_1_611' title='bbox 1942 5800 2134 5860; x_wconf 66' lang='lat' dir='ltr'><strong>Chrisli.</strong></span> 
     </span>
    </p>
   </div>
  </div>
