4192 6260
515 386 613 441 MSS
1644 389 1911 442 ENNUIHI
1954 385 2252 439 lil’ISCOPl
2291 385 2665 440 TILIINENSIS
3595 385 3699 440 336

513 480 824 551 Exemplum
859 483 1017 535 terris
1048 483 1317 551 linquens,
1349 482 1414 535 ad
1450 481 1624 536 sidera
1652 493 1833 548 raptus

578 572 847 626 Confessis
880 585 1080 626 rectunt
1114 589 1271 640 quant
1300 574 1433 625 bene
1471 579 1734 624 monstrat
1765 571 1893 622 iter!

511 663 597 717 Bis
623 664 788 719 denas
817 662 1040 727 hiemes,
1069 663 1290 715 totidem
1321 661 1652 715 transcendit
1679 659 1890 720 aristas,

575 755 744 821 Quem
768 754 946 806 subito
977 768 1045 807 ex
1078 753 1248 804 oculis
1277 767 1395 806 sors
1424 751 1641 805 inimica
1684 749 1823 804 tulit.

878 917 1192 954 ΕΡΙΤΑΡΠΙΙᾺΙ
1227 917 1576 954 HABUNUANTII
1611 916 1662 954 ν.
1689 916 1724 953 Ι.

509 992 788 1062 Nunquam
827 1002 999 1046 morte
1033 993 1168 1061 perit
1200 993 1403 1047 meritis
1441 1002 1561 1061 post.
1591 992 1741 1046 busta
1780 1000 2072 1060 Superstes,

580 1084 786 1136 Funera
815 1082 1098 1136 sublimem
1129 1098 1231 1136 non
1262 1084 1478 1152 capiunt
1507 1085 1764 1136 animam.

509 1173 754 1242 Sanguis,
789 1175 980 1236 honor,
1009 1173 1217 1242 genius,
1243 1174 1500 1242 probitas,
1545 1172 1860 1236 constantia,
1882 1185 2080 1225 census

583 1267 899 1319 Interimuut
923 1267 1103 1318 multis
1133 1265 1346 1319 dotibus
1376 1265 1617 1319 exitium.

511 1358 565 1412 In
594 1372 878 1409 commune
906 1357 1075 1410 bonus
1105 1372 1208 1410 non
1239 1359 1400 1410 sentit
1426 1357 1617 1410 damna
1659 1355 1891 1423 sepulcri
1924 1372 1936 1405 :

584 1449 691 1500 Fila
720 1448 898 1516 legunt
924 1448 1104 1500 Parca:
1133 1463 1249 1517 qua:
1279 1448 1538 1501 dederant
1564 1449 1798 1501 miseris.

511 1538 746 1592 Pendula
774 1539 1038 1591 lassantur
1060 1553 1177 1606 qua:
1209 1539 1418 1607 plebem
1451 1540 1678 1590 stamina
1705 1545 1938 1607 portant,

585 1627 760 1681 Fortia
801 1626 1116 1695 contingunt
1144 1626 1261 1680 licia
1296 1626 1584 1679 nobilibus.

512 1720 652 1773 Cana
684 1716 974 1772 venerandi
1003 1719 1332 1770 renovabam
1356 1718 1549 1770 s:rcula
1575 1730 1752 1770 mores
1785 1734 1797 1767 :

581 1811 744 1877 Inque
775 1808 942 1861 vicem
979 1807 1158 1876 templi
1190 1817 1404 1876 pectora
1437 1806 1629 1860 munda
1661 1806 1799 1859 tulit.

512 1974 576 2012 DF.
615 1972 998 2011 IZPIGRAMSIATIS
1038 1972 1137 2008 PER
1179 1973 1411 2009 ARMAIIIA
1451 1972 1606 2009 [)OMNI
1648 1969 1833 2008 FAllS'I'I
1880 1969 2077 2008 ΡΑετιε.

513 2050 758 2104 Consona
784 2049 1009 2103 diversis
1038 2048 1234 2101 tinxisti
1264 2048 1498 2102 carmina
1529 2048 1698 2110 libris,

585 2141 851 2209 Suscipiat
881 2140 1116 2210 gaudens
1139 2139 1313 2194 littera
1343 2138 1484 2208 quod
1508 2139 1688 2192 tribuit

513 2234 702 2290 Nescio
728 2234 814 2302 qui
849 2242 1049 2286 tantum
1081 2249 1183 2285 non
1212 2232 1406 2297 laudet,
1443 2231 1660 2298 Fauste,
1692 2230 1970 2300 pudorem,

586 2323 716 2378 Cum
746 2324 922 2378 reddis
943 2325 985 2377 si
1013 2323 1138 2391 quid
1173 2324 1304 2377 lecta
1329 2322 1528 2376 dedere
1557 2321 1671 2375 tibi.

519 2417 826 2486 Depositum
855 2415 1029 2484 perdit
1057 2430 1206 2468 mens
1233 2415 1366 2468 recti
1397 2416 1571 2467 nescia
1601 2426 1833 2480 semper,

587 2506 666 2560 Ad
698 2520 871 2560 mores
897 2505 1118 2559 redeunt
1148 2505 1260 2558 lnec
1286 2504 1607 2558 documenta
1634 2504 1854 2574 probos.

515 2598 570 2652 Si
604 2607 780 2650 tamen
811 2596 1046 2649 admittis
1067 2594 1254 2650 dexter
1283 2609 1398 2648 mea
1431 2595 1614 2660 verba,
1642 2593 1872 2659 fatebor,

586 2690 683 2756 Qui
713 2691 872 2759 pollet
903 2688 1108 2757 magnis
1132 2690 1347 2755 parvula
1376 2689 1496 2754 jure
1532 2688 1692 2757 fugat.

518 2782 824 2836 Laudentur
846 2781 1000 2834 tereti
1032 2794 1167 2848 quos
1195 2779 1368 2847 pingis
1406 2779 1642 2832 carmine
1672 2789 1836 2845 vates,

589 2871 818 2925 llascula
847 2871 863 2900 ¹
901 2869 1171 2923 rhetorico
1195 2869 1466 2922 schemate
1497 2868 1676 2937 lngua
1706 2879 1874 2924 tonet.

515 2961 624 3017 Ceu
653 2961 844 3015 Paulus
863 2959 1133 3014 Cltrstnm
1165 2959 1344 3012 docuit
1386 2958 1760 3028 hominemque
1794 2962 2080 3030 Deumque,

585 3055 701 3120 Quo
727 3060 940 3121 przestat
979 3049 1186 3103 cunctis
1214 3052 1441 3119 gaudeat
1467 3048 1700 3116 eloquio.

517 3146 688 3200 Attica
720 3157 814 3212 per
837 3141 1026 3196 Graios
1055 3140 1291 3194 ditentur
1315 3139 1562 3208 dogmata
1591 3153 1800 3204 sensus,

588 3237 653 3290 Et
682 3246 921 3289 nostrum
952 3243 1163 3303 stupeat
1185 3233 1390 3287 Graecia
1415 3232 1570 3286 docta
1594 3232 1777 3287 decus.

517 3327 730 3382 Moralis
753 3326 971 3391 strictis,
1006 3335 1251 3377 narretur
1275 3323 1496 3391 physica
1526 3324 1706 3385 certis,

588 3415 871 3469 Ilistoriatn
903 3423 1207 3467 monstrans
1235 3413 1430 3465 ittdicet
1456 3413 1699 3466 historia.

519 3516 730 3572 Comica
764 3531 856 3584 per
880 3515 1058 3568 limam
1090 3521 1456 3577 numerentur,
1489 3511 1641 3566 fortia
1674 3512 1882 3581 plausu,

588 3608 922 3662 (T0nveniunt
950 3604 1097 3673 operi
1129 3604 1302 3657 lucida
1331 3603 1468 3656 dicta
1495 3613 1603 3654 tuo.

519 3698 631 3754 Non
663 3699 801 3751 valet
825 3696 937 3749 haec
960 3696 1094 3748 alter
1124 3712 1135 3745 :
1163 3693 1254 3747 sed
1281 3692 1533 3746 Faustum
1563 3693 1740 3747 dicere
1771 3706 1979 3748 summa

589 3791 769 3846 Ludus
797 3791 898 3845 erit
925 3803 1157 3857 semper,
1185 3789 1226 3841 si
1253 3788 1387 3841 bene
1420 3795 1543 3842 nota
1567 3788 1786 3864 loquor.

1260 3867 1345 3919 IV.

732 3957 795 3993 DE
830 3955 1093 3993 PLAUSTIIO
1125 3953 1260 4000 QUOD
1292 3952 1568 3990 EPISCOPIYS
1613 3952 1875 3990 DONARAT.

524 4029 757 4084 Antistes
790 4043 1028 4081 summus
1061 4027 1306 4080 Plaustro
1336 4036 1385 4079 te
1415 4025 1594 4078 nobile
1625 4025 1809 4078 donat.

588 4118 776 4175 Pandit
806 4119 907 4173 iter
938 4116 1160 4186 magnis,
1202 4116 1376 4169 omina
1406 4114 1589 4170 dextra
1621 4115 1762 4168 facit.

971 4266 992 4296 ¹
1015 4280 1328 4318 εριτΛΡιιιωι
1359 4279 1611 4318 ηυετιοις.

524 4359 757 4422 Rustica,
790 4369 1060 4428 perpetuae
1089 4372 1194 4412 non
1228 4367 1279 4412 te
1305 4372 1426 4411 sors
1459 4357 1652 4427 pallida
1685 4359 1807 4412 vita:

589 4451 836 4512 Sustulit,
864 4448 1135 4504 interitum
1171 4465 1267 4502 nec
1295 4449 1385 4503 tibi
1421 4459 1592 4503 morte
1619 4449 1786 4504 dedit.

523 4544 712 4600 Purior
741 4542 987 4597 aetherias
1012 4543 1252 4610 graderis
1284 4544 1401 4596 sine
1431 4558 1592 4598 carne
1621 4559 1718 4612 per
1747 4557 1900 4599 arces
1931 4562 1943 4596 :

593 4638 682 4692 Sic
712 4638 871 4690 vitam
895 4645 1054 4689 casta:
1079 4637 1260 4689 funera
1291 4636 1591 4690 nobilitant.

597 4809 613 4880 ξ
652 4807 924 4880 Rhetorica
952 4807 1226 4880 schetttate]
1260 4806 1510 4880 Schema,
1541 4816 1725 4879 σχῆμα
1745 4848 1760 4874 ,
1787 4819 1867 4863 est
1903 4810 2090 4880 figura,

527 4879 722 4941 cultus,
765 4876 995 4932 Itabitus.
1039 4876 1325 4930 Schemate
1369 4879 1530 4945 igitur
1569 4876 1839 4932 rhetorico
1885 4876 2088 4946 dicere,

527 4956 611 5002 est
658 4959 850 4998 ornare
897 4958 951 4999 et
989 4961 1088 5012 qua
1131 4961 1319 5016 pompa
1368 4948 1612 5001 rhetores
1661 4950 1856 5016 Solent,
1890 4950 2086 5005 dicere.

528 5017 756 5070 Schema
787 5017 1098 5076 oratorium,
1119 5027 1175 5070 et
1214 5019 1428 5071 schema
1460 5033 1521 5071 ac
1563 5031 1751 5084 pompa
1782 5035 2088 5074 sermonum

529 5087 624 5140 ltb.
648 5100 685 5147 t,
717 5085 875 5152 epist.
910 5087 976 5138 I5
1005 5095 1056 5137 et
1088 5085 1173 5138 16.
1199 5086 1285 5140 Sic
1317 5087 1494 5139 mundi
1533 5087 1801 5139 schemata
1848 5098 1971 5142 sunt
2004 5106 2091 5142 or-

531 5165 776 5208 namenta
805 5154 1110 5225 saeculilib.
1145 5170 1224 5217 ix,
1256 5159 1411 5225 epist.
1445 5158 1498 5222 9,
1528 5165 1583 5210 et
1613 5158 1857 5210 humana:
1890 5160 2092 5224 perfec-

530 5225 687 5296 tionis
716 5225 930 5278 schema
957 5223 1187 5296 dictione
1213 5227 1266 5279 4.
1292 5223 1357 5278 At
1384 5242 1478 5295 pro
1493 5228 1770 5280 schemate
1813 5223 2090 5296 perperam

532 5299 631 5367 hoc
661 5294 777 5349 loco
828 5294 1107 5367 antiqttarii
1153 5294 1456 5367 stemmate
1483 5298 1828 5365 scripserant,
1859 5294 2092 5367 itemque

531 5367 581 5419 in
607 5364 805 5435 hymno
835 5363 888 5435 in
917 5363 1265 5435 Cyprianum,
1300 5379 1350 5417 et
1375 5363 1634 5433 epigrani.
1671 5367 1760 5420 87.

600 5437 620 5466 ¹
648 5433 981 5504 Epitaphium
1017 5434 1269 5505 Rustica]
1297 5437 1551 5503 Superest
1597 5437 1767 5489 adhuc
1808 5437 2088 5492 Mediolani

533 5505 633 5558 hoc
661 5505 985 5573 epitaphium
1014 5505 1330 5575 insculptum
1373 5509 1424 5558 in
1457 5505 1655 5572 lapide,
1696 5508 1784 5575 qui
1819 5524 1970 5563 nunc
2011 5511 2092 5564 itt-

532 5583 705 5627 sertus
730 5585 812 5628 est
835 5575 1076 5628 ecclesia:
1103 5574 1159 5627 S.
1193 5574 1488 5628 Francisci.

602 5643 622 5674 ³
653 5642 872 5710 Serpens
909 5659 1094 5698 venena
1122 5643 1300 5714 fugat]
1329 5643 1642 5698 Prudentius
1685 5643 1736 5700 in
1767 5645 2090 5703 Encbiridio.

1051 5735 1137 5782 sed
1164 5734 1374 5794 prudens
1392 5747 1492 5781 aere
1515 5734 1711 5794 politum

657 5791 764 5842 Dux
784 5804 928 5843 cruce
947 5791 1196 5855 suspendit
1215 5796 1295 5856 qui
1318 5798 1448 5845 virus
1472 5791 1714 5857 temperet
1733 5809 1959 5858 anguem.

2108 483 2150 537 Α
2185 478 2316 541 Quid
2344 479 2559 541 mirum,
2587 477 2797 530 viduata
2818 475 2922 529 ’tibi
2949 485 3032 528 sat
3055 476 3292 530 constitit
3324 486 3468 539 artas,

2258 571 2512 640 Conjdgis
2543 571 2606 622 ad
2632 579 2811 622 natum
2837 584 2955 622 eum
2989 570 3124 622 bene
3151 569 3342 623 ductus
3371 585 3543 624 amor.

2931 661 3014 714 VI.

2665 747 2976 784 EPITAPIIIUM
3008 746 3256 785 MELISSJﬁ.

2183 822 2419 890 Corpore
2445 821 2655 874 devicto
2685 823 2910 874 moritur
2941 822 3262 890 quicunque,
3296 829 3562 889 superstat
3595 838 3609 874 :

2254 916 2282 947 “
2315 914 2484 967 Domt
2517 913 2643 966 lethi
2686 913 2855 983 legem
2887 914 3106 966 crimina
3140 914 3250 966 sola
3287 914 3508 965 homini.

2184 1003 2264 1057 Nil
2295 1003 2408 1068 tibi,
2443 1004 2611 1072 virgo,
2645 1004 2814 1072 perit:
2849 1019 3062 1056 carnem
3088 1014 3236 1056 utens
3263 1017 3388 1070 pura
3419 1000 3614 1054 refudit

2257 1094 2383 1159 Qua:
2414 1107 2682 1162 nunquam
2715 1094 2898 1147 tnundi
2933 1093 3060 1146 vixit
3101 1095 3150 1146 in
3175 1092 3467 1162 obsequiis.

2187 1182 2416 1245 Funera,
2450 1183 2625 1247 busta,
2659 1186 2793 1252 rogi,
2827 1184 3090 1238 scelerum
3134 1184 3402 1252 stipendia
3425 1190 3637 1234 cessent
3669 1197 3681 1229 :

2263 1274 2335 1328 De
2363 1274 2466 1327 vita
2499 1274 2564 1328 ad
2589 1275 2748 1328 vitam
2794 1275 3050 1328 transitus
3075 1273 3176 1328 iste
3206 1274 3398 1342 placet.

2929 1364 3036 1416 VII.

2584 1443 2845 1507 (scuram
2877 1458 3060 1497 meus
3091 1457 3139 1495 nv
3172 1442 3399 1510 cactus.)

2187 1531 2405 1584 Occisor
2435 1533 2641 1596 mortis,
2667 1533 2771 1586 dux
2806 1533 2948 1598 vitae,
2983 1534 3160 1602 planta
3189 1532 3397 1596 salutis,

2260 1624 2472 1690 Aspice,
2508 1639 2648 1677 nunc
2669 1623 2692 1653 ³
2724 1639 2946 1694 serpens
2975 1639 3098 1678 ecce
3125 1637 3328 1676 venena
3353 1621 3518 1692 fugat.

2191 1714 2416 1783 thuod
2447 1716 2688 1782 supplicii
2715 1717 2921 1783 species
2946 1725 3000 1769 et
3039 1715 3227 1768 mortis
3261 1714 3435 1781 imago

2259 1806 2376 1860 Jam
2407 1806 2574 1860 fuerat
2604 1807 2833 1873 miseris,
2866 1815 2948 1861 est
2972 1807 3098 1860 mihi
3121 1815 3263 1859 certa
3307 1806 3468 1859 salus.

2905 1897 3036 1950 VIII.

2187 1993 2382 2032 VERSUS
2422 1993 2471 2030 IN
2509 1992 2739 2031 BASILICA
2788 1993 2971 2031 SANCTI
3016 1992 3162 2029 XYS’I'I
3203 1991 3429 2029 EPISCOPI
3483 1989 3631 2029 FACTI
3685 1992 3743 2030 E'l

2327 2083 2546 2132 SCRIPTI,
2571 2084 2708 2131 QUAM
2738 2067 2755 2096 ί
2787 2082 3112 2121 ιΑυηεΝτιυε
3144 2080 3417 2120 EPISCOPUS
3440 2081 3608 2119 FECIT.

2188 2160 2427 2214 Antistes
2455 2161 2614 2227 genio
2647 2159 2872 2228 pollens,
2905 2159 3191 2227 probitate,
3228 2159 3450 2226 pudore,

2185 2249 2409 2304 Ornavit
2436 2250 2630 2304 donum
2662 2249 2889 2315 meritis,
2919 2259 2972 2303 et
3011 2251 3208 2302 lumina
3241 2250 3363 2302 vita:

2188 2341 2265 2394 Ad
2295 2341 2768 2410 pretitunjungens
2799 2341 2995 2409 operis,
3026 2343 3136 2394 ha'c
3175 2342 3368 2410 templa
3397 2341 3605 2395 locavit.

2189 2429 2358 2498 Lapsa
2389 2445 2482 2499 per
2506 2432 2735 2486 incertos
2767 2446 2871 2484 non
2909 2431 3108 2500 spargit
3137 2431 3271 2484 fama
3301 2446 3576 2495 recessus;

2189 2523 2293 2578 Sed
2320 2523 2514 2576 veteris
2540 2523 2656 2576 facti
2695 2524 2819 2576 vivit
2849 2523 2930 2577 lex
2960 2535 3109 2577 aucta
3145 2538 3236 2592 per
3266 2537 3473 2590 aevum,

2187 2614 2355 2681 Quam
2381 2614 2568 2669 dexter
2594 2617 2766 2684 capiat
2796 2615 3043 2670 Laurenti
3076 2631 3294 2669 munera
3325 2615 3542 2686 Xystus.

2191 2706 2282 2761 Sic
2327 2715 2507 2761 manet
2530 2705 2787 2774 ofticium,
2819 2708 2959 2776 quod
2990 2709 3189 2762 sanctis
3217 2710 3438 2778 contigit
3462 2711 3609 2762 olim.

2190 2796 2391 2852 Obtulit
2421 2796 2507 2852 hic
2537 2798 2814 2866 templum,
2841 2799 3061 2853 veniens
3083 2801 3224 2868 quod
3263 2809 3541 2855 consecrat
3571 2800 3679 2854 ille.

2940 2912 3028 2966 IX.

2189 2997 2312 3034 ITEM
2365 2995 2415 3034 IN
2467 2997 2701 3036 BASILICA
2743 2997 2817 3036 SS.
2865 2998 2983 3044 QUIA
3035 2998 3305 3036 ARSERANT
3354 2999 3592 3037 £l'll-‘ICIA
3636 2999 3750 3046 DUM

2398 3087 2546 3126 PBIUS
2594 3088 2658 3125 IBI
2699 3087 2958 3137 FUEBANT,
2992 3087 3056 3125 ΕΤ
3103 3087 3179 3126 SIC
3216 3088 3381 3126 FACTA
3428 3088 3539 3126 EST.

2115 3195 2162 3262 ο
2198 3162 2327 3215 Vilia
2362 3170 2499 3216 teeta
2530 3162 2680 3230 prius
2709 3162 2910 3215 facibus
2940 3176 3154 3216 cessere
3186 3162 3375 3215 beatis.

2195 3253 2291 3307 Sic—
2311 3252 2560 3322 splendor
2588 3268 2682 3321 per
2709 3253 2899 3306 damna
2931 3253 3099 3317 venit,
3135 3254 3214 3306 sic
3243 3253 3472 3307 culmina
3503 3251 3750 3316 flammis,

2193 3342 2529 3412 Consurgunt
2565 3342 2810 3396 habitura
2834 3343 3021 3396 Deum.
3055 3345 3110 3396 Si
3140 3343 3339 3410 perdita
3371 3354 3616 3398 crescunt

2194 3431 2410 3500 Ignibus
2435 3432 2701 3497 innocuis,
2736 3431 2780 3485 si
2809 3431 2935 3485 dant
2967 3431 3241 3500 dispendia
3271 3433 3510 3496 cultum:

2191 3522 2372 3588 Qualis
2401 3524 2501 3577 erit
2522 3537 2776 3591 reparans
2802 3523 3188 3590 crepitantibus
3218 3533 3368 3576 aucta
3403 3524 3613 3577 ruinis?

2193 3614 2444 3668 Laurenti
2473 3624 2557 3668 tua
2592 3615 2728 3668 bella
2764 3629 2956 3684 gerens
2987 3615 3232 3669 incendia
3265 3613 3437 3670 vince.

2192 3705 2418 3760 Sordida
2445 3705 2700 3759 marcenti
2734 3705 2968 3760 latuisset
3001 3716 3136 3760 terra
3165 3721 3403 3768 receSSu,

2193 3796 2247 3849 Si
2286 3805 2455 3848 status
2489 3795 2674 3848 faciem
2709 3797 2999 3850 tenuissent
3028 3806 3174 3850 antra
3199 3805 3432 3850 vetusta.

2191 3887 2294 3942 Sed
2327 3896 2601 3955 postquam
2628 3889 2805 3954 superi
2838 3888 3077 3942 flammas
3102 3890 3300 3942 misere
3327 3888 3607 3954 secundas,

2193 3977 2272 4031 Ad
2297 3977 2478 4031 iumen
2509 3977 2718 4032 cineres
2742 3988 3014 4033 traxerunt
3046 3979 3140 4032 iSta
3171 3980 3473 4034 colendum.

2195 4068 2308 4122 Huc
2338 4069 2523 4122 oculos
2547 4081 2802 4124 converte
2832 4069 2966 4140 pios,
2995 4069 3083 4140 qui
3113 4080 3298 4125 cuncta
3329 4085 3524 4140 vapore

2196 4158 2449 4213 Praedicis
2476 4160 2798 4225 mundanda,
2830 4171 2994 4229 pater,
3031 4162 3293 4231 rebusque
3312 4162 3581 4217 docendos

2195 4247 2421 4316 lnstrue,
2454 4263 2521 4305 ne
2547 4249 2725 4305 verbis
2754 4249 2943 4306 titubet
2964 4266 3115 4306 mens
3147 4252 3323 4308 nescia
3353 4254 3507 4308 recti.

2951 4361 3018 4415 Χ.

2683 4454 2703 4484 ⁸
2731 4468 2780 4507 IN
2809 4468 2946 4507 nono
2973 4470 3272 4508 MEttIOLANl.

2121 4556 2166 4614 υ
2197 4544 2416 4600 Αῐάὶὺιιε
2445 4545 2509 4600 ad
2539 4547 2754 4614 genium
2785 4545 2892 4598 duo
2923 4554 3047 4599 sunt
3077 4562 3331 4601 concessa
3372 4563 3465 4616 per
3493 4563 3686 4617 tevum,

2267 4640 2319 4692 Si
2347 4639 2549 4692 niteant
2577 4637 2793 4706 crustis,
2826 4646 2916 4691 aut
2944 4637 3143 4691 domini
3173 4639 3384 4692 merito.

2199 4811 2317 4867 Pari
2358 4813 2615 4882 elegantia
2661 4822 2714 4868 et
2757 4812 3002 4867 antithesi
3063 4813 3218 4867 Sevet
3235 4814 3383 4866 ianus
3441 4813 3760 4868 Gabalornm

2195 4884 2474 4951 episcopus
2513 4893 2762 4954 serpente
2795 4885 2904 4946 illo,
2933 4882 3052 4951 quia
3093 4883 3389 4951 symbolum
3445 4893 3561 4938 erat
3589 4887 3763 4938 crucis

2195 4955 2685 5027 Citris_ti,_salut_em,
2725 4959 2827 5027 ptati
2851 4956 2951 5007 ἀπὸ
2990 4960 3078 5027 τοτξ
3116 4955 3491 5027 ἐπικαταρᾴτου
3519 4956 3763 5027 εὐλογίαν)

2198 5039 2227 5074 a
2260 5023 2539 5078 maledicto
2571 5024 3014 5086 benedictionem,
3045 5023 3261 5076 ﬂuxisse
3282 5023 3354 5075 ait
3378 5025 3427 5075 in
3465 5023 3709 5076 oratione
3730 5025 3765 5076 2

2201 5108 2231 5145 e
2258 5093 2438 5146 decem
2487 5109 2618 5159 quas
2661 5092 3026 5162 Cbryso.~totni
3059 5093 3273 5145 nomine
3317 5094 3367 5144 in
3400 5092 3572 5145 lucem
3617 5093 3765 5146 dedit

2206 5163 2351 5215 card.
2384 5164 2624 5215 Siriettts.
2659 5162 2762 5216 Sed
2803 5163 3089 5215 Severiano
3121 5162 3256 5214 hanc
3298 5171 3560 5222 asserunt,
3604 5176 3761 5226 quam

2199 5233 2326 5292 dixi,
2365 5233 2718 5285 Dtmascenus
2761 5241 2814 5284 et
2861 5231 3001 5284 Hadr
3023 5246 3154 5284 anus
3203 5245 3332 5299 papa
3391 5244 3510 5283 cum
3560 5229 3764 5298 synodo

2203 5301 2508 5354 Pari-iensi.

2278 5373 2296 5400 ⁸
2327 5369 2626 5422 Laurentius
2654 5368 2949 5435 episcopus}
2984 5367 3391 5422 Mediolancnsis
3423 5385 3433 5418 :
3470 5368 3534 5419 ab
3562 5382 3628 5421 eo
3658 5369 3765 5421 Me-

2199 5442 2396 5493 dinlani
2426 5448 2695 5492 exstructa
2730 5439 2939 5490 basilica
2975 5438 3032 5491 S.
3070 5439 3217 5506 Xysti
3249 5456 3260 5490 :
3293 5437 3565 5490 Ennotlius
3591 5444 3765 5506 parie-

2200 5521 2279 5564 tes
2313 5510 2486 5577 prisco
2515 5509 2944 5577 Ecclesiaetnore
2976 5509 3213 5561 versibus
3237 5508 3526 5574 inscripsit.

2269 5581 2288 5610 ⁵
2311 5575 2375 5630 In
2405 5579 2555 5630 doma
2598 5575 2873 5628 Mediolani
2899 5577 2908 5644 ]
2943 5577 3108 5630 Domo
3134 5578 3375 5631 ecclesia:
3407 5593 3500 5629 srtt
3536 5578 3770 5630 basilica:

2199 5647 2540 5717 episcopalis;
2568 5661 2725 5715 quam
2748 5645 3061 5700 Laurentius
3089 5647 3226 5701 idem
3247 5648 3410 5700 variis
3434 5647 3591 5701 rebus
3613 5664 3769 5703 exor-

2112 5744 2117 5749 ·
2202 5726 2370 5772 ttaral.

2269 5790 2296 5822 δ
2326 5785 2462 5841 Dant
2496 5786 2775 5854 lege:-dum
2807 5785 3014 5864 videtur
3036 5788 3185 5857 juxta
3229 5789 3374 5859 leges
3404 5790 3581 5847 metri.
3618 5789 3765 5844 Eutr.
