4184 6260
555 439 661 495 543

1273 541 1430 596 XL’I.

1124 647 1257 686 ANTE
1296 643 1583 692 COQUINAM.

623 727 738 784 Non
769 725 898 780 mihi
929 719 1133 779 diffusa:
1163 720 1293 775 dant
1319 717 1538 789 prandia
1569 717 1711 770 ce7$a
1743 714 1986 782 coquinae
2013 727 2026 762 :

690 818 798 873 Nec
829 817 1009 886 plures
1034 821 1222 870 venter
1249 810 1486 867 concutit
1510 809 1763 862 artitices.

621 907 845 965 Fercula
876 919 1039 975 pauca
1069 904 1258 958 damus
1289 914 1568 955 numerum
1600 896 1864 952 vincentia
1893 897 2060 960 cultu,

693 997 872 1052 Gloria
903 1010 1001 1050 nec
1029 1006 1231 1051 mensae
1259 991 1451 1046 damna
1482 989 1673 1043 salutis
1705 986 1882 1040 habet.

1254 1081 1438 1137 XLIII.

1096 1179 1109 1207 ¹
1145 1190 1282 1230 mre.
1321 1185 1593 1228 cauum.

623 1277 807 1335 Sobria
838 1273 971 1329 cella
998 1272 1146 1327 cadis
1174 1272 1353 1324 vinum
1383 1264 1522 1335 quod
1552 1269 1734 1318 servat
1761 1255 1993 1320 onustis,

689 1368 927 1436 Corpora
957 1365 1243 1420 confirmat
1267 1359 1557 1429 gressibus
1572 1365 1690 1408 acta
1715 1351 1852 1406 suis.

620 1456 909 1513 Infundunt
937 1453 1120 1508 multis
1150 1453 1354 1504 irartun
1385 1445 1569 1516 pocula
1603 1444 1844 1496 flammas
1869 1456 1884 1492 :

691 1545 975 1600 hlitescuut
1003 1551 1196 1596 nostro
1217 1537 1402 1592 bellici
1434 1537 1596 1593 corda
1627 1547 1797 1588 mero.

1237 1622 1436 1683 XLIV.

1064 1736 1115 1775 IN
1156 1734 1403 1775 INCRESSU
1447 1732 1626 1773 ιιοιιτι.
2020 1785 2029 1792 _

620 1817 864 1886 Respice,
898 1815 984 1883 qui
1011 1828 1256 1885 gressum
1296 1811 1477 1865 sinuas
1507 1823 1603 1880 per
1631 1819 1841 1862 amomi
1870 1803 2060 1865 vireta,

621 1903 691 1966 Ut
713 1906 888 1963 discas
914 1906 1071 1961 cultis
1100 1906 1270 1958 lucem
1301 1901 1553 1970 prieferrc
1582 1899 1792 1954 diserti.

619 1999 831 2056 Arridet
858 2012 1107 2068 germen,
1137 1994 1288 2064 quod
1311 1994 1501 2062 lingua:
1531 1991 1766 2062 pingitur
1792 1999 1962 2054 ostro,

626 2091 728 2146 Ver
759 2089 920 2146 habet
949 2088 1002 2142 in
1028 2088 1237 2152 bruma,
1265 2086 1351 2156 qui
1386 2087 1546 2140 flores
1573 2083 1811 2138 carmine
1840 2079 2028 2150 gignit,

620 2183 724 2237 Per
749 2166 968 2250 glaciem
998 2177 1261 2247 zephyros
1290 2174 1534 2237 exhalant
1567 2172 1728 2227 verba
1760 2176 2024 2239 tepentes,

623 2272 780 2327 Ebria
814 2271 1026 2339 fulgenti
1062 2267 1381 2322 maduerunt
1409 2265 1610 2318 murice
1637 2261 1807 2324 dii-ta,

621 2362 880 2416 Omnibus
910 2360 962 2412 in
992 2357 1152 2413 rebus
1181 2369 1489 2410 sermonum
1521 2364 1758 2422 purpura
1781 2355 1986 2418 regnat,

623 2452 744 2506 Oris
775 2451 848 2504 ad
873 2449 1169 2522 imperium
1187 2444 1507 2500 submittunt.
1535 2445 1682 2498 colla
1705 2439 1968 2509 chelydri.

624 2539 812 2610 Algida
843 2553 965 2594 cum
998 2553 1154 2592 roseo
1177 2537 1536 2606 juxenescunt
1564 2531 1822 2601 sanguine
1851 2527 2036 2590 corda,

630 2630 917 2685 Primrevos
945 2626 1144 2697 gelidis
1160 2623 1394 2680 ostendit
1422 2624 1598 2678 littera
1627 2618 1905 2674 membris.

630 2721 723 2775 Ver
739 2721 801 2775 tit
828 2719 894 2773 ad
919 2717 1232 2786 obsequium
1265 2723 1468 2769 natura:
1503 2725 1725 2767 munera
1762 2711 1970 2768 doctus,

628 2809 856 2875 Aitates,
889 2807 1117 2878 species,
1148 2817 1448 2869 mensuras,
1483 2809 1745 2869 tempora,
1777 2800 1996 2850 fortnas.

1270 2894 1430 2949 XLV.

931 3007 1087 3045 lN‘l‘RA
1129 3006 1160 3043 ll
1201 3004 1340 3044 RTU!
1379 3003 1544 3041 SUl‘flA
1587 3001 1767 3040 LIIII-LN.

629 3081 911 3140 Collattdet
947 3082 1134 3150 spatiis
1165 3076 1441 3133 hortorum
1472 3075 1755 3132 commoda
1787 3073 1965 3135 lautis,

706 3174 940 3230 Plurima
963 3172 1058 3227 cni‘
1076 3172 1267 3227 satiant
1294 3169 1477 3238 jugera
1509 3167 1649 3222 culta
1677 3164 1893 3218 famem.

633 3264 801 3321 Ditior
829 3259 1319 3328 extentos'snperat
1351 3259 1448 3312 dos
1481 3258 1622 3325 larga
1655 3256 1922 3309 minorum
1952 3269 1966 3306 :

701 3349 957 3404 Nobilitas
985 3363 1106 3402 vera
1139 3357 1246 3411 est,
1272 3361 1392 3415 quae
1422 3347 1555 3399 nitet
1586 3347 1637 3398 in
1671 3345 1915 3397 modicis.

634 3440 788 3495 Venit
816 3439 880 3491 ad
913 3437 1184 3492 inclusum
1205 3444 1532 3506 postponens
1559 3435 1726 3505 gratia
1754 3448 1996 3503 campos,

705 3529 941 3586 Prodidit
967 3529 1214 3597 angustis
1237 3527 1362 3596 quid
1393 3527 1548 3581 faciat
1579 3525 1837 3580 studium.

631 3621 829 3675 Vernat
860 3620 911 3671 in
943 3619 1183 3684 ingressu
1213 3616 1460 3670 viridanti
1491 3617 1726 3686 porticus
1753 3615 1966 3680 umbra,

699 3709 794 3763 Cui
827 3707 958 3760 fudit
988 3706 1198 3775 genium
1233 3704 1412 3757 vitifer
1442 3705 1555 3772 ipse
1585 3703 1752 3756 Deus.

630 3797 906 3852 Exornans
937 3793 1142 3863 magnis
1172 3793 1418 3846 foliorum
1452 3801 1594 3844 texta
1631 3790 1858 3844 racemis

702 3885 922 3941 IEstivis
943 3886 1129 3954 juugct
1157 3883 1431 3937 commoda
1469 3880 1772 3951 frigoribus.

629 3976 762 4030 Lilia
797 3989 939 4039 nam,
972 3973 1173 4036 laurus,
1207 3972 1377 4033 oleas,
1409 3971 1690 4025 commista
1722 3969 1916 4023 rosetis

705 4064 779 4118 De
805 4063 960 4116 cultu.
979 4061 1251 4130 proprium
1282 4058 1401 4114 feeit
1435 4073 1598 4112 avere
1624 4058 1790 4112 diem.

629 4153 780 4207 Serta
811 4149 1190 4220 triumphantis
1229 4147 1472 4203 frondem
1504 4163 1620 4218 qua:
1663 4157 1923 4202 monstret
1953 4151 2076 4201 ami-

1906 4243 2070 4313 [cuun

705 4336 938 4391 Contulit
963 4336 1181 4390 affectu.
1209 4351 1368 4390 aurea
1404 4345 1538 4388 terra
1570 4350 1717 4388 suos.

631 4426 830 4495 Largus
859 4441 1015 4493 opum
1047 4435 1227 4494 poscit
1260 4425 1477 4491 majoris
1509 4423 1723 4492 prtemia
1761 4423 1865 4477 voti
1894 4439 1908 4476 :

702 4517 814 4571 Hoc
843 4518 975 4571 satis
1004 4527 1083 4570 est
1113 4517 1285 4579 tt0‘.ti~‘,
1316 4516 1454 4585 quod
1488 4515 1603 4569 sine
1633 4515 1818 4569 fraude
1848 4514 1995 4568 Iiltct.

1259 4623 1439 4676 XLVI.

631 4720 650 4748 ¹
677 4734 739 4770 DE
771 4732 980 4769 uenam
1016 4730 1117 4766 tN’l..
1155 4731 1201 4766 γ.
1227 4730 1343 4776 QUAS
1368 4714 1395 4744 τ
1414 4731 1458 4767 IN
1488 4729 1690 4768 St‘PTlCI
1715 4735 1723 4759 ι
1751 4730 2069 4783 curarum,

1130 4801 1212 4838 ΙῘΑ
1235 4800 1421 4837 ’I'ENITIS
1447 4801 1561 4838 EST.

630 4874 854 4942 Spiritus
883 4875 1143 4930 exhausto
1170 4875 1275 4928 voli
1304 4884 1358 4928 at
1391 4875 1741 4942 pradultricus
1769 4891 1921 4929 amo.

636 4986 652 5015 ⁸
681 4983 808 5036 Ante
847 4986 1109 5056 cenaverat]
1150 4987 1347 5042 Cellam
1395 4986 1675 5042 vinariam.
1728 4985 1783 5037 S.
1820 4986 2147 5056 Augustinus

563 5067 811 5108 sermone
841 5053 901 5107 6t
937 5057 1002 5106 de
1032 5053 1294 5123 Tempore
1323 5073 1336 5112 :
1371 5057 1534 5109 Multo
1565 5065 1680 5107 sunt
1715 5070 1828 5119 quae
1857 5053 1923 5108 de
1942 5059 2142 5123 horreo,

544 5130 772 5179 'cunava.
805 5124 883 5194 uel
919 5125 1125 5194 ge'lario
1162 5128 1428 5194 aliquoties
1463 5136 1687 5187 pto’erre
1717 5141 1816 5175 non
1851 5143 2139 5192 possumus.
2229 5148 2231 5150 ·

564 5195 794 5250 Isidorus
835 5191 885 5243 in
908 5191 1140 5265 Cios-sis,
1176 5191 1397 5262 Conviva,
1432 5213 1630 5249 contero
1666 5191 2139 5265 post'cienaculum.

541 5268 866 5320 'Canevarns
908 5261 1170 5336 hodieque
1215 5266 1325 5317 Itali
1371 5277 1561 5320 vorant
1609 5261 1892 5336 pinei-ruas
1925 5269 2004 5321 vel
2050 5284 2140 5321 ca-

565 5350 712 5390 uavze
744 5335 1074 5401 praepositos.
1445 5353 1455 5362 -

633 5408 652 5436 ⁸
681 5403 753 5457 De
777 5401 991 5456 Murena
1021 5401 1114 5456 inf.
1149 5402 1212 5473 {.]
1245 5404 1353 5458 lloc
1393 5416 1474 5459 est
1505 5409 1729 5460 inlustris
1757 5407 1958 5473 femina:
1988 5425 2004 5461 :
2037 5409 2144 5462 for-

567 5487 705 5530 lasse
732 5474 978 5528 Firtuiuze
1010 5488 1021 5525 :
1059 5475 1109 5527 iu
1150 5475 1301 5541 cujus
1336 5477 1552 5530 anulum
1594 5478 1717 5530 lusit
1752 5477 2008 5546 epigram.
2045 5481 2135 5544 97,

566 5561 705 5600 nunc
734 5547 782 5598 in
809 5546 922 5612 ejus
950 5545 1303 5607 murennlatn,
1335 5546 1434 5598 hoc
1461 5559 1542 5598 est
1568 5545 1867 5601 catennlatn
1897 5564 2136 5614 auream,

566 5615 647 5667 eui
697 5615 985 5670 similitudo
1034 5615 1191 5680 piseis
1238 5630 1431 5667 nomen
1488 5616 1608 5669 fecit
1658 5635 1669 5668 :
1725 5633 1842 5672 eam
1887 5619 2140 5674 describit

569 5685 915 5753 ll<cr0nyntu~
943 5686 1006 5736 atl
1034 5686 1331 5741 Marcellam
1353 5688 1506 5753 epist.
1531 5687 1613 5741 15.
1637 5688 1879 5741 Murenas
1909 5707 2001 5757 pro
2025 5707 2140 5744 ιπηι-

570 5757 767 5825 [erutus
808 5757 1110 5822 frequenter
1141 5758 1297 5810 iterat
1329 5759 1637 5810 Anastasius
1670 5761 1718 5810 in
1751 5758 2008 5825 Gregorio
2043 5777 2090 5812 IV
2122 5779 2134 5813 :

570 5819 833 5874 Murenam
867 5819 916 5874 iri
945 5842 1044 5903 qua
1066 5828 1285 5903 pendent
1311 5845 1516 5894 grnmiw
1537 5819 1987 5903 hyacinthicm'lii;
2017 5833 2137 5885 item

569 5907 802 5944 murena:
847 5897 1147 5960 prasinate',
1191 5906 1242 5950 ct
1287 5914 1550 5952 murenam
1596 5897 1834 5966 triﬁlem,
1877 5915 2139 5957 titurertam

1675 419 1954 478 ENNODII
1989 412 2287 472 EPISCOPI
2329 409 2505 465 TICIN
2557 408 2705 464 NSIS

3727 399 3835 455 3H

2169 531 2217 589 Α
2315 521 2554 577 Candida
2589 521 2844 574 lassatum
2879 518 2964 572 vix
2997 517 3163 586 tangit
3193 514 3431 570 membra
3463 513 3760 568 metallum.

2316 611 2520 665 Afllixit
2549 609 2756 678 pondus
2789 607 3015 678 pretium
3053 605 3288 660 fornacis
3318 603 3544 658 anhela).

2926 689 3146 749 XLVll.

2931 800 3146 838 ALITEB.

2311 878 2485 930 Aurea
2516 887 2611 944 per
2639 875 2861 928 nebulas
2891 873 3140 927 dissolvit
3174 872 3255 925 ﬁla
3286 872 3576 940 magister:

2383 965 2653 1019 Luserunt
2677 963 2880 1016 dociles
2911 962 3124 1015 flamina
3150 947 3296 1014 fulva
3329 975 3536 1015 manus.

2919 1049 3147 1104 XLVIII.

2927 1159 3145 1212 Αιιτσι.

2309 1235 2551 1292 Contulit
2579 1235 2665 1290 hic
2700 1243 2889 1289 ventus
2922 1232 3143 1301 pretiosi
3176 1231 3413 1286 membra
3443 1228 3662 1284 metalli.

2381 1325 2532 1393 Quod
2562 1327 2765 1379 tinxere
2796 1323 3004 1387 timent,
3041 1336 3138 1376 nec
3165 1323 3378 1391 capiunt
3408 1319 3569 1375 oculi.

2935 1409 3120 1464 XLIX.

2923 1515 3136 1552 ALI'I'EII.

2311 1590 2406 1646 Est
2434 1589 2585 1654 nihil,
2619 1598 2674 1643 et
2705 1598 2885 1652 teneo,
2913 1586 3184 1641 convincit
3211 1585 3432 1640 dextera
3461 1585 3653 1640 visum.

2309 1680 2602 1751 Stringitur
2633 1679 2854 1733 arctatis
2884 1676 3169 1746 digitorum
3199 1675 3431 1729 nexibus
3459 1688 3612 1730 aura.

3004 1765 3067 1819 L.

2165 1892 2209 1948 Β
2292 1874 2356 1912 DE
2389 1871 2456 1910 ΕΟ
2485 1872 2571 1919 QUI
2608 1869 2756 1910 FICL'S
2787 1869 3001 1908 κυκειιε
3034 1870 3100 1907 ΕΤ
3127 1868 3400 1907 τεεδειυδι
3430 1866 3584 1904 SIMUL
3614 1864 3778 1904 ιιειι.

2313 1945 2554 1998 D.unnati
2585 1944 2606 1974 ⁸
2638 1943 2840 1998 fructus
2873 1941 3038 1997 mittit
3063 1951 3149 1995 tua
3179 1943 3398 1996 dextera
3427 1940 3571 2010 ligni.

2306 2033 2427 2088 llaec
2461 2032 2730 2087 hominem
2761 2033 2781 2063 ⁵
2808 2031 2924 2085 dira
2961 2029 3252 2100 spoliarunt
3288 2029 3475 2098 pabula
3512 2026 3768 2098 primum,

2313 2125 2380 2178 Et
2410 2122 2588 2187 nudis,
2623 2135 2871 2191 serpens,
2905 2128 3023 2189 post
3055 2118 3289 2172 fraudem
3314 2126 3460 2171 sorte
3487 2115 3728 2170 minaris.

2315 2209 2742 2279 Parce,.precor,
2771 2208 2928 2262 donis
2961 2226 2973 2260 :
3006 2222 3160 2261 casus
3189 2215 3238 2261 et
3265 2206 3468 2260 damna
3487 2221 3516 2260 r
3547 2218 3723 2259 serva.

2310 2298 2456 2365 Quid
2480 2298 2718 2351 nocitura
2754 2303 2907 2364 putas
2937 2294 3169 2349 insontis
3197 2309 3353 2365 poma
3385 2293 3583 2348 saluti?

2315 2386 2455 2440 Ante
2483 2386 2628 2440 ferax
2657 2385 2786 2438 lethi
2819 2395 2944 2438 tunc
2973 2393 3196 2438 mortem
3227 2383 3434 2451 depulit
3462 2381 3642 2444 arbor,

2320 2473 2446 2526 Fixa
2482 2473 2880 2542 triumpltigeris
2909 2486 3030 2526 cum
3058 2471 3218 2525 ramis
3250 2476 3352 2524 vta
3381 2472 3654 2541 pependit.

3003 2559 3087 2614 LI.

2674 2668 2738 2705 DE
2779 2665 3059 2704 Αυυιτεῐιο
3100 2665 3162 2702 ΕΤ
3202 2664 3410 2702 Ν()Ι;Ι.ῗ”.,

2316 2741 2504 2798 Omnia
2534 2741 2844 2809 memphitis
2876 2740 3174 2794 retinentur
3201 2737 3394 2790 smcula
3426 2737 3604 2790 textis.

2319 2829 2550 2885 Servivit
2577 2844 2845 2898 nunquam
2873 2825 3189 2880 Laurentius
3217 2835 3342 2879 ante
3367 2823 3424 2878 Νι
3447 2823 3588 2888 roni,

2318 2917 2425 2972 Nec
2457 2917 2632 2970 timuit
2662 2916 2865 2970 validas
2895 2916 3017 2968 vicit
3047 2913 3137 2982 qui
3170 2927 3396 2983 corpore
3424 2912 3688 2967 ﬂammas.

2989 3001 3098 3056 LII.

2932 3106 3143 3144 ALITER.

2325 3185 2415 3239 Vir
2445 3183 2600 3248 facie,
2629 3181 2822 3251 mulier
2850 3189 3026 3249 gestu,
3055 3178 3150 3233 sed
3190 3193 3348 3235 crure
3379 3182 3515 3249 quod
3546 3183 3740 3250 ambo,

2175 3267 2221 3329 Ε.
2321 3271 2502 3342 Jurgia
2540 3279 2743 3325 natura:
2773 3269 2922 3324 nullo
2947 3268 3258 3323 discrimine
3288 3269 3525 3335 solvens,

2320 3361 2392 3418 Es
2422 3361 2592 3432 lepus,
2623 3369 2677 3414 et
2709 3360 2840 3416 tanti
2871 3361 3154 3414 conculcas
3185 3359 3317 3415 colla
3353 3361 3545 3416 leonis.

2977 3447 3110 3504 LIII.

2934 3557 3128 3596 ALITER

2323 3633 2488 3702 Exige
2519 3631 2805 3687 mendaces
2837 3633 3153 3701 populorum
3188 3635 3442 3690 uxorcula
3470 3634 3686 3703 barbas,

2389 3721 2465 3777 Ne
2493 3722 2736 3776 minuant
2763 3729 3024 3791 quaestum
3055 3723 3290 3778 mascula
3324 3723 3463 3778 labra
3491 3732 3660 3778 tuum.

2975 3810 3107 3864 LIV.

2933 3915 3145 3955 Αιιτεη.

2318 3989 2541 4059 ltespice
2570 3999 2874 4058 portentum
2909 3995 3178 4060 termixto
3208 3998 3326 4064 jure
3353 4006 3613 4062 creatum,

2317 4079 2636 4133 Communis
2655 4081 2884 4148 generis,
2916 4084 3082 4135 satius
3110 4082 3429 4138 sed-dicitur
3455 4087 3649 4140 omnis.

2992 4171 3097 4225 LV.

2934 4280 3145 4319 ALITER.

2321 4348 2478 4402 Ludit
2508 4351 2557 4404 in
2590 4352 2808 4418 auripiti
2840 4364 3090 4407 constans
3121 4355 3320 4409 fallacia
3349 4371 3478 4412 sexu
3509 4375 3522 4410 :

2326 4436 2540 4492 Femina
2568 4455 2688 4494 cum
2719 4443 2939 4510 patitur,
2970 4443 3174 4512 peragit
3205 4460 3325 4498 cum
3357 4447 3550 4514 turpia,
3582 4461 3696 4500 mas
3725 4455 3823 4504 est.

2973 4529 3101 4584 LVI.

2175 4643 2220 4699 υ
2604 4633 2652 4670 IN
2690 4633 3032 4672 BAPTISTEIIIO
3071 4635 3478 4678 MEDIOLANENSI.

2323 4708 2568 4764 lllundinr
2593 4711 2798 4764 excocti
2828 4711 3087 4781 fulgcscat
3116 4712 3234 4767 luce
3263 4715 3486 4779 metalli,

2395 4798 2610 4852 Munera
2639 4799 2875 4870 disponit
2904 4803 2990 4870 qui
3018 4802 3146 4856 dare
3173 4803 3329 4873 digna
3363 4805 3490 4858 Deo.

2322 4891 2460 4943 Ante
2491 4891 3037 4960 vaporatisLaurenti
3070 4892 3174 4946 vita
3206 4893 3435 4967 caminis

2248 4996 2466 5065 ﬁlatam.

2322 5065 2343 5140 ξ
2367 5065 2433 5140 [η
2454 5068 2684 5140 ερριὶεῑο]
2717 5070 3054 5140 Basilienses,
3083 5072 3327 5137 septaciu.

2317 5134 2604 5210 fDamnali
2646 5134 2840 5206 fructus
2877 5134 3052 5210 lignij—
3093 5134 3164 5195 Ei
3214 5155 3400 5195 eorum
3448 5141 3711 5195 sententia
3743 5142 3829 5208 qui

2245 5206 2493 5261 arborem
2520 5209 2721 5263 Adamo
2754 5206 2966 5264 vetitam
3005 5206 3163 5265 ficum
3197 5211 3360 5266 fuisse
3390 5211 3698 5265 existimant
3726 5229 3738 5262 :
3763 5206 3827 5264 in

2246 5277 2438 5343 quibus
2464 5276 2832 5333 Theodoretus
2860 5291 3048 5348 qumst.
3073 5283 3143 5336 ‘28
3177 5284 3226 5335 in
3257 5284 3510 5336 Genesin.
3543 5281 3828 5335 Tesseram

2248 5354 2422 5419 autem
2457 5361 2576 5400 cum
2610 5347 3090 5419 licubusumissam,
3122 5353 3437 5419 hospitalem
3466 5353 3614 5405 dicit.

2320 5417 2340 5498 ξ
2372 5414 2497 5498 Diro
2530 5417 2836 5489 spoliarunt]
2869 5421 2964 5498 ll_ic_
2999 5422 3140 5498 nulla
3176 5414 3255 5498 est
3288 5424 3339 5476 in
3379 5431 3549 5477 metro
3581 5420 3828 5486 licentia:

2253 5490 2373 5566 quia
2401 5496 2610 5566 veteres
2633 5490 2966 5566 grammatici
2993 5491 3182 5566 docent
3215 5493 3427 5548 brevem
3456 5501 3640 5566 natura
3671 5493 3831 5566 sylla-

2249 5556 2368 5608 bam
2399 5556 2682 5639 ancipitem
2714 5557 2848 5639 fi_eri,
2875 5577 3032 5629 quam
3075 5565 3124 5615 iu
3156 5566 3398 5639 sequenti
3438 5563 3673 5639 dictione
3701 5556 3822 5639 dua:

2246 5637 2600 5700 consonantes
2630 5629 2923 5700 ex_cipiant.
2969 5648 3190 5699 quarum
3237 5629 3380 5700 prior
3410 5635 3480 5687 sit
3509 5634 3567 5686 S.
3604 5633 3676 5685 Ita
3705 5632 3818 5698 epi-

2247 5707 2415 5775 gram.
2443 5696 2526 5760 Π,
2557 5695 2734 5775 Poride
2757 5695 3012 5775 studium}
3035 5713 3088 5755 ct
3109 5695 3379 5772 Virgilius,
3403 5705 3518 5755 date
3539 5703 3659 5775 telo,
3683 5695 3828 5755 acim-

2248 5767 2350 5841 (ἔξω
2386 5782 2576 5841 muros.
2626 5767 2879 5824 Martialis
2923 5771 3014 5824 lib.
3053 5789 3161 5838 vm,
3194 5767 3360 5841 epigr.
3414 5775 3580 5826 Pauca
3612 5773 3825 5832 Jovem,

2250 5835 2502 5912 Nomium
2523 5850 2714 5902 taxata,
2745 5842 2914 5904 stulte,
2943 5853 3121 5909 negata
3150 5835 3311 5912 'puia‘s'
3338 5851 3364 5896 .7
3415 5845 3501 5898 Sic
3531 5846 3672 5897 enim
3705 5857 3826 5897 cum

2247 5922 2460 5963 versum
2495 5909 2667 5974 legunt
2697 5911 3080 5978 probatissima:
3112 5909 3232 5968 tidei
3264 5915 3609 5980 exemplaria.
3784 5923 3792 5930 '
