4184 6260
192 334 299 390 553
1487 319 1797 378 'CAIIIIINU
1810 319 1844 373 M

1810 319 1853 373 Μ
1893 318 2021 375 LIB.
2067 319 2125 375 II.
3359 321 3459 373 351

876 436 1085 493 XCVII.

760 548 823 584 ns
865 546 962 583 xxu
1002 544 1233 591 ouxnxu.

267 629 491 697 Algidus
519 626 571 679 iu
604 625 724 677 vivo
751 622 977 675 moritur
1002 620 1125 671 dum
1156 632 1383 686 corpore
1415 618 1668 685 sanguis,

268 726 547 777 Annorum
577 715 776 785 glacies
808 726 928 764 cum
954 711 1119 764 siccat
1147 708 1334 775 pabula
1364 708 1554 772 vulvae,

266 812 505 867 Seminis
530 816 586 861 et
607 813 789 857 custos
814 800 1005 868 refugit
1032 814 1188 852 cruor
1217 798 1361 851 utilis
1393 798 1608 865 inguen,

270 898 507 955 Marcida
537 910 633 950 cur
654 891 840 961 juveni
871 889 1117 956 sociaris,
1141 887 1312 952 Galla,
1347 886 1577 941 marito?

272 991 521 1060 Pignoris
554 989 603 1040 in
635 968 880 1038 thalamis
912 982 1081 1048 pariet
1106 979 1294 1033 fiducia
1321 979 1527 1047 juucto.

270 1082 406 1137 Nam
439 1078 680 1133 sobolem
710 1072 842 1127 laxis
875 1071 1185 1126 mendacem
1214 1072 1397 1123 vivere
1428 1066 1572 1135 rugis

274 1172 620 1234 lnsimulans,
652 1164 826 1236 epulis
859 1164 953 1216 das
968 1162 1185 1231 prolem
1220 1161 1322 1215 feta
1360 1161 1574 1214 cluacm.

270 1266 467 1322 Attulit
499 1265 599 1317 hoc
623 1269 833 1323 venter,
866 1256 1004 1326 quod
1033 1254 1261 1323 conjunx
1290 1253 1475 1321 jungat
1501 1250 1567 1304 ad
1599 1266 1713 1305 ora.

889 1344 1118 1400 XCVIII.

526 1457 594 1494 DE
633 1453 805 1493 ΑΜ]ιο
845 1449 1072 1488 Ηιιωιυτ
1110 1448 1218 1486 ικι.
1250 1446 1482 1484 ΙιΊ-ΖΜΙΝᾸ-ἒ.

279 1533 363 1589 Nil
389 1532 521 1586 fallit
548 1530 829 1591 simulans,
854 1523 994 1594 quod
1018 1523 1171 1576 finxit
1192 1520 1412 1575 dextera
1444 1534 1623 1574 verum
1651 1526 1751 1573 est.

282 1623 577 1681 lmmohilis
603 1631 831 1676 stantem
862 1617 1049 1686 fugitat
1078 1615 1229 1682 lepus
1259 1622 1375 1666 arte
1404 1612 1713 1675 molossum,

282 1718 519 1772 lnsertus
546 1710 746 1768 rabidis
772 1709 910 1763 ridet
937 1708 1083 1760 furor
1110 1719 1304 1758 aureus
1334 1702 1495 1766 ursis,

284 1804 588 1862 Gestandus
615 1800 862 1857 manibus
891 1797 1041 1852 saevit
1071 1796 1152 1849 leo
1174 1793 1419 1849 blandiar
1442 1792 1540 1848 ira.

283 1897 575 1968 Cognoscit
595 1893 865 1949 dominam
892 1889 1078 1959 genius
1113 1886 1400 1940 famulante
1427 1882 1669 1938 metallo.

288 1987 494 2058 Mitigat
526 1986 613 2039 illa
641 1982 801 2045 feras,
834 1980 956 2033 dum
988 1978 1193 2047 plebem
1226 1975 1687 2046 pascitegentum.

920 2071 1106 2127 XCIX.

806 2163 919 2230 ‘(ne
960 2159 1196 2228 nemo.)

277 2256 511 2326 ‘Rspicis
539 2252 780 2308 Albinum
812 2250 993 2304 titulos
1024 2257 1145 2317 post
1172 2250 1322 2301 husta
1350 2245 1583 2311 dedisse,

351 2349 573 2403 Funera
600 2344 690 2414 qui
718 2343 924 2397 meritis
950 2340 1222 2395 vivacibus
1246 2337 1469 2407 jugulat.

290 2440 494 2510 Inclyte
522 2438 604 2490 cui
634 2437 882 2505 princeps
908 2432 1034 2487 dum
1060 2431 1245 2485 subdis
1267 2430 1387 2500 jura
1416 2428 1674 2498 magistri,

367 2530 503 2585 Vere
530 2527 817 2597 sepultura:
851 2523 1073 2592 contigit
1102 2522 1189 2577 ille
1219 2523 1387 2577 locus.

986 2614 1046 2668 C.

570 2706 661 2771 (ne
686 2719 832 2758 resse
869 2716 1132 2757 νικητιεο
1171 2717 1236 2755 ετ
1274 2701 1457 2767 aena.)

288 2794 505 2851 Cretius
536 2795 623 2848 hic
650 2794 841 2848 sollers
866 2791 1079 2861 quidam
1110 2791 1371 2846 vocitatur
1407 2790 1691 2855 lomullus,

291 2886 525 2940 Naribus
553 2893 790 2953 argutus,
818 2897 1005 2951 gressu
1031 2880 1194 2943 celer,
1220 2895 1322 2935 ore
1350 2880 1636 2947 timendus,

295 2974 600 3045 Impavidus
624 2988 812 3043 presse
837 2973 1054 3042 signans
1082 2972 1302 3041 vestigia
1315 2983 1518 3037 rostro,

287 3076 411 3134 Quo
440 3082 651 3133 cervus,
681 3079 904 3134 capreae.
940 3064 1168 3133 lepores,
1200 3063 1375 3132 lupus,
1401 3079 1522 3116 ursa
1554 3072 1792 3132 vagatur,

291 3159 530 3221 Invenit,
563 3166 616 3211 et
635 3155 822 3225 tepido
846 3155 1052 3223 capitur
1079 3154 1188 3207 fera
1215 3153 1432 3222 provida
1464 3153 1621 3206 lecto.

290 3250 522 3305 Luditur
554 3248 776 3319 agnella:
810 3255 929 3315 post
962 3246 1142 3315 prmlia
1173 3254 1314 3299 tanta
1346 3246 1544 3308 volatu,

290 3343 454 3398 Molle
480 3356 641 3414 pacus
666 3342 937 3395 volucrem
969 3337 1241 3407 prmvertit
1268 3322 1456 3392 fraude
1486 3338 1793 3393 mulossum.

970 3430 1052 3483 CI.

796 3536 859 3573 ne
889 3521 904 3551 ¹
938 3534 1082 3573 scur.
1106 3534 1236 3573 LLIS.

288 3610 397 3666 Tot
427 3609 573 3664 .Iovis
601 3609 899 3675 illecebras,
929 3617 1005 3662 tot
1033 3607 1255 3662 crimina
1286 3608 1395 3661 viva
1424 3610 1606 3677 figuris

292 3704 433 3757 Dum
464 3703 596 3757 bene
620 3702 876 3770 depingit,
913 3701 1098 3755 vitiosa
1128 3710 1211 3755 est
1238 3702 1453 3756 dextera
1484 3703 1587 3755 faln
1606 3704 1639 3756 i.

294 3793 519 3864 Argenti
547 3795 772 3863 pretium
802 3802 882 3847 est
907 3792 1114 3847 facinus
1143 3794 1373 3848 retinere
1399 3804 1689 3862 vetustum,

293 3885 374 3939 Ne
406 3900 596 3954 purum
627 3893 843 3954 superet
864 3884 1001 3951 quod
1032 3883 1184 3938 furtis
1206 3884 1448 3955 luppiter
1476 3890 1600 3956 cg't.

293 3976 381 4031 Nil
408 3977 530 4033 licet
561 3976 723 4039 aetati,
754 3976 1018 4029 scelerum
1048 3976 1372 4031 monimenta
1402 3989 1706 4048 resurgunt,

292 4064 566 4121 Admonet
592 4066 871 4135 exemplis,
898 4066 986 4135 qui
1020 4066 1204 4134 culpas
1243 4066 1434 4122 format
1464 4068 1651 4122 avitas.

966 4155 1074 4209 Cll.

928 4265 1105 4304 ALIUD.
1144 4286 1147 4289 η

292 4337 352 4393 Si
385 4345 560 4391 tantas
586 4337 744 4391 facies
771 4347 892 4391 tunc
919 4336 1144 4406 sumpsit
1172 4335 1324 4390 divus
1354 4335 1585 4399 adulter,

366 4427 441 4482 Se
480 4426 705 4494 primum
741 4426 885 4481 falsis
927 4426 1044 4480 lusit
1087 4427 1422 4497 imaginibus.

288 4519 432 4587 Quid
460 4534 564 4573 nou
597 4518 816 4571 mentito
843 4518 1093 4573 violasset
1117 4534 1340 4587 corpore
1369 4532 1583 4579 numen.

362 4610 531 4679 Cujus
570 4609 737 4662 forma
776 4621 873 4662 suo
903 4609 1099 4677 gaudet
1132 4609 1431 4662 adulterio?

956 4720 1082 4773 CIII.

578 4814 667 4885 (ne
710 4828 959 4866 PASIPIIAE
1000 4827 1066 4865 ET
1107 4810 1450 4880 mxorxuno.)

287 4927 445 4983 Lasa
473 4926 653 4981 Venus
682 4941 786 4981 non
817 4934 902 4980 est
928 4942 940 4977 :
979 4932 1180 4978 natum
1208 4924 1416 4977 vincula
1444 4930 1687 4977 constant
1713 4940 1725 4974 :

287 5019 489 5073 Bucula
520 5017 749 5071 Daedalei
771 5026 948 5070 cessat
975 5016 1190 5069 mentita
1225 5014 1439 5067 lahoris.

284 5111 512 5181 Ingenio
544 5112 733 5165 vivens
760 5109 831 5162 nil
862 5110 1030 5177 mugit
1062 5123 1216 5162 vacca
1251 5108 1513 5162 biformis.

289 5199 548 5267 Fictaque
578 5213 679 5253 nec
707 5214 891 5253 verum
918 5199 1114 5252 coitum
1146 5198 1271 5252 dant
1301 5198 1438 5266 ligna
1461 5199 1721 5265 juveucm.

290 5292 435 5346 Ecce
463 5293 655 5345 iterum
685 5299 837 5344 tauro
865 5290 1055 5343 mulier
1088 5290 1420 5343 submittitur
1449 5306 1601 5356 uxor,

286 5382 566 5435 Humanas
595 5381 855 5449 pecudum
889 5380 1158 5448 suspirant
1187 5389 1400 5447 pectora
1432 5380 1693 5436 flammas.

284 5471 450 5525 Vasta
473 5470 661 5540 jugum
690 5470 893 5534 cervix,
926 5484 1112 5525 cursus
1138 5470 1282 5536 capit
1306 5485 1427 5524 area
1459 5472 1605 5537 colli,

279 5563 533 5630 Qualiter
554 5561 774 5617 astricto
801 5561 1010 5616 sudavit
1038 5559 1268 5615 marcida
1299 5560 1437 5615 loro.

283 5700 299 5728 ¹
331 5695 417 5752 De
444 5693 697 5820 rostellis]
721 5693 790 5750 Ut
825 5710 1046 5749 caucum
1078 5708 1233 5763 supra
1275 5692 1448 5748 fabula
1489 5695 1800 5765 Pasiphaes,

319 5782 467 5820 nunc
507 5766 677 5820 scutel
702 5781 760 5820 as
789 5764 935 5820 Iovis
978 5765 1254 5820 adulteriis
1285 5765 1489 5820 celatas
1524 5766 1800 5820 describit-

702 5781 760 5821 as
789 5764 935 5822 Iovis
978 5765 1254 5820 adulteriis
1285 5765 1489 5821 celatas
1524 5764 1800 5831 describit,

206 5767 278 5822 ita
319 5782 467 5822 nunc
507 5766 677 5822 scutel

1815 434 1863 489 Λ

1828 4519 1878 4579 D

2608 432 2741 486 CIV.

2267 528 2359 597 (os
2401 542 2663 580 natzricnto
2702 526 3089 589 unxuuxrtco.)

1962 616 2176 683 Forma,
2210 628 2391 687 caput,
2425 619 2609 682 facies,
2646 617 2859 670 Deutcri
2887 624 3075 670 cuncta
3109 616 3297 683 magist
3334 630 3380 677 r,

2031 708 2330 764 lunumcris
2353 711 2539 764 doctor
2567 709 2781 763 dotibus
2806 708 2897 763 ille
2927 707 3075 762 cluit.

1963 800 2208 856 Excussit
2240 804 2474 872 linguam
2504 803 2693 871 genius
2725 803 2990 868 perlectus
3018 798 3233 865 ubique.

2031 892 2183 958 Quod
2212 893 2313 947 fari
2346 894 2535 956 nescit,
2569 893 2812 960 displicet
2840 891 2962 944 inde
2988 890 3165 944 malis.

1963 979 2376 1036 Grammatieam
2406 983 2611 1050 jactant
2640 994 2807 1035 artem
2842 983 3046 1035 nescire
3081 982 3387 1050 magistrum
3416 1000 3427 1030 :

2036 1072 2145 1126 lloc
2171 1074 2359 1128 melius
2389 1075 2615 1141 simplex
2650 1073 2886 1125 morihus
2915 1072 3160 1126 instituit.

1960 1160 2201 1216 Oratoris
2232 1177 2386 1231 opus,
2419 1163 2763 1231 lapidosaque
2789 1161 3021 1215 culmina
3054 1160 3189 1214 Tulli

2034 1253 2149 1308 Non
2182 1254 2391 1323 tetigit:
2424 1255 2624 1308 celsum
2659 1254 2873 1307 rlietira
2906 1253 3082 1306 nullus
3109 1260 3271 1306 amat.

1968 1346 2246 1415 Discipulis
2276 1347 2404 1401 satis
2433 1357 2517 1401 est
2548 1348 2742 1411 vultus,
2780 1346 3031 1415 tacitique
3062 1347 3294 1401 verenda

2034 1437 2314 1503 Calvities,
2347 1438 2547 1492 Phaabe
2578 1439 2773 1491 lumina
2803 1438 2956 1505 plena
2988 1436 3185 1490 vident.

2630 1550 2737 1603 CV.

2210 1654 2259 1695 IN
2302 1657 2547 1696 NATALIZM
2589 1656 2828 1694 INi-‘AN'I‘IS
2870 1654 3142 1694 ARA'IORIS.

2496 1733 2571 1787 Ex
2612 1743 2874 1820 tempore.

1969 1827 2097 1881 Jure
2122 1828 2254 1881 colis
2283 1826 2556 1894 proprium
2584 1824 2815 1879 natalem
2847 1823 3071 1893 pulcher
3104 1829 3318 1879 Arator.

2039 1918 2136 1984 Qui
2165 1917 2209 1972 si
2243 1932 2350 1972 non
2373 1917 2599 1982 celeres,
2634 1919 2654 1948 ¹
2688 1932 2956 1984 nunquam
2991 1921 3182 1970 Arator
3207 1931 3349 1972 eras.

2616 2026 2751 2082 CVI.

1980 2135 2049 2174 ιιε
2087 2134 2299 2182 υυουλιι
2340 2134 2553 2173 INCERTI
2597 2134 2863 2173 PBOI‘OSITI
2904 2135 2970 2172 ET
3010 2134 3149 2173 ΥΠ.ίί
3188 2135 3390 2173 Tl‘Rl’lS.
3429 2132 3439 2140 ’

1972 2212 2075 2264 Tot
2106 2212 2264 2264 rebus
2295 2210 2448 2263 fallax
2478 2209 2603 2279 quid
2636 2211 2807 2277 garris
2838 2211 2951 2279 pica
2986 2210 3258 2273 biformis,

1973 2301 2205 2356 Semivir
2229 2312 2283 2355 ct
2312 2300 2540 2356 tremulo
2570 2303 2657 2371 qui
2692 2316 2853 2356 vexas
2878 2302 3047 2371 turpia
3080 2301 3292 2355 lumbo?

1972 2392 2123 2457 Quod
2155 2392 2248 2446 tibi
2280 2391 2629 2460 propositum,
2653 2393 2740 2460 qui
2766 2406 2927 2446 sexus
2956 2392 3180 2460 contigit
3210 2392 3468 2461 unquam!

1972 2481 2107 2547 Quid
2140 2497 2244 2535 non
2275 2480 2540 2547 mentiris,
2564 2483 2663 2543 vir,
2700 2481 2915 2549 femina,
2944 2493 3147 2546 sancte,
3177 2482 3432 2551 profane?

2610 2592 2766 2649 CVII.

2152 2700 2351 2739 VERSUS
2390 2700 2519 2738 MISSI
2562 2700 2803 2739 ACNI‘LLO
2842 2701 2962 2738 vtnn
3002 2701 3225 2739 SIBIJMI.

2500 2777 2575 2829 Ex
2620 2787 2878 2844 tempore.

2045 2867 2300 2922 Lucidum
2337 2867 2489 2921 tinxit
2521 2867 2816 2921 maculante
2844 2866 2961 2921 fuco

2044 2957 2295 3026 Quisquis
2321 2957 2590 3022 aIchtum,
2624 2956 2757 3010 [erat
2784 2957 2908 3011 inde
2946 2958 3178 3021 linguam

2044 3049 2243 3103 Iudicis
2272 3047 2468 3103 Christi
2498 3049 2698 3103 fac'bus
2729 3058 2994 3118 perustam

2330 3214 2331 3217 η
2464 3139 2569 3192 Ore
2594 3139 2851 3208 sepultus.

1974 3231 2179 3287 Scindit
2208 3245 2401 3300 urgens
2428 3230 2601 3285 ftedus
2624 3245 2784 3286 omne
2815 3230 3001 3285 fraude
3031 3232 3183 3286 vivax
3216 3234 3441 3304 perpeti,

1975 3322 2139 3394 Egre
2170 3334 2388 3393 portans
2418 3323 2672 3393 quidquid
2703 3324 2837 3378 ordo
2864 3323 3065 3393 flagitat
3091 3327 3353 3400 serenior.

1974 3414 2199 3483 Linque,
2233 3429 2435 3482 quaeso,
2467 3416 2656 3476 amice,
2687 3428 2865 3468 mores
2889 3413 3046 3483 plebe
3068 3415 3252 3484 dignos
3276 3418 3475 3482 ultitna,

1975 3505 2261 3575 Sanguinis
2287 3504 2479 3559 callem
2519 3512 2733 3557 secutus
2760 3518 2913 3558 serva
2941 3504 3083 3573 quod
3120 3505 3371 3574 depectus
3399 3523 3475 3565 es.

2415 3606 2668 3647 ENNODIUS
2708 3607 2965 3647 AGNELLO.

1975 3688 2113 3741 Ante
2131 3685 2409 3756 imperium
2429 3685 2714 3755 diligentia:
2735 3695 2926 3740 vestra:
2947 3687 3302 3742 valetudinem
3326 3703 3475 3742 suam

1906 3779 2137 3847 injuncta
2173 3784 2475 3831 tenuerunt.
2507 3776 2637 3829 Nam
2664 3791 2729 3830 ne
2752 3778 2837 3831 c‘ui
2868 3776 2979 3830 base
3007 3779 3260 3832 darentur
3288 3780 3369 3833 vel
3403 3781 3477 3833 le-

1902 3869 2070 3941 genda
2100 3869 2181 3923 vel
2208 3868 2612 3922 transcribenda
2641 3868 3007 3935 praemonitus,
3040 3870 3225 3925 obvias
3256 3886 3477 3940 poscen-

1903 3960 2043 4014 tibus
2074 3974 2262 4015 manus
2293 3959 2535 4029 opposui.
2570 3957 2719 4012 Nunc
2750 3958 2920 4013 victus
2952 3961 3025 4013 tui
3052 3959 3279 4021 rearilate
3309 3971 3478 4014 trans-

1904 4053 2044 4108 misi.
2081 4052 2265 4107 Facies
2290 4067 2466 4108 meum
2494 4051 2750 4122 pudorem
2784 4053 2834 4107 in
2867 4054 3097 4109 statione
3126 4069 3246 4109 esse
3277 4055 3318 4108 si
3346 4056 3478 4110 refc-

1901 4160 2015 4215 gas,
2050 4146 2101 4199 in
2132 4144 2498 4215 profligatione
2530 4145 2780 4209 maxima,
2811 4144 2854 4199 si
2885 4145 3227 4199 transcrihas.

2597 4254 2776 4310 CVIII.

1975 4348 2193 4403 Vincula
2220 4348 2380 4402 solvit
2399 4362 2573 4409 amor,
2601 4360 2720 4415 quas
2750 4332 3017 4414 quondam
3050 4347 3226 4399 nexuit
3260 4347 3395 4400 alter
3419 4364 3432 4402 :

1974 4441 2090 4495 Non
2116 4440 2212 4494 nisi
2240 4454 2335 4509 per
2364 4440 2530 4508 legem
2557 4437 2701 4492 cedit
2730 4436 2812 4491 lex
2849 4437 3020 4505 prisca
3045 4445 3379 4505 sequentem.

2621 4547 2757 4603 CIX.

2412 4645 2501 4715 (ne
2540 4656 2788 4698 veasmus
2826 4637 2981 4711 sets.)

1974 4760 2253 4829 Nunquam
2281 4756 2554 4827 frugiferis
2578 4769 2671 4823 per
2694 4752 2887 4808 saecula
2912 4751 3067 4819 longa
3102 4747 3355 4819 tyrambis

2049 4851 2105 4906 In
2137 4867 2221 4905 me
2252 4850 2524 4903 ﬂuxerunt
2554 4845 2832 4901 commoda
2861 4840 3103 4896 Castalii.
3182 4914 3183 4917 η

1977 4944 2171 5000 Tristia
2196 4941 2393 5011 jejunis
2418 4948 2753 5011 spargentem
2787 4932 3019 4989 carmina
3056 4931 3219 4986 labris

2045 5036 2179 5106 Spes
2208 5049 2342 5089 nova
2368 5032 2494 5104 quid
2526 5028 2766 5085 stimulas
2795 5025 3018 5096 gurgitis
3043 5024 3237 5079 Aonii?

1975 5129 2081 5187 Sed
2112 5127 2156 5183 si
2187 5136 2388 5181 mutato
2418 5125 2701 5179 Parcarum
2733 5118 2959 5173 stamine
2990 5117 3212 5186 gaudes,

2046 5216 2254 5275 Exhibe
2286 5214 2627 5281 cornipedem
2659 5224 2799 5265 nunc
2826 5208 3072 5279 Pegaszea
3105 5208 3255 5262 mihi.

1973 5312 2070 5380 Qui
2104 5311 2235 5365 ferat
2266 5307 2519 5375 aligerum
2548 5316 2640 5370 per
2669 5298 2907 5370 gramina
2936 5299 3142 5354 roscida
3164 5314 3380 5369 corpus,

2049 5400 2157 5455 Nec
2186 5408 2397 5454 teneras
2422 5394 2601 5449 flectat
2624 5391 2863 5461 vestigiis
2890 5399 3119 5459 segetes.

1978 5490 2294 5550 Sublimem,
2322 5483 2571 5549 validum,
2606 5481 2920 5544 formosum,
2951 5479 3195 5549 passibus
3226 5484 3423 5544 aptum,

2047 5578 2147 5645 Qui
2174 5577 2219 5631 si
2245 5573 2534 5642 contingat,
2564 5586 2694 5626 mox
2724 5570 2880 5633 mihi,
2908 5567 3074 5631 Musa,
3106 5567 3304 5633 places.

1908 5702 1963 5750 et
1989 5704 2188 5744 morem
2219 5683 2404 5756 pudori
2431 5683 2648 5756 noxium
2682 5681 2872 5736 merito
2898 5674 3140 5744 castigat.

1980 5766 1998 5793 ¹
2035 5753 2367 5825 δριιυι.Ἰεείι
2396 5753 2659 5820 numquid.
