4192 6260
316 335 427 391 361

981 451 1259 509 CXLVIII.

682 557 996 597 EPITAI‘HIUI
1036 560 1222 599 DOIN£
1254 562 1561 601 υΑιΙΑτΙιΕ.

399 630 582 685 Funus
608 632 720 687 obit
748 632 893 703 \irgo
921 637 1172 703 quotiens
1195 638 1247 689 in
1276 637 1429 691 busta
1463 638 1709 693 refertur.

472 728 645 782 Unum
688 729 787 781 iter
816 739 894 781 est
927 729 1113 782 mortis
1143 730 1384 785 criminis
1414 732 1750 799 obsequium.

398 817 581 871 Dalma
610 817 672 872 ia:
698 820 906 871 meritis
937 821 1071 872 victa
1103 831 1185 873 est
1216 831 1401 875 natura
1431 824 1653 878 rebellis
1673 864 1689 889 ,

472 908 728 976 Degeneri
759 911 952 963 caelum
985 910 1262 965 nobilitate
1292 920 1458 966 tenet.

398 998 512 1054 Hoc
534 1002 769 1054 satis‘est
806 1000 1059 1054 nntndunt
1090 1003 1326 1056 calcasse
1356 1006 1406 1055 iit
1434 1018 1661 1073 corpore
1688 1012 1870 1058 mundi
1890 1046 1906 1072 ,

469 1092 544 1145 De
572 1091 699 1144 vitio
725 1104 989 1161 sumptam
1020 1093 1212 1146 cedere
1242 1094 1311 1146 ttil
1334 1094 1494 1148 vitiis.

395 1182 705 1239 Stemmatis
736 1184 850 1237 hinc.
881 1187 1052 1238 lucem
1089 1187 1421 1241 transcendit
1450 1186 1563 1242 sole
1590 1188 1831 1257 pudoris,

466 1276 616 1331 Mens
645 1293 765 1331 cum
798 1280 1068 1347 proposito
1102 1280 1405 1334 consociata
1440 1281 1555 1333 fttit.

315 1453 391 1491 DE
438 1451 611 1492 FONTE
668 1453 993 1492 BAPTISTEBII
1045 1454 1089 1494 8.
1158 1455 1437 1506 STEPHANI,
1492 1455 1559 1494 ET
1598 1455 1734 1503 ΑΟυΑ
1788 1456 1908 1503 QUE

797 1523 897 1562 PER
933 1525 1207 1563 CGLUINAS
1245 1526 1425 1565 VENIT.

394 1597 475 1652 En
505 1596 622 1652 sine
646 1597 788 1652 nube
820 1599 950 1667 pluit
977 1599 1077 1653 sub
1100 1600 1255 1652 tectis
1286 1599 1456 1652 imbre
1486 1612 1702 1663 sereno,

467 1691 528 1743 Et
556 1690 675 1743 caeli
712 1689 875 1744 facies
903 1705 1029 1757 pura
1058 1690 1333 1743 ministrat
1361 1705 1551 1759 aquas.

388 1779 601 1834 Pt'oﬂna
634 1781 991 1833 marmoribus
1020 1780 1313 1834 decurrunt
1344 1782 1559 1834 ﬂnntina
1593 1781 1794 1848 sacris,

461 1869 633 1937 Atque
664 1870 858 1923 iterum
889 1885 1065 1923 rorem
1095 1874 1321 1938 parturLt
1344 1887 1471 1924 ecce
1502 1873 1655 1939 lapis.

387 1958 549 2014 Arida
584 1975 705 2013 nam
737 1960 965 2027 liquidos
996 1960 1219 2014 eﬂ'undtt
1246 1962 1459 2030 pergula
1496 1961 1701 2025 fontes,

461 2050 525 2103 Et
554 2065 737 2103 rursus
768 2053 904 2105 nalis
933 2051 1079 2104 unda
1110 2066 1338 2120 superna
1372 2052 1538 2109 venit.

387 2138 584 2196 Sancta
612 2156 706 2208 per
726 2141 993 2195 aethereos
1022 2151 1234 2195 emanat
1258 2142 1474 2213 lympha
1501 2157 1771 2209 recessus,

460 2233 477 2263 ¹
502 2232 750 2302 Eustorgi
780 2233 916 2288 vatis
940 2233 1097 2287 ducta
1124 2234 1442 2289 ministetin.

1051 2326 1155 2380 CL.

628 2410 924 2450 EXCOSH’IO
963 2412 1170 2451 ENNODII
1209 2413 1275 2451 DE
1315 2412 1590 2452 LAUDIBUS.

380 2487 483 2556 Qui
515 2486 742 2541 miratur
758 2487 919 2541 officii
943 2489 1201 2541 terminos
1233 2489 1284 2541 in
1331 2502 1626 2542 amcorum
1668 2504 1752 2543 me
1786 2490 1897 2545 Iau-

385 2601 403 2633 ¹
443 2599 689 2672 Enslorgi
712 2598 856 2672 vatis]
910 2600 1156 2669 Episcopi
1186 2600 1617 2672 Mediolanensis,
1640 2602 1726 2672 qui
1760 2600 1891 2655 Lau-

305 2671 495 2726 rentio
523 2676 783 2724 succe-sit
816 2670 924 2721 {ad
970 2686 1125 2737 quem
1166 2679 1342 2724 exstat
1382 2670 1602 2737 ettlSIOI-t
1642 2671 1893 2725 Theode-

306 2743 409 2795 rici
434 2741 590 2808 regis.
622 2741 723 2794 hoc
750 2740 903 2799 titulo
926 2757 940 2793 :
976 2739 1249 2809 Eustorgio
1272 2742 1379 2793 viro
1400 2741 1668 2793 venerabili
1692 2741 1893 2794 Medio-

306 2812 510 2863 Ianensi
529 2812 789 2879 episcopo.
819 2810 965 2863 Nune
993 2820 1049 2863 ut
1083 2810 1390 2863 umbilicum
1429 2810 1570 2864 notis
1598 2812 1766 2865 aliena
1801 2826 1895 2879 po-

307 2882 597 2933 tius-manu
642 2896 800 2949 quam
859 2882 991 2933 meis
1033 2881 1209 2932 verbis
1254 2880 1467 2941 addam,
1516 2881 1886 2949 epigrantmati

308 2949 541 3002 l-Lrtnodii
588 2949 883 3003 cnttsintilis
911 2950 1207 3012 argumenti
1237 2952 1587 3003 octasticlttttn
1621 2966 1885 3017 apponam

304 3018 378 3089 de
407 3018 554 3073 fonte
608 3035 765 3086 quem
800 3020 906 3073 Leo
932 3020 1152 3089 Magnus
1174 3029 1298 3074 ante
1324 3020 1624 3076 Ostiensem
1657 3021 1719 3074 Ι).
1741 3021 1889 3075 Pauli

304 3088 584 3141 basilicam
616 3090 854 3143 condidit
887 3108 898 3141 :

1378 342 1595 404 DICTIO
1636 345 1699 402 IN
1739 347 1988 406 NATAIJ
2033 351 2427 413 LAURENTII.

1936 465 1988 523 Α
2013 462 2167 519 dibus
2195 483 2466 537 egressum
2520 468 2717 523 recolat
2747 485 2780 540 q
2805 484 2904 524 εαξη
2956 471 3240 543 imperiosa
3270 485 3351 527 est
3380 490 3591 547 semper

3488 366 3593 421 561

2016 555 2246 621 affectio,
2284 574 2381 613 nec
2414 576 2605 627 parens
2632 565 2886 629 propositi
2919 563 3123 633 legibus
3152 569 3232 619 vis
3266 569 3480 621 amoris.
3530 570 3591 623 Et

2017 647 2257 712 profecto
2292 649 2335 701 si
2370 650 2489 702 tacti
2535 651 2637 704 mei
2682 652 2940 706 rationem
2986 666 3226 722 quaerat,
3276 658 3589 726 religionem

2017 748 2167 789 vocat
2193 738 2333 805 quod
2358 739 2712 793 mentiebatur
2742 757 3044 797 excessum.

2089 868 2153 922 Ut
2176 870 2388 922 valeant
2415 870 2607 939 aquilae
2638 872 2893 927 formatos
2924 878 3148 943 prodere
3179 879 3340 943 fetus,

2089 959 2276 1013 Vitalis
2304 972 2546 1015 tenerum
2578 964 2770 1029 frangit
2802 975 2954 1033 teper
2981 968 3168 1023 insitus
3194 985 3375 1025 ovum.

2084 1050 2231 1105 Tunc
2259 1054 2373 1120 pins
2405 1064 2628 1108 artatatn
2659 1057 2859 1109 lacerat
2892 1070 3039 1125 pater
3064 1062 3284 1130 impiger
3311 1064 3513 1130 mdetn,

2084 1142 2151 1196 Ut
2179 1145 2348 1209 pariat
2382 1160 2563 1199 rursus
2587 1148 2784 1211 studio,
2817 1164 2950 1217 quos
2979 1151 3144 1205 edidit
3166 1154 3304 1206 alvo.

2084 1234 2204 1287 Mox
2227 1236 2438 1302 generis
2471 1225 2659 1291 testem
2696 1238 2951 1293 Phoebum
2980 1244 3085 1294 eiet
3114 1244 3314 1299 arbiter
3338 1245 3500 1309 idem,

2083 1326 2289 1379 Invenit
2324 1328 2587 1381 internum
2619 1329 2846 1383 rimatus
2880 1333 3079 1386 lumine
3110 1333 3302 1387 lucem.

2084 1415 2197 1469 Non
2228 1418 2385 1471 aliter
2414 1419 2559 1472 celso
2591 1435 2783 1486 pueros
2808 1422 2875 1475 de
2902 1432 3184 1478 stemmate
3210 1436 3386 1481 cretos

2085 1508 2347 1562 Doctrina!
2380 1510 2539 1563 radiis
2569 1515 2788 1581 opponit
2815 1528 2941 1567 cura
2976 1517 3229 1581 parentis.

2082 1600 2249 1664 Quam
2292 1599 2427 1653 bene
2455 1600 2787 1654 ﬂammarum
2828 1613 3156 1667 constanter,
3189 1605 3413 1675 respice,
3450 1607 3582 1670 bella

2082 1693 2367 1761 Excipiunt
2408 1693 2601 1756 teneri,
2638 1693 2913 1747 vincentes
2946 1696 3149 1764 lttlgura
3181 1696 3319 1751 vis".

2736 1808 2860 1860 CLI.

2296 1906 2386 1969 (ne
2429 1917 2624 1955 manus
2664 1916 2885 1954 nummis
2926 1902 3283 1971 CONIL’NC'IIS.)

2082 2018 2137 2070 In
2168 2015 2397 2082 geminis
2424 2016 2650 2081 simplex
2686 2016 2854 2068 radiat
2889 2016 2969 2083 pia
2999 1998 3167 2084 gloria
3198 2017 3373 2080 tectis,

2154 2107 2221 2160 Et
2249 2108 2314 2160 de
2345 2106 2531 2177 divisis
2557 2107 2899 2161 eonsociatur
2927 2108 3115 2162 Itonos.

2078 2198 2154 2254 Ne
2186 2199 2391 2267 procul,
2417 2206 2509 2251 aut
2540 2199 2735 2253 ibidem
2766 2214 2947 2253 sacros
2979 2202 3330 2257 confunderet
3362 2221 3508 2272 usus,

2151 2283 2433 2344 Constanti
2472 2304 2751 2343 numerum
2784 2306 2901 2345 sors
2930 2291 3077 2346 dcdit
3104 2296 3277 2363 ampla
3310 2296 3445 2349 loco.

2080 2381 2193 2435 Una
2219 2380 2411 2436 domus
2439 2379 2637 2448 duplici
2674 2380 2905 2435 disceta
2934 2382 3169 2453 iungitur
3199 2386 3334 2448 inde,

2148 2472 2486 2542 I’artiturque
2507 2486 2661 2526 suum
2693 2473 2832 2541 quod
2864 2473 2999 2529 bene
3024 2477 3186 2530 nectit
3215 2493 3371 2544 oms.

2134 2591 2269 2656 Unda
2285 2591 2410 2656 lavat
2434 2591 2836 2656 carnis‘macnlas,
2859 2592 2945 2656 sed
2968 2594 3166 2656 crimina
3188 2603 3381 2656 purgat,

2185 2654 2506 2711 Purilicatque
2530 2653 2714 2699 animus
2734 2654 2954 2701 mundior
2977 2667 3117 2701 amne
3140 2652 3276 2702 fides.

2122 2716 2339 2775 Quisque
2367 2716 2468 2761 suis
2492 2716 2681 2775 meritis
2706 2714 2984 2775 Veneranda
3002 2727 3207 2762 sacrarta
3237 2716 3377 2764 Pauli

2184 2773 2464 2833 Ingrederis
2484 2774 2712 2834 supplex,
2732 2773 2877 2821 ablue
2901 2774 3031 2823 fonte
3058 2789 3242 2825 manus.
3322 2828 3325 2829 ν

2125 2837 2416 2885 Perdiderat
2440 2835 2630 2883 laticum
2654 2836 2868 2895 longa-ta
2895 2836 3073 2884 incuria
3100 2850 3295 2896 cursus,

2185 2901 2316 2955 Quos
2338 2898 2421 2944 tibi
2449 2910 2573 2943 tttmc
2601 2897 2744 2957 pleno
2765 2896 3023 2957 cantharus
3043 2908 3130 2945 ore
3156 2903 3311 2950 vomit.

2121 2959 2325 3007 Provida
2348 2960 2556 3019 pastoris
2574 2955 2661 3017 per
2686 2965 2836 3019 totum
2860 2970 2975 3019 cura
2997 2955 3192 3019 Leonis,

2182 3019 2301 3069 Hac
2322 3018 2494 3071 oribus
2518 3018 2690 3068 Christi
2714 3018 2848 3079 larga
2872 3018 3054 3067 ﬂuenta
3078 3018 3233 3068 dedit.

303 3170 3573 3229 Μ

1021 3428 1143 3505 EX
1192 3264 2866 3507 NOVOAI‘IHPEEIEREEVEKIIDOTORUM

1221 3561 1335 3660 P.
1394 3560 1975 3662 EDMUNDI
2034 3546 2697 3659 MARTENE'

1609 3702 1807 3763 TOM.
1843 3702 1923 3772 V,
1964 3701 2143 3763 PAG.
2177 3698 2279 3758 6i.

996 3861 1777 4011 DlCTIO
1904 3861 2326 4002 ENN
2374 3852 2887 4009 ODII

1333 4060 1443 4133 IN
1491 4056 1913 4133 NATALI
1953 4058 2594 4148 LAURENTII,

1523 4166 2027 4218 MEDIOLANEXSIS

2082 4168 2383 4219 EPIS“0PI.

1506 4253 1601 4314 (lix
1625 4267 1713 4302 ms.
1741 4256 1792 4303 S.
1816 4252 2019 4315 Remigii
2048 4252 2377 4315 Ilhetnensis.)

369 4338 479 4396 Usu
502 4354 681 4395 rerum
705 4339 848 4394 venit
879 4340 1018 4393 inter
1050 4339 1320 4403 homines,
1355 4347 1413 4393 ut
1442 4347 1699 4408 quantum
1736 4339 1888 4390 fama:
1917 4340 1963 4400 C
1996 4337 2347 4404 virgultorum
2392 4337 2557 4391 currit
2588 4336 2637 4389 i.t
2671 4336 2927 4402 gramina,
2959 4345 3014 4389 et
3043 4337 3193 4390 alvus
3220 4338 3346 4393 sicci
3380 4340 3573 4399 fotnitis

295 4430 604 4498 decerpitur
668 4447 764 4501 per
813 4431 1113 4494 audaciam.
1166 4430 1496 4499 superﬂuunt
1550 4444 1656 4483 non
1716 4428 1892 4481 minus

292 4536 482 4591 pereat
515 4539 610 4590 per
658 4526 926 4578 timorem.
969 4524 1249 4592 Supcrﬂua
1280 4524 1543 4589 scribere,
1572 4536 1661 4575 res
1684 4521 1894 4589 jactan-

292 4617 384 4670 tire
413 4625 499 4671 est
526 4633 540 4681 ;
580 4621 877 4671 necessaria
908 4617 1156 4681 reticere,
1184 4622 1545 4683 contemptus.
1579 4616 1732 4682 Saepe
1756 4613 1894 4666 vitu-

291 4706 593 4773 perationis
623 4716 791 4760 mater
818 4715 931 4771 est,
970 4706 1207 4759 doctoris
1235 4706 1429 4759 occulti
1472 4703 1724 4757 laudatio.
1759 4703 1892 4756 Ver-

290 4795 486 4849 borum
532 4794 914 4850 abnndantiam
960 4797 1275 4851 transmittit
1322 4794 1559 4858 affectio,
1591 4811 1742 4848 amor
1771 4808 1896 4862 sug-

290 4884 431 4953 gerit
458 4884 606 4953 quod
650 4897 808 4953 negat
837 4886 1132 4955 ingenium.
1182 4886 1430 4941 Facessat
1476 4887 1704 4938 formido
1729 4899 1891 4945 vene-

292 4973 469 5027 rando
501 4976 773 5042 proposito
815 4976 1044 5030 inimica.
1113 4977 1352 5047 Fugitiva
1394 4976 1570 5045 gloria
1624 4984 1707 5029 est
1738 4988 1890 5029 mens

290 5065 534 5133 subjecta
577 5069 767 5121 errori.
797 5068 925 5124 Sine
963 5070 1115 5137 culpa
1142 5069 1369 5123 vincitur
1396 5068 1577 5122 oneris
1608 5067 1881 5121 immensi-

293 5163 425 5217 tate,
452 5156 545 5223 qui
566 5157 630 5209 ad
661 5157 971 5225 portandam
1018 5161 1293 5213 sarciu‘tnt
1327 5159 1427 5212 etsi
1459 5159 1649 5227 impar,
1700 5164 1881 5213 tanien

291 5243 522 5299 devotus
540 5249 794 5301 occurri'.
829 5249 1059 5303 Marcida
1092 5261 1175 5303 est
1216 5250 1331 5302 sine
1359 5264 1608 5302 sermone
1636 5246 1877 5300 hilaritas

290 5344 348 5389 et
367 5337 710 5394 simulacrum
767 5341 1012 5395 mcermis
1057 5341 1325 5395 occultare
1360 5341 1498 5410 quod
1545 5339 1799 5410 gaudeas,
1824 5346 1878 5392 et

290 5427 602 5483 afﬂictionis
625 5431 850 5485 imitatio
872 5447 1056 5487 vocem
1084 5432 1139 5485 itt
1174 5432 1356 5485 laetitia
1391 5446 1493 5486 non
1516 5431 1739 5486 habere.

365 5518 526 5576 Liber
548 5521 757 5576 dicendi
801 5523 1058 5591 principia
1081 5522 1323 5576 derivare
1354 5522 1421 5576 de
1449 5532 1714 5589 tempore,
1748 5536 1871 5575 cum

289 5612 421 5667 anni
444 5618 777 5671 renascentis
798 5615 1015 5670 infantia
1040 5614 1342 5681 aurulenta,
1370 5613 1415 5670 si
1438 5615 1608 5681 valeo,
1639 5615 1873 5671 dictione

288 5721 539 5765 vernare.
574 5706 723 5763 Nunc
747 5722 867 5761 cum
898 5714 1057 5763 terra:
1076 5720 1267 5761 succus
1292 5722 1390 5775 per
1413 5722 1578 5763 venas
1601 5706 1862 5763 arentium

735 5798 1008 5857 Ρλτιοι..
1040 5796 1264 5859 LXIII.

2001 4428 2209 4481 humori
2235 4428 2513 4482 ntaritatus
2546 4428 2819 4495 turgescit,
2849 4441 2969 4479 cum
3012 4426 3063 4479 in
3111 4426 3357 4481 blandam
3407 4430 3421 4483 I
3461 4445 3573 4485 cun

1999 4520 2197 4575 novelli
2256 4518 2586 4589 praeseminis
2630 4533 2800 4571 conire
2845 4518 3178 4586 explicantur
3215 4519 3479 4584 arboreas,
3525 4536 3573 4574 et

1998 4613 2174 4667 omnis
2200 4627 2467 4666 ramorum
2501 4611 2732 4680 plectura
2762 4610 3093 4672 diffunditur,
3149 4609 3233 4663 vel
3276 4626 3393 4679 quae
3436 4611 3570 4667 intra

2000 4703 2231 4757 tunicam
2275 4712 2462 4758 natura
2519 4702 2784 4757 frondium
2838 4701 3031 4757 decora
3077 4700 3381 4756 solvuntur.
3439 4702 3570 4757 Cum

1994 4795 2170 4846 avium
2202 4794 2466 4848 cantilena
2497 4794 2727 4847 comitur
2757 4808 2948 4863 sapore
2980 4793 3273 4857 modulato,
3318 4809 3438 4849 cum
3468 4797 3570 4850 vita

1992 4891 2229 4950 segetum
2261 4882 2431 4951 glebis
2480 4883 2686 4952 sepulta
2733 4883 3049 4938 hiemalibus
3076 4885 3228 4952 quasi
3263 4885 3457 4955 algoris
3489 4904 3570 4942 re-

1990 4974 2183 5042 pagulo
2205 4974 2399 5027 emissa
2421 4983 2475 5029 et.
2496 4985 2678 5044 tepore
2708 4974 2809 5029 leta
2840 4974 3157 5042 concipitur.
3180 4975 3327 5031 Nunc
3359 4978 3409 5030 in
3437 4994 3570 5033 cano

1988 5066 2118 5118 ﬂore
2156 5080 2303 5134 spem
2348 5066 2617 5123 fructuum
2666 5067 2884 5122 ntctitur
2912 5066 3164 5137 agricola,
3196 5082 3316 5122 eum
3374 5074 3571 5125 mutuis

1985 5157 2259 5225 palmitum
2298 5160 2529 5215 brachiis
2563 5161 2839 5214 vinearum
2870 5161 3066 5215 texitur
3108 5162 3286 5228 aprica
3321 5163 3557 5218 formosi-

1985 5256 2085 5314 las,
2115 5260 2169 5303 et
2221 5259 2345 5304 ante
2399 5251 2717 5305 maturitatis
2759 5261 2970 5321 tempus
3022 5251 3333 5321 frugiferum
3363 5256 3566 5308 vultunr

1904 5367 1958 5429 Β
1982 5340 2186 5393 cultura
2214 5341 2506 5409 componit,
2538 5340 2671 5395 dans
2706 5351 3039 5397 venustatem
3092 5343 3225 5398 falce
3255 5344 3561 5406 domitrice.

1979 5439 2033 5483 et
2065 5430 2325 5484 luxuriam
2371 5430 2706 5488 infecundam
2756 5434 2896 5488 ferro
2948 5434 3298 5489 fructificante
3342 5450 3560 5501 compe-

1978 5533 2152 5575 scens.
2181 5519 2310 5575 Cum
2345 5521 2588 5591 profundi
2615 5524 2837 5594 gurgitis
2883 5524 3059 5579 rabies
3089 5522 3339 5577 blandum
3372 5524 3560 5579 transit

1980 5614 2032 5668 in
2080 5613 2315 5678 sibilum,
2364 5625 2417 5669 et
2464 5628 2715 5672 enervata
2748 5627 2935 5687 tepore
2971 5624 3249 5671 ventorum
3310 5614 3560 5672 ferocitas

1977 5705 2166 5787 migrat
2193 5706 2246 5762 in
2289 5705 2510 5763 delicias
2561 5708 2879 5781 navigantis.
2914 5706 3046 5763 Cum
3091 5713 3262 5761 tutum
3287 5714 3369 5763 est
3395 5720 3552 5779 cym-

2964 5797 3038 5858 12
