4192 6260
669 376 774 429 5ὺῦ

1886 361 2053 416 ΝῚΤᾹ
2099 361 2139 415 Η
2154 361 2233 415 JR
2244 361 2467 415 lllSD/E
2511 358 2727 415 ΡΑΡΑΞ.

3825 356 3926 412 364

667 487 788 542 bam
828 482 941 536 Salo
970 482 1147 536 laxare
1184 490 1237 533 et
1283 477 1570 532 auchoram
1606 475 1657 527 in
1690 487 1903 529 morsus
1934 473 2233 528 absolvere.
2268 481 2312 537 Α
2345 473 2423 527 Tu
2469 475 2732 541 praedonis
2787 472 3004 526 nescisti
3056 470 3244 525 timere
3290 470 3573 534 satvitiam,
3635 481 3688 523 tu
3723 470 3929 526 bianor-

671 580 801 632 Dum
832 576 1055 629 fractura
1087 573 1436 641 procellarum
1466 584 1584 638 qua:
1609 568 1813 620 navitas
1844 566 2105 620 hactenus
2138 576 2243 621 ter-

667 670 837 731 rebat,
860 668 1063 728 invitat,
1088 673 1142 717 et
1172 677 1266 730 per
1293 660 1390 713 uda
1414 660 1645 728 mqtturis
1672 657 1844 725 spatia
1876 670 2121 709 sonmum
2145 669 2243 723 gu-

667 758 936 814 bernantis
983 755 1232 808 admittit.
1278 753 1406 805 Cum
1458 752 1638 803 colore
1687 747 1941 801 distincta
1974 753 2245 814 gemmato

668 850 841 901 vernis
869 846 1057 912 opibus
1087 852 1234 910 prata
1266 842 1555 894 ditescant.

735 936 809 986 Te
839 934 905 985 ad
946 932 1298 998 pontificalem
1343 930 1544 997 apicem
1572 929 1826 997 gravitas,
1875 926 2065 995 pudor,
2098 923 2249 993 pudi—

664 1028 810 1090 citia,
836 1036 1087 1078 venustas
1136 1024 1375 1085 adduxit,
1409 1029 1609 1074 statuat
1640 1022 1737 1073 ista
1779 1021 1896 1074 loco
1924 1020 2127 1083 laudes,
2156 1012 2247 1072 cui

667 1132 807 1169 nunc
832 1115 1084 1183 suppetit,
1116 1113 1257 1182 quod
1307 1112 1477 1180 possit
1517 1111 1807 1179 prmdicare
1854 1110 1922 1164 de
1986 1110 2242 1162 moribus.

667 1208 947 1261 Momentis
977 1206 1119 1258 enim
1152 1218 1279 1256 aura
1312 1202 1583 1270 popularis
1619 1200 1931 1266 itnpcllitur,
1964 1211 2016 1252 et
2066 1201 2247 1251 nescia

666 1299 924 1355 eratninis
954 1298 1106 1349 turba
1132 1294 1257 1349 dum
1290 1293 1480 1345 studiis
1530 1291 1730 1359 rapitur
1756 1300 1898 1341 amat
1927 1288 2242 1356 incognitas.

666 1392 833 1448 Alteri
858 1389 997 1460 quod
1028 1389 1144 1457 pius
1173 1402 1231 1441 es
1257 1386 1512 1448 ostendit,
1558 1384 1711 1437 alteri
1736 1384 1873 1451 quod
1900 1396 2142 1445 severus,
2170 1381 2249 1434 al-

667 1487 763 1540 tcri
793 1482 931 1552 quod
974 1482 1110 1539 bene
1159 1478 1405 1547 acquisiti
1457 1476 1771 1529 distributor
1804 1474 2131 1541 patrimonii,
2163 1472 2246 1524 al-

668 1580 767 1634 teri
792 1577 933 1647 quod
982 1578 1086 1632 scis
1126 1588 1273 1630 recte
1327 1582 1475 1642 parta
1498 1587 1735 1629 scrvare.
1792 1569 1845 1622 ld
1876 1569 2034 1621 studii
2080 1569 2245 1621 sumit

667 1673 1008 1734 universitas,
1049 1680 1106 1723 ut
1134 1684 1254 1722 cum
1286 1668 1351 1721 de
1386 1665 1657 1734 proposita
1704 1664 1859 1717 laude
1881 1661 2247 1730 unusquisque

667 1766 924 1830 vinceret,
960 1761 1043 1815 vel
1086 1759 1395 1821 collatione,
1445 1757 1525 1810 vel
1572 1756 1949 1818 collocutione,
1982 1762 2157 1806 tamen
2193 1753 2243 1807 in

670 1856 949 1926 praeconiis
976 1853 1078 1908 tuis
1110 1852 1345 1905 melioris
1395 1848 1530 1903 tituli
1579 1846 1646 1901 ab
1694 1846 1866 1901 altero
1918 1846 2239 1900 vinceretur.
2275 1834 2322 1893 B

743 1990 756 2017 ³
806 1980 1077 2051 νεηαηιίο]
1110 1974 1251 2035 Idem
1287 1980 1510 2034 fortasse
1532 1994 1654 2051 cum
1678 1980 1933 2051 Venantio
1961 1980 2042 2034 cui
2070 1981 2244 2051 [inno-

671 2058 790 2110 tlius
837 2050 1077 2109 inscribit
1118 2052 1399 2119 epistolam
1444 2051 1512 2103 2‘2
1543 2050 1634 2103 lib.
1676 2066 1727 2117 v,
1772 2050 1835 2102 ad
1865 2066 2021 2118 quem
2069 2050 2241 2101 locum

670 2128 788 2180 vide
855 2137 1030 2177 nutant
1087 2121 1374 2177 Sirmundi.
1432 2121 1672 2172 Venantii
1733 2134 1945 2183 quoque
2004 2120 2246 2171 meminit

2350 574 2650 619 mentorum
2681 562 2823 634 quod
2852 564 2905 617 in
2951 564 3233 616 malitiOSlS
3281 564 3560 617 nocentius
3608 564 3768 627 telum
3825 573 3926 626 est,

2348 663 2498 709 scuto
2521 656 2833 709 constantiae
2864 669 3064 707 venena
3091 652 3363 720 respuisti.

2724 769 2739 797 ⁸
2786 766 3127 821 νΕΝΑΝΤιυ
3168 767 3522 822 ΕΝΝΟΒιυδ.

2430 878 2672 944 Domine,
2701 878 2939 932 admiror
2969 878 3232 931 sermonis
3278 878 3655 932 abstinentiam
3690 880 3809 948 quia
3840 882 3927 950 qui

2349 968 2534 1035 exigua
2589 967 2910 1035 condiderit,
2976 968 3107 1021 nihil
3161 968 3426 1037 producit.
3461 971 3649 1023 Credis
3698 971 3799 1024 sub
3834 954 3931 1027 hac

2350 1058 2633 1112 occasione
2659 1058 2927 1126 profectus
2975 1059 3051 1111 tui
3091 1059 3257 1112 latere
3294 1060 3593 1126 scientiam,
3632 1071 3684 1113 ct
3716 1064 3929 1117 tacitur-

2353 1147 2486 1199 nitas
2517 1147 2839 1217 imperitiam
2882 1149 3079 1216 prodit,
3104 1158 3157 1203 et
3216 1149 3526 1203 infabricata
3575 1151 3929 1208 confabulatio

2352 1234 2657 1289 manifestat
2707 1236 3008 1292 infantiam.
3043 1237 3249 1291 Interea
3281 1248 3406 1293 ante
3438 1240 3589 1308 inops
3616 1243 3783 1309 gratia
3822 1259 3924 1295 non

2352 1326 2516 1389 fuisti,
2548 1327 2721 1381 sciens
2743 1325 2867 1395 quid
2893 1328 3189 1396 diligentia,
3217 1330 3341 1397 quid
3373 1332 3600 1383 amantis
3624 1333 3926 1385 sollicitudo

2351 1416 2627 1484 flagitaret.
2656 1416 2846 1470 Factus
2873 1430 2932 1470 es
2977 1417 3233 1470 bonarum
3263 1434 3443 1471 rerum
3466 1418 3730 1483 conscius,
3764 1430 3915 1489 post-

2348 1522 2505 1575 quam
2543 1514 2593 1560 te
2622 1504 2689 1559 ad
2718 1506 3005 1560 obtinenda
3045 1523 3161 1575 quas
3204 1516 3457 1575 putantur
3484 1510 3711 1563 maxima
3754 1520 3925 1564 trans-

2352 1597 2613 1652 misimus.
2690 1598 2841 1663 Quod
2903 1606 3068 1652 restat
3127 1602 3281 1665 vale,
3330 1602 3599 1669 accipiens
3651 1602 3924 1655 monitoris

2350 1689 2541 1753 verba,
2571 1698 2625 1743 et
2654 1690 2961 1744 melioratus
2992 1692 3043 1745 in
3091 1700 3142 1746 te
3182 1693 3487 1761 scriptionis
3514 1693 3820 1747 assiduita'e
3849 1694 3925 1747 di-

2351 1782 2525 1853 vulga.

2354 1985 2496 2040 idem
2530 1985 2804 2059 Ennodius
2843 1988 3001 2055 epist.
3033 1987 3066 2042 9
3099 1988 3190 2042 lib.
3221 2002 3545 2058 meumque
3590 1990 3818 2059 appellat
3848 1992 3922 2042 vi-

2340 2072 2464 2108 wrum
2501 2057 2629 2108 clar.

1864 2309 2024 2351 ANNO
2058 2310 2284 2351 DOMINI
2317 2311 2740 2353 DXIV-DXXUI.

949 2431 2584 2669 ’HORMISDA
2701 2431 3565 2666 PAPA.

2066 2740 2517 2820 NOTITIA.

2000 2874 2089 2930 (..x
2119 2874 2261 2922 Libro
2288 2875 2587 2936 pontificali.)

744 3054 768 3082 ι
800 3042 1077 3099 llormisda
1106 3040 1321 3096 natione
1347 3040 1681 3109 Campanus,
1720 3054 1785 3094 ex
1818 3046 1966 3109 patre
1995 3040 2147 3096 Iusto
2176 3039 2247 3095 de

2350 3042 2565 3096 civitate
2613 3041 2907 3095 Frusinona
2956 3041 3281 3112 (Frusione),
3326 3041 3353 3080 δ
3387 3041 3522 3096 sedit
3547 3058 3713 3097 annos
3755 3044 3832 3115 (a)
3868 3048 3907 3101 8

743 3158 772 3191 ⁸
806 3154 1085 3222 Χτθτὶβηῑεε
1108 3154 1236 3225 νεῑγθ
1276 3161 1429 3225 notas
1470 3168 1587 3222 qure
1627 3153 1692 3207 ad
1723 3162 2001 3223 utramque
2046 3154 2250 3223 pagina:
2279 3147 2325 3210 C
2356 3170 2459 3223 que
2506 3156 2640 3207 intra
2674 3153 3019 3221 parcntltescs
3068 3155 3117 3206 in
3152 3164 3294 3208 textu
3329 3155 3616 3225 posuimus,
3645 3156 3931 3225 aliquaties

670 3243 817 3280 oram
853 3234 971 3293 post
993 3224 1257 3278 Labbcum
1298 3223 1461 3277 Mansi
1494 3226 1868 3293 exscripserat,
1898 3239 1997 3279 nos
2022 3225 2257 3293 plerum-

739 3346 764 3374 ⁸
806 3336 1126 3405 Symmacho
1156 3351 1219 3387 ex
1252 3335 1349 3407 hac
1380 3335 1575 3407 vita_ad
1605 3338 1987 3405 sempiternam
2017 3339 2239 3407 gloriam

670 3404 947 3473 perducto,
1004 3419 1207 3456 summa
1262 3406 1420 3457 totius
1472 3404 1694 3458 Romani
1728 3404 1879 3461 ’cleri
1932 3404 2239 3474 concordia,

669 3476 959 3530 schismate
984 3474 1211 3545 sublato,
1240 3483 1358 3539 post
1381 3474 1723 3545 diesseptem
1760 3477 1826 3529 ab
1851 3477 1964 3545 ejus
1990 3480 2137 3532 obitu
2173 3496 2241 3534 vlt

669 3546 917 3617 calendas
940 3543 1190 3617 _Augus_li_,
1225 3558 1375 3617 anno
1396 3544 1587 3617 Christi
1620 3544 1745 3609 5H,
1781 3543 2043 3617 Anastasii
2070 3550 2240 3617 impe-

671 3620 860 3668 ratoris
889 3614 981 3678 2f,
1022 3622 1075 3665 et
1114 3613 1427 3666 'l'heodorici
1463 3615 1602 3682 regis
1642 3617 1804 3669 Italia:
1830 3616 1920 3669 22.
1964 3613 2242 3674 llormisda

668 3688 725 3738 δ.
757 3685 818 3737 lt.
858 3684 919 3737 E.
960 3682 1236 3745 diaconus,
1278 3683 1511 3752 pontifex
1554 3693 1637 3737 est
1678 3697 1910 3739 creatus.
1944 3688 2092 3753 Quod
2120 3704 2241 3743 cum

669 3756 764 3808 toti
810 3753 927 3806 orbi
968 3753 1305 3816 innotuisset,
1344 3753 1643 3807 Clodoveus
1673 3760 1689 3775 ‘
1720 3772 1811 3809 rex
1850 3756 2246 3812 Christianissi-

670 3840 787 3876 mus
816 3832 1125 3894 cunctorutn
1152 3822 1466 3891 obsequium
1494 3828 1773 3890 praevenit,
1799 3836 1854 3879 et
1882 3828 2058 3883 officia
2087 3843 2245 3894 snpe-

668 3894 825 3946 ravit.
876 3892 1004 3945 Nam
1050 3904 1366 3960 suggerente
1409 3893 1673 3962 Remigio,
1720 3910 1973 3949 euronam
2023 3892 2242 3953 auream

667 3978 788 4015 cum
817 3963 1075 4029 gemmis,
1108 3978 1227 4029 qua:
1257 3978 1477 4029 regnum
1510 3966 1763 4031 appellari
1794 3967 1957 4029 solet,
1991 3966 2050 4020 B.
2086 3968 2243 4022 Petro

667 4033 882 4085 donavit
912 4049 923 4082 :
948 4046 1049 4098 qua
1080 4047 1137 4085 re
1158 4048 1183 4082 a
1204 4031 1313 4085 Deo
1336 4043 1656 4086 consecutus
1678 4042 1760 4087 est
1777 4036 2077 4090 mercedem
2102 4052 2242 4102 eam,

670 4113 726 4153 ut
775 4102 1098 4154 Francorum
1150 4103 1297 4169 regni
1350 4117 1548 4155 corona
1603 4102 1859 4159 hactenus
1909 4118 2240 4170 perseveret.

670 4172 838 4244 llujus
863 4172 1189 4244 temporibus
1222 4172 1532 4244 Anastasius
1563 4174 1851 4244 imperator
1880 4175 2242 4244 Entychiauus

670 4241 833 4293 multa
886 4240 949 4292 ad
1006 4241 1413 4308 Opprimeudum
1467 4240 1904 4298 Cbalcedonense
1955 4240 2241 4300 c'uncilium

668 4311 884 4363 molitus
911 4309 1025 4363 fuit.
1055 4312 1179 4363 Bina
1208 4312 1467 4378 legatione
1488 4326 1515 4362 a
1543 4313 1791 4379 pontifice
1819 4314 2072 4378 monitus,
2101 4326 2156 4368 nt
2176 4317 2244 4369 ad

670 4381 953 4434 uniendam
980 4379 1302 4434 Orientalem
1328 4395 1448 4445 cum
1471 4382 1797 4435 Uccidentali
1825 4384 2118 4437 Ecclesiam
2152 4400 2245 4439 no-

668 4466 787 4523 men
807 4451 980 4523 Acacii
1007 4460 1217 4523 curaret
1244 4450 1501 4523 expungi;
1538 4466 1639 4523 non
1658 4453 1814 4505 modo
1837 4468 1939 4505 non
1970 4454 2245 4523 obtempe-

668 4522 805 4575 ravit
829 4562 844 4587 ,
874 4519 965 4575 sed
999 4521 1169 4588 potius
1197 4522 1398 4587 majore
1427 4536 1546 4573 cum
1581 4522 1757 4575 furore
1784 4523 2026 4575 eamdem
2058 4519 2238 4589 perSe-

666 4593 755 4659 qui
788 4592 979 4657 coepit;
1010 4591 1239 4642 maxime
1269 4592 1643 4655 tunc,quandu
1669 4607 1763 4658 per
1786 4592 1907 4646 ﬁdei
1932 4592 2242 4649 orthodoxa:

666 4662 1057 4715 simulationem
1075 4661 1305 4711 favorem
1325 4661 1499 4728 p0pul.
1517 4660 2096 4728 Constantinopolinmi
2115 4680 2244 4718 con-

666 4743 882 4785 secutus
904 4737 1067 4793 esset,
1096 4730 1443 4797 Vitalianque
1473 4730 1768 4797 p-rescrtim
1796 4732 2099 4785 rebellantis
2128 4750 2242 4789 me-

670 4812 776 4853 tum
807 4802 1151 4854 excussisset.
1182 4796 1309 4851 Post
1332 4796 1494 4851 multa
1516 4800 1720 4854 scelera
1750 4803 1801 4854 in
1834 4802 2122 4856 Ecclesiam
2152 4807 2241 4860 Dei

668 4880 895 4932 patrata,
926 4869 1167 4936 apparuit
1196 4869 1245 4921 ei
1279 4884 1371 4934 per
1398 4872 1566 4921 visum
1591 4872 1688 4923 viri
1717 4872 1928 4925 candidi
1959 4875 2164 4935 Species
2189 4877 2239 4930 in

666 4939 783 5012 haec
825 4940 981 4991 verba
1023 4939 1192 5012 ipsum
1235 4939 1603 5012 compellantis
1635 4958 1646 4991 :
1682 4939 1814 4994 Ecce
1845 4952 2051 5007 prapter
2084 4947 2241 5012 perﬁ-

667 5010 804 5078 diam
848 5020 985 5059 tuam
1032 5009 1172 5059 deleo
1223 5010 1308 5059 tibi
1353 5013 1735 5075 quatuordecim
1767 5028 1783 5062 :
1816 5012 2005 5078 quibus
2058 5014 2106 5064 in
2152 5009 2240 5069 illo

667 5076 848 5128 codice
872 5078 1170 5143 expunctis,
1198 5080 1356 5147 tertio
1392 5078 1609 5147 postdie
1635 5076 1851 5132 tonitrui
1883 5082 2091 5147 fragore
2116 5100 2240 5136 cxa-

668 5146 899 5198 nimatus
929 5156 1029 5200 est.
1074 5146 1312 5200 Justinus
1340 5146 1403 5200 ei
1440 5152 1768 5202 armentario
1801 5160 1856 5203 et
1891 5146 2115 5203 subulco
2147 5154 2241 5206 im-

670 5224 881 5283 perator
932 5216 1263 5277 catholicus.
1318 5219 1544 5287 fideique
1592 5220 1905 5273 orthodoxa:
1951 5220 2239 5287 singularis

669 5292 942 5350 patronus,
972 5287 1252 5339 Anastasio
1280 5288 1665 5355 Acephalorum
1692 5291 1959 5343 defensori
1988 5305 2017 5342 a
2049 5301 2238 5347 senatu

666 5356 823 5409 simul
867 5364 921 5408 ct
956 5355 1193 5428 exercitu
1237 5356 1489 5428 universo
1528 5361 1839 5428 subrogatus
1873 5369 1952 5413 est
1981 5376 1993 5412 :
2028 5369 2151 5415 tunc
2184 5364 2237 5416 in

666 5442 854 5481 omnes
891 5427 1170 5480 hmreticos
1212 5427 1493 5479 anathema
1536 5438 1619 5482 est
1659 5432 2071 5495 proclamatum;
2113 5441 2237 5485 tunc

666 5509 891 5564 quatuor
917 5494 1242 5551 meumenica
1273 5496 1497 5549 concilia
1528 5494 1840 5566 approbata,
1869 5516 2035 5567 eaque
2056 5494 2236 5556 Omnia

666 5577 811 5635 gesta
851 5570 1062 5623 fuerunt
1100 5581 1217 5635 qua:
1259 5568 1309 5619 in
1341 5567 1474 5620 actis
1499 5569 1706 5622 concilii
1746 5570 2239 5641 Constantinopoli-

738 5682 815 5751 (η)
845 5682 976 5737 Cod.
1010 5682 1136 5738 an.
1171 5683 1293 5747 too,
1324 5683 1378 5738 9.

2360 3226 2424 3277 ad
2452 3227 2647 3279 calcem
2681 3226 3009 3293 paginarum,
3043 3225 3294 3278 asterisco
3326 3224 3563 3291 prmﬁxo.
3603 3226 3753 3280 Εοιτ.

2346 3340 2455 3392 tani
2487 3340 2584 3392 sub
2619 3339 2893 3391 llormisla
2925 3338 3173 3390 celebrati
3210 3336 3346 3389 infra
3378 3337 3780 3390 describuntur.
3814 3337 3930 3393 Ro-

2345 3424 2495 3478 ga'us
2516 3411 2791 3463 llormisda
2814 3417 2869 3460 ut
2886 3407 3158 3461 decretum
3180 3408 3390 3459 concilii
3412 3411 3712 3469 confirmet,
3731 3412 3929 3471 praevia

2346 3479 2588 3549 synodali
2634 3478 3021 3532 consultatione
3053 3478 3347 3549 respondit,
3385 3479 3602 3549 petitam
3645 3477 3711 3529 ab
3738 3477 3928 3533 Orien-

2348 3547 2435 3601 tali
2471 3548 2704 3600 Ecclesia
2736 3562 2939 3613 pacem,
2974 3547 3428 3600 ctcommnniune
3454 3560 3481 3596 n
3522 3547 3591 3599 ita
3630 3561 3748 3600 esse
3794 3563 3929 3600 con-

2345 3618 2661 3680 cedendam,
2700 3618 2744 3669 si
2773 3618 2987 3669 nomina
3009 3616 3208 3679 Aracii,
3233 3616 3509 3683 Euphemii
3534 3625 3587 3669 et
3609 3616 3926 3679 Macedonii,

2346 3703 2482 3757 quos
2511 3689 2678 3741 sacris
2708 3688 2898 3739 tabulis
2942 3688 3302 3757 restituerant,
3349 3689 3556 3757 penitus
3585 3686 3827 3757 delerent
3870 3698 3927 3741 ct

2345 3755 2730 3825 expungercnt.
2764 3756 2932 3822 Quam
2964 3766 3019 3808 ut
3049 3766 3100 3809 et
3130 3756 3288 3807 citius
3316 3766 3365 3807 et
3399 3755 3605 3825 facilius
3630 3756 3925 3819 ‘olitineret,

2348 3824 2667 3897 legationem
2694 3826 2977 3897 quamdam
3008 3826 3070 3897 ad
3100 3825 3365 3897 Justinutn
3398 3836 3449 3876 et
3478 3824 3927 3897 Constantinopo-

2346 3894 2565 3951 litanum
2598 3897 2907 3962 episcopum
2936 3894 3219 3962 ablegavit.
3249 3910 3366 3961 qum
3390 3908 3574 3959 magna
3604 3909 3727 3946 cura
3761 3903 3813 3945 et
3844 3896 3926 3946 in-

2345 3966 2547 4019 dustria
2598 3966 2853 4031 singulari
2900 3964 3157 4025 efliceret,
3202 3974 3257 4016 ut
3296 3964 3528 4016 Zenonis
3563 3972 3616 4015 cf.
3656 3968 3925 4017 Anasta~ii

2348 4038 2719 4089 lncreticorum
2748 4037 3126 4099 imperatorum
3147 4034 3400 4086 memoria
3417 4035 3671 4086 damnare
3699 4048 3779 4095 ur,
3798 4032 3926 4089 fidei

2352 4106 2578 4158 formula
2627 4105 3021 4171 subscriptione
3067 4104 3442 4171 epi~Ctiporum
3489 4103 3811 4165 firmaretur,
3860 4120 3927 4156 ac

2347 4178 2576 4241 denique
2600 4182 2658 4227 ιιι
2688 4190 2878 4227 nomen
2908 4174 3082 4225 Acacit
3109 4174 3448 4239 aliorumque
3478 4186 3611 4239 quos
3643 4174 3808 4224 Sacris
3838 4172 3927 4225 di-

2350 4246 2557 4313 ptychis
2582 4244 2924 4296 restituerant
2952 4243 3105 4308 plane
3130 4242 3369 4295 delerent
3396 4251 3450 4313 et
3478 4241 3695 4313 omnino
3721 4243 3927 4313 essun-

2345 4311 2592 4381 gu‘erent.
2612 4313 2880 4366 Successit
2904 4328 2987 4365 res
3016 4327 3109 4376 pro
3134 4322 3256 4362 Vulo
3285 4311 3602 4381 sanctissimi
3633 4312 3923 4381 pontificis.

2349 4380 2425 4437 Ad
2458 4384 2888 4449 communionem
2916 4382 3274 4433 Uccidentalis
3302 4380 3556 4434 Ecclesiae
3586 4380 3783 4446 recepti
3812 4380 3928 4434 fue-

2348 4463 2472 4506 runt
2503 4455 2603 4505 hoc
2635 4461 2876 4519 tempore
2905 4452 3225 4513 Urienta'e-,
3272 4450 3361 4519 qui
3391 4452 3545 4502 annis
3587 4452 3703 4515 plus
3744 4450 3928 4503 minus

2349 4523 2614 4590 octoginta
2644 4525 2709 4573 ab
2739 4522 2987 4574 Ecclesia:
3018 4521 3217 4573 unitate
3249 4520 3599 4590 pergscliisma
3632 4532 3753 4573 sese
3781 4522 3925 4572 divi-

2272 4580 2317 4640 D
2348 4580 2546 4652 serant.
2580 4592 2737 4657 idque
2763 4592 2953 4643 accidit
2974 4580 3308 4642 sanctissimo
3332 4588 3467 4642 festo
3493 4589 3927 4642 llrsurrectiOnis

2348 4662 2628 4715 dominica:
2654 4662 2855 4728 absque
2882 4664 2983 4712 ulla
3018 4660 3274 4713 seditione
3300 4668 3354 4713 et
3376 4662 3599 4712 tumultu
3628 4675 3639 4710 :
3671 4668 3927 4724 tantaque

2352 4746 2469 4784 cum
2495 4730 2866 4791 admiratione,
2906 4732 3193 4795 gratiarum
3218 4731 3429 4782 actione
3450 4740 3503 4782 et
3528 4728 3733 4789 lmtitia,
3756 4743 3928 4794 quan-

2346 4810 2452 4853 tum
2486 4804 2569 4853 vix
2604 4800 2777 4867 lingua
2813 4800 2913 4851 ulla
2945 4800 3212 4865 explicare
3240 4800 3402 4852 valet.
3435 4800 3558 4852 Ηωο
3588 4813 3651 4850 ex
3681 4798 3927 4862 episolis

2348 4869 2645 4923 llormisdze
2677 4870 2931 4921 Batonius
2959 4888 2970 4922 :
2995 4884 3057 4922 ex
3102 4869 3240 4921 notis
3281 4870 3624 4934 cpistolarum
3662 4877 3713 4919 et
3740 4871 3927 4919 conci-

2346 4940 2537 4992 liorum
2581 4938 2715 4991 infra
2756 4938 3192 5005 subsequentium
3238 4939 3385 5006 plura
3430 4953 3608 4991 rerum
3651 4936 3750 4989 sub
3788 4937 3926 4989 llor-

2347 5010 2511 5062 misda
2534 5019 2802 5077 gestarum
2826 5022 3137 5075 cognosces.

2420 5074 2684 5132 Restituta
2737 5078 2867 5131 fides
2898 5074 3198 5137 catholica,
3243 5078 3574 5145 nexibnsque
3615 5074 3925 5129 schismatis

2345 5148 2536 5202 liberat
2557 5168 2591 5211 ι,
2610 5150 2709 5202 hoc
2731 5149 2924 5201 bonum
2949 5162 3131 5201 secum
3156 5148 3348 5208 attulit,
3375 5155 3431 5198 ut
3453 5147 3709 5198 Lazortnn
3740 5158 3921 5211 regem

2344 5226 2395 5270 et
2427 5220 2698 5286 populum,
2724 5219 2979 5270 hactenus
3007 5233 3147 5269 vera:
3169 5216 3438 5282 religionis
3467 5215 3764 5286 divinchue
3792 5215 3925 5280 legis

2344 5283 2649 5354 expertem,
2694 5286 2758 5337 ad
2789 5286 3142 5339 Clirsstianam
3179 5286 3334 5337 fidem
3373 5283 3795 5349 amplectendam
3836 5287 3923 5334 in~

2344 5355 2576 5408 duxerit.
2610 5357 2810 5408 Auctor
2841 5355 3063 5408 Miscell.
3090 5356 3179 5408 lib.
3217 5356 3442 5406 μηδεν.
3471 5354 3666 5403 limus.

2414 5423 2440 5461 1³
2482 5425 2649 5477 Annis
2672 5439 2880 5481 novem.
2907 5425 3096 5478 diebus
3118 5426 3325 5483 decem,
3356 5437 3383 5473 a
3406 5422 3684 5475 con~ttlatu
3706 5416 3920 5473 Cassio-

2345 5492 2458 5546 dori
2486 5494 2551 5546 ad
2586 5494 2875 5546 lllaximum
2906 5496 3129 5554 sedisse,
3163 5492 3499 5544 Marcellinus
3538 5490 3589 5544 in
3633 5487 3837 5543 Chron.
3865 5499 3921 5541 et

2350 5561 2578 5615 Vaticani
2628 5561 2831 5617 indices
2878 5572 3195 5617 attestantur
3237 5576 3250 5612 :
3294 5561 3401 5614 imo
3444 5560 3557 5630 ipse
3604 5560 3917 5613 Anastasius

731 5778 747 5797 '
762 5775 1100 5831 .Childebertus
1125 5781 1359 5833 Ctodoveu
1405 5792 1494 5829 rea:
1516 5782 1657 5829 domu
1684 5784 1741 5831 Β.
1770 5785 1917 5832 Petra
1941 5794 2157 5832 coronam
2181 5793 2379 5831 auream
