4184 6260
300 368 415 426 365

1530 364 1684 419 VITA
1725 360 2085 417 IIORKIISDxF.
2124 356 2344 413 PAPIE.

3432 346 3534 399 366

293 480 414 534 dies
450 476 536 531 I7.
573 474 692 529 Fuit
716 483 892 528 autem
932 474 1257 544 temporibus
1294 473 1609 528 Theudorici
1642 476 1779 541 regis
1810 483 1862 526 ct
1891 478 1939 534 Α
1970 471 2169 539 Quibus
2200 467 2301 523 hoc
2333 466 2475 521 dedit
2507 466 2557 516 in
2590 463 2849 516 mandatis
2882 463 3165 530 imperator
3201 461 3535 523 Anastasius,

293 566 565 622 Anastasii
600 564 840 632 Augusti,
871 573 896 600 ³
928 578 959 617 a
987 564 1263 617 consulatu
1298 564 1573 619 Senatoris
1607 579 1771 633 usque
1800 563 1867 616 ad

290 658 632 713 consulatum
665 655 967 725 Symmachi
998 665 1052 709 et
1078 655 1269 710 Boetii.
1313 656 1406 713 llic
1436 657 1732 724 composuit
1760 655 1873 709 cle-

292 762 440 808 rum.
473 756 526 800 et
555 746 772 814 psalmis
801 744 1050 799 erudivit.
1080 745 1172 798 llic
1198 744 1321 799 fecit
1348 745 1619 799 basilicam
1646 745 1695 798 in
1720 744 1875 798 terri-

295 836 445 889 torio
477 834 763 888 Albanensi
790 874 804 897 ,
838 834 886 886 in
916 833 1249 901 possessione
1278 835 1353 904 (α)
1383 834 1655 887 Mesontis.
1699 832 1724 870 δ
1772 826 1877 885 Eo-

292 926 426 981 dem
452 936 696 993 tempore
720 940 787 978 ex
808 925 1096 977 constituto
1121 925 1309 993 synodi
1341 925 1486 977 misit
1516 926 1566 977 in
1596 922 1876 985 Graeciam,

297 1014 690 1068 humanitatem
718 1011 1006 1067 ostendens
1036 1013 1178 1065 sedis
1206 1012 1509 1080 apostolica;
1542 1011 1615 1081 (et
1638 1008 1879 1063 reconci-

299 1107 458 1161 liavit
479 1103 746 1169 Grmcos),
779 1103 897 1171 quia
930 1101 1101 1155 Grzeci
1136 1102 1351 1169 obligati
1374 1110 1526 1155 erant
1548 1102 1645 1154 sub
1670 1098 1880 1153 vinculo

294 1191 662 1249 anathematis
693 1201 910 1259 pr0pter
941 1190 1155 1244 Petrum
1207 1188 1620 1242 Alexandrinum
1658 1196 1712 1242 et
1744 1188 1883 1241 Aca-

299 1285 450 1338 cium
480 1278 1129 1346 Constantinopolitanurn
1160 1276 1489 1345 episc0pum.
1529 1277 1638 1331 Sub
1678 1275 1882 1329 Joanne

300 1375 566 1443 episcopo
593 1367 1202 1435 Constantinopolitano,
1235 1381 1354 1421 cum
1380 1366 1603 1420 consilio
1634 1365 1881 1419 Theodo-

306 1463 411 1519 rici
442 1459 585 1530 regis
612 1459 734 1530 (Hic
765 1473 897 1527 papa
925 1458 1161 1525 perrexit
1188 1458 1254 1511 ad
1286 1471 1465 1526 regem
1495 1456 1882 1511 'I‘heodoricum

310 1554 649 1616 Ravennam,
688 1558 741 1602 rt
775 1564 842 1602 ex
879 1548 1107 1602 c0nsilio
1136 1548 1320 1617 regis),
1351 1548 1553 1601 direxit
1582 1546 1883 1600 Ennodium

306 1646 622 1714 episcopum
645 1641 1001 1701 'I‘icinensem.
1027 1646 1081 1692 et
1101 1638 1447 1692 Fortunatum
1477 1637 1783 1705 episcopum
1806 1634 1885 1704 (b)

310 1735 758 1793 Catariensem.et
779 1728 1094 1783 Venantiuin
1121 1727 1482 1796 presbyterum
1508 1725 1654 1779 urbis
1678 1724 1881 1789 Roma),

1978 576 2033 618 nt
2058 563 2252 616 nullam
2282 560 2548 614 civitatem
2579 554 3000 625 ingrederentur.
3033 554 3211 621 Legati
3242 568 3370 607 vero
3398 554 3541 606 sedis

1978 654 2286 724 apostolica:
2314 649 2572 704 secretius
2607 646 2991 716 suprascriptas
3022 645 3274 714 epistolas
3314 644 3435 699 ﬁdei
3481 648 3543 698 19

1980 760 2077 814 per
2123 756 2308 796 manus
2340 738 2724 793 monachorum
2754 743 2808 789 et
2836 734 3251 786 orthodoxorum
3281 748 3543 800 exposue-

1982 842 2103 886 runt
2129 847 2223 900 per
2251 844 2437 883 omnes
2466 828 2730 881 civitates.
2774 824 2916 889 Quas
2947 833 3118 877 tamen
3158 823 3389 890 episcopi
3421 823 3548 876 civi.

1983 931 2171 986 latum,
2200 920 2285 988 qui
2316 930 2467 974 erant
2492 918 2779 985 compliccs
2804 916 3066 969 Anastasii
3092 914 3339 981 Augusti,
3362 928 3549 965 omnes

1983 1029 2073 1067 eas
2118 1010 2372 1080 epistolas
2410 1010 2598 1062 timore
2644 1021 2740 1075 pro
2774 1004 2996 1057 crimine
3035 1001 3550 1069 Constantinopolim

1983 1103 2186 1157 direer
2202 1110 2313 1156 unt.
2328 1100 2477 1153 Tunc
2503 1097 2681 1151 furore
2705 1094 2941 1163 repletus
2957 1094 3268 1147 Anastasius
3287 1096 3550 1160 Augustus

1983 1200 2167 1245 contra
2209 1205 2397 1259 papam
2431 1188 2761 1242 Ilormisdam
2802 1187 2940 1239 inter
2980 1185 3080 1237 alia
3127 1198 3275 1236 sacra
3319 1198 3411 1236 sua
3454 1183 3552 1235 hoc

1985 1284 2217 1353 scripsit.
2244 1284 2428 1338 dicens
2456 1301 2466 1334 :
2501 1282 2608 1335 Nos
2636 1280 2822 1348 jubere
2852 1277 3116 1341 volumus,
3151 1293 3253 1329 non
3291 1277 3439 1329 nobis
3465 1275 3552 1343 ju-

1986 1374 2118 1428 beri.
2150 1384 2172 1411 θ
2204 1374 2400 1428 Eodem
2425 1382 2663 1439 tempore
2696 1378 2824 1422 nutu
2854 1364 3145 1422 divinitatis
3171 1381 3452 1437 percussus
3475 1375 3553 1420 est

1987 1465 2206 1520 fulmine
2236 1464 2386 1533 (it-tu)
2420 1464 2600 1517 divino
2633 1464 2921 1529 imperator
2950 1459 3284 1524 Anastasius,
3318 1468 3371 1511 et
3398 1458 3552 1511 obiit.

1988 1557 2224 1625 Suu~psit
2258 1558 2433 1623 itaque
2476 1555 2755 1622 imperium
2788 1550 2808 1589 τ
2839 1552 3078 1605 Justinus
3122 1550 3473 1615 orthodoxus,
3506 1562 3557 1604 et

1989 1649 2187 1703 direxit
2210 1647 2571 1701 auctoritatem
2591 1661 2738 1699 suam
2760 1645 2823 1697 ad
2846 1659 3030 1713 papam
3058 1643 3391 1698 Ilormisdam
3417 1644 3558 1696 sedis

1989 1738 2293 1807 apostolica:
2319 1752 2411 1804 per
2434 1736 2675 1801 Gratum,
2700 1734 2960 1787 IlluSIrem
2988 1734 3199 1786 nomine
3226 1751 3236 1783 :
3285 1734 3352 1802 (ί)
3379 1745 3559 1798 re'ens

313 1840 371 1884 et
395 1826 620 1882 Vitalem
640 1824 921 1878 diaconum
940 1820 1082 1875 sedis
1105 1821 1431 1888 apostolica),
1460 1827 1513 1872 et
1530 1819 1600 1887 (ρ)
1629 1817 1884 1871 Hilarium

2003 1828 2167 1883 isede
2185 1827 2475 1893 apostolica
2517 1836 2573 1879 ut
2597 1823 3051 1892 redintegraretur
3071 1838 3168 1890 pax
3192 1823 3559 1876 ecclesiarum.

318 1917 585 1973 notarium
625 1913 692 1968 ad
738 1913 1079 1968 Anastasium
1121 1912 1412 1977 Augustum
1440 1923 1457 1961 :
1485 1907 1575 1961 sed
1608 1905 1739 1959 ninil
1767 1918 1889 1973 ege-

318 2018 465 2063 runt.
495 2017 519 2044 ε
553 2004 682 2059 Item
704 2000 939 2058 secundo
962 1999 1107 2053 misit
1132 1997 1428 2052 Eunodium
1455 1996 1532 2065 (ά)
1557 1994 1888 2062 episcopum,

317 2107 379 2154 et
419 2096 762 2163 Peregrinum
800 2092 1110 2146 Misenatcm
1141 2089 1446 2156 episcOpum
1483 2084 1571 2155 (et
1597 2084 1890 2137 Pollionem

325 2186 709 2244 subdiaconum
737 2179 938 2249 urbis),
985 2186 1253 2248 portantes
1281 2176 1538 2246 epistolas
1570 2171 1897 2227 conlortato-

322 2279 438 2332 rias
464 2274 605 2340 ﬁdei,
630 2282 681 2328 et
704 2271 1118 2326 contestationes
1138 2277 1372 2323 secretas
1394 2280 1617 2320 numero
1639 2260 1759 2330 i9,‘1
1786 2271 1899 2317 tex-

326 2379 440 2425 tum
474 2367 636 2423 libelli
672 2366 758 2437 (et
788 2364 1022 2419 libellum
1058 2378 1151 2431 per
1192 2378 1349 2429 quem
1378 2361 1653 2424 redirent;
1684 2358 1826 2429 quod
1853 2359 1898 2412 si

326 2461 625 2515 noluissent
650 2456 902 2524 epistolas
929 2455 1220 2523 suscipere,
1263 2452 1678 2507 contestationes
1706 2465 1800 2518 per
1826 2449 1902 2504 ci-

326 2551 518 2604 vitates
559 2544 912 2615 spargerent).
964 2543 1017 2596 In
1054 2558 1158 2611 quo
1200 2543 1378 2597 libello
1422 2540 1591 2594 noluit
1640 2538 1903 2593 assentire

328 2637 648 2695 Anastasius
676 2635 964 2704 Augustus,
996 2633 1119 2701 quia
1158 2641 1211 2686 et
1253 2631 1365 2699 ipse
1409 2631 1460 2683 in
1502 2631 1693 2685 haeresi
1736 2630 1897 2698 Euty-

329 2732 524 2793 cbiana
578 2727 1069 2782 communicaverat
1116 2722 1251 2794 (erat
1295 2721 1681 2790 consentiens).
1734 2721 1907 2775 Voluit

331 2824 616 2891 itaqueeos
627 2818 830 2887 legatos
845 2831 937 2885 per
960 2813 1443 2869 remunerationem
1462 2810 1904 2880 corrumpere(e).

333 2911 516 2981 Legati
562 2923 691 2963 vero
722 2906 868 2962 sedis
914 2904 1240 2974 apostolicr.
1285 2912 1586 2971 contempto
1631 2900 1910 2955 Anastasio

336 3006 599 3072 Augusto,
630 3001 932 3055 nullatenus
956 3004 1345 3052 consenserunt
1366 2996 1609 3063 accipere
1637 2991 1908 3062 pecunias,

335 3096 441 3151 nisi
467 3093 884 3148 satisfactionem
907 3089 1050 3144 sedis
1072 3087 1380 3157 apostolicae
1403 3096 1737 3155 operaretur.
1760 3082 1910 3137 'I‘unc

1995 1927 2019 1964 s
2048 1917 2196 1971 Tunc
2222 1916 2497 1969 lIormisda
2520 1915 2802 1981 episcopus
2831 1928 2949 1966 cum
2981 1913 3205 1966 consilio
3230 1914 3370 1981 regis
3390 1913 3562 1965 Theo-

1993 2009 2160 2063 dorici
2193 2007 2386 2061 direxit
2422 2021 2449 2058 a
2492 2005 2617 2059 sede
2660 2004 2948 2072 apostolica
2990 2004 3311 2058 Germanum
3355 2002 3428 2071 (g)
3462 2000 3564 2055 (Ἰθ-

1996 2113 2225 2168 puauum
2253 2096 2583 2163 episcopum,
2609 2102 2663 2147 ct
2680 2094 2938 2149 Joannem
2962 2092 3313 2161 (episcopum)
3338 2101 3391 2145 ct
3414 2092 3566 2146 Blan-

1930 2252 1933 2255 _
1996 2188 2120 2242 dum
2152 2186 2514 2254 presbyteros,
2548 2192 2600 2238 et
2630 2183 2858 2238 Felicem
2892 2193 2942 2237 et
2975 2182 3283 2236 Dioscorum
3315 2182 3567 2235 diaconos

1999 2278 2140 2333 sedis
2180 2276 2510 2346 apostolica),
2556 2284 2608 2329 et
2650 2276 2865 2329 Petrum
2903 2274 3191 2339 notarium,
3234 2276 3464 2328 munitos
3505 2290 3568 2327 cx

2000 2371 2141 2424 omni
2177 2377 2324 2437 parte
2355 2367 2455 2420 {ide
2483 2376 2535 2421 et
2565 2377 2711 2421 textu
2746 2366 2909 2421 libelli
2939 2366 3261 2433 poenitentim
3291 2368 3417 2432 (una
3449 2381 3567 2420 cum

2002 2464 2182 2518 libello
2222 2462 2488 2531 quomodo
2527 2459 2763 2513 redirent
2808 2457 2977 2512 Grzcci
3028 2459 3092 2512 ad
3142 2461 3571 2513 communionem

2002 2554 2143 2608 sedis
2173 2550 2520 2621 apostolicus).
2564 2550 2663 2617 Qui
2703 2550 2976 2603 venientes
3015 2550 3163 2617 juxta
3193 2550 3572 2604 Constantino-

2006 2646 2191 2714 polim,
2217 2653 2357 2697 tanta
2387 2643 2555 2712 gratia
2579 2641 2697 2694 fidei
2726 2639 2804 2709 (Ιι)
2832 2640 2934 2694 illis
2963 2641 3194 2705 r’efulsit;
3219 2650 3273 2694 ut
3297 2641 3575 2695 multitudo

2009 2736 2391 2792 monachorum
2444 2732 2865 2786 orthodoxorum
2903 2740 2956 2783 et
3008 2731 3290 2785 illustrium
3342 2732 3575 2785 virorum

2010 2826 2238 2880 n'axima
2268 2822 2549 2877 multitudo
2578 2828 2918 2874 occurreret:
2955 2819 3004 2873 in
3049 2819 3239 2888 quibus
3262 2829 3312 2874 et
3339 2821 3575 2874 Justinus

2013 2918 2302 2983 imperator
2340 2922 2394 2968 et
2433 2912 2730 2967 Vitalianus
2775 2909 2963 2964 consul
3017 2910 3291 2979 (magis'er
3334 2910 3578 2977 militum)

2013 3008 2169 3061 simul
2198 3011 2551 3059 occurrerunt
2571 3002 2637 3055 ad
2668 3009 2813 3055 caste
2830 2998 2954 3055 Ilum
2983 3000 3286 3063 rotundum,
3318 3000 3457 3067 quod
3485 3000 3579 3052 du3

2014 3099 2088 3152 cit
2130 3093 2367 3166 (dicitur)
2417 3107 2583 3162 usque
2630 3092 2682 3145 in
2730 3090 2998 3144 civitatem
3043 3088 3578 3156 Constantinopolim.

335 3187 629 3255 imperator
658 3183 894 3252 repletus
925 3181 1125 3245 furore,
1158 3178 1317 3247 ejecit
1341 3190 1434 3234 eos
1461 3192 1554 3246 per
1585 3174 1899 3244 posterulam

2015 3188 2103 3257 qui
2136 3185 2361 3255 ingressi
2391 3197 2495 3236 una
2525 3196 2645 3235 cum
2690 3179 2853 3235 Grato
2889 3180 3107 3245 lllustri,
3141 3179 3369 3249 suscepti
3401 3188 3524 3232 sunt
3554 3195 3581 3233 a

339 3276 541 3346 (locum
570 3270 972 3341 periculosum),
1002 3279 1055 3324 et
1083 3269 1334 3337 imposuit
1357 3281 1450 3321 eos
1477 3266 1528 3319 in
1552 3266 1670 3318 navi
1699 3264 1906 3333 pericu-

338 3362 455 3421 losa
494 3363 629 3432 (sub
657 3362 891 3431 periculo
929 3360 1150 3430 mortis)
1188 3374 1308 3414 cum
1343 3357 1618 3423 militibus,
1650 3364 1705 3411 et
1742 3356 1908 3425 magi-

340 3455 577 3521 strianis,
601 3463 655 3507 et
685 3451 949 3522 prmfectis
980 3450 1192 3505 nomine
1220 3447 1504 3503 lleliodoro
1533 3454 1587 3500 et
1617 3447 1905 3501 Demetrio.

341 3564 441 3618 sibi
472 3563 574 3628 ipsi
603 3561 903 3616 contrarius
940 3559 1025 3613 hic
1052 3559 1103 3612 in
1133 3558 1237 3612 fine
1264 3559 1468 3611 obitum
1496 3564 1551 3610 et
1582 3555 1911 3628 sepulturam

343 3626 666 3695 llormisdte,
708 3632 1107 3698 ingressumque
1148 3629 1377 3698 Joannis
1407 3628 1734 3698 successoris
1779 3626 1914 3677 llor-

343 3705 535 3756 misdu:
574 3702 671 3753 sub
708 3695 919 3754 maximi
961 3695 1240 3751 consulatu
1281 3696 1527 3750 collocat.
1558 3695 1731 3760 Quare
1761 3709 1912 3747 erro-

343 3788 504 3825 neurn
520 3778 603 3825 est
625 3771 763 3839 quod
794 3771 892 3821 hoc
920 3768 1036 3839 loco
1065 3768 1396 3839 detempore
1422 3765 1757 3831 pontiticatus
1782 3763 1916 3817 lior-

346 3842 535 3895 misda:
562 3835 747 3892 scribit
776 3837 1104 3899 Anastasius,
1133 3838 1259 3889 Ssv.
1293 3835 1491 3887 BINIUS.

422 3918 451 3945 ι
495 3914 651 3962 Errat
710 3909 1019 3961 Anastasius
1069 3915 1126 3959 ut
1173 3921 1238 3959 ex
1292 3903 1719 3971 praecedentibus
1774 3911 1915 3970 patet

346 3994 532 4045 supra.
556 3979 683 4032 Sev.
714 3979 913 4030 BINIUS.

417 4041 445 4086 ὃ
487 4050 661 4100 Prima
688 4047 880 4115 legatio
909 4043 1169 4113 pontificis
1197 4041 1694 4115 adimperatorem,
1723 4041 1916 4115 dequo

344 4118 501 4184 plura
534 4118 655 4170 vide
680 4111 816 4181 apud
846 4111 1034 4167 Ba’ron.
1065 4111 1349 4184 anno§l$.
1386 4113 1515 4164 Item
1545 4120 1696 4164 notas
1719 4111 1918 4177 episto-

345 4180 521 4240 larum
552 4180 847 4239 IIormisda:
872 4184 1030 4235 intra.
1058 4181 1181 4235 Ssv.
1220 4180 1417 4233 BlMUS.

422 4265 446 4293 ε
488 4254 731 4308 Secunda
764 4254 974 4320 legatio.
1005 4265 1160 4318 quam
1186 4264 1326 4302 anno
1355 4248 1551 4320 Christi
1585 4249 1920 4320 517,_ponti-

348 4325 541 4378 licatus
565 4326 646 4375 sui
672 4322 727 4388 4,
760 4318 901 4376 misit
925 4321 991 4374 ad
1021 4325 1422 4387 imperatorem.
1452 4319 1527 4373 De
1554 4333 1654 4387 qua
1686 4318 1832 4386 plura
1868 4318 1921 4370 in

350 4396 493 4461 notis
524 4394 893 4461 epistularum.
919 4392 1048 4443 διν.
1083 4391 1278 4461 maius.

422 4460 450 4499 ἀ
488 4454 673 4515 Ειέιθι
703 4461 837 4513 infra
869 4460 1006 4513 inter
1034 4459 1284 4523 epistolas
1308 4454 1623 4522 IIortnisdte,
1647 4455 1796 4524 cujus
1822 4456 1924 4509 ini-

349 4534 484 4587 tium
519 4532 625 4585 tale
648 4539 732 4584 est
755 4548 767 4583 :
797 4528 974 4581 Prima
999 4528 1138 4580 salus
1164 4536 1255 4588 est,
1288 4536 1390 4579 etc.

426 4601 570 4654 Inter
594 4601 693 4653 alia
732 4613 882 4653 sacra
913 4612 1006 4650 sua
1031 4598 1131 4649 hoc
1158 4598 1370 4663 scripsit
1404 4612 1416 4645 :
1453 4592 1565 4646 Nos
1579 4594 1755 4658 jubcrc
1777 4594 1919 4648 valu-

351 4687 490 4731 mus.
523 4686 626 4722 non
646 4670 786 4739 nobis
808 4668 999 4739 juberi.
1031 4666 1466 4739 Exstatepistola
1497 4665 1612 4739 haec
1640 4666 1651 4715 i
1698 4674 1783 4739 ter
1810 4666 1915 4739 epi-

352 4741 525 4793 stolas
550 4732 841 4791 Hormisda:
880 4747 1002 4806 post
1029 4736 1185 4806 epist.
1212 4735 1304 4806 2‘2,
1339 4736 1495 4806 intra,
1529 4732 1683 4806 cujus
1712 4734 1920 4806 initium

353 4810 463 4862 tale
493 4819 575 4861 est
604 4824 617 4859 :
663 4806 778 4859 Etsi
807 4802 1073 4876 magnum,
1101 4804 1346 4876 aliquid.“
1369 4804 1520 4876 Circa
1569 4803 1723 4876 linem
1768 4802 1924 4869 hujus

352 4877 601 4946 epistola:
640 4877 713 4931 ait
749 4894 763 4929 :
794 4872 1044 4944 Jnjtiriari
1080 4882 1129 4927 et
1169 4874 1428 4946 enuntiari
1466 4872 1715 4946 sustinere
1748 4888 1926 4946 possu-

355 4940 491 5010 uius,
512 4947 684 5014 juberi
714 4962 815 4998 non
851 4940 1134 5013 possumus.
1168 4942 1290 4996 1132c
1320 4945 1606 5009 imperator
1643 4940 1825 5014 luci-eti
1864 4956 1925 4993 us

356 5010 625 5069 Pharaoni
651 5010 972 5073 simillimus,
1000 5014 1085 5080 qui
1119 5021 1175 5064 ut
1204 5020 1460 5080 exerturn
1481 5021 1662 5062 contra
1690 5023 1748 5062 se
1782 5010 1923 5062 νω-

357 5086 488 5138 liaui
532 5084 761 5152 gladium
806 5084 1015 5145 vitaret,
1053 5090 1119 5152 ct
1162 5081 1409 5134 instantia
1441 5079 1771 5152 Deillagella
1799 5080 1925 5131 sub-

358 5148 673 5222 terfugeret,
706 5161 881 5205 astute
911 5151 1254 5205 simulaverat
1280 5164 1338 5222 se
1372 5151 1503 5201 velle
1534 5148 1774 5222 [tornano
1800 5164 1927 5215 pon-

359 5225 485 5276 tilici
508 5217 718 5289 parere.
736 5231 892 5290 atque
912 5224 1047 5273 adeo
1066 5235 1168 5274 non
1193 5221 1293 5272 nisi
1318 5234 1410 5290 per
1429 5221 1660 5290 speciem
1673 5260 1688 5290 ._
1699 5217 1924 5271 ferream

360 5287 623 5344 cervicem
648 5287 943 5343 inclinavit:
964 5292 1175 5358 quando
1202 5303 1331 5340 vero
1360 5289 1471 5340 haec
1497 5287 1725 5358 pericula
1752 5301 1925 5358 amota

361 5360 515 5423 vidit,
542 5360 757 5428 Moysen
783 5374 899 5412 cum
927 5355 1055 5421 Deo,
1071 5358 1373 5428 pontiﬁcem
1397 5371 1514 5409 cum
1537 5355 1748 5428 Christo
1769 5357 1932 5428 obtir-

360 5440 503 5483 mata
546 5426 901 5482 obstinatione
932 5429 1271 5496 contempsit.
1316 5426 1361 5493 ρ
1385 5427 1453 5479 εἰσ]
1494 5434 1615 5494 post
1651 5426 1762 5480 haec
1790 5426 1931 5481 acci-

436 5538 514 5608 (a)
546 5539 690 5594 Idem
719 5540 864 5611 cod.,
899 5538 1162 5611 JJefontis.

434 5612 512 5679 (ὁ)
546 5610 688 5663 Idem
716 5610 836 5664 cod.
856 5650 871 5675 ,
896 5608 1220 5679 Cui—incusem
1238 5646 1249 5659 .

434 5677 507 5748 (ι)
536 5681 679 5733 Idem
705 5680 851 5742 cod.,
882 5677 1142 5731 Hilarum.

458 5750 515 5816 ά)
548 5749 690 5803 Idem
718 5749 860 5811 cpd.,
893 5748 1079 5816 ipsum.

462 5814 519 5884 ε)
554 5820 609 5872 lu
639 5832 738 5871 ms.
766 5814 970 5870 additur
997 5816 1085 5869 sed
1107 5830 1206 5868 non
1236 5814 1419 5880 potuit.

2011 3278 2221 3332 Justino
2250 3273 2547 3329 orthodoxa
2576 3272 2809 3341 Augusto
2830 3285 2949 3324 cum
2982 3271 3168 3339 gloria.
3191 3269 3378 3324 Onmis
3401 3271 3579 3339 itaque

2012 3369 2187 3423 clerus
2236 3378 2339 3417 una
2389 3376 2510 3416 cum
2562 3361 2815 3430 episcopo
2858 3360 3062 3414 Joanne
3099 3359 3582 3428 Constantinopoli.

2015 3465 2171 3522 tano,
2218 3452 2279 3525 (ἱ)
2310 3452 2501 3517 sensit,
2535 3450 2675 3521 quod
2704 3458 2976 3520 gratanter
3006 3453 3235 3519 suscepti
3265 3461 3408 3505 sunt.
3452 3448 3584 3505 Sen-

2015 3568 2153 3622 derit
2182 3567 2236 3619 in
2277 3564 2520 3628 Oriente,
2561 3561 2743 3616 videre
2771 3569 2853 3615 est
2892 3576 2955 3615 ex
2988 3561 3249 3615 relatione
3278 3562 3582 3615 archiman.

2016 3638 2276 3691 dritarum
2307 3642 2361 3687 et
2383 3631 3042 3702 monacliorumgsecundae
3070 3631 3388 3702 Syrire,quae
3411 3639 3586 3685 exstat

2018 3707 2151 3761 infra
2173 3708 2311 3758 inter
2334 3701 2591 3772 epistolas
2612 3700 2908 3756 llormisdte
2930 3710 3047 3770 post
3070 3700 3377 3771 vigesimam
3401 3715 3583 3756 secun-

2018 3776 2161 3831 dam.
2188 3775 2314 3829 Sav.
2353 3774 2548 3826 BINIUS.

2093 3856 2116 3881 ο
2157 3845 2311 3897 Anno
2336 3842 2585 3895 nimirum
2612 3840 2808 3893 Christi
2841 3840 2967 3904 518,
2999 3848 3277 3909 postquam
3312 3841 3466 3894 annis
3496 3841 3586 3906 Ξῖ,

2021 3916 2291 3970 mensibus
2324 3911 2492 3965 tribus
2516 3920 2568 3963 et
2594 3911 2663 3964 ‘29
2691 3910 2875 3964 diebus
2903 3911 3180 3976 imperiunm
3208 3910 3476 3963 Orientale
3509 3920 3591 3965 te-

2021 3987 2243 4039 nuisset.
2276 3982 2405 4047 Quae
2426 3981 2687 4034 insomnia
2720 3987 2843 4033 ante
2868 3980 3071 4032 obitum
3102 3994 3386 4048 perpessus
3411 3983 3591 4043 fuerit,

2022 4069 2088 4107 ex
2113 4053 2316 4106 Zonara
2345 4050 2500 4104 retuli
2524 4049 2851 4117 supra.Vide
2876 4050 3092 4114 Baro:i.,
3118 4065 3256 4104 anno
3284 4050 3411 4113 518,
3439 4066 3587 4103 num.

2028 4124 2092 4177 16
2116 4131 2170 4174 et
2193 4121 2555 4186 sequentibus.
2582 4122 2707 4173 Sev.
2736 4120 2931 4173 BINIUS.

2101 4190 2119 4229 τ
2161 4191 2386 4245 Decreto
2420 4198 2472 4242 et
2500 4190 2728 4258 concilio
2751 4189 2938 4257 synodi
2968 4187 3587 4258 Constantinopolitanm,

2026 4272 2075 4315 ut
2112 4270 2255 4327 patet
2284 4276 2347 4312 ex
2371 4258 2509 4327 notis
2536 4257 2774 4324 ejusdem
2803 4258 3013 4326 synodi,
3046 4273 3091 4311 et
3125 4273 3188 4313 ex
3223 4257 3461 4327 epistolis
3493 4259 3587 4313 Ju-

2025 4326 2170 4391 stini,
2214 4328 2433 4382 Joannis
2478 4326 3044 4390 Constantinopolitani
3088 4337 3142 4381 ct
3188 4326 3473 4381 Justiuiani
3525 4330 3587 4381 ad

2028 4398 2362 4453 Il-irmisdam
2391 4395 2624 4462 scriptis.
2654 4395 2778 4446 Sev.
2812 4396 3007 4449 BINIUS.

2099 4477 2123 4512 κ
2166 4468 2273 4519 ltuc
2298 4464 2556 4532 legatiooe
2585 4463 2883 4517 Orientales
2913 4465 2977 4517 ad
3010 4465 3256 4518 unionem
3285 4474 3337 4519 ct
3360 4480 3597 4519 commu-

1954 4545 2004 4602 D
2034 4540 2241 4590 nionem
2269 4534 2517 4588 Ecclesiae
2546 4534 2796 4586 Romanae
2823 4535 3019 4599 recepti
3053 4532 3287 4593 fuerunt.
3319 4544 3595 4602 postquam

2024 4608 2184 4676 jussu,
2209 4603 2429 4676 Romani
2455 4602 2717 4676 pontificis
2744 4603 3194 4676 obtemperantes,
3221 4606 3436 4676 nomina
3466 4605 3597 4655 Aca-

2028 4670 2118 4736 tu,
2154 4674 2429 4739 Euphemii
2454 4681 2508 4726 et
2536 4670 2826 4724 Macedonii
2849 4688 2877 4724 e
2906 4672 3172 4740 diptychis
3202 4673 3368 4725 sacris
3395 4687 3598 4737 expuit-’-

2031 4746 2253 4806 xissent,
2296 4742 2449 4795 tidem
2489 4740 2803 4794 catholicam
2849 4742 3052 4808 integre
3097 4742 3318 4807 professi
3354 4742 3599 4806 fuissent,

2030 4824 2085 4868 et
2113 4812 2422 4867 memoriam
2445 4809 2675 4863 Zenoois
2701 4819 2860 4875 atque
2889 4812 3150 4863 Anastasii
3175 4811 3547 4865 haereticorum
3573 4833 3600 4864 ιτ

2034 4896 2257 4937 numero
2298 4880 2675 4948 imperatorum
2721 4880 3093 4932 abstulissent.
3141 4878 3338 4933 Horum
3386 4883 3599 4934 nomina

2035 4955 2085 5007 in
2122 4951 2305 5005 codice
2342 4949 2671 5003 Justinianeo
2709 4947 2935 5001 diversis
2976 4949 3178 5017 legibus
3219 4950 3343 5004 alibi
3387 4958 3602 5018 praelixu

2030 5023 2202 5074 adhuc
2234 5021 2591 5083 inveniuntur,
2618 5018 2737 5071 ideo
2761 5018 2899 5085 quod
2918 5018 3272 5073 Tribonianus
3297 5022 3455 5075 homo
3478 5038 3595 5088 gen-

2030 5092 2136 5146 tilis
2167 5100 2219 5143 et
2249 5091 2443 5158 impius
2469 5090 2728 5158 eumdein
2745 5088 2981 5158 codicem
3009 5090 3331 5156 compilarit,
3370 5101 3427 5144 ut
3457 5093 3604 5145 dice-

2030 5177 2149 5215 mus
2179 5156 2393 5231 intrairi
2424 5161 2561 5213 notis
2583 5159 2653 5231 ad
2676 5156 2873 5231 _\"itaut
2896 5157 3206 5231 FelicisﬂlV.
3225 5160 3458 5231 Contigit
3493 5163 3604 5213 hawc

2031 5229 2335 5285 conciliatio
2365 5227 2646 5282 Orientalis
2675 5226 2926 5280 Ecclesiae
2948 5244 3066 5282 cum
3096 5224 3334 5283 Romana
3358 5224 3453 5283 sub
3478 5244 3604 5282 cou-

2034 5302 2205 5354 sulatu
2232 5298 2424 5353 Justini
2459 5311 2597 5350 anno
2627 5296 2836 5351 Domini
2868 5297 3003 5366 5H),
3049 5298 3345 5354 IIormisdte
3386 5300 3602 5367 pontili-

2032 5379 2181 5424 catus
2209 5381 2349 5419 anno
2370 5374 2487 5420 εθιι
2510 5387 2542 5417 ³.

2111 5543 2177 5614 (Ῑ)
2205 5542 2334 5598 Cod.
2364 5543 2491 5597 Luc.
2517 5543 2894 5614 490,_sperans.

2138 5611 2188 5682 9)
2224 5614 2379 5666 Deest
2411 5613 2472 5682 in,
2493 5628 2593 5666 ms.
2620 5611 2942 5681 Capuanum.

2138 5681 2192 5753 h)
2223 5682 2277 5753 In
2305 5682 2423 5753 cod.
2457 5681 2584 5735 Luc.
2613 5684 2717 5738 490
2744 5683 2891 5735 deest
2920 5681 3041 5737 illis.

2152 5754 2202 5823 ἱ)
2231 5752 2361 5806 Cod.
2396 5752 2519 5807 Luc.
2551 5752 2676 5818 490,
2696 5752 2935 5805 scnsiens.
