4192 6260
277 453 387 512 369
896 488 943 525 κ

1491 457 1836 517 EPISTOLE
1877 458 1960 515 ET
2002 456 2311 517 DEtZitl-lTA
2323 502 2335 515 .

3436 470 3540 525 370

279 575 421 626 hanc
464 573 657 639 ipsam,
708 586 864 641 qu'm
916 581 1095 628 mente
1140 573 1392 641 gerimus,
1433 576 1612 630 verbis
1652 577 1859 645 aperire
1889 580 1935 638 Α
1968 588 2069 643 tor,
2099 593 2311 647 semper
2346 577 2630 645 Angustus.
2668 576 2963 632 llormisdre
3000 580 3340 637 sanctissimo
3371 600 3433 641 ac
3458 604 3541 643 re-

281 663 550 717 lrtitiam.
570 664 695 730 Agis
716 664 857 716 enim
881 664 1075 715 summi
1100 662 1414 718 documenta
1439 665 1725 733 pontificis,
1740 666 1864 719 dunt

280 762 339 807 et
370 752 708 821 pra-dicanda
738 752 888 809 facis.
918 764 967 807 et
993 767 1052 805 t-a
1079 753 1347 806 insinuare
1372 769 1472 807 non
1502 754 1705 809 differs.
1729 755 1869 808 Prae—

281 846 581 912 rogativam
613 841 772 912 igitur
792 842 859 897 de
884 836 1049 896 nostri
1068 845 1390 909 sumpsimus
1407 844 1665 898 electione
1682 843 1867 913 judicii

280 937 501 1006 quando
528 937 579 988 id
612 946 888 1003 operatum
920 942 973 988 te
1000 950 1119 990 esse
1146 935 1454 1000 dulicimus,
1490 937 1628 1005 quod
1661 938 1868 991 czeteris

282 1028 548 1097 agendum
576 1026 829 1080 obnixius
860 1026 1219 1093 imperamus;
1254 1037 1307 1078 ιιι
1336 1027 1385 1079 ἰιι
1411 1026 1695 1095 provinciis
1726 1036 1865 1079 tanta

284 1117 675 1187 longinquitate
700 1114 1001 1182 diiunctis,
1034 1126 1084 1168 et
1112 1118 1419 1180 apostolicae
1442 1115 1585 1170 sedis
1610 1116 1863 1184 vigorem,

281 1220 335 1263 et
368 1209 585 1261 Patrum
617 1205 816 1274 regulis
843 1205 1057 1259 studeas
1088 1205 1340 1258 adhibere
1364 1204 1679 1258 custodiam.
1716 1204 1867 1258 Vices

283 1299 466 1366 itaque
498 1305 709 1350 nostras
739 1310 833 1363 per
863 1310 1021 1349 omne
1063 1311 1281 1364 regnum
1316 1297 1494 1350 dilecti
1523 1304 1577 1351 et
1618 1296 1868 1365 spiritalis

269 1388 378 1441 1ilii
406 1386 575 1441 nosui
605 1384 857 1440 Ludovici
889 1385 1026 1455 (lam
1056 1386 1123 1441 ab
1149 1402 1286 1439 anno
1310 1386 1405 1441 5U
1440 1387 1682 1455 obierat).
1709 1402 1863 1456 quem

284 1493 479 1545 nuper,
530 1477 945 1531 adminiculante
988 1491 1214 1543 superna
1263 1479 1468 1545 gratia,
1526 1478 1765 1545 plurimis
1814 1488 1867 1532 ct

282 1570 651 1639 apostolorum
687 1569 1018 1636 temporibus
1039 1570 1427 1636 mquiparandls
1456 1571 1725 1639 signorum
1759 1568 1861 1622 mi-

280 1663 481 1718 raculis
513 1660 948 1729 praedicationem
974 1660 1299 1714 salutiferam
1322 1662 1718 1725 comitantibus,
1742 1676 1863 1714 cum

280 1766 441 1825 gente
486 1754 691 1821 integra
725 1752 1057 1814 convenisti,
1097 1764 1145 1805 et
1185 1753 1320 1806 sacri
1357 1740 1513 1806 dono
1538 1753 1866 1818 baptismatis

282 1846 634 1909 consecrasti,
656 1844 817 1898 salvis
847 1844 1134 1914 privilegiis
1164 1861 1280 1912 qum
1313 1845 1741 1913 metropolitanis
1771 1846 1861 1900 de—

282 1939 452 1993 crevit
484 1938 795 2006 antiquitas,
826 1938 1077 2005 praesenti
1103 1937 1421 1991 auctoritate
1441 1936 1861 2008 committimus;

283 2036 543 2098 augentes
574 2026 732 2079 studii
763 2026 919 2093 hujus
952 2027 1353 2094 participatione
1385 2028 1665 2081 ministerii
1696 2028 1869 2093 digni-

282 2128 457 2173 tatem
484 2159 501 2179 ,
535 2118 833 2171 relevantes
862 2125 1072 2170 nostras
1102 2118 1341 2184 ejusdem
1374 2119 1613 2173 remedio
1643 2119 1863 2188 dispen-

282 2212 518 2266 sationis
557 2211 819 2265 cxcub'zas.
868 2211 930 2264 Et
968 2210 1092 2263 licet
1127 2210 1194 2264 de
1228 2210 1448 2280 singulis
1479 2227 1585 2265 non
1630 2209 1868 2280 indigeas

284 2299 547 2365 edoceri,
592 2315 619 2352 a
667 2315 773 2366 quo
812 2300 922 2367 jam
974 2300 1317 2368 probavimus
1367 2301 1576 2356 acutius
1624 2303 1869 2357 universe

284 2392 530 2453 servari;
577 2390 780 2459 gratius
815 2398 992 2444 tamen
1031 2404 1152 2444 esse
1192 2390 1353 2454 solet,
1398 2391 1440 2443 si
1478 2391 1631 2445 ituris
1674 2399 1869 2445 trames

285 2482 610 2541 ostenditur.
641 2490 695 2535 et
726 2480 1041 2536 lahoraturis
1068 2481 1286 2551 iniuncti
1317 2480 1491 2549 operis
1522 2481 1686 2535 forma
1719 2498 1869 2534 mon-

284 2582 509 2629 strator.

358 2664 618 2718 Falernas
649 2664 807 2731 igitur
835 2662 1047 2730 regulas
1076 2670 1128 2716 ct
1155 2662 1367 2717 decreta
1401 2661 1749 2716 sanctissimis
1776 2661 1869 2713 de.

288 2753 441 2806 finita
481 2753 728 2807 conciliis
758 2752 824 2805 ab
864 2751 1111 2804 omnibus
1149 2751 1405 2805 servanda
1438 2752 1768 2806 mandamus.
1814 2750 1869 2804 ln

287 2841 357 2895 iis
390 2842 718 2910 vigilanti-m
751 2851 893 2894 tuam
918 2880 932 2903 ,
986 2842 1037 2892 in
1068 2840 1150 2893 his
1178 2856 1359 2895 curam
1387 2850 1441 2895 et
1482 2840 1726 2895 fraterna:
1758 2857 1874 2894 mo-

288 2933 401 2986 nita
441 2931 838 2985 exhortationis
867 2931 1219 2985 ostendimus.
1250 2931 1340 2983 llis
1368 2946 1429 2985 ea
1473 2931 1750 3001 (quantum
1792 2931 1873 2983 di-

289 3038 453 3092 gnum
498 3022 602 3091 est)
647 3022 945 3077 reverentia
994 3022 1304 3087 custoditis,
1353 3023 1555 3076 nullum
1622 3023 1874 3090 relinquit

290 3113 467 3181 culpae
508 3113 683 3166 locum
724 3116 937 3168 sancta!
966 3112 1357 3166 observationis
1390 3112 1716 3167 obstaculum
1750 3130 1765 3171 :
1798 3114 1868 3167 ibi

290 3204 368 3258 fas
415 3202 670 3272 nefasque
710 3204 1074 3273 prmscriptum
1116 3214 1198 3259 est
1235 3221 1248 3257 :
1281 3204 1349 3257 ibi
1382 3204 1701 3271 prohibitum
1730 3246 1747 3271 ,
1802 3206 1867 3259 ad

290 3296 432 3364 quod
473 3294 651 3347 nullus
694 3295 885 3348 audeat
925 3295 1204 3364 aspirare:
1238 3296 1307 3349 ibi
1348 3310 1679 3361 concessum,
1730 3298 1869 3366 quod

292 3385 486 3439 debeat
518 3401 668 3438 mens
696 3386 805 3439 Deo
834 3386 1091 3455 placitura
1123 3402 1468 3456 prmsumere.
1509 3388 1727 3454 Quoties
1757 3389 1873 3443 uni-

291 3474 508 3527 versale
547 3474 718 3542 poscit
758 3475 1032 3545 religionis
1064 3492 1219 3531 causa
1257 3476 1564 3543 concilium,
1604 3487 1654 3529 te
1695 3479 1872 3533 cuncti

290 3568 492 3620 fratres
524 3583 641 3619 cvm
661 3577 785 3621 ante
819 3569 1137 3621 conveniant
1168 3586 1180 3621 :
1209 3578 1261 3622 ct
1291 3571 1331 3622 si
1369 3584 1503 3638 quos
1533 3584 1715 3623 eorum
1746 3584 1869 3638 spc-

295 3658 447 3711 chlis
481 3656 679 3726 negotii
711 3658 885 3725 pulsat
909 3659 1133 3713 intentio
1154 3704 1167 3726 ,
1197 3660 1366 3730 jurgia
1399 3661 1538 3716 inter
1566 3678 1659 3717 eos
1689 3662 1871 3717 oborta

296 3762 611 3817 compesce,
658 3747 894 3801 discussa
924 3763 1073 3802 sacra
1114 3750 1229 3817 lege
1263 3750 1672 3804 (lt-terminando
1701 3761 1874 3804 certa-

296 3838 464 3889 mina.
505 3835 769 3902 Quidquid
812 3846 985 3889 autem
1018 3838 1123 3892 illic
1156 3853 1247 3901 iro
1280 3839 1381 3892 fide
1410 3846 1463 3893 et
1491 3840 1713 3894 veritate
1747 3856 1876 3894 con-

212 3990 219 3997 .
299 3928 543 3979 stitutnm
565 3966 585 3991 ,
615 3926 698 3979 vel
734 3926 947 3992 provida
977 3926 1375 3993 dispensatione
1415 3936 1760 3995 prmccptutn,
1794 3928 1873 3983 vel

297 4029 545 4083 persona:
568 4023 761 4068 nostra:
782 4017 1098 4069 auctoritate
1119 4014 1275 4069 fuerit
1294 4016 1686 4079 confirmatum,
1706 4026 1871 4071 totum

296 4104 363 4157 ad
387 4104 667 4159 sci-titiam
694 4115 928 4158 nostram
954 4105 1210 4159 instructa
1240 4106 1513 4159 relationis
1534 4108 1874 4161 attestatione

297 4196 598 4264 perveniat.
632 4194 709 4247 Eo
738 4194 795 4247 fit
825 4202 879 4246 ιιι
921 4204 972 4246 ct
1004 4205 1185 4247 noster
1221 4196 1429 4247 animus
1458 4195 1617 4249 officii
1655 4198 1875 4251 caritate

297 4284 406 4337 dati
450 4294 505 4337 et
547 4296 669 4338 tuus
708 4286 992 4338 securitate
1033 4283 1334 4349 perfruatur
1375 4286 1600 4354 accepti.
1650 4286 1789 4340 Deus
1822 4295 1874 4341 te

298 4374 622 4429 inc~~lumem
641 4374 928 4439 custodiat,
961 4376 1123 4429 frater
1162 4376 1438 4431 carissime
1472 4374 1633 4445 (anno
1664 4376 1875 4431 Domini

300 4463 445 4529 5M).

905 4564 929 4592 κ
957 4555 1280 4611 EPISTOLA

537 4649 735 4696 ANASTA
771 4658 804 4695 11
858 4660 924 4698 AD
963 4660 1101 4697 ιιοιιιι
1126 4660 1259 4698 SDAI
1300 4660 1635 4700 PONTlt-ICEH.

304 4728 605 4803 Pontiﬁcem
648 4741 901 4795 precatur,
951 4743 1005 4785 ιιι
1056 4735 1124 4785 ad
1164 4736 1511 4799 componenda
1557 4738 1608 4788 in
1654 4736 1876 4803 Scythia:

370 4801 599 4869 partibus
630 4813 741 4852 orta
779 4803 993 4855 dissidia
1029 4805 1297 4856 concilium
1338 4808 1631 4874 congregari
1664 4801 1803 4859 velit.

370 4891 557 4945 Victor
590 4893 923 4956 Anastasius,
954 4894 1093 4961 pius,
1122 4893 1267 4956 felix,
1300 4894 1550 4963 inclytus,
1584 4896 1877 4964 triumpha-

372 5012 396 5039 ⁸
418 5003 687 5057 Adversus
707 5004 1044 5056 Anastasinm
1068 5006 1463 5073 itttperntorcttt,
1479 5006 1872 5060 extnrliatorem

305 5073 717 5125 ortltndnxuruut
761 5073 1133 5132 erisconorum
1159 5115 1173 5130 .
1205 5075 1458 5127 excitavit
1486 5074 1623 5127 Deus
1662 5075 1876 5129 Vitalia-

306 5155 424 5193 num
452 5142 707 5210 Scytham
736 5146 1044 5210 magistrum
1075 5145 1333 5209 equitnm.
1366 5144 1454 5210 qui
1484 5145 1751 5207 occupatis
1781 5146 1873 5197 ali-

305 5222 428 5277 quot
459 5212 782 5280 provinciis,
828 5213 1112 5276 pra-dando
1152 5212 1666 5278 Constantinopolim
1710 5229 1875 5280 usque

307 5282 583 5344 processit,
603 5282 877 5340 profiteris.
903 5293 1039 5336 te5te
1062 5283 1363 5335 Marcellino
1384 5285 1433 5335 in
1457 5282 1676 5344 Cltron.,
1702 5298 1758 5335 se
1780 5298 1876 5350 pro

307 5350 722 5421 orthoduxorum
749 5353 857 5421 lide
885 5362 938 5404 et
959 5354 1262 5405 revm-ando
1290 5353 1605 5406 Macedonio
1619 5354 1871 5421 episcopo

306 5416 897 5491 Constantinopolitano
939 5423 1128 5490 (quem
1176 5423 1501 5489 relegaverat
1547 5416 1869 5491 imperator)

305 5487 478 5539 omnia
509 5504 691 5556 agere.
743 5490 848 5543 Res
876 5487 998 5545 suae
1026 5487 1329 5557 deploratas
1362 5507 1480 5545 esse
1514 5487 1697 5545 videns
1730 5487 1874 5545 Ana-

304 5558 533 5619 Stasius,
582 5562 953 5631 pacemipetit,
988 5562 1173 5628 iurans
1201 5577 1320 5631 cum
1344 5572 1542 5631 senatu
1582 5576 1642 5616 se
1674 5563 1784 5631 loga
1814 5577 1874 5615 os

305 5639 674 5699 revocaturum
712 5645 724 5679 :
770 5630 1077 5684 Macedonio
1116 5642 1167 5684 et
1210 5630 1460 5685 Flaviano
1500 5646 1626 5685 suos
1663 5630 1874 5699 episco-

305 5705 457 5763 patus
486 5697 817 5751 redditurum
838 5739 853 5763 ,
899 5701 1179 5754 concilium
1215 5700 1487 5754 Heraclea!
1517 5697 1790 5765 acturum,
1822 5712 1875 5756 et

304 5766 366 5816 ad
404 5766 532 5820 illud
578 5766 871 5822 Romanum
918 5771 1220 5831 pontiticem
1260 5780 1624 5825 evocatorum.
1674 5769 1874 5824 lndicto

306 5836 465 5903 igitur
487 5836 760 5893 Heraclea:
785 5839 1030 5906 concilio,
1060 5839 1129 5893 23
1163 5840 1466 5896 Decembris
1495 5854 1633 5895 anno
1666 5840 1869 5895 Domini

1899 3345 1946 3409 C

1975 671 2315 739 ligiosissimo
2343 671 2741 739 archiepiscopo
2764 683 2816 725 et
2848 673 3183 741 patriarcha}.

2044 763 2365 817 Beatitudini
2390 772 2577 819 vestra:
2602 779 2704 817 non
2729 774 2974 832 putamus
2998 766 3257 836 ignotum,
3277 769 3419 837 quod
3445 786 3542 840 pro

1978 852 2232 921 temporis
2250 854 2503 923 qualitate
2524 853 2843 923 loquendum
2866 864 3026 921 atque
3056 857 3356 925 tacendum,
3380 862 3539 916 etiam

1972 944 2165 998 divina:
2182 944 2471 1015 Scriptura:
2490 946 2707 1014 provida
2727 956 2806 1000 est
2824 945 3185 1002 admonitione
3207 950 3543 1018 dispositum.

1975 1036 2228 1090 Enetum
2274 1038 2495 1103 proinde
2533 1038 2729 1092 silentii
2776 1049 2983 1107 tempus
3022 1041 3360 1095 incitamenta
3391 1042 3544 1098 nobis

1970 1122 2217 1192 loquendi
2244 1128 2525 1181 concessit.
2556 1128 2727 1192 Atque
2760 1128 2881 1182 ideo
2902 1141 3257 1197 Opportunum
3282 1147 3399 1187 esse
3423 1149 3544 1201 pcr-

1968 1215 2266 1281 spexinms,
2316 1230 2435 1284 quae
2464 1217 2601 1281 apud
2635 1230 2731 1269 nos
2767 1217 2865 1270 sub
2894 1219 3163 1287 religionis
3196 1222 3374 1287 specie
3399 1238 3546 1277 cout-

1971 1316 2253 1359 moventur
2274 1349 2287 1370 ,
2317 1306 2519 1360 auditui
2551 1318 2731 1361 vestro
2762 1309 3115 1363 committere.
3164 1314 3299 1366 Ante
3331 1312 3432 1367 hoc
3472 1316 3546 1368 si-

1968 1395 2179 1461 quidem
2206 1397 2397 1451 duritia
2422 1413 2603 1451 eorum
2628 1400 2819 1464 quibus
2842 1401 3197 1470 episcopatus,
3226 1420 3380 1473 quem
3407 1424 3546 1461 nunc

1968 1484 2173 1549 geritis,
2216 1494 2332 1539 erat
2371 1488 2671 1540 sollicitudo
2701 1490 2985 1543 commissa
3008 1532 3021 1554 ,
3059 1502 3143 1544 ten
3169 1510 3355 1561 peroro
3387 1512 3484 1551 nos
3514 1514 3543 1549 a

1970 1573 2389 1626 transmittendis
2416 1574 2637 1628 facii-bat
2666 1576 2924 1642 epistolis.
2944 1578 3091 1631 Nunc
3123 1592 3293 1633 autem
3323 1600 3546 1639 currens

1969 1662 2037 1715 de
2068 1663 2219 1716 vobis
2248 1665 2424 1716 suavis
2447 1665 2647 1733 Opinio,
2681 1667 2743 1718 ad
2778 1670 3088 1720 memoriam
3126 1685 3359 1726 nos‘ram
3394 1676 3547 1729 boni—

1972 1760 2131 1804 tatem
2167 1762 2401 1820 paternae
2426 1753 2720 1807 affectionis
2742 1755 2987 1816 adduxit,
3014 1767 3067 1809 ιιι
3096 1759 3181 1811 il'a
3213 1762 3547 1827 requiramus

1970 1854 2089 1907 quae
2122 1828 2263 1894 Deus
2290 1850 2341 1894 et
2361 1841 2607 1895 Salvator
2630 1853 2813 1896 noster
2837 1854 3049 1898 sanctos
3074 1847 3344 1913 apostolos
3368 1851 3546 1903 divino

1972 1944 2219 1985 sermone
2246 1932 2459 1991 docuit.
2492 1946 2553 1984 ac
2586 1933 2813 1987 maxime
2844 1934 3051 1987 beatum
3090 1936 3323 2001 Petrum,
3358 1938 3410 1992 in
3441 1955 3547 2008 quo

1972 2019 2333 2073 fortitudinem
2365 2020 2620 2075 Ecclesie
2650 2035 2760 2075 sua:
2782 2024 3077 2078 constituit.
3109 2025 3203 2079 llis
3231 2025 3390 2095 igitur
3415 2045 3549 2097 prte-

1975 2107 2094 2161 fatis
2125 2107 2309 2173 initiis,
2343 2109 2627 2165 hortamur
2648 2120 2705 2166 ut
2728 2112 2792 2165 ad
2825 2128 2884 2166 ca
2916 2130 3034 2182 quae
3065 2115 3131 2169 de
3159 2118 3390 2187 Scythia:
3423 2132 3545 2186 par-

1973 2199 2111 2251 tibus
2149 2209 2288 2254 mota
2321 2209 2464 2267 sunt,
2494 2203 2634 2257 unde
2675 2213 2729 2259 et
2770 2205 3055 2259 concilium
3099 2208 3211 2261 fieri
3253 2209 3549 2265 convenire

1972 2291 2355 2357 perspeximus,
2377 2292 2721 2348 mediatorem
2744 2310 2803 2349 se
2824 2297 3153 2363 apostolatus
3170 2302 3346 2353 vester
3368 2299 3546 2363 faciat,

1972 2388 2026 2431 ut
2054 2383 2486 2437 contentionibus
2515 2385 2801 2451 amputatis
2821 2428 2835 2451 ,
2870 2386 3047 2441 unitas
3076 2397 3271 2442 sanctze
3304 2391 3549 2444 restitua-

1974 2481 2060 2527 tnr
2092 2474 2361 2529 Eccle~ize.
2400 2476 2562 2531 Nobis
2589 2488 2765 2532 autem
2788 2480 2967 2532 omnia
3000 2489 3180 2545 Optata
3207 2492 3543 2551 prmstantor,

1972 2560 2017 2615 si
2045 2564 2376 2618 orationibus
2406 2566 2598 2618 vostris
2624 2575 2678 2619 et
2704 2565 2967 2635 frequenti
3018 2568 3321 2637 paginarum
3348 2571 3551 2623 allocu-

1976 2654 2119 2709 tione
2152 2656 2318 2709 nostri
2360 2670 2629 2709 memores
2660 2655 2886 2711 fueritis.
2934 2658 3064 2709 Data
3098 2659 3268 2723 pridie
3309 2660 3427 2712 idus
3455 2661 3546 2711 Ja-

1976 2743 2144 2796 nuarii
2174 2742 2635 2811 Constantinopoli
2665 2784 2679 2806 ,
2713 2753 2765 2797 et
2791 2754 3007 2812 accepta
3042 2746 3324 2799 Anthemio
3352 2756 3399 2797 ct
3430 2744 3550 2798 Flo-

1975 2849 2032 2887 re
2073 2834 2145 2886 lio
2170 2834 2280 2887 νιν.
2306 2834 2407 2886 (It).
2433 2833 2740 2886 con~nlibn<
2758 2848 2789 2883 v
2820 2832 2920 2885 cal.
2940 2834 3135 2893 Aprilis
3157 2849 3250 2901 per
3267 2834 3548 2887 Patr‘ciutn

1974 2921 2125 2991 (Data
2157 2929 2210 2973 et
2239 2932 2455 2990 accep'a
2485 2935 2623 2974 anno
2653 2919 2861 2973 Domini
2888 2919 3032 2991 515).

2539 3051 2861 3106 EPISTOLA
2909 3051 2970 3127 u.

2128 3175 2421 3217 RESPONSOR
2450 3178 2474 3214 Α
2520 3178 2584 3214 AD
2625 3172 2949 3214 ΑΝΑςτΑςιυιι
2992 3174 3392 3213 ΙΜΡΕΠᾹΤΟΙΗΞΜ.

1981 3275 2176 3328 Laudat
2206 3292 2319 3327 cum
2345 3274 2484 3343 quod
2517 3273 2757 3327 Ecclesia:
2786 3274 2899 3339 paci
2924 3274 3145 3338 studeat,
3186 3283 3231 3327 et
3274 3291 3387 3327 cum
3428 3291 3550 3328 cau-

2045 3362 2151 3397 sam
2179 3360 2269 3396 cur
2289 3344 2558 3397 concilium
2579 3344 2753 3409 cupiat
2772 3346 3072 3413 congregari
3099 3345 3401 3414 cognoverit,
3426 3347 3552 3398 scri-

2046 3415 2121 3467 lit
2141 3430 2193 3468 se
2220 3415 2298 3467 illi
2324 3430 2620 3479 responsant
2652 3415 2911 3468 daturum.

2050 3526 2325 3582 llormisda
2355 3525 2639 3595 cpi-copus
2665 3524 2948 3581 Anastasio
2978 3527 3231 3593 Augusto.

2047 3618 2255 3672 Gratias
2290 3633 2534 3685 superna:
2576 3618 2780 3680 virtuti,
2826 3632 2945 3686 quae
2981 3631 3074 3685 per
3104 3624 3295 3670 vestrm
3336 3616 3549 3684 pietatis

1978 3712 2167 3767 affatus
2206 3711 2511 3765 diuturnum
2553 3712 2765 3780 dignata
2796 3717 2879 3763 est
2922 3709 3210 3764 terminare
3255 3707 3547 3772 silentium,

1980 3802 2084 3856 tale
2111 3810 2367 3868 praestans
2394 3800 2764 3855 collocutionis
2786 3800 3087 3865 exordium,
3114 3808 3171 3853 ut
3200 3798 3336 3853 etde
3357 3808 3550 3853 vestra:

1979 3891 2274 3945 c'cmcntize
2309 3891 2657 3957 prosperitate
2686 3892 2950 3956 laetemur,
2979 3898 3032 3943 et
3058 3889 3123 3942 ad
3148 3889 3553 3952 unitatetn,Deo

1978 3983 2230 4045 donante,
2271 3982 2466 4036 reverti
2515 3997 2671 4047 pose
2711 3991 2948 4036 sanctam
2990 3980 3322 4034 confidamus
3368 3981 3551 4036 Eccle-

1977 4075 2129 4127 siatn.
2160 4073 2270 4127 Hoc
2298 4088 2429 4141 opus
2457 4088 2701 4137 supernu-
2733 4072 3054 4138 clementiae,
3084 4070 3197 4125 hcce
3226 4080 3276 4126 cl
3302 4072 3553 4125 decessu-

1978 4182 2093 4220 rum
2121 4175 2420 4219 nostrorum
2450 4163 2543 4217 fuit
2566 4178 2780 4230 semper
2801 4163 2969 4217 oratiu
2991 4179 3005 4220 ς
3030 4178 3162 4231 quos
3189 4164 3345 4216 etiam
3375 4177 3551 4216 rerum

1978 4270 2128 4309 actus
2179 4270 2410 4322 pateinre
2454 4253 2752 4306 traditionis
2797 4252 3085 4314 ministros,
3128 4262 3180 4306 ct
3228 4264 3385 4307 rectae
3431 4253 3551 4307 lidei

1982 4346 2254 4401 declarant
2287 4346 2446 4398 fuisse
2476 4344 2746 4397 custodes.
2791 4343 2897 4397 Pax
2928 4353 3010 4397 est
3036 4344 3179 4397 enim
3212 4347 3372 4396 lolitts
3401 4345 3553 4398 boni-

1985 4437 2106 4491 tatis
2146 4436 2373 4497 ittitium,
2416 4449 2517 4501 qua
2552 4434 2699 4495 nihil,
2731 4442 2987 4500 quantum
3023 4432 3087 4485 ad
3116 4434 3291 4486 cathol
3316 4449 3394 4487 ca:
3430 4435 3550 4489 fidei

1980 4529 2202 4589 cultum,
2253 4525 2498 4590 validius,
2547 4526 2597 4577 ni
2626 4524 2673 4577 il
2714 4524 2967 4578 aestimari
3008 4533 3220 4591 oportet
3246 4525 3551 4580 excelsius:

1982 4637 2079 4691 pro
2110 4623 2207 4673 hac
2238 4618 2436 4673 scilicet
2467 4616 2640 4670 facere
2692 4625 2746 4669 et
2771 4624 2958 4669 cuncta
2987 4614 3253 4669 sustinere
3282 4617 3552 4681 convenit,

1908 4707 1961 4767 D
1985 4712 2071 4779 qni
2097 4718 2397 4762 sanctarum
2420 4706 2810 4773 Setiptttrarum
2839 4703 3126 4772 probabilis
3153 4705 3299 4772 cupit
3330 4718 3447 4758 esse
3477 4705 3555 4758 di-

1984 4801 2239 4863 scipulus.
2266 4798 2411 4851 llanc
2431 4797 2668 4849 omnium
2690 4796 2949 4849 bonorum
2976 4805 3196 4849 matrem
3221 4806 3275 4850 et
3295 4796 3552 4850 nutricem

1984 4892 2251 4945 Christum
2278 4889 2559 4943 Dominum
2591 4902 2825 4964 nosrum
2857 4887 2968 4941 suis
2999 4896 3204 4941 constat
3238 4888 3557 4954 indicasse

1988 5007 2086 5061 5M
2113 5002 2177 5057 ad
2208 5004 2508 5057 Romanum
2536 5000 2838 5070 pontiﬁcem
2865 5000 2957 5055 dat
2981 5000 3259 5065 epistolam
3283 5002 3413 5057 infra
3439 5013 3558 5071 post

1991 5076 2200 5130 tertiam
2231 5074 2526 5127 Hormisdze
2552 5078 2872 5137 exstantem,
2904 5071 2972 5125 de
3005 5071 3173 5125 futura
3202 5074 3405 5142 synodo
3435 5090 3557 5127 eum
3634 5088 3639 5097 '

1984 5144 2267 5200 certiorem
2299 5143 2545 5202 reddens,
2578 5156 2639 5193 ac
2664 5155 2855 5207 rogans
2886 5151 2943 5195 ιιι
2969 5142 3033 5195 ad
3065 5143 3427 5198 conciliandas
3457 5143 3560 5199 Ec-

1982 5216 2176 5268 clesias
2206 5228 2359 5267 suum
2390 5212 2667 5265 exhiberet
2691 5211 3001 5265 adventum.
3038 5211 3104 5266 Ut
3133 5212 3181 5266 id
3216 5212 3423 5267 facilius
3455 5216 3555 5267 im-

1984 5293 2289 5351 petrarettt,
2330 5297 2449 5336 cum
2494 5280 2569 5334 rei
2603 5281 2917 5352 praestandae
2947 5298 3209 5336 summam
3241 5294 3558 5352 potestatem

1981 5350 2118 5421 apud
2166 5354 2460 5406 [totuanum
2500 5350 2804 5421 pontificem
2844 5367 2965 5405 esse
3005 5350 3561 5416 scirent,‘Vitalianus

1981 5420 2033 5477 et
2068 5424 2377 5475 Anastasius
2420 5421 2703 5474 Patricium
2731 5420 2899 5474 virum
2927 5422 3282 5475 clarissimum
3308 5437 3425 5474 cum
3461 5420 3559 5474 hac

1983 5494 2204 5556 epistola
2234 5491 2463 5557 legatum
2493 5489 2752 5544 miserunt
2774 5491 2837 5543 ad
2865 5491 3199 5543 Hormisdam
3226 5506 3448 5556 papam;
3472 5492 3556 5543 cui

1987 5562 2282 5616 Dorotlteus
2308 5560 2803 5615 Thessalonicensis
2825 5562 3109 5627 cpiscopus
3138 5573 3261 5611 suas
3296 5558 3432 5613 infra
3464 5574 3557 5614 ex-

1982 5642 2184 5687 stantes
2214 5630 2453 5698 adjunxit
2482 5629 2720 5698 ejusdem
2764 5629 2873 5684 fere
2903 5629 3221 5698 argumenti.
3261 5627 3394 5693 Quid
3427 5643 3559 5698 pon-

1983 5702 2111 5757 tifex
2167 5697 2530 5767 responderit,
2583 5715 2647 5754 ex
2697 5698 2865 5754 tribus
2920 5697 3267 5767 sequentibus
3319 5697 3559 5769 epistolis

1984 5782 2212 5827 constat.
2238 5772 2367 5828 ch.
2397 5770 2594 5826 Βιιιιυε.
