4262 6264
674 440 766 495 37!
1952 460 1955 463 ί
1992 438 2361 495 ilORlllSDA‘I
2401 440 2597 495 ΡΛΡᾸΞ

3816 446 3920 502 572

672 554 966 623 discipulis,
995 553 1257 607 dicentem
1294 564 1312 603 :
1353 549 1535 603 Pacem
1565 566 1725 603 meam
1755 551 1820 603 do
1852 551 1988 604 vobis
2009 596 2025 617 ,
2060 567 2235 615 pacem
2266 553 2315 611 Α
2348 561 2400 605 et
2431 552 2672 620 alloquor
2700 552 2910 605 beatum
2949 560 3139 606 vestra:
3168 552 3463 607 sanctitatis
3494 562 3673 622 caput,
3712 556 3917 625 signifi-

671 648 895 713 rclinqno
926 644 1061 695 vobis
1092 640 1270 711 (Joan.
1312 640 1441 706 xiv).
1483 640 1649 705 Quam
1692 654 1787 691 vos
1832 640 2062 708 religiosi
2111 655 2237 693 cura

672 734 943 802 propositi,
977 732 1201 785 Domino
1228 730 1517 796 :tSpirante,
1564 729 1921 796 providen'es,
1956 730 2021 782 de
2053 730 2237 783 ortho-

669 828 818 879 doxa:
860 824 1141 878 concord=a
1181 822 1424 890 cogitatis
1456 823 1707 875 Ecclesia:
1749 823 1797 873 in
1832 822 1971 875 beati
2010 822 2234 889 apostoli

671 917 806 969 Petti
842 915 1153 979 reverentia,
1185 912 1360 966 divina
1395 914 1632 981 specialit
1672 930 1696 965 r
1729 923 1989 981 prtccepta
2020 929 2236 968 servan-

668 1022 765 1061 tes.
804 1011 931 1070 Qua:
964 1020 1049 1059 res
1082 1004 1335 1070 majorem
1369 1020 1445 1062 su;
1470 1003 1583 1055 crni
1630 1002 1827 1056 favoris
1870 1002 2233 1057 defensionem

666 1110 843 1153 vestro
875 1105 1120 1164 procurat
1150 1096 1392 1162 imperio.
1431 1094 1590 1146 flecte
1627 1094 1768 1145 cnim
1802 1094 1975 1147 oblata
2010 1094 2115 1146 Deo
2146 1108 2235 1146 ve-

666 1189 871 1243 neratio
895 1185 1355 1254 inexpugnabilem
1390 1183 1591 1236 devotis
1624 1184 1885 1235 mentibus
1909 1198 2116 1236 murum
2140 1182 2232 1235 de-

666 1275 918 1333 fensionis
942 1274 1195 1341 indulget.
1217 1271 1443 1325 Proinde
1472 1271 1889 1336 omnipotentem
1912 1269 2075 1321 Deum
2103 1267 2234 1323 fusis

666 1367 908 1435 precibus
939 1378 1242 1428 exoramus,
1278 1370 1333 1414 ut
1362 1362 1446 1427 qui
1480 1360 1628 1412 vobis
1667 1359 1898 1412 studium
1931 1357 2230 1426 quaerenda:

666 1456 1022 1512 Ecclesiarum
1058 1454 1201 1522 pacis
1231 1450 1469 1513 indulsit,
1506 1451 1615 1519 ip~e
1646 1463 1855 1517 quoque
1885 1448 1984 1500 sub
2012 1462 2232 1502 conser-

663 1547 869 1600 vatione
912 1544 1186 1599 Catholica:
1230 1545 1373 1609 ﬁdei.
1403 1544 1671 1597 desiderio
1716 1555 1895 1596 VCSII'O
1939 1554 2099 1610 super
2133 1538 2230 1592 hac

662 1646 810 1704 parte
860 1644 1075 1704 prrestet
1121 1634 1387 1691 eﬁ‘ectum.
1448 1635 1707 1687 Praeterea
1758 1631 1974 1685 directis
2018 1628 2083 1682 ad
2133 1642 2230 1681 nos

662 1727 827 1780 sacris
877 1726 1123 1778 affatibus
1180 1724 1745 1777 commemorationem
1799 1720 1967 1773 sancti
2016 1717 2226 1772 cencilii

661 1815 834 1868 facere
867 1814 1031 1882 pietas
1064 1822 1231 1867 vestra
1263 1812 1469 1879 dignata
1498 1819 1599 1865 est.
1632 1810 1703 1862 De
1727 1823 1826 1877 qna
1869 1823 1926 1861 re
1958 1815 2081 1860 tunc
2113 1804 2224 1874 ple-

2341 656 2469 695 (εςιιιε
2498 641 2750 695 ουιιωιίπί
2779 656 2872 696 nos
2898 641 3066 697 beatae
3097 643 3211 697 sedi
3236 642 3580 697 sacratissimi
3616 644 3758 699 Petri
3786 662 3914 715 apu-

2339 731 2459 785 stoii
2484 772 2498 795 ,
2528 732 2668 799 quod
2700 732 2788 782 tali
2833 733 3032 800 regitur
3066 748 3223 785 manu
3257 748 3375 801 qua:
3403 733 3640 800 suscepit
3678 748 3781 788 non
3822 737 3912 803 qui

2341 824 2592 877 honorem
2638 832 2868 890 raperet,
2913 824 3005 876 scd
3037 824 3123 893 qui
3156 833 3436 891 raperetur
3459 824 3526 876 ab
3552 838 3638 891 eo,
3672 834 3725 877 et
3753 825 3913 895 (sicut

2337 927 2515 966 sermo
2558 914 2832 979 multiplex
2866 913 3046 978 tradit,
3079 923 3131 966 et
3162 928 3258 967 nos
3298 914 3363 965 ita
3401 927 3459 966 se
3498 912 3697 967 habere
3734 914 3908 968 credi-

2338 1005 2480 1069 mus)
2510 1005 2821 1057 nutritoretn
2864 1004 3027 1071 pacis,
3060 1014 3115 1057 ct
3145 1015 3303 1058 recta:
3335 1004 3452 1058 ﬁdei
3484 1014 3825 1069 certatorem,
3854 1016 3910 1060 et

2338 1093 2633 1149 humilitate
2667 1095 3042 1165 (humanitate)
3074 1097 3267 1148 mentis
3296 1105 3347 1149 et
3376 1096 3597 1151 caritate
3623 1113 3737 1165 quze
3766 1098 3907 1151 circa

2335 1198 2435 1236 cun
2473 1195 2553 1235 tos
2579 1195 2659 1237 est
2688 1195 2933 1253 tanquam
2964 1185 3219 1251 pretiosis
3248 1184 3509 1252 lapidibus
3538 1195 3867 1239 coronatum.

2407 1274 2615 1327 Etenim
2639 1283 2827 1327 cuncta
2846 1286 2895 1328 te
2913 1276 3052 1340 volo,
3073 1274 3373 1328 venerande
3397 1284 3570 1341 pater,
3590 1290 3901 1343 agnoscere,

2332 1362 2472 1429 quod
2503 1379 2565 1416 ex
2609 1364 2839 1431 anziquis
2870 1366 3070 1417 sanctis
3100 1373 3154 1418 et
3182 1363 3499 1417 venerandis
3543 1363 3787 1419 Patribus
3814 1380 3902 1419 su-

2332 1451 2567 1518 scipiens
2601 1452 2743 1506 ill-ius
2772 1452 2937 1505 beatae
2965 1453 3107 1506 sedis
3136 1453 3380 1507 affectum
3410 1470 3425 1505 :
3455 1453 3549 1521 (at.
3579 1455 3700 1508 add.
3730 1454 3802 1524 et)
3832 1456 3899 1508 ad

2333 1541 2469 1595 hanc
2502 1551 2747 1611 tanquam
2792 1552 3061 1609 paternam
3094 1553 3290 1596 sortem
3330 1543 3636 1597 custodiens
3657 1586 3670 1609 ,
3705 1544 3900 1599 addere

2332 1631 2431 1684 hoc
2453 1642 2578 1699 opto
2604 1640 2761 1700 atque
2786 1632 2997 1694 festino,
3028 1640 3083 1685 ut
3109 1634 3284 1685 veniat
3306 1632 3357 1685 in
3389 1634 3490 1686 hoc
3510 1634 3689 1686 studio
3719 1635 3899 1688 termi-

2330 1734 2427 1770 nos
2472 1721 2614 1773 utilis
2658 1720 2982 1774 humanitate
3016 1721 3227 1788 quidem
3262 1720 3470 1775 Domini
3516 1732 3570 1774 ct
3600 1720 3689 1774 Dei
3728 1722 3896 1775 nostri

2328 1808 2455 1863 .Iesu
2488 1809 2708 1877 Christi,
2742 1810 3216 1863 intercessionibus
3250 1819 3426 1861 autem
3459 1810 3509 1862 in
3540 1810 3743 1862 cunctis
3774 1810 3902 1863 bea-

660 1906 933 1959 nissimum
974 1904 1265 1971 poterimus
1299 1902 1533 1969 pra-bere
1562 1914 1873 1967 reSponsum
1904 1938 1916 1960 ,
1945 1912 2065 1949 cum
2095 1911 2224 1950 cau-
2260 1909 2305 1967 Β
2336 1901 2523 1953 tissimi
2571 1901 2795 1969 apostoli
2842 1902 3020 1963 Petri,
3064 1908 3118 1953 et
3160 1901 3209 1952 in
3242 1899 3489 1953 omnibus
3518 1899 3896 1967 sapientissimi

661 2010 770 2047 sam
793 1994 1215 2062 congregationis
1239 2007 1334 2045 nos
1363 1991 1587 2044 voluerit
1613 1991 1887 2044 evidenter
1911 2003 2221 2058 agnoscere.

661 2084 809 2139 Nunc
845 2099 973 2139 vero
1002 2084 1144 2152 quia,
1178 2091 1461 2151 prmstante
1496 2082 1719 2135 Domino
1750 2088 1966 2146 nostro,
1995 2080 2115 2132 data
2146 2088 2226 2134 est

660 2176 879 2230 facultas
906 2175 1158 2244 alloquio,
1190 2188 1423 2242 congrua
1454 2172 1797 2226 veneratione
1828 2169 1988 2223 debiti
2020 2168 2222 2237 pra-be-

660 2266 829 2319 bimus
878 2264 1139 2318 sermonis
1190 2263 1383 2317 ofﬁcia.
1441 2262 1568 2314 Data
1616 2261 1781 2329 pridie
1811 2274 1981 2312 nonas
2030 2258 2226 2326 Aprilis

662 2358 818 2428 (anno
835 2356 1040 2411 Domini
1064 2356 1211 2423 515),
1238 2355 1509 2411 Florentio
1536 2357 1649 2409 viro
1671 2355 1965 2408 clarissimo
1985 2352 2223 2408 eansule.

1272 2466 1596 2521 Fi‘lSTOLA

660 2570 917 2609 DOROTIHZI
971 2570 1470 2609 TlllSSALONICliNSIS
1527 2567 1753 2606 IZPISCOPI
1811 2568 1876 2605 Αἰ)
1923 2566 2222 2604 “ORNISDAM

1271 2658 1606 2697 PUNTIFILEHo

661 2753 955 2820 Pontiﬁcum
984 2753 1179 2816 l.:tnlnt,
1205 2754 1339 2821 quod
1362 2751 1604 2803 ΒετΙυηὶιε
1631 2764 1767 2803 curet
1793 2753 2053 2815 unita’ent,
2079 2765 2226 2812 seque

726 2862 904 2915 capere
926 2846 1017 2909 ait,
1050 2856 1101 2897 at
1131 2846 1377 2897 Itwreticis
1405 2845 1679 2907 damnatis,
1720 2844 1956 2897 Uentanae
1990 2844 2225 2896 Ecclesia:

723 2938 917 2989 debitus
945 2938 1104 2988 ltonar
1134 2945 1420 3005 pt'tt'stctur.

724 3026 908 3087 Sat-ro,
944 3023 1249 3077 beatissimo
1277 3034 1329 3075 et
1351 3023 1719 3076 comministro
1751 3038 1898 3090 papte
1934 3023 2224 3077 llormisdte

657 3117 951 3169 Doroiheus
1009 3115 1289 3183 episcopus
1342 3113 1839 3170 Thessalonicensis
1894 3114 1946 3167 in
2003 3114 2224 3169 Domino

656 3209 899 3259 salutent.

726 3298 811 3349 Ait
862 3296 1088 3365 quodam
1140 3298 1256 3351 loco
1304 3307 1489 3351 cuncta
1541 3298 1879 3352 beatissimus
1921 3298 2221 3351 divinorum

657 3396 1035 3454 praeceptorum
1061 3402 1309 3454 promens
1332 3388 1584 3441 miracula
1610 3388 1898 3443 Salomon:
1926 3390 2071 3443 Sicut
2092 3406 2225 3458 aqua

658 3478 845 3547 frigida
877 3479 1062 3532 anima:
1091 3479 1277 3532 sitienti
1305 3482 1474 3533 suavis
1496 3482 1678 3545 est,sic
1704 3482 1968 3549 benignum
1991 3484 2223 3535 nuntium

658 3568 945 3638 longinquis
974 3584 1035 3620 ea:
1064 3570 1207 3621 terris
1241 3568 1419 3633 (Prov.
1455 3571 1603 3639 lxv).
1659 3571 1721 3623 Et
1746 3586 1897 3625 sacer
1923 3571 2082 3625 David
2111 3576 2220 3641 spi-

680 3657 898 3710 itualem
931 3657 1145 3723 pulsans
1188 3658 1352 3726 lyram
1393 3660 1568 3726 psiliil
1598 3678 1611 3714 :
1647 3660 1810 3724 Quam
1834 3664 2045 3730 speciosi
2073 3666 2224 3732 pedes

656 3763 829 3800 eorum
865 3750 951 3816 qui
991 3750 1333 3817 cvattgclizant
1374 3750 1500 3802 {oua
1543 3749 1715 3819 (Rom.
1754 3752 1828 3821 χ),
1872 3754 1948 3806 sit:
1976 3753 2222 3821 equilettt

654 3847 707 3891 et
739 3852 832 3891 nos
855 3848 1075 3893 cunctos
1101 3840 1319 3893 docens.
1342 3840 1605 3910 Quidquid
1635 3852 1810 3896 autem
1836 3843 2009 3896 estita
2032 3845 2221 3898 anima:

655 3929 884 3981 hominis
906 3944 1087 3996 suave,
1108 3940 1194 3983 ant
1219 3931 1289 3983 ita
1320 3932 1610 4001 impingunt
1637 3946 1779 3998 ossa,
1801 3948 1955 4002 quam
1979 3932 2222 4001 specioso

656 4020 840 4072 nuntio
871 4035 1191 4089 cognoscere
1222 4037 1359 4076 verae
1392 4023 1533 4090 pacis
1558 4024 1951 4089 nuntiatorem;
1979 4034 2032 4077 et
2061 4034 2221 4077 rectae

656 4124 919 4176 nunquam
966 4118 1209 4164 errantes
1247 4119 1663 4178 propugnatores
1695 4112 1811 4165 ﬁdei
1856 4113 1921 4164 ad
1950 4112 2218 4166 Ecclisia-

654 4217 769 4253 rum
802 4210 1103 4254 sanctarum
1132 4201 1359 4255 transire
1382 4202 1735 4270 gubernacula
1759 4220 1772 4267 ;
1796 4212 1849 4256 et
1878 4211 2125 4270 tanquam
2155 4220 2219 4258 ex

654 4308 774 4347 arce
801 4293 1025 4361 quadam
1052 4293 1116 4346 ad
1146 4307 1460 4347 consensum
1488 4293 1581 4347 Dei
1604 4309 1929 4365 congregare
1956 4298 2216 4365 dispersa,

651 4396 703 4440 et
735 4388 987 4438 Continuo
1030 4386 1240 4451 quidem
1284 4384 1347 4437 ad
1389 4385 1738 4453 principatum
1772 4396 1873 4441 tua:
1904 4390 2046 4443 sedis
2075 4391 2219 4444 festi-

653 4488 860 4540 nantes,
880 4475 1163 4531 venerandi
1194 4474 1370 4528 fratris
1396 4476 1870 4544 supplicationibus
1899 4490 2212 4544 annuentes,

650 4577 703 4621 et
732 4569 966 4622 membra
998 4568 1268 4630 Ecclesiae,
1293 4583 1410 4636 qua:
1433 4569 1583 4621 vobis
1613 4570 1854 4625 Christus
1878 4582 1930 4623 et
1961 4573 2094 4624 Deus
2123 4588 2217 4624 no-

648 4671 758 4714 ster
780 4658 1431 4723 credidit,contemnentia
1462 4658 1605 4724 prius
1624 4660 1983 4713 concordiam.
2011 4661 2075 4712 ad
2101 4663 2217 4714 nni-

652 4761 809 4804 tatem
843 4751 1055 4813 venire;
1101 4759 1153 4803 et
1194 4750 1580 4817 prrecedentem
1624 4750 2054 4820 (prmcidentent)
2086 4751 2216 4804 divi-

648 4842 852 4894 sionem
873 4882 887 4906 ,
920 4851 1076 4909 atque
1118 4841 1366 4893 invidiam
1415 4850 1603 4893 vestrm
1634 4849 1833 4892 tantum
1868 4842 2216 4893 ordinationis

648 4932 911 4997 perimere
937 4932 1140 4984 calculo
1174 4933 1485 5001 (clanculo),
1520 4941 1573 4984 et
1604 4948 1743 4985 nunc
1774 4933 1823 4984 in
1878 4933 2214 4985 concordiam

648 5031 804 5089 atque
841 5024 1149 5075 societatem
1199 5025 1467 5077 confluere
1508 5022 1782 5092 (conﬂare,
1825 5023 1901 5074 vel
1946 5021 2215 5092 constare)

647 5130 858 5169 omnem
894 5115 1175 5167 terminum
1206 5124 1403 5169 saneta:
1434 5115 1573 5167 illius
1604 5114 1901 5169 Ecclesia?

717 5206 841 5258 Hcce
876 5204 1177 5270 didicimus,
1210 5222 1311 5259 non
1341 5216 1463 5260 ante
1496 5208 1656 5260 multa
1696 5208 1865 5275 spatia
1913 5208 2167 5274 temporis
2198 5226 2210 5258 :

643 5296 989 5366 sperabamus
1008 5304 1181 5348 autem
1197 5306 1249 5348 et
1272 5296 1539 5364 antiquam
1564 5297 2003 5349 consuetttdinem
2028 5310 2218 5365 cegno-

643 5398 852 5443 scentes
891 5388 1174 5451 Ecclesice,
1206 5396 1259 5441 et
1298 5395 1534 5440 vestrum
1565 5388 1843 5439 audientes
1878 5386 2129 5438 socialem
2162 5394 2215 5438 et

643 5477 1163 5548 irreprehensibilcm
1191 5491 1417 5537 morem,
1450 5491 1510 5527 ex
1536 5476 1726 5528 vestris
1758 5474 1949 5527 litteris
1979 5475 2206 5527 firmiora

645 5579 801 5637 atque
831 5568 1190 5622 manifestiora
1215 5564 1677 5634 cognoscere.Sed
1709 5566 1827 5632 quia
1861 5574 2069 5630 tempus
2102 5562 2210 5615 hie-

644 5658 743 5710 mis
772 5658 836 5710 ad
865 5659 979 5711 haec
1010 5672 1101 5710 vos
1131 5654 1395 5725 implenda
1427 5653 1711 5707 retinuisse
1739 5654 2125 5715 consideratur,
2158 5662 2209 5705 et

642 5757 844 5814 aptum,
892 5758 945 5802 et
990 5751 1223 5803 debitum
1272 5748 1389 5811 fuit,
1440 5747 1651 5815 plenam
1693 5756 1747 5799 et
1781 5746 1869 5802 Dei
1902 5747 2206 5800 amatricem

637 5841 911 5892 caritatem
943 5841 1099 5894 etiam
1132 5842 1317 5895 scabra
1342 5838 1697 5910 (scrupulosa)
1728 5839 1956 5893 transire
1987 5857 1997 5889 :
2032 5836 2207 5892 scribo

2332 1990 2513 2054 Pauli;
2556 2001 2609 2044 ut
2640 1992 2953 2045 veneranda:
2996 2006 3179 2045 eorum
3210 1991 3321 2044 sedi
3362 2000 3411 2043 ct
3442 2001 3542 2044 tua:
3585 1990 3898 2045 beatitudini

2324 2081 2465 2149 jnste
2492 2082 2701 2135 debitus
2732 2081 2899 2134 Itonos
2931 2081 3257 2134 custodiatur
3312 2090 3469 2150 atque
3496 2080 3741 2134 reddatur
3771 2080 3894 2151 (ad-

2328 2173 2523 2242 datur),
2555 2184 2605 2226 ut
2647 2174 2843 2227 nostris
2880 2172 3227 2239 temporibus,
3262 2172 3408 2226 velut
3436 2171 3726 2225 secundum
3753 2172 3898 2239 prim

2327 2263 2556 2331 eipatnnt
2589 2264 2730 2317 sedis
2758 2264 3066 2332 apostolica:
3097 2264 3352 2316 honorem
3392 2270 3770 2330 congruentem
3800 2274 3893 2315 su-

2327 2357 2535 2423 scipiat,
2559 2358 2731 2409 omnis
2753 2356 3011 2410 discordia
3044 2356 3279 2418 recedat,
3308 2364 3361 2409 et
3388 2353 3638 2407 Ecclesia:
3658 2353 3891 2407 omnium

2332 2458 2442 2500 \‘esl
2476 2464 2561 2500 unt
2608 2449 2867 2501 catholica
2910 2448 3202 2510 voluntate,
3252 2446 3459 2500 Domini
3503 2446 3659 2498 etiam
3702 2455 3754 2498 et
3799 2445 3895 2499 Dei

2328 2539 2493 2591 nostri
2522 2539 2645 2592 Jesu
2674 2539 2866 2591 Christi
2890 2582 2903 2603 ,
2932 2548 2984 2592 et
3010 2537 3307 2591 Nestorium
3339 2546 3391 2590 et
3421 2536 3762 2605 Eutychetem
3794 2534 3899 2587 im-

2328 2630 2463 2697 pios,
2507 2640 2561 2683 et
2593 2632 2777 2685 horum
2822 2644 3100 2685 servan'es
3144 2630 3388 2698 dogmata
3418 2667 3433 2692 ,
3478 2637 3532 2682 et
3560 2628 3647 2697 qui
3677 2628 3894 2679 istorum

2326 2718 2472 2774 fuere
2496 2736 2553 2773 se
2590 2730 2787 2774 tatores
2811 2731 2901 2774 aut
2926 2729 3160 2784 exstant,
3190 2730 3241 2773 et
3268 2733 3476 2773 onmem
3502 2716 3748 2771 haeresim
3775 2730 3895 2769 ana-

2326 2810 2677 2865 thematizcnt
2716 2825 2945 2879 semper,
2980 2821 3032 2864 et
3076 2819 3274 2863 rectam
3317 2818 3473 2877 atque
3516 2806 3895 2860 incontamina-

2326 2898 2488 2953 biletn
2516 2902 2670 2955 fidem
2698 2901 3086 2964 inconcussam,
3107 2908 3353 2968 tanquam
3379 2899 3666 2952 anchoram
3697 2907 3895 2951 certam

2325 2999 2481 3059 atque
2531 2992 2734 3044 ﬁrmam
2784 2998 3015 3055 teneant,
3059 2999 3111 3043 et
3149 2988 3467 3058 patentjam
3512 3002 3717 3055 pacem,
3752 2985 3897 3039 nullo

2327 3081 2489 3153 (quod
2513 3081 2675 3150 absit)
2699 3080 3051 3148 impediente;
3078 3079 3369 3147 praesertim
3396 3075 3696 3130 venerando
3722 3075 3895 3140 capite

2327 3181 2505 3227 vestro
2550 3170 2710 3241 (sicut
2750 3170 3048 3237 didicimus)
3099 3169 3341 3221 homines
3382 3166 3742 3220 contentiosos
3772 3164 3895 3217 hor-

2252 3263 2301 3325 C
2330 3261 2707 3329 rente,qnibus
2730 3261 2901 3314 etvita
2934 3268 2986 3312 et
3007 3273 3129 3312 esca
3152 3268 3231 3312 est
3261 3256 3598 3311 sacerdotum
3632 3255 3723 3309 Dei
3755 3255 3896 3308 inter

2328 3368 2386 3405 se
2410 3351 2774 3406 altercantium
2794 3350 3057 3420 separatio
3090 3368 3101 3402 :
3133 3349 3221 3417 qui
3253 3363 3359 3403 non
3390 3347 3457 3401 ab
3481 3346 3724 3401 omnibus
3753 3345 3898 3399 velo-

2328 3444 2460 3496 citer
2501 3442 2717 3511 cogniti,
2763 3451 3009 3509 tanquam
3060 3440 3164 3508 lupi
3214 3439 3265 3493 in
3312 3438 3643 3492 vestimentis
3692 3438 3894 3502 ovium,

2327 3533 2484 3587 facile
2512 3532 2580 3585 ab
2609 3533 2895 3599 apostolica
2929 3530 3167 3585 Ecclesia
3194 3529 3539 3595 repellantur.

2399 3621 2500 3675 Ista
2532 3635 2669 3674 nunc
2700 3620 2888 3687 scripsi
2918 3621 3071 3673 beato
3102 3620 3259 3686 capiti
3294 3628 3468 3671 vestro
3497 3632 3593 3686 per
3614 3615 3895 3670 Patricium

2327 3714 2492 3767 virum
2525 3712 2888 3781 spectabilem,
2931 3725 3267 3765 communem
3301 3706 3351 3762 fil
3377 3724 3486 3773 um,
3532 3718 3585 3762 et
3613 3716 3893 3763 consuetu-

2326 3805 2464 3858 dinis
2486 3803 2675 3858 aﬁ'ectu
2701 3816 2962 3870 superans
2985 3801 3333 3865 rationem,et
3355 3799 3493 3853 circa
3518 3797 3659 3851 illam
3685 3798 3893 3851 beatam

2326 3895 2506 3949 sedem
2538 3896 2755 3947 caritate
2778 3892 3075 3955 devinctus,
3102 3899 3155 3945 et
3184 3890 3327 3943 omni
3359 3888 3445 3942 die
3476 3887 3657 3941 videre
3683 3884 3894 3939 deside-

2326 4000 2450 4039 rans
2498 3992 2880 4053 congruentem
2927 3990 3085 4051 atque
3129 3980 3359 4034 debitam
3410 3974 3805 4032 venerationem
3844 3974 3893 4029 ei

2324 4076 2547 4131 servari.
2579 4074 2764 4129 Scribe
2788 4074 2963 4142 igitur,
2992 4074 3041 4126 in
3066 4075 3271 4126 cunctis
3294 4070 3370 4123 be.
3395 4078 3464 4135 te,
3493 4077 3743 4136 tanquam
3768 4080 3894 4119 una-

2326 4169 2453 4221 nimi
2476 4177 2528 4221 et
2549 4166 2752 4233 optanti
2776 4165 3007 4217 animam
3026 4175 3232 4231 quoque
3255 4161 3449 4214 offerre
3472 4173 3564 4227 pro
3590 4158 3691 4211 ﬁde
3715 4156 3893 4209 ortho-

2321 4260 2458 4313 doxa
2488 4268 2540 4313 et
2562 4257 2919 4311 Ecclesiat‘um
2950 4268 3077 4322 pace
3104 4261 3494 4317 sanctarum,et
3520 4259 3576 4303 ut
3599 4248 3893 4303 custodian~

2324 4358 2405 4400 tur
2423 4345 2736 4400 veneranda:
2759 4344 2870 4397 sedi
2895 4342 2945 4395 in
2971 4341 3216 4395 omnibus
3241 4341 3377 4393 beati
3406 4339 3545 4393 Petri
3569 4338 3895 4390 convenien-

2322 4438 2391 4490 tia
2425 4454 2436 4487 :
2470 4436 2609 4503 quod
2640 4434 2791 4486 facile
2822 4433 2931 4498 fiet,
2965 4430 3205 4485 ordinata
3238 4430 3438 4483 unitate
3466 4438 3800 4491 cunctorum,
3839 4432 3895 4479 et

2320 4527 2554 4581 omnium
2584 4526 2645 4577 ad
2675 4539 2768 4577 vos
2793 4534 3038 4591 tanquam
3062 4521 3128 4573 ad
3153 4520 3358 4573 ﬁrmum
3388 4518 3745 4573 festinantium
3772 4531 3897 4584 por-

2246 4623 2292 4679 D
2322 4628 2455 4672 tum.
2505 4616 2800 4670 Divisioncs
2836 4614 3031 4668 ctenim
3072 4619 3254 4663 contra
3287 4619 3632 4663 contemnere
3660 4619 3889 4659 consue-

2321 4717 2530 4772 verunt,
2564 4716 2617 4760 et
2646 4706 2819 4759 ordini
2848 4704 3086 4758 decentia
3122 4720 3224 4755 non
3256 4702 3487 4753 ser'iant.
3522 4698 3749 4752 Omnem
3784 4694 3890 4747 fra-

2322 4800 2623 4852 ternitatem
2648 4812 2766 4865 qua:
2787 4805 2869 4849 est
2885 4803 3075 4849 vestrre
3092 4791 3357 4845 sanctitati
3379 4789 3682 4856 conjunCta,
3698 4794 3751 4840 et
3771 4799 3888 4853 ego,

2326 4898 2377 4940 et
2414 4889 2502 4956 qui
2545 4901 2747 4939 mecum
2784 4893 2928 4947 sunt,
2964 4884 3189 4935 multum
3228 4884 3277 4933 in
3323 4880 3545 4931 Domino
3580 4877 3891 4929 salutamus.

2336 4980 2401 5034 Et
2427 4982 2530 5033 alia
2575 4995 2728 5031 nianu
2758 4995 2770 5030 :
2802 4975 3000 5029 Salvari
3034 4989 3115 5027 me
3145 4974 3194 5025 in
3230 4971 3450 5025 Domino
3481 4977 3644 5033 orate,
3674 4965 3892 5018 sanctis-

2330 5072 2447 5125 simi
2478 5080 2530 5124 et
2555 5070 2843 5123 beatissimi
2878 5068 3080 5120 Patres.
3124 5066 3349 5130 Accepta
3391 5060 3610 5128 epistola
3646 5056 3927 5112 Dorothci.

2329 5164 2567 5233 episcopi
2592 5157 3084 5214 Thessalonicensis
3123 5153 3369 5207 Ecclesitu
3403 5155 3560 5203 missa
3598 5164 3690 5215 per
3730 5147 3896 5199 Patri-

2324 5258 2464 5309 cium
2512 5254 2570 5304 ν.
2614 5252 2670 5305 C.
2710 5252 2806 5304 sub
2845 5249 2963 5301 data
3017 5245 3145 5317 (die)
3191 5247 3374 5313 quinto
3414 5241 3660 5295 calendas
3699 5238 3895 5303 Aprilis

2324 5346 2488 5413 (anno
2515 5339 2721 5394 Domini
2746 5340 2893 5405 5l5),
2914 5338 3180 5391 Florentio
3203 5334 3317 5386 viro
3338 5330 3629 5384 clarissimo
3650 5326 3890 5379 consule.

2883 5444 3211 5501 EPISTULA
3253 5442 3335 5495 Ill.

2452 5558 2518 5593 Αυ
2558 5554 2871 5592 ῡῦΒΟΪηΕυΜ
2912 5546 3430 5591 τιιεςελιοκιεεκεωι
3462 5543 3743 5582 EPISCOPCM

2326 5652 2524 5704 Laudat
2554 5655 2663 5719 ejus
2708 5650 2941 5715 pietatem
2971 5659 3016 5701 et
3043 5646 3270 5699 studium
3299 5644 3351 5695 in
3391 5640 3676 5693 Romanam
3702 5640 3892 5692 sedem.

2396 5740 2749 5795 Dilectissimo
2799 5739 2948 5793 fratri
3002 5738 3269 5791 Dorotlzeo
3313 5733 3566 5802 episcopo
3616 5730 3891 5784 llortnisda

2319 5833 2613 5901 episcopus.
