4248 6260
383 410 492 475 375

1574 398 1927 455 FPISTOL/E
1969 398 2053 450 ET
2098 397 2433 453 DECRETA?
3532 394 3636 445 37s

454 525 554 580 Ubi
604 520 843 576 caritatis
892 519 1113 572 interest
1154 526 1369 569 servare
1418 520 1702 580 praecepta,
1749 509 1957 563 etiamsi
1991 513 2036 566 Α
2065 510 2271 575 gionem
2299 517 2419 563 esse
2448 504 2771 575 probaverit,
2804 501 2869 556 ad
2898 503 3167 573 prtefatam
3201 500 3640 556 lleracleotanam

380 613 582 682 aliquid
630 612 737 665 tale
785 608 1000 665 eveniat
1044 604 1186 674 quod
1224 602 1507 670 cujuslibet
1547 601 1715 670 possit
1754 601 1961 652 animos

379 715 747 766 commovere,
783 708 958 753 tamen
999 707 1054 749 ut
1091 710 1152 749 ea
1192 709 1308 762 qua:
1338 692 1640 746 concordiae
1678 703 1961 745 conversa-

378 798 531 849 tione
562 790 906 861 prmdiximus
934 787 1163 841 debeant
1198 783 1484 847 custodiri,
1531 790 1758 850 oportet.
1783 794 1958 847 aequa-

379 885 602 941 nimiter
642 880 998 949 prmlermitti,
1037 878 1159 945 quia
1198 876 1383 942 utique
1418 876 1464 928 si
1494 874 1617 941 quid
1660 872 1957 941 ignorantia

378 979 486 1031 tale
510 974 812 1045 proveniat,
837 970 1233 1023 excusationem
1265 976 1438 1035 potest
1465 966 1531 1020 de
1560 968 1671 1033 ipsa
1704 962 1959 1030 simplici-

376 1078 489 1121 tate
518 1071 778 1133 reeipere.
814 1062 977 1115 Suam
1024 1060 1163 1113 Deus
1192 1066 1374 1111 nostr
1408 1056 1701 1110 Ecclesium
1744 1069 1857 1123 pro;
1879 1052 1954 1105 ria

375 1154 719 1209 ordinatione
759 1149 1055 1213 constituit,
1088 1156 1143 1201 ut
1169 1145 1307 1215 quod
1334 1145 1528 1199 divinis
1552 1142 1832 1213 prteceptis
1863 1154 1958 1193 no-

372 1250 547 1300 scitur
576 1259 696 1298 esse
736 1242 1049 1310 dispositum
1074 1280 1089 1305 ,
1122 1238 1421 1291 nullatents
1449 1235 1645 1304 poterit
1675 1230 1953 1301 prseteriri,

373 1336 531 1404 cujus
564 1332 829 1397 notitiam,
862 1331 947 1385 vel
977 1328 1277 1390 scientiam,
1311 1336 1362 1381 te
1394 1342 1495 1379 non
1528 1325 1778 1378 convenit
1810 1323 1957 1391 igno-

372 1443 517 1482 rare.
567 1426 621 1479 In
655 1424 895 1478 faciendo
943 1436 1168 1489 namque
1213 1421 1347 1473 bona
1396 1418 1693 1481 laudamur,
1737 1425 1789 1468 et
1832 1422 1956 1468 tunc

372 1519 663 1571 verborum
704 1515 878 1569 cultus
921 1522 1157 1570 ornatur.
1200 1510 1411 1579 quando
1442 1509 1540 1562 sibi
1584 1506 1953 1561 convenientia

372 1611 479 1665 rite
503 1609 796 1678 coniungit.
820 1605 1050 1660 Litteras
1076 1603 1338 1672 s'qnidem
1363 1616 1454 1669 per
1480 1600 1764 1653 Patricium
1792 1597 1951 1650 ﬁlittm

370 1708 617 1753 nostrum
645 1695 989 1766 spectabilem
1017 1694 1187 1747 virum
1214 1703 1315 1743 tua:
1343 1688 1674 1757 suscepimus
1693 1688 1950 1751 caritatis,

370 1791 431 1845 in
459 1790 652 1857 quibus
690 1800 970 1855 speramus
999 1798 1134 1852 opus
1161 1782 1374 1852 plenum
1412 1790 1466 1834 et
1504 1779 1773 1848 probabile
1802 1792 1956 1847 repe-

370 1883 503 1941 rire.
537 1889 593 1934 ut
624 1878 751 1933 nihil
778 1886 921 1931 ('SS:-l
947 1874 1086 1944 quod
1115 1874 1182 1925 ab
1208 1873 1512 1940 in'egritate
1534 1870 1752 1922 unitatis
1772 1882 1946 1922 secer-
1984 1869 2030 1927 B
2060 1870 2365 1935 imperator,
2394 1867 2459 1921 de
2489 1877 2735 1935 suscepto
2765 1866 3127 1921 moderamine
3154 1862 3376 1919 rectoris
3402 1876 3525 1916 cura
3550 1876 3656 1925 san

370 1984 549 2027 neret.
575 1970 675 2027 Sed
708 1969 827 2038 quia
860 1968 909 2020 in
942 1966 1022 2019 bis
1055 1965 1183 2033 ipsis
1212 1964 1351 2017 hunc
1383 1961 1647 2030 promittis
1676 1959 1946 2024 allectum,

368 2063 466 2131 qui
498 2076 596 2115 nus
635 2059 695 2113 ad
736 2060 837 2111 hoe
874 2055 1018 2125 quod
1056 2053 1397 2123 pra'diximus
1440 2051 1608 2119 possit
1650 2049 1951 2118 specialiter

374 2166 692 2219 provocare,
719 2148 936 2202 Domino
969 2155 1153 2199 nostro
1178 2156 1363 2213 preces
1390 2142 1732 2201 eﬂ'undimus,
1760 2148 1817 2194 ut
1837 2138 1950 2207 ipse

369 2243 534 2310 cnjns
562 2250 614 2295 et
641 2255 793 2293 causa
825 2248 843 2293 t
875 2246 1103 2301 actatur,
1128 2235 1384 2288 abstersis
1410 2233 1490 2287 vel
1518 2232 1802 2301 amputatis
1833 2230 1951 2283 uni-

367 2334 547 2387 versis
577 2330 860 2393 scandatis,
892 2338 943 2383 et
977 2327 1211 2381 Ecclesia
1236 2340 1327 2379 sua
1357 2324 1456 2378 sub
1477 2338 1582 2377 uno
1610 2336 1871 2376 consensu
1896 2330 1951 2375 et

369 2422 529 2492 parili
566 2420 719 2474 faciat
753 2419 856 2471 ﬁde
883 2431 1157 2471 cennexos
1191 2431 1204 2468 :
1238 2428 1334 2467 nec
1363 2413 1413 2467 in
1444 2410 1810 2465 sacerdotibus
1840 2410 1950 2463 suis

370 2512 666 2581 quidquam
694 2508 915 2579 reperiri
949 2509 1194 2576 patiatur,
1223 2506 1361 2572 quod
1389 2503 1673 2571 cujuslibet
1694 2510 1787 2555 aut
1812 2500 1949 2554 odiis

370 2602 626 2672 prepriis,
668 2610 759 2653 aut
798 2598 1039 2652 inanibus
1081 2594 1485 2660 intentionibus,
1515 2604 1606 2646 aut
1649 2592 1949 2645 hominibus

372 2694 427 2747 in
453 2692 699 2759 injuriam
729 2690 845 2753 Dei,
869 2688 1007 2757 quod
1038 2686 1183 2740 nefas
1209 2694 1310 2747 est,
1334 2683 1471 2739 velle
1498 2683 1707 2752 placere
1732 2699 1744 2747 ;
1768 2690 1823 2736 et
1843 2696 1949 2736 non

371 2781 541 2848 magis
566 2777 835 2843 universa,
870 2774 1159 2829 secundum
1193 2773 1405 2827 beatum
1426 2770 1746 2840 apostolum,
1779 2783 1950 2824 saecu-

371 2871 501 2925 laria
528 2876 959 2923 contemnentem
1002 2880 1031 2918 a
1062 2880 1156 2934 spe
1186 2878 1291 2918 non
1335 2863 1505 2932 possit
1532 2862 1835 2917 exorbitare
1863 2860 1945 2915 fu-

370 2970 511 3013 tura.
546 2959 742 3013 llortor
770 2972 879 3026 pro,
905 2968 983 3011 ter
1010 2970 1293 3009 commune
1321 2953 1633 3021 remedium,
1660 2954 1825 3006 invito
1852 2967 1947 3021 pro

370 3051 542 3105 salute
588 3049 843 3113 ﬁdelium,
878 3057 1094 3117 propter
1139 3045 1439 3116 generalem
1477 3045 1679 3100 suadeo
1729 3044 1946 3099 medici-

368 3154 514 3192 nam.
548 3139 678 3205 Quis
709 3154 937 3207 namque
960 3147 1085 3190 cont
1119 3147 1241 3190 ntus
1267 3144 1348 3191 est
1378 3137 1473 3190 hos
1502 3135 1682 3189 vfdere
1720 3134 1942 3197 divisos,

368 3246 596 3299 quorum
623 3238 796 3299 potest
821 3230 1020 3282 unitate
1048 3226 1298 3296 gloriari?
1328 3226 1477 3282 Unde
1503 3238 1635 3292 opus
1660 3234 1744 3279 est
1763 3224 1944 3279 labore
1970 3228 2016 3289 ο

368 3319 664 3384 communi,
694 3327 751 3373 ut
780 3319 880 3373 hoc
921 3318 1057 3386 quod
1082 3334 1108 3371 a
1134 3317 1376 3371 Patribus
1404 3316 1600 3371 nostris
1622 3317 1945 3385 accepimus,

368 3418 750 3465 conservantes
798 3409 1031 3464 secunde
1078 3408 1177 3462 nisi
1223 3408 1275 3461 in
1320 3407 1431 3473 illo,
1460 3407 1727 3476 possimus
1770 3406 1948 3461 divino

368 3510 545 3556 astare
570 3500 798 3570 judicio.

996 3587 1322 3644 EPISTOLA

486 3697 760 3738 ANASTASII
799 3698 1016 3737 AUGUSTI
1056 3698 1121 3735 AD
1160 3696 1457 3736 HORMISDAM
1500 3696 1830 3735 PONTIFICESI.

368 3776 657 3829 Concilium
683 3774 947 3827 Heraclea:
968 3773 1034 3824 ad
1052 3774 1423 3839 componendas
1452 3773 1503 3825 in
1528 3772 1739 3840 Scythia
1766 3771 1828 3822 de
1848 3769 1950 3837 ﬁde

443 3876 581 3919 ortas
610 3866 912 3933 qua-stiones
940 3880 1046 3917 esse
1072 3866 1499 3934 congregandum,
1533 3866 1797 3931 ipsumque
1826 3878 1951 3931 pon-

442 3959 653 4024 tiﬁcem,
684 3966 737 4008 ut
762 3956 828 4008 ad
855 3956 985 4008 illud
1015 3956 1242 4021 accedat,
1276 3964 1529 4025 precatur.

441 4067 752 4122 Anastasius
774 4068 1038 4135 Augustus
1067 4066 1357 4120 llormisdzc
1382 4080 1550 4133 papm.

439 4159 698 4213 Omnibus
744 4158 968 4223 negotiis
1004 4157 1193 4210 divina:
1240 4170 1324 4209 res
1367 4153 1735 4223 pra~ponendaz
1778 4163 1943 4207 sunt:

372 4250 487 4303 Deo
533 4249 731 4300 etenim
778 4247 1145 4314 omnipotente
1189 4244 1437 4314 prepitio,
1470 4242 1849 4313 rempublicam
1898 4253 1953 4297 et

368 4338 793 4396 conservandam
818 4347 871 4391 et
904 4335 1283 4390 meliorandam
1310 4349 1427 4389 esse
1452 4333 1792 4388 conﬁdimus.
1816 4334 1949 4400 Quia

367 4431 533 4497 igitur
563 4428 922 4482 dubitationes
950 4427 1196 4496 quaedam
1240 4427 1305 4480 de
1348 4425 1647 4480 orthodoxa
1695 4424 1953 4494 religione

366 4522 421 4574 in
450 4519 686 4589 Scythia:
717 4519 951 4586 partibus
980 4518 1228 4572 videntur
1258 4531 1378 4571 esse
1406 4525 1706 4580 commotae,
1740 4516 1789 4570 id
1829 4532 1949 4587 spc-

367 4611 580 4664 cialiter
612 4609 906 4663 dementiae
938 4619 1132 4662 nostra:
1178 4607 1392 4676 placuit,
1428 4617 1484 4661 ut
1514 4610 1831 4663 venerabilis
1861 4626 1948 4680 sy-
1976 4585 2026 4645 D

368 4699 545 4753 nodus
596 4700 645 4752 in
703 4700 1087 4753 lleracleotana
1137 4699 1351 4752 civitate
1394 4700 1677 4766 provincia:
1724 4700 1948 4770 Europa:

369 4790 700 4852 celebretur,
730 4798 987 4858 quatenus
1010 4789 1457 4843 concordantibus
1484 4792 1696 4855 animis,
1727 4800 1779 4845 et
1803 4793 1946 4845 omni

367 4881 593 4935 veritate
622 4882 855 4934 discussa
902 4898 1023 4935 vera
1068 4882 1199 4935 ﬁdes
1240 4892 1419 4936 nostra
1459 4883 1603 4937 omni
1636 4883 1749 4935 orbi
1783 4894 1949 4937 terra-

367 4988 489 5025 rum
534 4971 863 5025 manifestius
894 4973 1208 5037 innotescat,
1244 4984 1299 5027 ut
1324 4973 1577 5042 deinceps
1607 4974 1747 5026 nulla
1780 4976 1948 5041 possit

365 5079 491 5117 e~se
529 5063 819 5129 dubitatio,
860 5065 941 5117 vel
987 5066 1275 5120 discordia.
1319 5067 1653 5133 QuaprOpter
1692 5065 1945 5119 sanetitas

366 5166 455 5207 tua
485 5169 602 5207 cum
632 5155 826 5221 quibus
852 5154 952 5208 sibi
978 5154 1233 5223 placuerit
1254 5156 1719 5210 ‘reverendissimis
1740 5155 1947 5223 episco-

366 5244 471 5311 pis,
510 5243 651 5312 quod
699 5242 765 5296 de
812 5244 1066 5298 Ecclesiis
1107 5246 1205 5299 sub
1234 5246 1315 5299 sui
1344 5247 1629 5300 sacerdotii
1672 5261 1794 5299 cura
1821 5260 1948 5299 ροη-

365 5333 569 5385 stitutis
618 5332 839 5387 idoneos
882 5345 936 5388 et
968 5326 1253 5390 insiructos
1283 5352 1405 5405 erga
1437 5336 1787 5391 orthodoxam
1827 5337 1948 5390 re'i-

440 5472 468 5502 ι
487 5465 724 5531 Quatuor
752 5465 951 5536 legatos
975 5468 1025 5520 in
1054 5468 1324 5535 sequentis
1346 5469 1565 5523 indiculi
1596 5470 1941 5536 inscriptione

369 5536 676 5590 nominatos
723 5535 887 5601 misit,
942 5551 1043 5589 non
1090 5539 1155 5590 ad
1206 5540 1489 5592 concilium
1543 5535 1938 5605 celebrandum,

370 5604 691 5678 sedtautum
720 5607 784 5658 ad
815 5606 1196 5678 explorandum
1229 5624 1329 5670 qua
1367 5608 1659 5661 intentione
1681 5604 1940 5678 synodum

374 5674 493 5727 ﬁeri
520 5676 857 5746 postulasset;
889 5690 951 5746 an
979 5674 1131 5728 ﬁdem
1173 5678 1509 5742 catholicam,
1543 5674 1725 5746 prout'
1746 5680 1943 5744 promi-

372 5743 821 5814 serat,proﬁteri,
845 5745 1122 5811 epistolam
1162 5748 1328 5799 sancti
1374 5743 1565 5800 Leonis
1602 5743 1861 5814 recipere.
1890 5758 1945 5801 et

371 5810 655 5867 luereticos
701 5810 1147 5870 anathematizare
1177 5829 1387 5884 paratus
1420 5832 1503 5871 ess
1526 5828 1556 5867 -t
1589 5834 1599 5866 :
1635 5810 1941 5871 netscilicet

2063 599 2328 652 civitatem
2379 599 2515 650 intra
2566 596 2707 649 diem
2767 594 3103 651 calendarum
3152 594 3407 648 Juliarnm
3462 592 3643 644 venire

2061 690 2325 757 dignetur.
2363 690 2491 742 Data
2512 704 2541 741 v
2564 688 2666 742 cal.
2700 685 2934 740 Januarii
2963 683 3441 752 ConstantinOpoli,
3476 682 3643 737 Sena-

2066 790 2180 832 tore
2212 780 2274 831 V.
2307 778 2368 832 C.
2400 778 2641 832 consule.
2688 778 2918 845 Accepta
2963 776 3132 840 pridie
3178 774 3293 827 idus
3334 773 3474 837 Maii,
3520 770 3641 824 Flo-

2062 871 2233 924 renlio
2259 870 2319 923 V.
2351 869 2409 923 C.
2436 871 2653 924 consule
2676 869 2829 938 (Data
2858 882 2996 921 anno
3028 865 3236 919 Domini
3261 864 3383 928 5H,
3419 869 3636 929 accepta

2060 960 2346 1030 semmi)’
2617 1028 2945 1083 EPISTULA
2988 1027 3075 1081 tv.

2256 1139 2322 1177 AD
2361 1136 2689 1176 ANASTASIL'BI
2728 1134 3101 1173 IMH‘RATOIU'M
3145 1128 3440 1169 Al'Cl’STlill.

2059 1233 2393 1303 Imperatoris
2425 1234 2589 1285 zelum
2628 1232 2941 1284 commendat
2972 1246 2990 1284 :
3022 1228 3189 1303 quoad
3229 1223 3519 1287 concilium,
3547 1237 3633 1291 per

2356 1304 2543 1374 legatos
2565 1319 2617 1355 se
2645 1317 3006 1370 responsurum
3041 1298 3324 1367 pollicetur.

2130 1415 2407 1470 llortnisda
2442 1414 2732 1469 'Anastasio
2768 1414 3008 1482 Augusto
3048 1427 3145 1480 pi-r
3186 1410 3555 1465 Severianum.

2133 1506 2274 1560 Brne
2302 1506 2581 1561 clementia
2628 1513 2801 1558 vestra
2833 1502 3085 1565 conﬁdit,
3118 1502 3253 1555 sicut
3286 1499 3420 1553 datis
3452 1498 3515 1550 ad
3549 1513 3634 1552 me

2055 1597 2302 1666 gloriosis
2335 1597 2549 1665 designa
2592 1598 2633 1650 it
2662 1595 2930 1657 affatibus,
2949 1592 3088 1662 quod
3112 1590 3415 1657 reipublica:
3440 1599 3631 1643 vestra:

2055 1689 2359 1757 specialiter
2399 1688 2674 1756 proﬁciat,
2704 1688 2746 1741 si
2781 1687 3009 1752 negotiis
3038 1684 3289 1739 omnibus
3317 1682 3630 1736 orthodoxa:

2059 1780 2180 1833 ﬁdei
2218 1794 2373 1832 causa
2427 1790 2782 1847 prmponaznr.
2829 1778 2951 1831 llzec
2995 1784 3076 1830 est
3120 1775 3283 1839 enim,
3313 1771 3631 1826 venerabilis

2053 1961 2279 2023 lubrior,
2319 1967 2375 2012 ut
2404 1958 2518 2025 ejus
2553 1958 2651 2012 sibi
2699 1959 2930 2011 favorem
2962 1970 3055 2025 per
3083 1970 3242 2023 opera
3276 1954 3413 2007 bon‘a
3453 1953 3629 2007 conci-

2054 2051 2165 2114 liet,
2218 2051 2306 2118 qui
2356 2049 2658 2103 universum
2710 2060 2762 2102 et
2812 2047 3011 2111 tribuit,
3042 2056 3096 2101 et
3140 2047 3270 2112 regit
3320 2044 3624 2109 imperium.

2053 2140 2287 2194 l‘rninde
2326 2154 2412 2194 me
2451 2155 2661 2209 quoque
2697 2150 2749 2194 et
2776 2141 2999 2194 Domino
3043 2148 3223 2192 nostra
3262 2138 3386 2192 Jesu
3417 2136 3628 2191 Christo

2051 2231 2301 2285 convenit
2331 2230 2653 2300 supplicare,
2687 2240 2742 2284 ut
2776 2230 2863 2299 qui
2893 2231 2956 2284 de
2984 2229 3235 2282 Ecclesia:
3269 2242 3377 2281 sua:
3404 2243 3627 2279 concor—

2052 2323 2137 2378 dia
2164 2332 2394 2377 vcstram
2428 2324 2676 2394 pietatem
2708 2327 2944 2393 cogitare
2970 2325 3155 2389 voluit,
3183 2324 3322 2377 hunc
3348 2339 3505 2387 super
3530 2322 3627 2375 hac

2054 2421 2203 2481 parte
2233 2415 2532 2469 concedere
2560 2414 2806 2483 dignetur
2831 2414 3110 2477 eﬁ‘cctum;
3138 2422 3398 2481 quatenus
3426 2420 3627 2477 tempoo

2052 2503 2197 2557 ribus
2230 2506 2423 2559 vestris
2458 2504 2757 2559 orthodoxa
2798 2505 2899 2557 ﬁde
2929 2505 3180 2573 prmditns
3211 2504 3296 2555 uni
3337 2516 3487 2555 crs-us
3518 2514 3624 2554 ter-

2051 2607 2229 2647 rarum
2257 2594 2405 2647 orbis
2442 2594 2695 2649 exsultet.
2729 2593 2801 2647 De
2833 2595 2913 2647 lt's
2944 2609 3070 2648 vero
3100 2608 3217 2661 quae
3256 2607 3352 2660 pro
3382 2589 3629 2660 synoda'i

2050 2686 2463 2751 congregatione
2496 2684 2843 2752 przecepistis,
2876 2683 3001 2753 quid
3034 2684 3147 2737 ﬁeri
3178 2690 3439 2750 Oporteal,
3476 2692 3497 2714 σε
3535 2696 3626 2747 per

2052 2773 2241 2828 fratres
2273 2784 2322 2829 et
2353 2774 2701 2843 coepiscopos
2727 2790 2895 2837 meos,
2924 2776 3012 2843 qui
3043 2788 3206 2842 prore
3238 2788 3268 2826 e
3297 2772 3625 2840 subsequen-

2053 2874 2154 2928 tur,
2185 2866 2367 2933 gloriae
2391 2875 2581 2920 vestra:
2606 2865 2918 2920 insinuanda
2947 2864 3187 2918 mandavi
3217 2882 3228 2915 :
3258 2879 3480 2932 quorum
3505 2879 3623 2931 sug-

2049 2955 2310 3022 gestione,
2343 2956 2386 3009 si
2408 2956 2621 3009 divinus
2649 2956 2796 3010 favor
2825 2971 2940 3009 mea
2965 2964 3083 3008 vota
3107 2954 3625 3022 prosequitur.cnm~

2054 3047 2315 3107 tetentius
2360 3049 2605 3115 poteritis
2655 3048 2901 3101 universa
2951 3060 3296 3113 cognoscere.
3355 3046 3393 3097 D
3433 3056 3480 3099 ta
3535 3061 3622 3097 vttt

2051 3136 2169 3191 idus
2193 3136 2312 3190 Julii
2344 3138 2507 3205 (anno
2537 3138 2744 3190 Domini
2777 3136 2901 3203 515)
2926 3180 2939 3201 ,
2976 3137 3243 3189 Florentio
3274 3137 3515 3187 consu'c.

2663 3248 3016 3303 INDICULUS

2049 3357 2133 3405 QITI
2176 3355 2339 3393 DATI‘S
2382 3355 2472 3393 EST
2516 3357 2740 3394 [NNOIIIO
2783 3356 2846 3394 ET
2888 3355 3200 3394 FOIlTlINATO
3226 3354 3503 3403 EPISCOPIS,
3534 3354 3623 3391 νεα

2119 3448 2315 3487 N\.\'TIO
2363 3448 2736 3497 PItESI.YTl-ZRO,
2777 3446 2954 3485 VI'I‘ALI
3009 3445 3265 3492 DIACONO,
3317 3444 3383 3482 ΕΤ
3434 3445 3625 3482 ιιιιλιιο

2119 3538 2346 3577 ΝΟΤΛΠΙΟ
2372 3564 2385 3587 ,
2428 3536 2646 3577 ιεωτιε
2686 3538 3017 3577 Ανθςτοιιίηε
3056 3536 3197 3575 SEDIS
3239 3534 3625 3575 CONSTANTINO-

2122 3631 2296 3677 POLIM,
2328 3631 2389 3667 ΑΒ
2429 3630 2692 3668 BORSIISDA
2732 3630 2882 3667 ΡᾹΡᾹ.

2120 3707 2250 3761 Cum
2280 3708 2367 3760 Dei
2401 3707 2665 3773 adjutorio
2695 3715 2748 3761 et
2779 3706 3106 3759 orationibus
3136 3703 3498 3773 apostolorum
3528 3717 3622 3756 ve-

2052 3801 2260 3853 nientes
2289 3798 2339 3851 in
2394 3807 2568 3865 partes
2601 3798 2950 3860 Grzcciarnm,
2984 3800 3023 3850 si
3075 3796 3307 3863 episc0pi
3363 3793 3626 3849 voluerint

2052 3902 2352 3953 occurrere,
2382 3887 2432 3940 in
2466 3902 2566 3956 qua
2596 3886 2749 3941 decet
2779 3900 2871 3940 eos
2889 3886 3232 3941 veneratione
3256 3886 3525 3949 suscipite.
3562 3883 3626 3937 Et

2052 3980 2095 4032 si
2130 3978 2393 4031 Volucrint
2421 3979 2780 4031 secessionem
2816 3992 3021 4046 parare,
3050 3978 3211 4032 noli‘e
3256 3991 3527 4045 Sperncre,
3563 3993 3627 4032 ne

2048 4069 2315 4138 judicetnr
2342 4084 2368 4120 a
2396 4069 2547 4122 laicis
2576 4069 2772 4123 nullam
2805 4084 2898 4123 vos
2938 4084 3055 4124 cum
3114 4069 3220 4122 illis
3247 4068 3383 4123 velle
3434 4068 3628 4122 habere

2054 4160 2412 4215 canem-diam.
2442 4160 2496 4215 Si
2528 4176 2669 4215 vero
2688 4176 2780 4213 vos
2798 4160 2861 4214 ad
2884 4160 3186 4215 eonvivium
3228 4173 3415 4228 rogare
3446 4156 3627 4211 volue-

2055 4251 2182 4314 rint,
2231 4250 2424 4303 blanda
2479 4250 2821 4304 excusatione
2874 4266 2967 4305 eos
3020 4252 3301 4314 declinate,
3347 4249 3624 4303 dicentes:

2054 4340 2232 4405 Orate,
2268 4350 2323 4392 ut
2365 4339 2591 4407 primum
2636 4340 2915 4409 mysticam
2966 4340 3382 4411 illamlmensan't
3426 4354 3628 4394 merea-

2055 4444 2171 4482 mur
2202 4428 2398 4485 habere
2422 4440 2845 4493 conuuunem,et
2872 4439 2994 4483 tunc
3021 4433 3119 4484 erit
3141 4431 3290 4484 nobis
3314 4432 3409 4485 ista
3433 4430 3628 4501 jucun-

2055 4520 2193 4574 dior.
2238 4520 2495 4573 Victualia
2524 4530 2650 4573 vero
2680 4528 2735 4573 et
2782 4535 2901 4588 qua:
2942 4521 3041 4589 alia
3096 4520 3287 4574 oﬁerre
3341 4522 3627 4584 voluerint,

2056 4620 2273 4680 excepta
2303 4620 2482 4665 tamen
2514 4611 2880 4674 subvectione,
2906 4612 2947 4664 si
2975 4626 3131 4665 causa
3159 4612 3416 4677 poposcit,
3466 4611 3628 4665 nolite

2057 4704 2363 4771 suscipere:
2394 4702 2487 4756 sed
2531 4702 2706 4756 taliter
2741 4713 3015 4767 excusate,
3048 4701 3179 4755 nihil
3236 4700 3425 4755 deesse
3450 4702 3628 4756 dicen-

2058 4807 2158 4857 tes,
2191 4802 2467 4861 sperantes
2489 4793 2647 4845 etiam
2679 4804 2734 4846 ut
2763 4792 2967 4845 animos
2989 4808 3112 4845 suos
3139 4791 3287 4844 vobis
3327 4806 3628 4846 accummt»

2056 4883 2203 4943 dettl,
2235 4878 2322 4933 ubi
2365 4889 2489 4933 sunt
2512 4880 2649 4934 dona
2675 4890 2731 4935 et
2779 4880 2997 4943 divitia',
3027 4890 3076 4934 et
3108 4878 3305 4933 caritas
3347 4890 3402 4934 et
3432 4881 3627 4945 unitas,

2058 4983 2109 5028 ct
2134 4970 2386 5041 quidquid
2407 4972 2472 5026 ad
2495 4972 2739 5043 gaudium
2774 4972 3076 5041 religiosum
3101 4980 3304 5027 certum
3336 4982 3419 5028 est
3471 4975 3628 5042 perti-

2052 5077 2197 5117 nere.

2123 5156 2254 5209 Cum
2301 5155 2398 5208 ista
2451 5156 2803 5221 ordinatione,
2836 5155 2943 5210 Deo
2972 5158 3222 5225 prepitio,
3257 5159 3627 5215 Constantino—

2055 5248 2215 5318 polim
2272 5248 2676 5316 pervenientes,
2736 5248 2807 5302 ibi
2853 5249 3120 5315 secedite,
3177 5250 3264 5305 ubi
3306 5250 3627 5305 ordinaverit

2056 5340 2503 5393 clementissimus
2535 5340 2848 5408 imperator;
2874 5350 2926 5395 ct
2959 5354 3239 5413 antequam
3267 5343 3436 5409 ipsum
3453 5342 3625 5395 videa-

2056 5469 2305 5539 maiestas
2348 5471 2490 5525 sedis
2518 5474 2822 5538 apostolica:
2866 5476 3170 5529 eluderetur
3210 5474 3277 5525 ab
3334 5475 3468 5538 ipso,
3500 5473 3625 5527 dum

2053 5540 2239 5611 nonad
2266 5541 2417 5594 ﬁdem
2441 5543 2752 5595 catholicam
2778 5545 3167 5604 stabiliendam,
3198 5543 3290 5595 sed
3310 5544 3372 5595 ad
3404 5558 3624 5611 regnum

2050 5610 2495 5676 Conﬁrmandum,
2524 5612 2949 5678 Vitaliannmqne
2980 5615 3325 5666 avertendutn
3360 5628 3403 5680 p-
3429 5613 3623 5666 ntiﬁcia

2052 5682 2364 5735 ancteritate
2402 5682 2729 5736 abuteretur.
2783 5684 3019 5748 Quonam
3056 5684 3213 5735 modo
3241 5686 3378 5747 apud
3402 5684 3624 5750 impera-

2054 5760 2219 5802 torem
2249 5766 2306 5802 se
2336 5766 2521 5817 gerere
2551 5752 2823 5809 delh‘l‘cttl,
2852 5766 3079 5817 sequens
3103 5752 3364 5808 indicitlus
3394 5766 3441 5807 et
3476 5770 3623 5807 cont-

2054 5821 2393 5874 monitoriutu
2426 5823 2604 5875 refert.
2631 5824 2756 5874 διν.
2789 5823 2982 5873 lttsws.

3629 5590 3638 5636 l
