4262 6264
645 368 746 428 573

1969 378 2331 439 ιιυιιιιιδυΑε
2364 381 2561 445 ΡΑΝΕ

3785 412 3889 471 376

644 487 733 551 tis,
784 483 917 542 nulli
960 487 1099 545 detis
1132 491 1333 547 ad'vos
1382 490 1632 549 veniendi
1684 492 1973 563 licentiam,
2029 508 2221 566 praeter
2248 501 2298 559 Α
2325 501 2631 567 spondete:
2682 504 2747 560 Ut
2795 504 3035 578 synodus
3078 504 3528 575 Chalcedonensis
3571 530 3627 576 et
3653 524 3890 593 epistola:

644 586 775 642 quos
804 576 971 645 pietas
999 579 1113 647 ejus
1145 583 1369 635 miserit.
1397 583 1584 638 Postea
1618 595 1792 639 tamen
1820 602 1978 656 quam
2022 589 2219 657 princi-

644 679 760 731 pem
784 668 1043 729 videritis,
1075 671 1119 723 si
1148 675 1235 739 qui
1277 674 1557 729 orthodoxi
1584 685 1638 730 et
1668 686 1863 733 nostra:
1887 680 2219 733 communio-

642 757 739 818 nis,
768 767 857 809 aut
882 760 1055 811 zelum
1084 760 1340 816 habentes
1364 766 1583 821 unitatis
1608 782 1701 821 vos
1726 769 1905 823 videre
1925 768 2213 836 voluerint,

640 860 734 898 eos
790 848 888 899 sub
926 848 1068 901 omni
1118 852 1320 905 cautela
1361 855 1647 924 suscipite;
1682 873 1774 925 per
1803 873 1935 925 quos
1983 858 2119 914 forte
2164 868 2219 914 et

641 936 765 1002 quid
791 939 963 1004 agitur
992 939 1397 1008 deprehendere
1414 946 1673 1012 poteritis.
1705 948 2011 1003 Prtesentati
2040 949 2217 1017 itaque

641 1025 947 1092 imperatori
999 1029 1203 1084 litteras
1247 1034 1502 1103 porrigite
1547 1050 1665 1091 eum
1721 1038 1811 1092 tali
1860 1039 2209 1093 allocutione:

638 1115 837 1170 Salutat
873 1133 966 1170 vos
997 1130 1148 1187 pater
1178 1133 1355 1177 vester
1381 1141 1394 1187 ;
1433 1126 1594 1179 Deom
1625 1130 1862 1196 quotidie
1916 1143 2127 1199 rogans,
2159 1137 2216 1184 et

638 1204 1107 1263 intercess'onibus
1162 1220 1467 1266 sanctorum
1533 1217 1894 1283 apostolorum
1963 1219 2103 1272 Petri
2161 1227 2217 1273 et

636 1297 785 1351 Pauli
826 1311 1059 1353 vestrum
1107 1318 1326 1371 regnum
1379 1308 1778 1371 commendans,
1824 1319 1880 1361 ut
1926 1309 2084 1375 Deus,
2122 1310 2213 1379 qui

634 1386 783 1440 vobis
808 1391 913 1442 tale
958 1389 1280 1445 desiderium
1313 1393 1480 1457 dedit,
1513 1408 1567 1448 ut
1621 1412 1717 1464 pro
1755 1412 1912 1452 causa
1964 1399 2211 1454 Ecclesia:

635 1476 768 1530 mitti
797 1487 851 1531 et
880 1481 1158 1534 consulere
1184 1482 1564 1539 beatitudinem
1590 1487 1756 1554 ipsius
1784 1488 2075 1557 eligeretis,
2096 1488 2211 1559 ipse

630 1579 683 1623 ct
711 1570 1086 1636 perfectionem
1122 1573 1315 1628 tribu-it
1344 1590 1388 1627 νι
1411 1575 1651 1632 Ιυηιιιιξε,

705 1663 768 1715 Ει
832 1667 875 1717 si
910 1666 1158 1727 voluerit,
1191 1674 1475 1736 antequam
1518 1670 1730 1723 chartas
1760 1669 2033 1738 suscipiat,
2067 1672 2209 1725 ordi-

548 1748 551 1749 ⁷
632 1767 752 1804 nem
780 1752 1062 1821 legationis
1084 1770 1395 1824 agnoscere,
1430 1757 1512 1811 his
1543 1760 1716 1813 verbis
1746 1760 1953 1814 utimini
1980 1779 1991 1813 :
2020 1759 2207 1817 iubete

628 1842 825 1910 scripta
855 1844 1141 1913 suscipere.
1198 1846 1253 1902 Si
1282 1847 1474 1901 dixerit
1508 1866 1519 1897 τ
1554 1849 1687 1916 Quid
1741 1850 1937 1905 habuit
1965 1851 2203 1906 chartae?
2237 1852 2276 1910 Β

628 1935 967 2005 Respondete
998 1955 1012 1991 :
1052 1939 1261 1994 Salutes
1285 1945 1350 1994 ad
1372 1943 1621 2010 pietatem
1656 1955 1883 1997 vestram
1911 1945 2204 2010 continent,

625 2036 679 2080 et
710 2027 818 2081 Deo
846 2030 1049 2097 gratias
1099 2042 1282 2099 agunt,
1312 2034 1450 2101 quod
1494 2048 1590 2087 vos
1626 2034 1883 2088 sollicitos
1911 2036 1977 2090 de
2008 2036 2205 2091 unitate

628 2130 957 2187 cognoscunt
987 2120 1236 2176 Ecclesiae
1272 2140 1284 2175 :
1317 2122 1495 2193 legite,
1524 2134 1576 2178 et
1625 2127 1943 2194 agnoscetis.
1990 2128 2052 2179 Et
2087 2126 2202 2180 nul-

630 2210 730 2263 lius
770 2226 948 2265 causa:
986 2215 1311 2267 mentionem
1365 2216 1573 2283 penitus
1611 2218 1813 2270 faciatis
1843 2258 1857 2282 ,
1910 2217 2009 2271 nisi
2057 2220 2204 2286 prius

627 2312 858 2369 acceptae
886 2303 1075 2357 Ιίιέιδτι⁵
1106 2306 1427 2374 relegantur.
1459 2308 1522 2360 Et
1547 2316 1667 2374 post
1698 2322 1970 2377 susceptas
2000 2312 2201 2366 litteras

624 2405 656 2443 ε
700 2393 942 2457 releetas,
975 2394 1188 2462 ailjicite
1221 2411 1235 2448 :
1265 2395 1393 2449 Nam
1416 2406 1470 2451 et
1492 2397 1556 2451 ad
1592 2398 1907 2453 Vitalianum
1945 2400 2196 2455 famulum

628 2493 861 2535 vesu-um
893 2483 1037 2537 misit
1086 2484 1288 2539 litteras
1308 2486 1396 2555 qui
1433 2496 1648 2557 acct'pta
1702 2503 1732 2541 a
1789 2491 1982 2558 pietate
2026 2504 2197 2547 vestra

625 2574 644 2641 (
680 2574 785 2626 icut
813 2574 925 2642 ipse
955 2576 1097 2645 scrip
1127 2576 1189 2645 it)
1222 2577 1451 2643 licentia,
1483 2593 1608 2633 suos
1627 2581 1693 2633 ad
1724 2594 1923 2648 patrem
1964 2594 2194 2637 vestrum

625 2675 868 2720 sanctum
900 2681 1087 2736 papam
1114 2669 1354 2723 homines
1388 2670 1691 2726 destinavit.
1718 2672 1820 2728 Sed
1851 2675 1969 2742 quia
1994 2675 2193 2743 justum

619 2765 815 2811 eratut
844 2758 990 2826 prius
1034 2761 1097 2811 ad
1138 2759 1477 2814 clementiam
1512 2772 1739 2817 vestram
1788 2766 2058 2833 dirigercl,
2096 2770 2195 2821 hoc

620 2847 768 2912 fecit,
814 2856 873 2902 ut
929 2850 1083 2904 vobis
1121 2849 1428 2917 iubentibus
1480 2862 1639 2920 atque
1692 2855 2082 2921 ordinantitus,
2125 2859 2190 2912 ad

617 2952 736 2992 eum
758 2936 973 3007 scripta,
994 2955 1112 3009 qua:
1125 2941 1432 3005 detulimus,
1458 2942 1565 2996 Deo
1589 2945 1816 3012 propitio
1843 2962 1921 3015 per
1938 2946 2188 3003 feramus.

684 3030 739 3085 Si
771 3031 1059 3100 imperator
1084 3033 1296 3102 petierit
1324 3035 1575 3103 epistolas
1618 3053 1646 3089 a
1677 3037 1828 3090 nobis
1872 3039 1936 3092 ad
1977 3039 2190 3093 Vitalia-

615 3144 740 3181 num
765 3128 1017 3197 directas,
1051 3131 1125 3184 sic
1152 3132 1580 3199 respondendum
1614 3142 1693 3186 est
1724 3152 1734 3185 :
1769 3131 1881 3186 Non
1907 3134 2006 3187 hoc
2036 3132 2188 3186 nobis

2322 592 2490 645 sancti
2521 593 2716 650 Leonis
2746 612 2894 667 papa:
2917 616 3035 669 quae
3061 607 3273 674 scripta:
3300 618 3424 663 sunt
3452 620 3640 666 contra
3680 592 3889 670 haereti-

2320 694 2414 733 cos
2439 680 2738 739 Nestorium
2761 698 2819 741 et
2838 688 3182 760 Eutychetem
3211 701 3265 749 et
3303 692 3637 764 Dioscorum.
3661 702 3887 761 nullate-

2319 784 2418 824 nus
2456 785 2885 845 corrumpantur.
2933 780 2988 836 Si
3020 784 3214 840 dixerit
3249 805 3262 840 :
3291 788 3397 844 Nos
3445 796 3703 861 synodum
3730 797 3890 851 (Ibat-

2317 859 2673 919 cedonensem
2705 878 2755 922 et
2778 869 3028 937 epistolas
3060 889 3209 943 papa:
3237 876 3431 935 Leonis
3446 859 3500 935 et
3524 886 3820 950 recepimus
3834 896 3889 942 et

2320 959 2583 1007 tenemus.
2616 955 2721 1011 Vos
2748 975 2873 1014 mox
2902 964 3099 1030 gratias
3120 969 3279 1034 agite,
3308 979 3363 1024 et
3385 985 3570 1039 pectus
3595 974 3710 1043 ejus
3733 992 3889 1033 oscu-

2317 1040 2533 1108 lainini,
2582 1046 2820 1103 dicentes
2873 1068 2886 1104 :
2943 1053 3099 1108 Modo
3150 1060 3499 1127 cognovimus
3554 1040 3716 1121 Deum
3766 1083 3887 1123 esse

2315 1134 2465 1189 vobis
2490 1139 2794 1208 propitium,
2821 1144 3032 1209 quando
3078 1146 3251 1203 facere
3288 1151 3411 1205 talia
3440 1153 3701 1210 festinatis
3726 1175 3741 1212 :
3762 1160 3883 1229 quia

2316 1224 2414 1279 ista
2445 1243 2520 1280 esu
2550 1230 2678 1284 fides
2699 1234 2983 1297 catholica,
3012 1236 3111 1292 ista
3135 1253 3215 1293 est
3254 1257 3411 1310 quam
3467 1248 3883 1313 przedicaverunt

2314 1318 2582 1384 apostoli,
2626 1322 2741 1376 sine
2769 1338 2866 1391 qua
2918 1327 3094 1380 nulius
3127 1342 3297 1397 potest
3343 1347 3463 1387 esse
3516 1338 3880 1394 orthodoxus:

2312 1406 2465 1461 istam
2493 1410 2597 1464 deb
2633 1422 2649 1465 t
2679 1416 3017 1471 sacerdotum
3045 1422 3365 1489 generalitas
3391 1434 3592 1495 tenere,
3610 1438 3667 1484 et
3693 1432 3880 1500 pra-di-

2310 1501 2480 1554 cando
2507 1518 2742 1559 servare.

2378 1590 2435 1645 Si
2463 1593 2652 1649 dixerit
2687 1612 2701 1649 :
2732 1598 3025 1656 Urtbodoxi
3052 1612 3178 1658 sunt
3198 1607 3463 1678 episcopi:
3487 1610 3556 1665 de
3579 1614 3880 1669 constitutis

2310 1682 2522 1738 Patrum
2556 1703 2659 1742 non
2688 1692 2963 1747 recedunt.
2998 1696 3409 1766 Respondebitis
3440 1718 3457 1758 :
3508 1703 3648 1773 Ergo
3681 1709 3724 1759 si
3749 1721 3878 1760 con-

2309 1776 2487 1828 stituta
2516 1777 2731 1833 Patrum
2781 1795 3083 1847 servantur.
3112 1797 3167 1842 et
3221 1791 3274 1844 in
3328 1792 3475 1846 nullo
3519 1796 3878 1865 corrumpitur

2307 1867 2444 1935 quod
2477 1868 2527 1920 in
2576 1881 2757 1925 sancta
2786 1873 3201 1933 Chalcedonensi
3242 1883 3446 1951 synodo
3475 1884 3736 1939 firmatum
3764 1899 3877 1954 est;

2306 1973 2423 2023 quas
2452 1975 2607 2012 causa
2643 1974 2745 2028 est,
2776 1972 2979 2019 tantum
3030 1970 3166 2024 inter
3196 1971 3459 2028 Ecclesias
3486 1977 3709 2041 partium
3752 1978 3874 2031 ista-

2307 2062 2420 2100 rum
2454 2064 2575 2104 esse
2612 2051 3046 2111 discordiae?Vel
3092 2074 3211 2128 quae
3258 2076 3416 2117 causa
3468 2065 3611 2132 facit,
3663 2067 3714 2120 in
3768 2083 3874 2121 uno

2305 2136 2537 2194 Or'entis
2553 2144 2831 2212 episcopos
2856 2162 2961 2201 non
2983 2153 3322 2207 consentire?
3342 2155 3395 2208 Si
3423 2155 3617 2211 dixerit
3647 2174 3661 2211 :
3692 2158 3870 2222 Quieti

2302 2240 2452 2282 erant
2482 2232 2741 2301 episc0pi,
2794 2237 2882 2290 nul
2907 2252 2934 2290 a
2975 2239 3114 2295 inter
3162 2244 3303 2312 ipsos
3329 2245 3593 2300 discordia
3627 2250 3872 2303 versaba-

2303 2330 2422 2373 tur:
2459 2323 2820 2387 praedccessor
2847 2329 3014 2383 sancti
3051 2345 3198 2399 papa:
3228 2332 3433 2389 animos
3461 2351 3645 2391 eorum
3695 2338 3872 2392 missis

2302 2409 2492 2465 litteris
2519 2416 2791 2479 excitavit,
2813 2427 2867 2472 et
2895 2419 2959 2472 ad
2990 2422 3355 2478 confusionem
3388 2428 3717 2483 excitandam
3751 2446 3871 2498 per-

2298 2499 2474 2555 duxit.
2507 2501 2989 2572 ReSpondendum:
3023 2510 3251 2567 Litteras
3276 2532 3406 2582 quas
3444 2531 3641 2573 sanctte
3671 2536 3870 2574 memo-

2298 2592 2390 2644 rite
2419 2590 2772 2661 Symmachus
2797 2598 3109 2668 destinavit,
3145 2619 3255 2672 pra:
3307 2609 3550 2663 manibus
3589 2611 3866 2668 habemus.

2296 2679 2348 2735 Si
2381 2692 2528 2736 extra
2562 2683 2675 2739 haec
2702 2701 2820 2755 quae
2854 2689 3019 2756 pietas
3061 2703 3231 2748 vestra
3263 2695 3412 2763 dixit,
3446 2698 3546 2754 hoc
3573 2712 3674 2765 est,
3705 2703 3866 2756 Chal-

2294 2772 2594 2829 cedonense
2616 2779 2905 2833 concitum
2944 2796 3159 2851 scrutor,
3193 2789 3447 2853 epistolas
3480 2807 3628 2861 papae
3675 2793 3867 2850 Leonis

2293 2862 2535 2929 admitto,
2559 2867 2705 2921 aliud
2734 2870 3088 2942 nequidquam
3108 2878 3383 2933 continent
3414 2883 3517 2936 nisi
3537 2883 3866 2940 exhortatio-

2293 2970 2410 3007 nem
2456 2966 2512 3009 ut
2543 2959 2641 3012 ista
2692 2974 3008 3031 serventur;
3048 2971 3317 3035 quomodo
3366 2988 3547 3027 verum
3592 2986 3675 3029 est
3725 2978 3864 3045 quod

2292 3061 2386 3113 pcr
2418 3049 2590 3117 ipsum
2613 3063 2694 3106 εει
2717 3067 2966 3123 generata
3003 3060 3277 3115 confusio?
3306 3064 3373 3116 At
3398 3065 3441 3117 si
3490 3066 3589 3119 hoc
3616 3071 3862 3122 contine-

2293 3147 2377 3190 tur
2401 3140 2452 3192 in
2487 3140 2699 3209 litteris,
2724 3147 2861 3213 quod
2894 3156 2951 3201 et
2994 3159 3142 3217 pater
3175 3164 3350 3206 vester
3390 3168 3432 3217 s;
3454 3168 3587 3220 erat,
3619 3165 3672 3209 et
3695 3158 3861 3223 pietas

611 3228 763 3288 pater
790 3231 970 3275 vester
990 3233 1206 3275 sanctus
1256 3238 1386 3291 papa
1420 3226 1713 3291 percepit:
1766 3239 1862 3277 nec
1911 3227 2026 3277 sine
2071 3223 2186 3293 jns-
2214 3204 2259 3266 (ἶ
2292 3244 2463 3284 vestra
2492 3237 2793 3301 consentit;
2826 3240 2948 3307 quid
2997 3241 3084 3295 ille
3136 3243 3300 3297 fecit?
3329 3247 3452 3314 quid
3493 3248 3636 3301 enim
3688 3250 3738 3302 in
3795 3265 3861 3304 eo

612 3311 766 3365 sione
793 3311 936 3364 illius
965 3312 1163 3379 aliquid
1197 3329 1429 3381 possuut‘
1452 3329 1478 3368 s
1509 3315 1701 3370 facere.
1729 3316 1927 3369 Tamen
1958 3327 2012 3370 ut
2042 3319 2177 3370 scia-

611 3402 679 3453 tis
703 3402 1100 3469 simplicitatem
1127 3402 1446 3468 litterarum,
1471 3407 1596 3474 quia
1642 3406 1773 3459 nihil
1804 3406 1946 3460 aliud
1990 3407 2185 3463 habent

610 3490 711 3543 nisi
739 3506 923 3557 preces
949 3491 1016 3545 ad
1042 3493 1292 3561 pietatem
1324 3502 1553 3548 vestram
1587 3494 1767 3549 direct.
1790 3508 1835 3560 s,
1869 3506 1923 3548 ut
1973 3511 2184 3551 accom-

612 3581 840 3637 niodetis
860 3584 1092 3638 animum
1121 3596 1354 3640 vessrum
1384 3600 1480 3655 pro
1507 3586 1708 3641 unitate
1736 3586 1987 3642 Ecclesiae
2021 3604 2036 3641 :
2062 3588 2184 3656 jun-

608 3674 715 3741 gite
764 3673 1037 3728 nobiscum
1086 3688 1391 3743 personam,
1442 3690 1544 3745 qua
1601 3686 1864 3744 praesente
1903 3678 2107 3731 tradita:
2150 3693 2181 3733 a

610 3764 764 3817 nobis
791 3764 979 3818 litterae
1009 3766 1329 3833 relegantur.
1381 3765 1438 3821 Si
1493 3782 1621 3821 vero
1653 3766 1848 3822 dixerit
1894 3768 2181 3837 imperator

605 3870 697 3909 eas
725 3869 783 3909 se
808 3854 1006 3911 debere
1046 3856 1242 3925 legere,
1291 3856 1681 3926 respondebitis
1714 3875 1727 3911 :
1775 3859 1884 3928 jam
1928 3875 2021 3913 vos
2051 3876 2179 3931 sug-

605 3949 863 4015 gessisse,
890 3947 1096 4016 jussum
1143 3955 1246 4002 non
1280 3949 1443 4003 fuisse
1469 3964 1497 4001 a
1526 3959 1712 4003 sancto
1740 3965 1896 4019 papa.
1926 3951 1981 4004 Si
2030 3953 2179 4006 dixe-

604 4040 675 4091 rit
703 4056 717 4091 :
750 4040 860 4093 lloc
889 4048 1089 4093 tantum
1116 4049 1197 4093 est
1222 4040 1361 4108 quod
1397 4042 1449 4094 in
1475 4042 1663 4095 litteris
1680 4043 1984 4096 continetur
2012 4061 2025 4097 :
2058 4058 2180 4113 pos-

602 4144 721 4182 sunt
756 4130 897 4184 eniin
920 4138 977 4185 et
1006 4132 1272 4184 mandatis
1301 4132 1402 4185 alia
1433 4133 1684 4188 nuntiari.
1712 4132 1861 4187 Tunc
1890 4149 2048 4211 respo
2086 4138 2178 4189 de-

602 4220 763 4276 bitis:
790 4221 937 4275 Absit
964 4237 991 4275 a
1019 4222 1345 4276 conscientia
1378 4234 1557 4277 nostra
1593 4241 1606 4276 :
1636 4223 1799 4278 Nobis
1819 4241 1922 4278 non
1943 4234 2020 4279 est
2052 4240 2177 4279 con-

600 4313 826 4367 suetudo
878 4331 890 4366 :
943 4313 1049 4367 Nos
1081 4329 1173 4385 pro
1208 4314 1295 4366 Dei
1336 4330 1493 4368 causa
1535 4316 1795 4377 venimus,
1828 4325 1880 4368 et
1908 4317 1959 4368 in
2011 4316 2177 4370 Deum

598 4407 935 4459 commi-suri
965 4407 1182 4459 sumus?
1217 4406 1450 4473 Simplex
1474 4418 1554 4461 est
1587 4408 1755 4461 sancti
1789 4422 1937 4476 papa:
1961 4408 2174 4477 legatio.

597 4506 648 4549 et
676 4498 922 4551 omnibus
950 4509 1072 4551 nota
1104 4497 1215 4565 ipsa
1264 4499 1381 4564 ejus
1411 4499 1615 4565 petitio,
1664 4498 1791 4567 ipsae
1841 4514 2025 4566 preces
2061 4516 2072 4551 :
2120 4508 2177 4552 ut

2288 3320 2532 3377 videatur
2557 3340 2678 3381 esse
2704 3328 3005 3399 culpabLle?
3038 3332 3128 3386 llis
3166 3334 3379 3402 adjicise
3410 3352 3592 3405 preces
3613 3347 3665 3393 et
3693 3339 3862 3410 lacry-

2286 3425 2402 3467 mas
2450 3429 2464 3466 :
2516 3427 2765 3484 rogantes
2813 3434 2829 3473 :
2884 3420 3107 3477 Doruine
3153 3425 3473 3493 imperator,
3530 3430 3860 3486 considerate

2285 3498 2448 3553 Deum
2491 3519 2505 3555 :
2556 3506 2734 3571 ponite
2779 3518 2902 3561 ante
2953 3512 3137 3565 otulos
3194 3523 3402 3568 vestros
3452 3516 3684 3572 fututum
3741 3521 3857 3589 ejus

2277 3587 2558 3657 judicium.
2590 3594 2770 3651 Sancti
2801 3598 3006 3663 Patres,
3031 3604 3116 3670 qui
3150 3603 3246 3657 ista
3273 3609 3685 3674 conStituerunt,
3711 3587 3850 3664 beati

2282 3687 2512 3752 apostoli
2552 3689 2711 3744 fidem
2743 3694 2909 3747 secuti
2942 3706 3087 3760 sunt,
3120 3712 3212 3766 per
3249 3713 3405 3767 quam
3462 3701 3721 3756 aedificata
3776 3714 3856 3758 cst

2285 3773 2518 3831 Ecclesia
2549 3777 2769 3835 Christi.

2353 3866 2408 3919 Si
2459 3866 2747 3936 imperator
2794 3872 3034 3928 dixerit:
3087 3878 3237 3944 Quod
3291 3896 3375 3935 me
3416 3882 3572 3935 vultis
3626 3883 3702 3951 (α)
3761 3899 3854 3950 per

2280 3950 2604 4010 locutionem
2635 3959 2651 4026 (
2670 3963 3115 4027 prosecutionem,
3151 3982 3243 4033 per
3263 3970 3623 4039 solutionem)
3659 3974 3853 4035 facere.

2282 4044 2510 4100 habete:
2545 4047 2681 4103 Ecce
2710 4051 2837 4104 mihi
2869 4056 3279 4122 conununicate,
3309 4060 3396 4127 qui
3427 4044 3683 4129 synodum
3706 4060 3853 4114 Cltttl~

2279 4136 2633 4191 ecdoneosem
2684 4141 2905 4207 recipio,
2965 4156 3011 4194 t't
3047 4147 3299 4212 epistolas
3333 4164 3479 4216 papa:
3519 4148 3708 4202 Leonis
3749 4165 3852 4201 am-

2282 4216 2486 4291 plector
2519 4245 2531 4279 :
2564 4229 2713 4283 Nunc
2770 4233 3164 4289 eommunicate
3204 4237 3352 4290 mihi.
3407 4236 3849 4301 ltesiionden'lutn

2278 4323 2396 4364 est:
2429 4315 2542 4378 Quo
2566 4316 2754 4370 ordine
2787 4321 2956 4386 pietas
3000 4329 3175 4375 vestra
3223 4327 3599 4377 communicari
3631 4326 3727 4377 sibi
3760 4327 3850 4380 des

2277 4405 2513 4459 siderat?
2544 4409 2648 4461 Nec
2682 4423 2777 4461 nos
2805 4410 3175 4476 prmdicantem
3205 4412 3301 4466 ista
3346 4417 3589 4483 pietatem
3621 4426 3847 4470 vestram

2280 4495 2527 4561 vitamus,
2577 4497 2714 4565 quod
2752 4500 2951 4551 scimus
3000 4499 3163 4553 Deum
3197 4500 3407 4566 timere,
3464 4514 3515 4554 et
3559 4503 3848 4571 gaudemus

596 4590 881 4641 constituta
924 4587 1137 4641 Patrum
1166 4602 1271 4640 non
1289 4599 1736 4655 corrumpantur:
1769 4595 1826 4639 ut
1848 4587 2078 4642 haeretici
2106 4587 2175 4642 de
2203 4569 2253 4629 ί)
2279 4584 2401 4651 quia
2448 4596 2655 4653 graium
2687 4574 2767 4639 νο·
2792 4585 2836 4638 is
2870 4596 2952 4641 est
2999 4585 3211 4641 Palmm
3268 4591 3550 4642 CUIISlilUl-l
3605 4606 3843 4644 servare-

598 4677 854 4732 Eeclesiis
883 4686 1299 4732 removeantur:
1334 4686 1526 4745 praeter
1576 4681 1693 4741 ista,
1750 4676 1865 4742 lega
1893 4678 1942 4729 io
1994 4686 2174 4730 nostra

596 4769 1005 4826 ndnlconﬁneh

665 4860 721 4913 Si
747 4860 941 4915 dixerit
973 4877 987 4915 :
1016 4860 1141 4914 lude
1156 4860 1284 4913 etad
1306 4857 1564 4928 synodum
1585 4857 2049 4913 iuvitavisanetum
2075 4874 2170 4927 pa-

594 4964 737 5016 pam,
767 4959 824 5002 ut
870 4951 914 5003 si
953 4951 1075 5019 quid
1106 4960 1191 5003 est
1232 4949 1555 5018 ambiguum,
1602 4949 1815 5002 tollatur
1858 4951 1924 5004 de
1969 4951 2163 5019 medio.

595 5038 1042 5105 liespondendum
1064 5048 1145 5092 est
1169 5057 1180 5090 :
1214 5041 1435 5109 Agimus
1467 5039 1577 5093 Deo
1605 5042 1821 5107 gratias,
1846 5050 1897 5092 et
1927 5040 2164 5108 petitioni

595 5128 689 5198 (al.
724 5127 929 5197 pietati)
953 5136 1162 5195 vestrae,
1204 5130 1326 5196 quia
1357 5128 1497 5183 hunc
1548 5144 1641 5182 vos
1666 5127 1910 5181 allectum
1955 5138 2010 5181 et
2050 5130 2165 5182 ani-

593 5234 739 5272 mum
761 5217 1361 5285 habereeognoscimus,
1390 5228 1446 5272 ut
1474 5233 1534 5273 ea
1565 5234 1682 5286 qua:
1711 5232 1738 5269 a
1768 5216 2011 5270 Patribus
2033 5232 2162 5270 con-

590 5298 773 5363 stituta
803 5317 928 5362 sunt
975 5307 1295 5378 generalitas
1320 5318 1498 5363 servet
1548 5324 1562 5363 :
1612 5307 1733 5378 quia
1780 5315 1906 5361 tunc
1956 5322 2076 5361 vera
2108 5317 2163 5362 et

589 5416 770 5457 sanc;a
804 5403 977 5455 unitas
1004 5409 1177 5470 potest
1215 5414 1335 5453 esse
1383 5400 1520 5453 inter
1552 5399 1816 5453 Eeclesias
1867 5397 2084 5461 Christi,
2118 5398 2163 5452 si

591 5496 700 5551 Deo
728 5496 1032 5564 adjuvaute,
1060 5492 1161 5548 hoc
1205 5491 1343 5561 quod
1373 5492 1793 5561 praedecessores
1820 5490 1983 5545 vestri
2026 5491 2165 5545 Mar-

587 5590 773 5642 cianus
802 5598 857 5642 et
904 5587 1013 5643 Leo
1033 5586 1420 5649 custodierunt,
1447 5583 1720 5652 elegeritis
1772 5596 1895 5637 esse
1940 5597 2163 5637 servan-

587 5681 733 5733 dum.
761 5682 814 5735 Si
846 5681 936 5733 ille
962 5680 1158 5734 dixerit
1188 5699 1199 5731 :
1230 5679 1357 5745 Qua:
1387 5684 1510 5730 sunt
1544 5677 1642 5729 ista
1671 5690 1787 5743 quae
1817 5674 2026 5729 dicitis?
2054 5675 2157 5729 lte-

662 5792 737 5854 (u)
763 5792 898 5844 [εἰσιν.
924 5792 1102 5855 ηυιη..
1141 5791 1573 5858 pczscquntionern
1607 5788 1771 5856 facere
1790 5787 1851 5840 ab
1875 5790 1972 5840 eo?

2282 4676 2618 4730 Fidoeialiler
2655 4691 2784 4745 ergo
2831 4691 3095 4743 rogamus,
3133 4688 3187 4729 ut
3218 4693 3312 4745 per
3354 4695 3445 4729 vos
3487 4680 3536 4732 in
3585 4681 3841 4732 unitatem

2278 4773 2573 4820 rmertatur
2603 4764 2863 4818 Ecclesia.
2900 4764 3082 4817 Sciant
3126 4779 3310 4818 omnes
3338 4768 3571 4834 episcopi
3603 4769 3844 4820 volunta-

2278 4865 2381 4906 tem
2416 4864 2666 4917 vestram,
2697 4864 2752 4906 et
2790 4855 2911 4921 qoia
2952 4853 3212 4922 synodum
3265 4853 3756 4908 Chalcedoneusetn
3788 4862 3843 4909 et

2274 4944 2523 5012 epistolas
2553 4959 2699 5012 papae
2726 4943 2917 4996 Leonis
2946 4942 3194 5006 servatis,
3224 4944 3306 4996 vel
3326 4944 3613 5011 apostolica
3642 4942 3843 4996 consti-

2271 5042 2397 5085 tuta.
2431 5032 2483 5085 Si
2515 5032 2706 5085 dixerit
2732 5049 2743 5081 :
2768 5031 2880 5095 Quo
2895 5030 3081 5083 ordine
3111 5028 3344 5083 facienda
3373 5039 3495 5083 sunt
3522 5031 3634 5084 hare
3660 5040 3842 5084 osten-

2269 5125 2397 5176 dere
2423 5132 2670 5191 oportere
2698 5138 2710 5172 :
2741 5120 2757 5173 l
2786 5136 2932 5174 erum
2968 5136 3153 5189 preces
3192 5122 3439 5173 adhibete
3469 5135 3588 5173 cum
3622 5120 3838 5173 humili-

2271 5222 2396 5271 t..te.
2428 5212 2667 5263 dicentes
2700 5226 2711 5259 :
2766 5207 2921 5261 Pater
2952 5216 3125 5261 vester
3153 5208 3367 5275 scripsit
3390 5205 3651 5272 episcopis
3678 5219 3838 5271 gene-

2271 5296 2473 5350 raliter.
2530 5295 2739 5363 Jungite
2786 5295 2868 5346 his
2923 5295 3111 5347 litteris
3156 5308 3335 5347 sacras
3368 5302 3586 5356 vestras,
3633 5290 3836 5360 signifi-

2268 5396 2448 5442 cantes
2477 5391 2575 5439 hoc
2604 5401 2695 5437 vos
2725 5386 2991 5438 vindicare
3022 5385 3275 5453 (iudcare
3302 5382 3379 5435 vel
3400 5380 3662 5451 judicare)
3693 5380 3835 5448 qu0d

2268 5492 2326 5530 se
2349 5480 2423 5529 les
2454 5475 2743 5542 apostolia
2774 5473 3023 5539 praedicat
3054 5479 3144 5525 :et
3192 5483 3315 5523 ltlttc
3359 5470 3445 5536 qui
3475 5477 3601 5524 sunt
3645 5468 3835 5523 ortho-

2264 5564 2412 5630 doxi,
2441 5563 2504 5616 de
2533 5562 2731 5613 unitate
2758 5560 2899 5613 sedis
2927 5556 3166 5627 aposmli-
3186 5571 3233 5609 te
3254 5555 3468 5609 minime
3493 5570 3829 5625 separentur,

2264 5655 2426 5722 (ξιιμιὶ
2464 5654 2542 5706 his
2563 5662 2686 5707 sunt
2712 5649 2960 5706 contrarii
3006 5656 3413 5717 cognoscantur.
3461 5648 3665 5714 Qubus
3685 5646 3830 5702 ordi-
