4262 6264
372 380 480 437 377

1582 379 1931 445 EPISTULA}
1974 384 2062 445 ET
2106 388 2442 452 DECliETA.
3537 415 3641 475 πε

369 493 533 560 natis,
566 502 783 563 paratus
801 504 885 592 est
908 506 1059 592 pater
1090 505 1265 592 vester
1282 494 1469 562 etiam,
1505 498 1574 592 si
1593 512 1729 592 opus
1769 499 1948 565 fuerit,
1977 502 2029 562 Α
2060 500 2127 592 de
2160 504 2357 558 vestris
2379 504 2679 573 perferente
2716 523 2811 577 per
2830 512 3150 583 provincias,
3182 532 3284 573 una
3310 533 3429 575 cum
3457 537 3640 592 perso-

366 593 522 633 suarn
566 584 973 640 accommodare
1012 586 1372 655 prtesentiam,
1407 595 1462 641 et
1488 587 1741 657 quidquid
1791 600 1953 655 expe-

364 670 469 733 dit,
514 672 742 727 servatis
785 672 1000 728 Patrum
1034 676 1358 742 constitutis,
1386 690 1483 745 pro
1510 676 1813 747 integritate
1843 675 1947 731 Ec—

360 760 544 814 clesiae
572 775 678 814 non
710 777 921 831 negare.

435 851 495 903 Si
522 851 721 906 dixerit
778 854 1097 922 imperatur:
1131 853 1273 908 Bene
1304 854 1426 921 ista,
1451 853 1704 924 suscipite
1733 853 1945 908 interim

355 952 562 994 nostra:
590 942 821 997 civitatis
866 944 1198 1012 episcopum.
1252 946 1445 999 lterum
1494 960 1676 1013 preces
1717 943 1944 1013 iungite,

360 1032 635 1085 humiliter
651 1032 885 1086 dicentes
916 1049 930 1085 :
966 1033 1187 1087 Domine
1220 1034 1533 1102 imperator,
1566 1047 1750 1101 pacem
1801 1031 1948 1085 veni-

358 1138 479 1175 mus
500 1137 623 1176 cum
657 1122 748 1177 Dei
778 1123 1072 1193 adjutorio,
1120 1124 1271 1178 vobis
1326 1124 1685 1177 adnitentibus
1729 1134 1782 1177 et
1812 1138 1946 1192 pra:-

356 1212 648 1276 sutntihus,
696 1212 905 1276 facere,
950 1222 1005 1266 et
1060 1212 1457 1266 contentionem
1511 1210 1939 1281 (intentiOnem)

354 1302 533 1369 sopire
571 1301 862 1356 incivitate
892 1312 1085 1355 vestra.
1119 1300 1194 1355 De
1223 1300 1425 1354 duabus
1480 1308 1564 1353 est
1592 1299 1834 1367 personis
1863 1298 1943 1352 in-

354 1392 523 1444 lentio
554 1407 567 1442 :
595 1391 694 1443 ista
724 1405 880 1444 causa
915 1391 1184 1458 proprium
1229 1405 1441 1444 cursum
1473 1390 1632 1442 habet
1662 1403 1676 1440 :
1706 1385 1943 1441 Genera-

354 1478 474 1532 litas
502 1479 874 1545 episcoporum
905 1478 1050 1546 prius
1070 1476 1347 1529 ordinetur
1378 1491 1393 1531 :
1432 1474 1520 1527 liat
1548 1491 1650 1528 una
1703 1488 1942 1527 commu-

353 1570 441 1622 nio
460 1570 721 1623 catholica
753 1586 767 1623 :
800 1579 854 1623 et
909 1569 1153 1637 sequenti
1205 1567 1322 1621 loco
1350 1567 1417 1622 de
1457 1566 1593 1637 istis,
1635 1566 1718 1619 vel
1764 1566 1807 1619 si
1850 1564 1940 1633 qui

352 1668 476 1710 sunt
500 1658 588 1710 alii
619 1666 774 1711 extra
826 1655 1096 1711 Ecclesias
1118 1670 1260 1720 suas,
1282 1665 1405 1709 tunc
1435 1653 1739 1722 diligentius
1767 1660 1939 1718 potest

352 1762 512 1801 causa
565 1745 842 1817 cognosci.
883 1746 938 1800 Si
977 1745 1173 1801 dixerit
1222 1745 1511 1814 imperator
1542 1760 1556 1796 :
1592 1742 1665 1795 De
1696 1740 1938 1794 Macedo-

352 1836 439 1887 nio
456 1834 669 1888 dicitis:
700 1833 938 1902 intelligo
963 1834 1310 1887 subtilitatem
1338 1843 1567 1886 vestram
1605 1848 1615 1881 :
1652 1830 1936 1884 haereticus
1967 1856 2010 1916 Β
2039 1848 2189 1906 cepta
2225 1852 2372 1908 pater
2403 1843 2611 1911 pietatis
2642 1856 2860 1909 vestrae,
2900 1859 2954 1900 ut
2997 1851 3115 1906 sine
3139 1854 3316 1920 aliquo
3340 1830 3614 1923 episeopoa

350 1934 434 1978 est
476 1943 489 1977 :
528 1925 673 1977 nulla
732 1924 940 1979 ratione
990 1924 1225 1978 revocari
1287 1933 1480 1991 potest.
1525 1919 1877 1989 lleSpondetis
1918 1936 1931 1972 :

349 2010 476 2073 Nos,
512 2011 730 2065 domine
771 2012 1080 2080 imperator,
1113 2012 1314 2065 nullum
1349 2011 1699 2079 persnnaliter
1738 2009 1939 2063 indica-

350 2116 496 2155 mus.
543 2102 607 2153 Et
657 2102 700 2155 si
742 2100 912 2170 pietas
938 2112 1111 2154 vestra
1142 2100 1468 2165 consideret,
1498 2100 1666 2168 magis
1695 2112 1790 2167 pro
1820 2096 1936 2150 ani-

350 2205 442 2242 ma
497 2203 668 2243 vestra
716 2198 769 2243 rt
816 2190 1069 2259 opinione
1108 2190 1391 2258 loquimur,
1440 2198 1497 2243 ut
1549 2190 1618 2242 sit
1648 2187 1933 2253 discessio,

348 2290 405 2335 et
462 2282 506 2333 si
557 2280 839 2335 haereticus
882 2289 995 2346 est,
1049 2282 1249 2349 judicio
1293 2291 1672 2348 cegnoscatur,
1716 2290 1774 2335 ut
1828 2296 1939 2335 non

344 2370 450 2422 sub
480 2368 734 2432 opinione
763 2369 1048 2421 otthudoxi
1083 2368 1278 2437 injuste
1316 2369 1523 2422 dicatur
1552 2384 1860 2437 oppressus.

415 2458 476 2513 Si
504 2460 702 2512 dixerit
731 2460 1020 2527 imperator
1052 2475 1067 2513 :
1100 2461 1233 2524 Quid
1265 2460 1460 2513 vultis?
1484 2460 1642 2512 tnudo
1670 2461 1829 2515 dicite
1869 2460 1935 2515 de

343 2550 552 2619 synodo
590 2548 1041 2612 Clialcedoneusi,
1085 2549 1277 2603 dicetls
1306 2549 1452 2603 etde
1501 2547 1738 2616 epistulis
1785 2562 1937 2617 papa:

344 2637 540 2692 Leonis
574 2655 592 2693 :
624 2640 760 2693 Ecce
793 2640 880 2708 qui
906 2640 993 2694 ille
1018 2651 1099 2693 est
1128 2640 1279 2693 istius
1302 2638 1460 2692 civita
1488 2641 1531 2691 is
1554 2639 1838 2707 episcopus
1865 2640 1931 2693 ad

344 2727 451 2780 ista
481 2731 771 2780 consentit.
824 2727 1271 2797 liespOudendmn
1312 2736 1396 2780 est
1427 2745 1439 2778 :
1469 2726 1523 2779 Si
1557 2727 1626 2778 ita
1674 2728 1930 2793 custodit,

342 2820 398 2874 in
421 2820 819 2873 examinatione
840 2834 1013 2874 causa:
1044 2820 1372 2889 eumjuvare
1406 2820 1523 2887 plus
1558 2829 1805 2887 p'tterunt
1835 2836 1848 2871 :
1879 2829 1933 2873 et

344 2908 473 2976 quia
499 2923 657 2962 servo
692 2921 871 2961 Vt‘Sll‘O
898 2908 1161 2962 Vitalianu
1210 2909 1468 2978 magiswo
1515 2909 1740 2969 militum
1773 2910 1930 2963 talem

342 3000 568 3053 dedistis
597 3001 888 3064 licentiam,
920 3008 976 3052 ut
1013 3001 1056 3054 si
1091 3015 1244 3068 spera
1277 3012 1329 3054 et
1358 3015 1387 3053 a
1438 2999 1485 3052 ba
1506 2999 1745 3053 stissimo
1773 3015 1929 3070 papa,

341 3102 401 3146 ut
434 3108 528 3157 pro
555 3094 731 3145 causis
759 3092 952 3145 tahbns
973 3093 1111 3160 apud
1143 3107 1264 3147 eum
1293 3092 1626 3147 disi-ussione
1650 3106 1824 3147 causa:
1849 3093 1931 3145 his

340 3182 614 3251 personis,
646 3182 837 3249 quibus
862 3183 930 3237 de
964 3183 1080 3235 loco
1106 3192 1281 3252 potest
1301 3196 1419 3236 esse
1451 3182 1696 3244 intentio,
1723 3180 1927 3250 integra

346 3271 605 3323 universa
632 3279 930 3323 serventur.
957 3270 1017 3325 Si
1045 3272 1336 3338 itnperazor
1361 3272 1555 3323 dixerit
1580 3286 1594 3323 :
1644 3271 1773 3326 Sine
1813 3273 1927 3339 epi-

340 3377 513 3429 scopo
539 3362 697 3415 debet
742 3376 861 3416 esse
888 3364 1073 3415 civitas
1105 3363 1257 3417 mea?
1284 3363 1399 3417 Hoc
1440 3362 1593 3416 vobis
1644 3364 1837 3431 placet,
1875 3373 1927 3418 ut

339 3451 428 3501 ubi
450 3464 549 3517 ego
574 3442 783 3513 maneo,
812 3453 1100 3515 episcopus
1127 3466 1229 3502 non
1281 3449 1388 3502 sit?
1426 3449 1877 3519 Respondendum
1912 3469 1925 3505 :

338 3538 498 3592 Primi
522 3540 694 3592 ximus
729 3538 953 3591 duarum
1006 3553 1352 3608 personarum
1402 3540 1751 3595 intentionem
1810 3556 1929 3596 esse

341 3629 398 3681 in
430 3630 531 3680 ista
566 3629 804 3681 civitate.
834 3628 983 3695 Quod
1027 3629 1091 3681 ad
1114 3645 1345 3684 canones
1373 3632 1629 3699 pertinet,
1657 3631 1766 3700 jam
1805 3644 1930 3690 ante

339 3719 704 3787 sugcssimus
733 3736 747 3773 :
777 3735 1010 3773 caricaes
1067 3722 1278 3775 solvere
1309 3760 1324 3784 ,
1369 3722 1734 3792 irreligionem
1776 3740 1927 3779 com-

340 3805 557 3860 mittere
583 3818 685 3859 est.
716 3806 878 3861 Multa
905 3815 1030 3860 sunt
1067 3808 1327 3870 remedia.
1360 3811 1522 3864 multa
1569 3812 1804 3875 inventa,
1833 3829 1929 3882 per

340 3896 645 3964 quaapietas
674 3908 845 3950 vestra
887 3898 1005 3951 sine
1035 3899 1412 3953 communione
1454 3915 1574 3954 esse
1603 3918 1706 3956 non
1737 3904 1925 3971 possit,

341 3995 396 4039 et
438 3986 644 4055 integra
685 3986 1008 4054 judicioium
1059 3987 1228 4041 forma
1279 4003 1540 4044 servetur.
1574 3993 1628 4046 Si
1683 3994 1923 4049 dixerit:

341 4076 474 4141 Quae
502 4084 626 4129 sunt
677 4077 775 4130 ista
831 4078 1104 4132 remedia?
1133 4078 1488 4147 Respondetis
1518 4098 1530 4133 :
1565 4083 1676 4136 Non
1716 4098 1746 4139 a
1774 4085 1929 4139 nobis

342 4164 553 4216 nov-iter
584 4166 789 4218 inventa
824 4165 1133 4234 :Snspensa
1158 4182 1315 4221 cau~a
1364 4169 1432 4223 de
1474 4172 1595 4224 aliis
1638 4173 1925 4243 episcopis,

345 4266 579 4320 persona
607 4268 727 4320 quae
763 4256 1032 4308 consentit
1058 4257 1383 4311 confessioni
1424 4260 1637 4329 pie‘atis
1660 4274 1847 4317 vestra:
1875 4272 1929 4318 et

342 4344 649 4397 constitutis
676 4345 820 4398 sedis
862 4349 1189 4413 HPOsIOIiCIB,
1236 4351 1447 4406 interim
1482 4369 1644 4421 usque
1670 4358 1733 4407 ad
1762 4372 1925 4410 even-

343 4438 455 4483 tum
512 4433 868 4500 coguitionis,
902 4442 1076 4489 teneat
1122 4435 1296 4491 locum
1351 4440 1925 4511 Constantinopolitani

348 4524 665 4587 sacerdotis,
693 4527 738 4580 si
791 4541 913 4581 cum
948 4527 1038 4582 Dei
1080 4529 1348 4596 adjutorio
1376 4533 1613 4601 episcoiii
1662 4538 1928 4592 volui-rint

344 4626 404 4665 se
460 4617 867 4671 accommodare
913 4620 1027 4672 sedi
1070 4622 1393 4688 apostolicw.
1450 4623 1668 4680 Habetis
1721 4640 1921 4684 textum

345 4702 506 4757 libelli
544 4709 592 4759 .‘n
635 4708 843 4762 scriniis
874 4708 1125 4765 Ecclesia:
1169 4713 1412 4779 editum,
1450 4716 1597 4783 juxta
1648 4734 1803 4787 quem
1834 4721 1923 4777 de-

344 4788 497 4842 beant
530 4794 789 4857 profiteri.

413 4885 469 4936 Si
502 4893 676 4938 tamen
699 4896 883 4940 contra
912 4890 1046 4944 alios
1086 4892 1363 4962 episeOpos
1390 4895 1683 4953 catholicos
1730 4900 1926 4958 fuerint

343 4972 480 5026 data:
534 4975 858 5044 petitiones,
894 4994 1217 5050 magnopere
1251 4996 1437 5039 contra
1488 4985 1626 5053 illos,
1660 4988 1749 5057 qui
1805 4992 1923 5047 sine

344 5062 665 5116 ve.-ecundia
712 5065 1203 5123 Chalcedonensem
1265 5074 1524 5140 synodum
1570 5077 1927 5132 anathemati-

343 5165 484 5220 sant,
515 5167 568 5210 et
596 5159 849 5226 epistulas
879 5174 983 5212 non
1025 5162 1288 5229 recipiunt
1310 5165 1475 5218 sancti
1532 5166 1723 5221 Leonis
1756 5184 1924 5237 papzc,

344 5244 625 5306 petitiones
655 5246 1155 5313 suscipite,causatn
1185 5261 1359 5306 tamen
1385 5254 1436 5307 in
1459 5255 1602 5309 sedis
1622 5261 1927 5325 apostolica:

345 5342 612 5385 reservate
637 5335 878 5400 judicio;
909 5348 965 5391 ut
1004 5348 1056 5393 et
1104 5355 1252 5408 spem
1282 5342 1350 5397 de
1389 5344 1654 5399 audientia
1688 5349 1845 5412 detis,
1874 5358 1929 5404 et

347 5428 519 5471 tamen
549 5421 698 5474 nobis
722 5423 898 5475 debita
950 5438 1254 5483 reservetur
1301 5434 1614 5487 auctoritas.
1649 5434 1703 5489 Si
1751 5446 1925 5492 tamen

344 5505 637 5574 imperator
688 5512 1069 5568 serenissimus
1120 5528 1287 5572 totum
1349 5535 1408 5574 se
1464 5525 1769 5590 promiserit
1808 5543 1928 5584 esse

346 5594 629 5663 fat-turum,
657 5608 859 5653 tantum
888 5612 945 5655 ut
971 5612 1206 5659 nestram
1256 5612 1596 5676 praesentiam
1626 5629 1929 5669 accommo-

344 5685 553 5753 deinns,
573 5689 745 5742 modis
765 5689 1013 5763 omnibus
1031 5694 1176 5761 prius
1197 5711 1224 5750 s
1244 5713 1400 5752 teram
1426 5700 1588 5764 ipsius
1607 5717 1700 5770 per
1720 5704 1925 5772 episco-

348 5793 440 5844 pos
462 5789 510 5831 et
546 5793 638 5846 per
666 5779 790 5846 (Ed.
821 5780 975 5836 llum.
995 5781 1072 5837 rel
1096 5784 1209 5856 per)
1239 5788 1516 5855 epistolam
1545 5802 1799 5858 vestiam,
1825 5806 1926 5847 uno

2055 588 2138 642 nis
2167 606 2300 659 quas
2328 593 2619 661 imperator
2643 595 2975 666 deputaverit
3001 601 3303 661 destinate:
3328 616 3385 661 ut
3416 588 3494 663 sic
3515 626 3636 667 eum

2052 690 2273 733 servare
2337 679 2776 737 Chalcedonense
2842 688 3124 743 concilium
3175 702 3229 745 et
3275 695 3528 760 epistolas
3575 699 3634 754 S.

2055 767 2248 823 Leonis
2281 784 2429 838 papae
2480 775 2731 827 omnibus
2748 776 3077 833 innutescat.
3109 782 3312 847 Quibus
3341 784 3412 839 ita
3459 803 3636 854 proce-

2051 858 2325 921 dentibus,
2352 860 2415 912 ad
2446 876 2540 914 nos
2566 864 2616 915 in
2635 861 2831 919 Christi
2853 867 3031 936 signo,
3054 883 3108 922 ut
3135 872 3418 926 adventum
3442 891 3634 942 procu-

2049 958 2249 1011 remus,
2280 960 2319 998 st
2339 948 2472 1015 ripta
2496 948 2726 1020 dirigite.

2119 1032 2268 1088 [δι-εει
2295 1051 2384 1089 rea
2413 1047 2497 1090 est
2553 1042 2885 1096 consuetudo
2915 1060 3010 1114 per
3032 1047 3337 1118 episcopum
3365 1050 3629 1106 Constan-

2049 1122 2458 1192 tinopolitanum
2491 1144 2681 1185 omnes
2730 1131 3045 1199 imperatori
3074 1139 3353 1209 episcopos
3395 1157 3626 1210 praesen-

2049 1210 2146 1263 tari
2181 1228 2195 1264 :
2228 1216 2271 1265 si
2333 1214 2432 1268 hoc
2488 1216 2699 1270 illorum
2752 1220 2985 1276 callidus
3030 1234 3283 1280 tractatus
3337 1228 3622 1296 invenerit,

2045 1304 2337 1358 volentium
2386 1306 2608 1361 formam
2666 1310 2946 1379 legationis
3003 1329 3333 1383 agnoscere,
3388 1330 3442 1373 ut
3500 1336 3622 1376 cum

2045 1390 2349 1459 Timetheo,
2392 1396 2483 1465 qtti
2540 1398 2698 1452 modo
2730 1400 2940 1454 videtur
2981 1401 3619 1473 ConStantinOpolitanam

2040 1482 2340 1548 gubernare
2368 1483 2693 1552 Ecclesiam,
2720 1490 3095 1555 imperatorem
3117 1494 3361 1559 videatis;
3389 1498 3465 1549 sic
3494 1497 3620 1550 facie

2042 1577 2114 1633 te,
2156 1578 2212 1622 ut
2255 1570 2299 1623 si
2341 1582 2465 1625 ante
2511 1575 2864 1643 agnoveritis,
2923 1592 3082 1646 quam
3128 1581 3198 1633 ad
3244 1583 3619 1650 imperatorem

2041 1658 2436 1727 ingrediamini,
2472 1662 2571 1715 ista
2600 1664 2806 1733 disponi
2852 1682 2944 1734 per
2971 1668 3197 1738 aliquos,
3229 1674 3451 1727 needmn
3486 1689 3619 1739 prte-

2038 1748 2237 1801 St‘lllali
2263 1789 2277 1812 ,
2309 1750 2468 1805 dicite
2502 1769 2514 1802 :
2546 1752 2793 1807 Mandata
2834 1756 2956 1809 talia
3003 1761 3155 1813 nobis
3191 1762 3335 1815 dedit
3384 1773 3440 1815 et
3484 1775 3616 1831 prse-

2040 1944 2156 1982 rum
2181 1944 2411 1983 veStram
2437 1932 2781 1987 clementiam
2827 1936 3123 1993 videamus.
3171 1941 3308 2007 Ergo
3333 1943 3495 2010 agite,
3524 1941 3618 1995 do-

2038 2030 2134 2069 net,-
2156 2032 2214 2070 se
2243 2016 2309 2069 ab
2329 2016 2429 2072 hac
2459 2022 2845 2076 consuetudine
2873 2024 2986 2089 ipse
3012 2028 3316 2081 removi-rit.

2109 2105 2259 2172 Quod
2284 2106 2329 2159 si
2360 2108 2583 2160 Omnino
2611 2109 2862 2176 noluerit,
2886 2122 2976 2165 aut
2995 2114 3038 2167 si
3064 2115 3298 2181 captiose
3337 2114 3619 2184 contigerit

2037 2203 2093 2247 ιιι
2116 2204 2241 2249 ante
2283 2196 2666 2263 imperatorem
2701 2201 2973 2269 inopinate
3006 2202 3339 2259 Timotheum
3372 2204 3618 2267 videatis,

2038 2280 2106 2334 ita
2137 2283 2409 2351 suggerite
2444 2301 2457 2337 :
2493 2285 2771 2352 Prwcipiat
2793 2289 2963 2355 pietas
2984 2302 3158 2344 vestra
3189 2293 3344 2345 nobis
3381 2293 3509 2346 dare
3534 2307 3617 2347 se-

2035 2381 2261 2430 cretum.
2294 2381 2349 2425 tit
2377 2386 2565 2427 Causas
2609 2390 2704 2440 pro
2746 2376 2937 2443 quibus
2966 2378 3114 2430 missi
3151 2393 3358 2440 sumus,
3386 2394 3616 2445 expona-

2036 2472 2174 2511 mus.
2205 2458 2259 2513 Si
2282 2458 2474 2512 dixerit
2505 2476 2518 2511 :
2548 2459 2879 2523 Dicite,ect-e
2893 2480 2960 2515 an
2986 2479 3016 2517 e
3035 2464 3233 2530 ipsum,
3253 2466 3616 2532 respontletis:

2033 2546 2148 2599 Non
2183 2548 2434 2613 injuriam
2468 2548 2692 2602 facimus
2717 2567 2735 2603 :
2758 2549 2849 2603 sed
2880 2551 3023 2619 quod
3056 2552 3120 2605 ad
3148 2566 3337 2605 causas
3368 2552 3614 2620 pertinet,

2034 2635 2193 2686 etiam
2241 2633 2407 2701 ipsius
2451 2636 2696 2699 continet
2740 2636 2934 2705 legatio
2982 2649 3164 2691 nostra
3213 2653 3516 2707 personam,
3566 2647 3615 2693 et

2034 2721 2468 2790 suggestiunibus
2501 2724 2701 2777 nostris
2751 2738 2983 2787 praesens
3038 2739 3155 2778 esse
3189 2742 3293 2778 non
3328 2734 3523 2796 potest.
3555 2725 3616 2779 Et

2035 2811 2174 2864 nulli
2204 2812 2415 2865 ratione
2435 2828 2499 2863 eo
2526 2822 2791 2879 praesente
2819 2812 3017 2880 aliquid
3041 2814 3303 2880 :illegetis,
3329 2813 3425 2868 sed
3447 2828 3616 2882 egres-

2032 2914 2113 2962 so,
2146 2899 2500 2968 delegationis
2534 2908 2730 2954 textam
2788 2903 3011 2954 exerite.
3045 2900 3307 2954 Hactenus
3334 2900 3613 2965 iudtculus,

2032 2991 2136 3043 sire
2160 2993 2298 3056 quod
2319 2992 2497 3043 dicunt
2522 2992 2967 3044 commonitorium
2997 3007 3012 3045 :
3045 3002 3321 3061 sequuntur
3369 3002 3479 3057 post
3501 3007 3615 3044 eum

2035 3082 2338 3135 assertiones
2361 3082 2679 3150 singularum
2709 3097 2998 3145 causarum,
3028 3083 3078 3134 in
3100 3082 3235 3134 hunc
3257 3086 3482 3136 modum.

2364 3170 2606 3238 Capitula
2634 3172 2950 3241 singularum
2986 3188 3277 3226 causarum.

2112 3263 2175 3320 Ut
2202 3263 2438 3335 synodus
2488 3263 2938 3318 Cha'cedonensis
2967 3275 3017 3318 et
3046 3265 3286 3331 epistola:
3314 3265 3371 3319 S.
3421 3264 3616 3320 Leonis

2033 3370 2182 3424 papze
2238 3363 2541 3409 serventur.
2600 3354 2775 3422 thue
2829 3354 3284 3408 ciententissimus
3326 3353 3615 3420 imperator

2033 3446 2378 3499 consentiens
2408 3444 2599 3499 debeat
2643 3446 2855 3513 pietatis
2907 3460 3021 3499 suae
3067 3459 3219 3498 sacra
3248 3446 3517 3512 generalia
3548 3445 3615 3500 ad

2030 3535 2311 3590 universos
2336 3536 2612 3601 episcoiios
2652 3535 2959 3603 destinare,
3014 3535 3066 3589 in
3109 3536 3301 3605 quibus
3343 3536 3614 3604 signiﬁcet

2031 3626 2287 3695 praedicta
2316 3640 2374 3677 se
2403 3633 2457 3678 et
2477 3624 2698 3680 credere
2724 3633 2778 3679 et
2810 3627 3100 3684 vindicare.

2100 3716 2508 3771 Consentientes
2553 3718 2712 3769 etiam
2768 3718 3028 3784 episcopi,
3062 3720 3112 3769 in
3173 3717 3435 3783 Ecclesia,
3481 3732 3614 3785 prm-

2028 3814 2180 3858 sente
2235 3806 2388 3872 plebe
2443 3804 2790 3866 Christiana,
2845 3808 2958 3859 hate
3001 3807 3290 3872 prtedieare
3342 3808 3612 3863 debeant:

2029 3895 2294 3963 Amplecti
2326 3910 2386 3950 se
2412 3906 2651 3948 sanctam
2685 3896 2844 3950 tidem
2875 3896 3397 3961 Chalcedonensem,
3420 3908 3476 3952 et
3504 3900 3614 3967 cp-

2028 3986 2195 4039 stolas
2218 3985 2274 4040 S.
2306 3986 2501 4039 Leonis
2526 4001 2697 4054 papze.
2724 4001 2857 4056 quas
2878 3986 3082 4055 scripsit
3115 4002 3298 4041 con'ra
3334 3987 3614 4042 hmreticos

2029 4076 2330 4130 Nestorium
2362 4086 2415 4130 et
2444 4075 2792 4146 Eutychetem
2824 4086 2877 4132 et
2924 4078 3255 4146 Dioscorum,
3287 4080 3379 4132 sed
3412 4089 3464 4132 et
3490 4094 3614 4135 cons

2031 4175 2110 4219 tra
2142 4181 2397 4234 sequaces
2443 4181 2652 4231 eorum,
2682 4167 3020 4221 Timotheum
3075 4168 3344 4232 E'nrum,
3376 4169 3610 4232 Petrum,

2031 4249 2116 4302 vel
2147 4262 2331 4303 contra
2357 4265 2449 4302 eos
2491 4250 2580 4317 qui
2630 4250 2681 4302 in
2718 4251 2828 4318 ipsa
2884 4267 3042 4304 causa
3078 4262 3327 4305 tenentur
3373 4253 3611 4317 olmoxii,

2031 4338 2188 4393 simul
2218 4339 2378 4393 etiam
2408 4347 2462 4391 et
2490 4338 2765 4402 Acacium,
2792 4341 2880 4406 qui
2925 4342 3191 4408 quondam
3239 4339 3612 4393 Conatantino.

2033 4430 2191 4497 polita
2233 4444 2276 4479 at
2308 4427 2562 4481 Ecclesia:
2584 4428 2678 4480 fuit
2701 4428 3004 4495 episcopus,
3027 4431 3118 4480 Sed
3137 4438 3191 4481 et
3214 4428 3424 4480 Petrum
3452 4430 3612 4481 etiam

2033 4520 2427 4574 Antiochenam
2478 4520 2989 4574 anathematizantt‘s
3042 4534 3162 4572 cum
3214 4518 3375 4571 sociis
3404 4532 3609 4572 eorum.

1958 4575 2005 4633 υ
2036 4611 2162 4666 lla-e
2186 4626 2344 4664 manu
2365 4611 2599 4678 propria,
2631 4610 2978 4677 praesentibus
2999 4609 3187 4664 electis
3217 4608 3611 4661 venorahilihus

2033 4702 2179 4766 viris,
2211 4700 2536 4762 scribentes,
2582 4701 2779 4755 faciant
2818 4701 3112 4755 secundum
3172 4709 3372 4754 textum
3423 4700 3611 4767 libelli,

2031 4806 2187 4861 quem
2211 4806 2307 4860 per
2335 4792 2597 4844 notarium
2630 4801 2869 4845 nostrum
2897 4790 3181 4844 edidimus.

2102 4882 2158 4934 In
2190 4880 2433 4936 exsilium
2464 4880 2775 4950 deportatos
2824 4898 2918 4952 pro
2956 4895 3114 4935 causa
3155 4881 3522 4937 ecclesiastica
3547 4884 3612 4940 ad

2030 4971 2356 5025 audientiam
2384 4972 2527 5027 sedis
2555 4972 2860 5037 apostolica:
2886 4973 3231 5037 revivcandos,
3258 4981 3316 5027 ut
3352 4973 3612 5043 judicium

2031 5072 2086 5117 et
2111 5078 2237 5117 vera
2265 5065 2589 5117 examinatio
2613 5064 2683 5117 de
2707 5064 2786 5117 his
2810 5066 2975 5133 possit
3007 5064 3189 5119 haberi
3222 5082 3234 5117 :
3267 5064 3336 5120 ita
3367 5074 3423 5120 ut
3452 5081 3612 5121 causa

2030 5170 2214 5210 eorum
2243 5157 2584 5225 inquisitione
2605 5158 2807 5225 integre
2836 5168 3159 5212 reservetur.

2101 5246 2156 5301 Si
2175 5247 2266 5316 qui
2298 5262 2425 5301 vero
2445 5261 2610 5301 saera:
2635 5247 2750 5301 sedi
2799 5247 3103 5314 apostolica:
3129 5249 3606 5312 communicantes,

2030 5337 2348 5392 catholicam
2376 5337 2532 5391 fidem
2564 5336 2912 5404 praedicantes
2956 5350 3115 5410 atque
3144 5348 3426 5410 sequentes
3447 5339 3607 5406 fugati

2030 5436 2174 5494 sunt,
2200 5430 2279 5482 vel
2313 5430 2365 5481 itt
2418 5428 2609 5484 exsilio
2655 5429 2975 5498 detinentur,
3011 5432 3108 5486 hos
3134 5431 3332 5500 justum
3361 5439 3442 5483 est
3484 5437 3606 5482 ante

2031 5519 2212 5572 omnia
2231 5519 2488 5573 revocari.

2101 5609 2366 5663 Prteterea
2386 5626 2505 5680 qua:
2526 5611 2712 5680 legatis
2756 5613 2895 5668 inter
2924 5613 3118 5679 reliqua
3170 5610 3517 5682 injunximtts,
3549 5619 3603 5663 ut

2032 5701 2074 5755 si
2099 5702 2379 5770 contigerit
2427 5701 2631 5757 libellos
2662 5704 2857 5773 porrigi
2914 5703 3167 5755 adversus
3210 5701 3487 5770 episcopos
3513 5703 3602 5771 qui

2038 5793 2298 5860 persecuti
2325 5802 2446 5848 sunt
2477 5794 2792 5860 catholicos,
2824 5794 2891 5849 de
2924 5792 3003 5847 his
3042 5793 3295 5862 iudicium
3328 5790 3438 5846 διοόί
3468 5807 3601 5863 apo-
