4262 6264
659 416 762 471 579

648 528 863 583 stolica:
916 538 1238 593 reservetur,
1268 538 1323 583 ut
1361 530 1501 583 circa
1549 542 1642 583 eos
1676 530 2101 584 venerandorum
2136 532 2234 584 Pa-

658 627 794 671 trum
822 620 1030 687 possint
1058 621 1347 673 constituta
1398 619 1623 685 servari,
1656 635 1750 688 per
1788 636 1906 689 qua:
1954 621 2234 675 aediﬁcatio

655 710 983 777 generalitati
1010 709 1299 777 proveniat.

1233 800 1561 855 EPISTULA
1602 801 1664 854 V.

854 904 921 941 AD
961 904 1281 945 ANASTASIUM
1321 908 1692 945 ΙΜΡΕῐῑηὶτιὶῐιεὶΙ
1735 906 2025 945 AUGUSTUM.

654 975 858 1030 Nat-um
881 997 984 1031 esse
1035 980 1321 1033 Romanum
1362 984 1652 1050 pontiﬁcem
1696 983 1759 1035 ab
1800 984 2108 1048 imperatore
2162 984 2230 1032 ad

695 1111 699 1115 .
725 1068 997 1120 concilium
1026 1070 1218 1135 vocari,
1252 1086 1303 1123 se
1329 1080 1495 1124 tamen
1526 1073 1734 1134 iturum,
1760 1073 1804 1124 si
1849 1071 2227 1124 Chalcedonen-

654 1180 657 1181 ν
723 1156 791 1208 sis
812 1158 1013 1210 concilii
1041 1158 1236 1211 decreta
1257 1177 1355 1211 non
1380 1172 1666 1212 revocentur
1692 1163 1742 1213 in
1783 1161 2008 1214 dubium.

725 1244 1001 1299 llormisda
1032 1247 1311 1315 episcopus
1343 1250 1621 1301 Anastasio
1650 1252 1905 1314 Augusto.

724 1331 864 1385 Bene
882 1343 1040 1401 atque
1072 1334 1273 1388 utiliter
1300 1338 1562 1390 serenitas
1585 1345 1758 1390 vestra
1806 1351 1987 1389 curam
2023 1336 2226 1404 princi-

650 1422 785 1491 palis
808 1424 1086 1487 acuminis,
1123 1441 1227 1477 non
1250 1435 1448 1479 tantum
1498 1429 1547 1479 in
1597 1427 2016 1480 administrando
2044 1428 2226 1494 reipu-

649 1513 801 1567 blic-te
835 1524 1048 1568 exercet
1093 1515 1289 1580 cilicio,
1321 1516 1414 1569 sed
1471 1517 1780 1570 melioribus
1810 1533 1926 1570 eam
1981 1517 2226 1572 nobilitat

649 1605 922 1668 institutis,
954 1613 1007 1658 et
1029 1621 1122 1673 per
1145 1621 1324 1659 curam
1349 1606 1773 1675 rediutegrandaa
1805 1610 2023 1663 unitatis
2044 1622 2224 1665 aucto-

648 1710 758 1747 rem
786 1697 1070 1749 venerandi
1117 1698 1285 1764 placat
1324 1699 1546 1766 imperii.
1606 1700 1748 1753 Certi
1803 1712 1923 1755 sunt
1972 1704 2112 1757 enim
2156 1706 2223 1759 de

648 1784 811 1838 tutela
843 1794 1118 1853 regnante,
1151 1788 1193 1838 si
1218 1787 1323 1841 ulla
1366 1787 1551 1841 iisdem
1584 1790 1989 1857 praesidentibus
2039 1793 2224 1850 Eccle-

646 1878 741 1930 site
767 1879 981 1931 castitas
1009 1882 1308 1947 importuna
1360 1881 1550 1934 diaboli
1579 1882 1957 1937 commixtione
1987 1887 2222 1941 macule-

646 1980 751 2025 tur.
784 1970 933 2024 Unde
974 1973 1112 2023 enim
1142 1983 1312 2040 potest
1356 1973 1489 2038 ﬁeri,
1516 1982 1573 2026 ut
1620 1974 1811 2028 nitidas
1853 1990 1947 2042 pro
1975 1977 2226 2047 principi-

648 2058 745 2111 bus
773 2060 835 2111 ad
871 2059 1033 2113 Deum
1066 2071 1303 2115 nostrum
1340 2076 1523 2129 preces
1549 2063 1761 2131 dirigat,
1790 2065 1831 2116 si
1870 2066 1938 2118 sit
1965 2065 2226 2122 lethalter

626 2149 873 2216 ,popuius
924 2150 1138 2218 perﬁdia
1187 2153 1501 2218 corruptus?
1548 2153 1677 2207 Nam
1732 2155 1869 2207 sicut
1920 2165 2041 2211 ante
2088 2157 2223 2212 hoaa

643 2244 820 2293 omnia
845 2254 925 2296 est
951 2244 1180 2311 perfecm
1217 2246 1363 2312 juxta
1409 2246 1573 2300 Deum
1604 2246 1656 2300 in
1703 2246 2112 2314 imperatoribus
2141 2265 2224 2303 sa-

644 2333 861 2401 pientia,
895 2336 960 2387 ita
988 2335 1053 2387 de
1106 2338 1339 2389 sacrario
1371 2337 1684 2390 mundorum
1716 2348 1987 2407 pectorum
2018 2356 2112 2408 pro
2142 2343 2222 2395 his

642 2426 960 2492 supplicat'o
982 2424 1137 2480 debet
1159 2435 1213 2480 et
1255 2427 1394 2481 ﬁdeli
1435 2428 1730 2482 animarum
1760 2431 2000 2485 ubertate
2032 2448 2219 2500 proce-

645 2511 794 2566 dere.
827 2514 980 2567 Nulla
1015 2514 1188 2580 vobis,
1222 2516 1601 2572 sublimissimo
1655 2519 1891 2583 domine,
1926 2523 2222 2590 triumpho-

640 2615 756 2655 rum
785 2605 1002 2659 materia
1028 2606 1220 2673 poterit
1268 2622 1386 2662 esse
1411 2608 1714 2678 jucundior,
1756 2627 1913 2682 quam
1944 2614 2010 2669 de
2038 2616 2218 2686 subju-

641 2692 854 2760 gatioue
888 2696 1143 2761 perﬁdiae.
1672 2704 1677 2707 ’

707 2783 821 2838 lloc
877 2786 1037 2839 etiam
1094 2788 1444 2857 ﬁducialiter,
1496 2801 1550 2846 et
1605 2808 1699 2862 pro
1747 2797 2015 2851 commissi
2066 2798 2217 2852 nobis

637 2871 796 2928 ofﬁcii
846 2878 1190 2945 praerogativa
1247 2881 1613 2949 suggerimus;
1664 2885 1786 2952 quia
1830 2902 1991 2952 prope
2041 2896 2218 2941 estut

635 2980 788 3019 suum
833 2968 1173 3036 splendorem
1206 2973 1380 3028 aliena
1428 2978 1660 3044 patiatur
1700 2978 1839 3034 nube
1886 2980 2214 3053 l'nscari,qui

633 3070 752 3110 eum
787 3058 894 3114 Deo
917 3060 1182 3116 tribuente
1210 3078 1460 3119 amovere
1491 3067 1677 3132 possit,
1725 3067 1776 3120 in
1818 3069 2040 3123 subditis
2068 3079 2214 3125 tene-

631 3146 754 3201 bras
794 3165 1009 3206 manere
1037 3155 1297 3222 permittit
1327 3172 1591 3211 errorum.
1625 3158 1765 3229 Ergo
1794 3162 1915 3229 quia
1965 3176 2210 3216 mansue-

636 3239 764 3294 tudo
788 3244 1204 3298 vcstratuturam
1256 3247 1517 3316 synodum
1572 3250 1786 3319 scriptis
1837 3253 2206 3308 sacratissimis

632 3329 845 3394 indixit,
878 3333 958 3385 cui
985 3347 1080 3386 nos
1108 3335 1368 3390 interesse
1391 3336 1589 3392 debere
1618 3339 1803 3394 iisdem
1840 3344 2041 3410 paginis
2075 3346 2203 3411 Deo,

630 3427 689 3471 ut
711 3419 999 3482 credimus,
1035 3422 1134 3475 sibi
1165 3424 1459 3492 imperante
1488 3431 1837 3493 commonuit,
1888 3433 2201 3500 gaudemus,

628 3505 858 3561 scientes
889 3510 1131 3574 quoniam
1164 3512 1489 3569 directarum
1515 3520 1773 3572 mentium
1799 3531 1904 3587 est,
1925 3525 2206 3577 venerabi-

627 3593 694 3648 lis
719 3595 967 3651 Ecclesia:
992 3602 1267 3668 magistros
1314 3615 1582 3671 expetere.
1618 3608 1728 3663 Soli
1755 3611 1895 3664 enim
1933 3611 2205 3668 declinant

626 3698 850 3740 examen
871 3691 1233 3756 conscientiae,
1260 3696 1349 3763 qui
1376 3698 1497 3750 vita:
1528 3710 1654 3755 sunt
1694 3717 1797 3755 non
1856 3705 2199 3763 continentis.

625 3774 754 3833 Nam
788 3787 841 3830 et
872 3778 1061 3833 feriato
1079 3798 1171 3837 ore
1197 3785 1531 3853 splendorem
1559 3790 1709 3845 home
1729 3793 2011 3848 voluntatis
2037 3812 2202 3851 enun-

625 3864 739 3930 tiat,
768 3868 854 3933 qui
888 3885 983 3937 per
1012 3875 1357 3938 apostolicam
1410 3878 1912 3951 immaculatamque
1960 3885 2115 3940 ﬁdern
2148 3897 2202 3943 et

623 3969 719 4023 per
775 3970 1141 4026 competentes
1207 3967 1585 4032 prtedicatores
1650 3983 1741 4026 aut
1793 3976 2097 4030 conﬁrmari
2141 3993 2198 4032 se

622 4059 789 4118 optat,
816 4061 904 4105 aut
934 4055 1147 4124 corrigi.
1182 4057 1559 4115 Verumtamen
1621 4064 1737 4117 licet
1771 4068 1822 4119 in
1866 4068 1948 4123 his
1996 4071 2195 4126 nullum

622 4141 798 4193 sreculi
833 4144 1180 4209 praecedentis
1206 4148 1396 4201 existat
1417 4157 1743 4223 exemplum,
1770 4171 1943 4227 neque
1969 4161 2196 4216 senioris

623 4232 741 4285 iacti
776 4234 1004 4302 qualitas
1038 4246 1129 4292 aut
1154 4242 1435 4296 commissa
1490 4244 1658 4311 libris,
1688 4256 1779 4301 aut
1816 4253 2092 4306 memoriis
2118 4255 2197 4309 in-

619 4331 761 4377 serta
794 4332 1067 4392 teneatur;
1103 4329 1233 4383 nihil
1261 4332 1325 4385 ad
1371 4349 1488 4399 nos,
1524 4337 1714 4405 quibus
1745 4340 1899 4396 dulce
1927 4354 2007 4398 est
2035 4346 2194 4401 bene—

620 4416 739 4468 licio
763 4415 874 4480 Dei,
907 4419 1100 4485 pietate
1132 4432 1306 4476 vestra
1355 4424 1635 4492 invitante,
1662 4430 1919 4488 inchoare
1953 4437 2190 4504 meliora,

617 4516 670 4557 et
702 4504 802 4559 hoc
829 4509 972 4574 quod
1024 4525 1128 4565 non
1163 4515 1467 4582 accepimus
1513 4532 1542 4570 a
1576 4524 1879 4587 parentibus
1910 4535 2013 4579 tam
2060 4530 2188 4583 clari

615 4599 789 4661 ορατ-ῆς
811 4598 1107 4654 institutum
1127 4605 1279 4658 nobis
1303 4607 1432 4672 ipsis
1452 4610 1746 4677 imponere;
1771 4618 1890 4682 quia
1909 4627 2073 4672 totum
2093 4638 2189 4687 pro

614 4688 1073 4758 redintegratione
1117 4696 1238 4750 tidei
1296 4707 1350 4752 et
1390 4698 1749 4758 Ecclesiarum
1811 4722 1938 4775 pace
1987 4706 2183 4777 facere,

612 4777 838 4834 libenter
863 4784 1235 4850 amplectimur
1264 4805 1275 4839 :
1305 4789 1349 4843 si
1382 4801 1554 4846 tamen
1594 4797 1852 4863 majorum
1882 4809 2182 4855 no~trorum

611 4866 878 4937 difﬁnitio,
930 4882 983 4927 et
1016 4887 1322 4934 sanctorum
1373 4881 1586 4938 Patrum
1642 4888 1695 4940 in
1752 4890 1863 4942 suis
1917 4893 2184 4949 radicibus

611 4957 925 5014 inconcussa
962 4980 1268 5030 permaneat
1292 4989 1305 5026 :
1330 4974 1372 5028 si
1399 4976 1879 5034 anathematizetur
1906 4983 2183 5041 Ne~torius

610 5062 726 5098 cum
745 5050 1085 5118 participibus
1101 5059 1230 5123 suis,
1252 5062 1617 5127 quievaeuans
1637 5066 1831 5123 divinae
1851 5086 2182 5129 sacramenta

608 5142 829 5196 natura},
858 5136 1062 5193 beatam
1096 5145 1351 5214 virginem
1377 5150 1592 5207 Mariam
1619 5154 1743 5207 nudi
1777 5157 2004 5213 hominis
2032 5177 2182 5216 men-

606 5233 731 5277 t.tur
752 5242 870 5281 esse
896 5232 1246 5303 genitricem;
1284 5240 1482 5295 obltus
1524 5245 1779 5313 angelica:
1822 5252 2181 5306 annuntiatio-

604 5327 706 5377 ns,
752 5330 845 5383 per
883 5334 1040 5387 quam
1099 5326 1299 5380 mundo
1349 5331 1595 5398 inuoluit,
1645 5336 1766 5403 quia
1820 5340 1960 5405 quod
2005 5355 2067 5395 ex
2114 5359 2177 5399 ea

606 5415 910 5461 nasceretur
960 5415 1251 5469 vocandum
1308 5431 1451 5476 esset
1521 5439 1651 5479 sane
1680 5444 1786 5494 um,
1850 5430 2015 5487 Filius
2059 5435 2171 5490 Dei.

605 5491 849 5553 Facessat
880 5501 1158 5570 impiorum
1193 5517 1297 5561 tam
1328 5517 1708 5568 contumeliosa
1741 5520 1789 5572 in
1824 5520 1929 5575 Deis
1960 5523 2177 5580 honori—

603 5586 809 5644 licentia
841 5609 854 5645 :
907 5599 1155 5662 quoniam
1197 5602 1276 5654 sic
1307 5612 1387 5656 est
1430 5603 1482 5657 in
1516 5614 1666 5661 utero
1697 5611 1915 5679 virginis
1958 5626 2173 5684 operata

602 5680 873 5748 divinitas,
894 5699 1036 5745 utex
1068 5709 1129 5749 ea
1160 5698 1332 5753 unitas
1374 5700 1441 5753 ibi
1474 5705 1787 5768 procederet
1832 5711 2027 5777 carnis,
2060 5714 2173 5766 ani-

603 5782 809 5841 mmque
850 5776 1131 5853 humanae;
1164 5788 1399 5845 incrcata
1429 5792 1665 5864 quidem,
1687 5798 1778 5852 sed
1811 5816 1913 5856 non
1951 5803 2168 5859 contusa

1884 414 1887 419 ’
1954 415 2324 473 ΙΙΟΙὶΜΙδΟΑΞ
2366 416 2563 473 ΡΑΡᾹΞ

3803 450 3905 507 380

2264 536 2305 588 Α
2338 557 2673 613 connexione
2702 561 3014 618 substantiae
3039 581 3051 628 ;
3081 575 3133 620 et
3154 569 3198 621 si
3228 568 3298 622 in-
3321 571 3562 643 utrisque
3586 582 3786 636 naturis
3812 600 3909 654 pro

2338 655 2535 700 nostrm
2574 650 2954 717 redemptionis
2990 655 3274 713 dilectione
3305 661 3497 718 Christi
3537 668 3662 724 Jesu
3701 650 3908 734 Domini

2336 742 2505 791 nostri
2555 755 2783 805 persona
2842 758 2944 796 una
2995 758 3096 803 est.
3159 751 3456 807 mdiﬁcante
3513 765 3905 827 mysterio......

2335 828 2676 881 restitutione
2699 841 2927 886 mortem
2952 835 3135 891 subire
3159 842 3416 907 potuisset
3455 860 3772 911 naturze...”
3805 860 3910 913 fra-

2333 916 2586 983 gilitatem
2618 920 2852 975 caelestis
2883 922 3088 993 imperii
3145 930 3367 985 valuerit
3401 936 3592 992 virtute
3633 958 3905 1014 reparare,

2334 1006 2421 1060 vel
2462 1008 2530 1060 ita
2578 1025 2672 1078 pro
2715 1012 2913 1069 unitate
2943 1032 3182 1082 persona:
3227 1032 3281 1076 et
3312 1025 3561 1085 Dominus
3615 1006 3908 1103 majestatis

2331 1098 2638 1166 crucifixus,
2666 1110 2717 1155 et
2746 1102 2912 1157 Filius
2941 1105 3169 1163 hominis
3197 1114 3443 1169 credatur
3475 1098 3813 1182 descendisse
3840 1130 3908 1185 de

2331 1188 2488 1241 ctelo.
2514 1188 2825 1260 Eutychetis
2854 1212 3063 1267 quoque
3086 1201 3377 1271 ignorantia
3412 1209 3707 1269 divinorum
3741 1219 3907 1276 Lono-

2330 1293 2448 1331 rum
2474 1281 2733 1349 omnium,
2761 1294 2814 1338 et
2844 1287 2957 1355 ipso
2983 1304 3100 1343 cum
3124 1295 3282 1347 scciis
3311 1296 3623 1355 detestando
3674 1307 3783 1371 jam
3810 1325 3905 1364 no-

2331 1370 2473 1423 mine
2515 1371 2793 1429 abdicetur
2842 1378 3141 1447 hebetudo,
3186 1387 3274 1453 qui
3324 1387 3486 1443 Deum
3530 1402 3583 1446 et
3624 1370 3905 1457 Dominum

2332 1470 2575 1515 nostrum
2608 1463 2788 1519 Jesum
2812 1469 3081 1525 Christum
3106 1476 3324 1544 ﬁguram
3375 1488 3578 1539 tantum
3608 1492 3781 1543 carnis
3812 1492 3908 1546 ha-

2328 1549 2507 1607 buisse
2534 1563 2755 1609 testatus
2781 1569 2880 1625 est,
2914 1572 2965 1614 et
2998 1575 3191 1619 nostra:
3217 1571 3492 1626 veritatem
3524 1591 3624 1629 non
3655 1579 3904 1638 habuisse

2326 1641 2670 1710 substantiae,
2720 1649 2961 1704 nesciens
2999 1652 3064 1707 de
3118 1671 3222 1717 quo
3272 1663 3588 1726 promissum
3636 1669 3749 1722 sit:
3782 1674 3905 1739 quia

2326 1732 2583 1787 videbunt
2634 1750 3005 1802 persecutores
3058 1744 3172 1811 ejus
3213 1748 3263 1800 in
3306 1766 3460 1817 quem
3518 1762 3903 1825 pugna'verunt.

2330 1821 2401 1874 lta
2424 1825 2563 1876 enim
2592 1825 2643 1877 in
2669 1842 2769 1880 una
2803 1829 3094 1900 eademque
3137 1850 3359 1902 persona
3408 1821 3638 1906 persistit
3681 1860 3903 1921 utraque

2331 1924 2612 1979 natura,ut
2658 1918 2796 1972 Deus
2834 1934 2992 1990 atque
3040 1924 3197 1981 homo
3228 1945 3364 1985 unus
3412 1934 3501 1987 Dei
3556 1936 3718 1995 Filius
3746 1918 3901 2000 Jesus

2327 2004 2567 2060 Christus
2598 2008 2831 2064 ﬁdelium
2872 2015 3121 2071 cordibus
3150 2034 3388 2089 apparet.
3431 2028 3563 2093 Quid
3602 2034 3741 2087 enim
3771 2054 3900 2103 qna-

2325 2095 2565 2163 dragiuta
2609 2099 2812 2155 dierum
2857 2114 2975 2171 post
3026 2114 3467 2169 resurrectionem
3524 2119 3725 2174 Domini
3775 2140 3896 2179 cum

2327 2187 2629 2244 hominibus
2655 2195 2983 2251 conviventis
3000 2207 3429 2260 etconvescentis
3450 2211 3559 2277 egit
3584 2219 3899 2278 prmsentia?

2323 2279 2433 2334 Nisi
2462 2283 2511 2334 in
2536 2283 2650 2336 i5tis
2680 2288 2904 2355 negotiis
2933 2289 3166 2354 illorum.
3193 2296 3280 2363 qui
3311 2300 3585 2354 veritatem
3611 2306 3785 2359 carnis
3806 2323 3897 2363 ηρ-

2322 2373 2496 2440 gaturi
2522 2385 2695 2440 erant,
2716 2379 2977 2433 seniorem
3012 2382 3206 2438 faceret
3231 2398 3440 2443 aetatem
3468 2394 3756 2449 curationis
3777 2413 3895 2453 csse

2323 2478 2477 2529 quam
2508 2465 2764 2522 vulneris.
2813 2469 2901 2523 Sic
2929 2474 3068 2526 enim
3120 2475 3251 2529 dixit
3280 2478 3345 2532 ad
3403 2480 3691 2548 discipulos
3719 2505 3731 2541 :
3761 2489 3894 2553 Quid

2323 2554 2554 2621 cogitatis
2602 2557 2653 2609 in
2710 2559 2946 2615 cordibus
3000 2565 3209 2619 vestris?
3241 2566 3463 2634 Palpate
3484 2581 3531 2625 ct
3560 2575 3721 2629 videte
3771 2579 3901 2643 quia

2319 2645 2529 2705 spiritus
2567 2662 2770 2701 carnem
2814 2660 2862 2703 et
2906 2667 3019 2705 ossa
3065 2670 3167 2707 non
3194 2655 3372 2721 habet,
3424 2661 3552 2713 sicut
3601 2679 3678 2716 me
3720 2667 3907 2722 uidetis

2319 2731 2502 2786 habere
2527 2733 2677 2805 (Luc.
2704 2753 2853 2803 xxrv,
2884 2738 3039 2795 Joan.
3098 2743 3211 2813 xx).
3262 2745 3441 2816 Neque
3481 2749 3663 2807 fuisset
3694 2766 3890 2825 mysteo

2320 2822 2482 2889 rium,
2513 2826 2651 2893 quod
2672 2828 2820 2882 ostiis
2845 2830 2909 2882 ad
2940 2846 3033 2885 eos
3053 2832 3244 2889 clausis
3268 2836 3536 2904 ingressus
3557 2852 3658 2907 est,
3686 2845 3728 2899 si
3759 2845 3810 2900 in
3837 2862 3891 2902 e-

2317 2912 2560 2979 gritttem
2596 2914 2810 2987 humani
2836 2922 3078 2988 corporis
3109 2939 3211 2977 non
3237 2925 3481 2982 habebat.
3509 2929 3796 2991 Possumus
3824 2952 3893 2992 ex

2319 3006 2418 3056 hoc
2441 3003 2583 3059 dono
2605 3007 2752 3062 verbi
2784 3012 3170 3077 praecedentem
3198 3016 3401 3085 longius
3424 3021 3666 3087 proferre
3688 3040 3891 3081 sermo-

2317 3108 2437 3146 nem
2469 3111 2481 3147 :
2514 3096 2606 3149 sed
2627 3098 2757 3152 satis
2784 3114 2903 3155 esse
2931 3103 3197 3158 credimus
3226 3116 3318 3173 per
3340 3108 3614 3162 Dominum
3647 3127 3903 3171 nostrum,

2316 3185 2537 3241 erudita:
2566 3188 2864 3247 clementiae
2894 3204 3088 3249 vestra:
3131 3199 3331 3253 striCtis
3360 3203 3655 3271 supplicare
3694 3222 3890 3279 sugge-

2317 3278 2599 3346 stionibus,
2628 3293 2903 3350 sperantes
2932 3294 2987 3339 ut
3014 3286 3246 3343 laborem
3292 3305 3578 3362 curamque
3612 3302 3891 3364 pastoralis

2309 3366 2489 3433 olﬁcii,
2521 3372 2901 3427 venerabilium
2930 3376 3377 3442 praedecessorum
3420 3393 3715 3441 vestrorum
3748 3390 3884 3445 Mar-

2307 3456 2443 3509 ciani
2471 3466 2523 3511 et
2554 3459 2747 3514 Leonis
2776 3462 2999 3517 formam
3052 3468 3243 3532 secuti,
3273 3471 3432 3523 etiam
3490 3474 3765 3545 principali
3796 3494 3884 3547 po-

2313 3544 2493 3598 tentia:
2528 3550 2929 3617 participatione
2960 3553 3208 3609 fulciatis.
3242 3558 3516 3616 llabebitis
3548 3544 3675 3619 Deo
3708 3544 3886 3637 propi-

2308 3634 2381 3688 tio
2411 3651 2559 3702 spem
2611 3638 2677 3693 de
2723 3641 2959 3696 victoriis
2995 3659 3099 3698 non
3145 3646 3443 3715 jacentem,
3493 3654 3538 3706 si
3596 3658 3897 3723 pontificali.

2305 3734 2486 3779 contra
2515 3728 2710 3782 diaboli
2742 3730 3117 3799 subreptiones"
3144 3740 3519 3805 congressione
3556 3745 3768 3810 paciﬁca
3817 3750 3894 3804 ad.

2304 3813 2686 3872 decertandum
2730 3819 3134 3880 instructionem
3183 3830 3451 3884 muniatis.
3504 3831 3777 3902 Nunquam
3826 3838 3895 3891 in.

2302 3916 2604 3963 sanctarum
2635 3910 2992 3968 Ecclesiarnm
3044 3920 3300 3973 memoria
3334 3920 3567 3976 Dioscori
3614 3927 3883 3996 participis

2303 3994 2634 4067 Eutychetis,
2665 4000 2934 4058 Timothei
2988 4014 3041 4060 et
3092 4006 3254 4075 Petri,
3305 3994 3685 4079 parricidarum
3729 3994 3909 4073 corn-.

2302 4092 2614 4145 memoratio
2667 4093 2990 4150 reviviscat:
3024 4109 3265 4154 servetur
3310 4103 3376 4157 ab
3423 4105 3667 4160 omnibus
3707 4109 3881 4163 susci-

2301 4177 2507 4244 pienda:
2530 4180 2981 4241 Chalcedonensis
3008 4191 3215 4258 synodi,
3242 4191 3351 4246 Deo
3369 4208 3461 4260 per
3485 4211 3579 4250 vos
3602 4212 3881 4267 operante,

2299 4268 2566 4326 diltinitio.
2592 4274 2816 4329 Aeacius
2839 4276 2977 4332 Petri
3004 4280 3343 4336 tenebrarum
3384 4284 3473 4339 lilii
3505 4293 3879 4347 communione

2300 4362 2530 4429 pollutus
2575 4365 2769 4421 habeat
2816 4370 3123 4439 participes,
3156 4388 3287 4444 quos
3317 4375 3554 4446 delegit:
3586 4381 3673 4448 qui
3714 4383 3874 4437 etiam

2297 4451 2435 4505 inter
2461 4448 2587 4509 suos
2631 4471 2917 4523 excessus,
2970 4476 3068 4516 nec
3120 4464 3187 4518 de
3238 4466 3396 4519 Petro
3439 4468 3789 4534 Antiocheno,
3822 4482 3875 4527 et

2297 4543 2645 4610 complicibus
2676 4548 2790 4616 ejus
2836 4551 3056 4605 nitidum
3085 4568 3145 4608 se
3171 4570 3288 4609 esse
3319 4569 3600 4625 perpessus
3623 4572 3721 4615 est.
3749 4564 3873 4617 Ces-

2290 4642 2408 4685 sent
2437 4636 2712 4690 maledicta
2738 4640 2835 4705 piis
2864 4653 3063 4696 sanctae
3085 4646 3469 4701 recortlatimris
3497 4665 3645 4718 papa:
3677 4651 3872 4709 Leonis

2291 4722 2490 4791 ingeSta
2535 4726 2885 4795 dogmatibus,
2918 4749 3034 4801 qua:
3065 4735 3210 4791 solos
3256 4739 3473 4804 quidem
3523 4743 3614 4796 illo
3670 4745 3719 4797 in
3761 4746 3871 4800 suis

2292 4824 2543 4869 manente
2572 4821 2795 4882 puniunt
2825 4821 3141 4891 irrogantes.
3190 4828 3244 4882 ln
3277 4829 3357 4882 bis
3387 4848 3504 4901 qua:
3535 4836 3737 4901 prmiati
3781 4852 3869 4892 su-

2288 4917 2428 4967 mus,
2461 4906 2870 4964 sollicitudinem
2904 4917 3062 4969 vestri
3089 4917 3408 4975 advocemus
3442 4925 3645 4991 imperii
3677 4945 3689 4979 :
3722 4938 3871 4995 pote-

2288 4993 2355 5045 rit
2384 4996 2524 5047 enim
2553 4998 2724 5065 pietas
2749 5009 2944 5069 vestra,
2978 5004 3078 5059 hoc
3100 5010 3424 5077 custodiens,
3452 5014 3628 5080 apices
3650 5026 3701 5069 et
3750 5032 3867 5072 sce-

2295 5088 2406 5148 ptra
2438 5098 2528 5137 sua
2558 5096 2674 5153 post
2718 5090 2915 5143 multos
2935 5106 3103 5149 annos
3148 5096 3212 5149 ad
3236 5098 3377 5152 aliud
3415 5103 3664 5156 sarculum
3696 5106 3866 5170 possi-

2290 5169 2418 5227 dere
2449 5176 2716 5229 translata.
2740 5180 3003 5249 Suscipite
3018 5198 3202 5251 preces
3230 5197 3439 5241 nostras
3450 5205 3544 5257 per
3565 5169 3865 5248 Ennodium

2288 5268 2445 5329 atque
2478 5262 2826 5321 Fortunatum
2851 5270 3041 5326 fratres
3064 5282 3115 5327 et
3144 5276 3486 5344 coepisc0pos
3511 5289 3737 5344 nostros,
3766 5299 3865 5338 nec

2290 5367 2397 5405 non
2431 5353 2743 5412 Venantium
2795 5361 3186 5431 presbyterum,
3234 5375 3391 5434 atque
3421 5368 3640 5423 Vitalem
3682 5372 3865 5428 diaco-

2285 5458 2430 5509 num,
2462 5447 2544 5500 vel
2589 5448 2825 5504 Ililarum
2876 5455 3158 5521 notarium,
3194 5456 3325 5510 ﬁlios
3375 5469 3605 5525 nostros,
3634 5478 3858 5530 quorum

2279 5536 2418 5603 apud
2443 5552 2539 5591 nos
2566 5539 2699 5594 ﬁdes
2727 5543 2775 5594 in
2810 5543 2901 5597 Dei
2943 5547 3137 5600 timore
3167 5549 3505 5621 studiumque
3548 5557 3853 5623 perclarnit,

2280 5639 2378 5692 pro
2407 5637 2584 5681 vestro
2627 5644 2810 5687 amore
2844 5637 3204 5704 transmissas,
3227 5650 3281 5692 et
3310 5642 3568 5706 placidam
3615 5648 3730 5701 vite
3764 5666 3857 5701 no-

2275 5727 2383 5771 stra
2399 5720 2874 5787 supplicationibus
2886 5730 3131 5782 conscien
3144 5731 3266 5785 tiam
3284 5738 3705 5792 accommodate.
3724 5740 3857 5809 Spe-

2276 5823 2455 5865 ramus
2483 5810 2646 5875 enim,
2678 5813 2818 5870 etde
2836 5815 2944 5873 Deo
2972 5816 3227 5875 habentes
3251 5822 3518 5888 ﬁduciam,
3544 5828 3851 5889 rollicemur
