4262 6264
348 421 454 475 381

1564 413 1917 470 EPISTOLE
1961 413 2045 468 ΕΤ
2087 411 2423 468 DECRETA.

3532 417 3633 471 5δὲ

352 536 554 601 studia,
588 518 707 604 quas
736 548 764 587 a
807 533 961 589 vobis
991 547 1130 588 verte
1171 531 1416 602 religioni
1458 532 1696 602 impensa
1728 532 1942 592 fuerint,
1972 533 2017 589 Α
2051 528 2396 597 impiissimos
2442 524 2747 581 Nestorium
2794 533 2953 595 atque
3006 524 3355 597 Eutychetcm
3404 527 3635 582 vitamus

355 632 477 683 sine
499 628 851 681 retributione
879 635 933 680 et
964 626 1189 696 prtrmio
1214 640 1318 678 non
1345 624 1537 678 futura.
1570 625 1695 677 Data
1727 639 1785 677 ιιι
1832 623 1949 677 idus

354 719 607 789 Augusti,
632 717 904 771 Florentio
931 716 993 771 ν.
1025 717 1085 771 C.
1119 715 1359 771 Consule.

981 838 1004 864 ⁸
1032 826 1359 882 EPISTULA

357 936 631 975 ANASTASII
687 935 1039 975 ιιιιιειιςιτοιιιε
1098 937 1165 973 AD
1220 932 1519 989 [IOIIMISMM
1574 931 1674 970 Ρειι
1721 928 1954 970 ιεολτοε

793 1027 936 1065 SEIIS
977 1026 1313 1065 APOSTOIJC£
1362 1024 1528 1063 MISSA.

362 1105 686 1159 Catholicam
734 1104 888 1171 ﬁdem
939 1104 1206 1170 proﬁtetur
1236 1119 1253 1156 :
1286 1101 1712 1155 Chalcedonensis
1748 1099 1955 1171 concilii

436 1177 639 1228 decreta
660 1170 908 1227 servanda
933 1190 950 1225 :
982 1174 1223 1226 Acacium
1244 1173 1311 1224 ad
1339 1172 1562 1224 tollenda
1590 1170 1834 1225 scandala
1856 1185 1957 1221 non

437 1247 808 1308 danmandum,
833 1254 879 1296 et
907 1245 969 1296 de
994 1260 1115 1311 pace
1135 1244 1483 1311 coyitandum.

368 1357 687 1423 Exemplum
712 1371 879 1410 sacra:
913 1357 1178 1410 Anastasii
1209 1358 1432 1426 Augusti
1478 1356 1773 1411 llormisdae
1808 1369 1960 1424 papa:

441 1462 537 1516 per
554 1446 851 1500 Ennodium
876 1457 929 1499 et
946 1445 1293 1499 Fet-tunatnm
1317 1448 1622 1514 episcopos,
1642 1445 1959 1499 Venantium

447 1536 843 1605 presbyterum,
872 1536 1101 1591 Vitalem
1137 1536 1419 1591 diaconum
1454 1548 1507 1590 et
1540 1537 1776 1590 Hilarum
1806 1542 1961 1590 nota-

443 1643 601 1679 num.

446 1719 659 1781 Gratias
677 1720 1032 1789 omnipotenti
1067 1719 1172 1775 Deo
1202 1720 1504 1789 referimus,
1537 1721 1675 1789 quod
1712 1721 1966 1775 sanctitas

375 1819 553 1863 vestra
584 1810 879 1875 disciplinis
901 1810 1210 1865 caelestibus
1250 1810 1510 1875 instituta,
1548 1811 1683 1864 sicut
1724 1810 1970 1879 poposci-

2052 621 2252 689 pariter
2267 628 2316 674 et
2340 618 2640 673 horremus.
2674 617 2872 671 Eorum
2894 617 3313 672 condemnantes
3335 626 3391 671 et
3411 620 3635 673 anatheo

2054 712 2368 765 matizantes
2410 720 2464 766 et
2510 724 2765 778 personas
2813 719 2866 764 et
2905 711 3185 779 dogmata,
3236 708 3639 763 detestabilibus

2054 804 2348 873 sacrilegiis
2383 803 2759 872 comparanda,
2792 802 2880 872 qui
2907 801 3361 870 dispensationem
3406 798 3638 852 divinam

2056 909 2109 952 et
2132 898 2374 952 humanas
2395 897 2631 953 remedia
2656 897 2998 957 inﬁrmitatis,
3030 895 3277 948 similiter
3315 900 3406 945 aut
3434 892 3640 945 nescire

2057 990 2358 1053 voluerunt,
2388 1000 2477 1043 aut
2504 989 2712 1057 cognita
2741 986 3131 1056 blasphemare.
3160 985 3287 1039 Tale
3311 984 3471 1053 igitur
3499 984 3640 1039 circa

2062 1083 2215 1136 ﬁdem
2240 1082 2540 1137 clementia:
2568 1089 2766 1134 nostrae
2791 1079 3123 1149 propositum
3153 1092 3394 1131 summus
3412 1076 3551 1130 Deus
3575 1074 3641 1129 ab

2060 1171 2284 1227 exordio
2304 1172 2423 1225 vitae
2446 1171 2691 1224 sensibus
2721 1169 2917 1222 nostris
2940 1168 3157 1221 immisit
3192 1184 3206 1219 :
3230 1165 3371 1220 unde
3396 1174 3451 1221 et
3475 1166 3643 1232 impe-

2061 1264 2196 1317 rium
2244 1272 2483 1316 nostrum
2535 1261 2802 1314 credimus
2849 1260 3126 1313 custodiri.
3167 1259 3423 1312 Miramur
3466 1269 3643 1309 autem

2064 1356 2411 1423 quamobrem
2442 1352 2507 1405 de
2529 1350 2853 1405 beatissimis
2875 1348 3144 1414 Patribus,
3175 1348 3266 1417 qui
3320 1349 3372 1401 in
3426 1346 3645 1401 Chalce-

2064 1444 2202 1498 done
2247 1450 2654 1508 convenerunt,
2688 1440 2861 1508 aliqua
2915 1439 3070 1493 nobis
3099 1439 3333 1492 scribere
3378 1437 3644 1499 voluis‘tis,

2066 1535 2190 1589 dum
2222 1549 2283 1589 ea
2309 1548 2425 1603 qua:
2446 1531 2615 1585 abhis
2645 1531 2854 1584 fuerant
2878 1530 3163 1584 constituta
3193 1529 3646 1597 praedecessorum

2069 1637 2378 1682 nostrorum
2427 1623 2811 1693 multiplicibus
2854 1623 3087 1677 decretis
3140 1621 3455 1675 conﬁrmata
3500 1628 3649 1675 t‘non-

2068 1728 2326 1774 strantur.
2372 1716 2583 1770 Etcum
2609 1729 2707 1769 nec
2746 1714 2847 1766 alia
2875 1713 3112 1783 synodus
3157 1713 3292 1767 facta
3342 1712 3524 1773 fuerit,
3558 1727 3649 1781 per

2072 1825 2229 1880 quam
2261 1824 2378 1878 qua:
2410 1808 2477 1861 ab
2505 1808 2594 1860 illa
2618 1806 2874 1873 disposita
2903 1803 3395 1858 suntredderentur
3419 1805 3649 1868 inﬁrma,
3704 1856 3705 1859 η

374 1917 516 1967 mus,
544 1902 745 1970 legatos
764 1902 908 1968 ﬁdei,
936 1902 1234 1955 Ennodium
1280 1911 1333 1956 et
1365 1902 1717 1955 Fortunatum
1747 1917 1969 1955 venera-
2002 1898 2043 1953 Β
2077 1918 2173 1958 nec
2202 1903 2287 1956 lex
2331 1916 2359 1954 a
2406 1900 2561 1954 nobis
2590 1897 2929 1967 processerit,
2974 1897 3124 1965 cujus
3178 1897 3411 1951 novitate
3457 1907 3650 1953 statuta

376 1991 514 2047 biles
536 1992 838 2060 episcopos,
863 1991 954 2045 sed
980 1991 1140 2045 etiam
1172 1992 1315 2045 viros
1340 1991 1618 2060 religiosos
1650 1990 1964 2043 Venantium

376 2083 771 2152 presbyterum,
808 2082 1032 2135 Vitalem
1074 2081 1378 2142 diaconum.
1428 2091 1483 2135 et
1537 2081 1771 2136 Hilarum
1819 2090 1972 2136 nota-

380 2175 549 2240 rium,
573 2174 749 2243 quales
792 2173 1046 2241 poscebat
1088 2188 1264 2226 causm
1295 2172 1614 2235 sublimitas,
1662 2172 1967 2236 destinavit;

381 2264 480 2333 qui
506 2265 696 2333 negotii
727 2264 1148 2333 magnitudinem
1199 2264 1420 2333 implere
1445 2272 1681 2331 possvnt,
1713 2263 1969 2318 ecclesia-

377 2356 500 2409 stici
550 2355 668 2410 lucc
718 2355 1019 2420 sermonis,
1071 2355 1268 2424 quique
1316 2363 1571 2422 operante
1621 2352 1730 2408 Deo
1785 2352 1970 2407 omnia

376 2445 649 2499 subtiliter
672 2444 1007 2514 requirentes
1030 2461 1150 2513 qua:
1180 2445 1244 2497 ad
1276 2453 1475 2499 rectam
1505 2456 1557 2498 et
1599 2459 1779 2498 veram
1807 2444 1968 2497 Citri-

376 2536 676 2590 stianorum
712 2538 979 2605 pertinent
1009 2536 1195 2605 ﬁdem,
1236 2545 1288 2589 et
1310 2536 1429 2605 ipsi,
1465 2536 1605 2590 sicut
1644 2535 1839 2599 decuit,
1870 2534 1966 2590 de-

378 2628 675 2693 clararunt,
710 2637 764 2683 et
809 2643 836 2681 a
891 2628 1069 2693 nobis,
1114 2630 1252 2683 sicut
1284 2629 1541 2698 oportuit,
1593 2635 1970 2696 agnoverunt:

376 2720 501 2787 quia
528 2735 629 2774 una
656 2730 738 2775 est
777 2721 1011 2774 Ecclesia
1046 2720 1159 2785 Dei,
1189 2720 1501 2790 apostolicis
1531 2719 1723 2789 ubique
1767 2722 1969 2773 firmata

375 2810 660 2865 doctrinis.
691 2810 840 2866 Unde
869 2813 988 2880 quis
1037 2811 1230 2867 audeat
1268 2812 1335 2867 de
1375 2812 1585 2866 Domini
1635 2813 1798 2866 nostri
1845 2813 1971 2867 Jesu

377 2902 579 2957 Christi
613 2903 984 2958 incarnatione
1034 2904 1190 2958 aliter
1218 2918 1375 2973 quam
1424 2902 1587 2958 habt
1617 2904 1817 2958 veritas
1858 2904 1970 2972 ipsa

379 2995 605 3059 sentire,
633 2995 734 3048 nisi
767 3004 821 3049 ut
858 2996 1174 3050 conﬁteatur
1205 2995 1462 3065 :equalem
1516 3004 1570 3049 et
1622 2995 1973 3050 consubstan-

381 3084 565 3138 tialem
618 3084 795 3139 Patris
853 3085 1082 3151 Filium,
1114 3088 1301 3141 salutis
1352 3094 1550 3140 nostrae
1590 3101 1771 3152 causa,
1822 3087 1972 3155 juxta

377 3175 843 3230 annuntiationem
868 3176 1196 3244 archangeli,
1230 3178 1279 3229 in
1310 3186 1461 3231 utero
1490 3177 1724 3245 virginis,
1756 3192 1971 3233 carnem

2071 1995 2275 2064 prtefati
2307 1992 2631 2062 episcopalis
2656 1990 2867 2043 concilii
2897 1988 3252 2057 Solverentur,
3279 1990 3507 2042 maxime
3533 2004 3651 2043 cum

2072 2086 2183 2153 ipsa
2213 2082 2450 2153 synodus
2472 2081 2669 2135 dixerit
2709 2080 2990 2132 anathema
3039 2093 3159 2133 esse
3190 2079 3405 2141 debere,
3431 2079 3652 2147 quicun‘

2071 2191 2173 2245 que
2204 2174 2359 2227 aliam
2392 2172 2549 2226 ﬁdem
2578 2185 2735 2238 quam
2767 2169 2904 2239 apud
2954 2169 3182 2223 Nicmam
3217 2171 3436 2224 trecenti
3466 2170 3652 2224 decem

2071 2280 2125 2325 et
2152 2281 2273 2324 octo
2304 2267 2642 2322 venerabiles
2685 2267 2869 2320 Patres
2923 2280 2965 2319 ct
2991 2266 3316 2319 nstituerunt
3356 2263 3547 2317 dorere
3575 2264 3654 2331 vel

2072 2361 2354 2415 immutare
2381 2357 2628 2422 iolucrit,
2662 2355 2726 2408 ad
2760 2354 2859 2408 hoc
2900 2356 3059 2408 etiam
3088 2369 3205 2419 eos,
3247 2368 3379 2421 quos
3409 2353 3652 2420 superius

2072 2447 2601 2517 comprehendimus,
2653 2447 2703 2500 id
2746 2457 2828 2501 εει
2873 2446 3173 2500 Nestorium
3219 2453 3274 2501 et
3307 2442 3655 2513 Eutychetem

2070 2540 2629 2609 damnaverunt,quos
2676 2553 2773 2592 nos
2800 2554 3011 2608 quoque
3038 2538 3376 2592 damnamus.
3408 2535 3537 2591 Nam
3561 2551 3655 2605 pro

2076 2633 2175 2686 hac
2201 2646 2358 2686 causa
2403 2638 2722 2684 attestantur
2749 2631 2903 2684 uoltis
2936 2632 3095 2684 etiam
3127 2630 3321 2683 divinm
3352 2630 3542 2684 litterae
3590 2629 3655 2684 ad

2074 2723 2470 2789 Alexandriam,
2509 2737 2617 2775 twn
2669 2723 2859 2785 semel,
2906 2722 2999 2777 sed
3050 2723 3321 2776 multoties
3357 2722 3654 2776 destinatae.

2076 2818 2177 2889 l'er
2205 2832 2335 2885 quas
2356 2815 2774 2886 objurgavimns,
2796 2829 2891 2868 cur
2916 2814 3014 2867 sibi
3044 2827 3147 2867 non
3162 2813 3485 2868 arbitrentur
3501 2827 3657 2882 posse

2074 2909 2325 2964 sufﬁcere
2368 2891 2628 2963 directam
2677 2907 2801 2962 ﬁdei
2852 2905 3177 2971 doctrinam,
3232 2904 3545 2958 recedentes
3590 2904 3658 2958 ab

2074 3002 2412 3057 anathemate
2453 3000 2909 3055 Chalcedonensis
2964 2997 3157 3066 synodi
3206 2996 3289 3050 vel
3337 2995 3658 3051 veneranda

2076 3094 2349 3149 memoria:
2376 3091 2565 3146 Leonis
2596 3091 2853 3157 episcopi.
2872 3088 3022 3142 Unde
3045 3102 3148 3140 non
3177 3100 3401 3154 parvum
3423 3085 3658 3140 studium

2075 3182 2215 3253 apud
2247 3197 2365 3247 nos,
2390 3190 2443 3237 et
2465 3179 2691 3235 intentio
2739 3181 2792 3232 in
2835 3178 3083 3246 przesenti
3117 3191 3327 3247 quoque
3385 3177 3657 3243 perdurat,

378 3279 449 3319 ex
473 3265 662 3319 eadem
685 3266 1029 3332 assumendo,
1061 3266 1333 3320 hominem
1380 3265 1610 3320 factum?
1640 3276 1693 3320 et
1719 3266 1857 3319 sicut
1901 3267 1977 3320 ait
2003 3259 2048 3321 C
2079 3283 2345 3343 quatenus
2384 3289 2412 3325 a
2455 3270 2727 3341 superfluo
2769 3270 3110 3323 anathemate
3146 3267 3362 3322 eosdem
3396 3268 3660 3335 possimus

383 3356 696 3423 Apostolus,
745 3357 797 3411 in
848 3358 1029 3413 servili
1075 3357 1285 3423 forma,
1320 3367 1375 3411 ut
1403 3372 1616 3411 crucem
1668 3373 1763 3424 pro
1818 3357 1972 3413 nobis

382 3461 548 3501 carne
578 3447 897 3517 susciperet.
926 3449 998 3501 De
1019 3463 1122 3516 quo
1146 3448 1332 3502 beatus
1376 3447 1566 3502 Petrus
1591 3449 1861 3516 apostolus
1881 3449 1973 3503 Ju-

382 3537 517 3591 daeis
547 3539 673 3592 dicit
700 3556 712 3591 :
736 3537 838 3593 Vos
862 3540 1053 3609 petistis
1082 3539 1219 3594 vobis
1241 3540 1431 3592 dimitti
1454 3540 1617 3593 virum
1643 3539 1971 3607 homicidam,

384 3638 647 3683 auctorem
674 3647 791 3685 vero
816 3633 929 3687 vita’
962 3631 1305 3701 interfecistis.
1363 3632 1437 3685 De
1465 3647 1570 3701 quo
1594 3632 1753 3686 etiam
1786 3633 1976 3701 legitur

386 3720 443 3775 in
473 3721 639 3775 Paulo
661 3724 902 3791 apostolo
935 3739 949 3776 :
980 3721 1174 3775 Fartus
1201 3721 1438 3775 obedienc
1466 3738 1621 3791 usque
1640 3721 1708 3773 ad
1740 3732 1977 3792 mortem,

388 3824 601 3866 mortem
628 3824 796 3867 autem
823 3817 1008 3868 crucis.
1044 3813 1377 3869 Conﬁtemur
1404 3812 1544 3867 enim
1573 3813 1713 3881 quod
1750 3814 1975 3882 genitrix

391 3901 485 3957 Dei
503 3897 656 3957 bea'ta
688 3905 835 3973 virgo
858 3905 1020 3958 Maria
1043 3905 1097 3958 in
1122 3918 1245 3959 vera
1275 3919 1436 3959 carne
1460 3912 1516 3958 et
1540 3905 1721 3957 anima
1752 3906 1979 3957 rationa-

394 3991 485 4046 bili
518 4005 572 4047 et
600 3996 919 4063 intelligihili
972 3997 1127 4051 nobis
1180 3997 1342 4050 Deuttt
1373 3999 1581 4065 peperit
1633 3997 1979 4062 Salvatorem,

391 4102 552 4153 quem
579 4087 895 4140 homonsion
949 4088 1057 4141 Deo
1100 4088 1194 4142 Pat
1227 4088 1240 4140 i
1273 4095 1326 4141 et
1355 4087 1575 4155 Spiritui
1602 4101 1807 4151 sancto,
1857 4100 1980 4145 ante

391 4178 586 4233 erecula
631 4178 879 4232 eumdem
929 4177 1080 4232 nobis
1135 4194 1349 4247 quoque
1399 4178 1735 4243 homonsiou,
1769 4189 1983 4247 propter

394 4277 612 4338 peccata
644 4269 825 4323 nostra
868 4270 919 4322 in
945 4269 1047 4323 ﬁne
1072 4279 1367 4338 temporum
1398 4271 1665 4324 credimus
1692 4281 1744 4323 et
1794 4274 1906 4338 prol
1927 4287 1984 4323 a-

394 4376 515 4415 mns
546 4360 710 4415 fuisse
748 4361 1104 4430 progenitum,
1136 4361 1275 4416 sicut
1324 4362 1581 4431 propheta
1616 4363 1777 4416 David
1809 4365 1936 4417 dicit
1968 4381 1980 4417 :

394 4448 476 4504 De
502 4463 673 4505 ventre
717 4453 893 4506 matris
924 4469 1047 4506 metu
1081 4452 1217 4506 Deus
1248 4470 1387 4506 meus
1415 4469 1466 4506 es
1513 4463 1567 4506 tu
1610 4453 1628 4523 (
1654 4452 1798 4507 Psal.
1834 4470 1918 4508 χχι
1946 4455 1986 4525 ).

395 4542 529 4607 Qua:
573 4552 746 4598 tamen
798 4545 867 4597 ita
925 4545 1040 4599 sine
1084 4545 1292 4600 defectu
1350 4547 1430 4599 vel
1472 4546 1783 4599 confuswne
1820 4548 1987 4599 nostri

2076 3364 2411 3430 abstrahere,
2436 3373 2490 3418 et
2517 3371 2718 3416 sanctze
2738 3359 2989 3414 Ecclesia:
3009 3358 3294 3412 universali
3313 3357 3657 3426 conjungere.

2079 3458 2153 3511 De
2168 3455 2400 3525 capitulo
2426 3468 2553 3509 vero
2579 3452 2720 3522 quod
2754 3451 2927 3504 solum
2977 3448 3186 3503 videtur
3214 3462 3334 3503 esse
3365 3447 3661 3513 residuum,

2089 3558 2270 3602 nostra
2294 3545 2536 3599 voluntas
2562 3541 2801 3611 petitioni
2837 3549 3027 3593 vestra:
3052 3541 3277 3593 fortasse
3304 3546 3519 3606 propter
3546 3537 3663 3590 uni-

2081 3649 2239 3693 tatem
2272 3636 2632 3690 Ecclesiarum
2684 3627 3035 3697 convenerat,
3066 3630 3168 3684 nisi
3209 3629 3307 3682 alia
3342 3626 3663 3682 Venerabili-

2082 3732 2177 3784 hus
2211 3729 2463 3784 Ecclesiis
2486 3743 2549 3782 ex
2589 3727 2687 3781 hoc
2703 3725 2978 3781 removeri
3002 3723 3250 3779 scandala
3299 3723 3662 3778 crederemus.

2081 3823 2232 3877 Nunc
2277 3823 2523 3875 universa
2579 3834 2700 3889 qua:
2743 3818 2853 3872 sint
2890 3817 3128 3871 facienda
3159 3816 3491 3885 perpendite,
3539 3815 3664 3885 quia

2082 3928 2240 3982 grave
2269 3926 2390 3967 esse
2419 3908 2704 3965 clementia
2752 3916 2934 3962 nostra
2973 3907 3177 3976 judicat
3213 3908 3279 3962 de
3311 3905 3545 3961 Ecclesia
3575 3920 3665 3959 ve-

2082 4002 2305 4059 nerabili
2360 4010 2574 4071 propter
2622 4010 2864 4055 mortuos
2914 4000 3067 4067 vivos
3108 3999 3339 4068 expelli,
3395 4013 3496 4053 nec
3548 3999 3667 4053 sine

2084 4098 2247 4152 multa
2289 4095 2551 4150 effusione
2591 4093 2810 4147 humani
2850 4091 3124 4161 sanguinis
3159 4092 3359 4146 scimus
3400 4100 3559 4159 p'osse
3604 4104 3667 4145 ea

2084 4205 2201 4259 qua:
2240 4203 2403 4257 super
2449 4189 2551 4241 hoc
2597 4186 2829 4241 scr'ibitis
2858 4184 3131 4240 ordinari:
3180 4185 3357 4237 omnia
3411 4194 3588 4237 tamen
3634 4196 3666 4236 a

2089 4282 2196 4334 Deo
2223 4287 2525 4347 sperantes,
2561 4293 2653 4345 per
2676 4277 2962 4332 concilium
2994 4277 3181 4331 melius
3212 4293 3373 4346 agere
3403 4277 3666 4345 poteritis,

2088 4388 2243 4442 quam
2271 4372 2338 4425 ab
2359 4370 2440 4424 his
2464 4370 2787 4432 hominibus,
2812 4369 2899 4437 qui
2924 4380 3141 4436 propter
3169 4383 3380 4422 errores
3403 4384 3529 4421 suos
3549 4384 3671 4435 pro-

2090 4462 2290 4514 vincias
2312 4467 2710 4528 percurrentes,
2757 4456 3025 4510 inimicam
3057 4456 3358 4524 Evangeliis
3392 4459 3590 4510 sanctis
3617 4468 3671 4511 et

2097 4549 2345 4605 Ecclesiis
2367 4548 2553 4602 volunt
2574 4562 2692 4602 esse
2732 4546 3074 4600 discordiam.
3111 4546 3248 4613 Ergo
3265 4555 3321 4599 ut
3355 4549 3424 4601 sit
3454 4547 3673 4615 placens

397 4635 639 4703 carperis
664 4644 741 4688 est
777 4643 1043 4703 assumpta
1070 4647 1244 4689 nostra
1277 4638 1591 4701 substantia,
1624 4647 1674 4689 ut
1710 4638 1759 4690 in
1787 4637 1973 4691 cadent
2010 4626 2056 4685 Ι)
2082 4657 2327 4713 superntn
2373 4641 2636 4710 majestati
2690 4641 3049 4695 Ecclesiarum
3110 4639 3315 4703 unitas,
3349 4640 3623 4705 providete
3656 4657 3669 4692 :

398 4739 560 4778 carne
605 4724 697 4779 Dei
760 4726 923 4779 Filius
971 4727 1225 4780 mundum
1258 4728 1657 4781 examinaturus
1714 4729 1976 4795 adveniat,

401 4816 569 4869 oculis
593 4816 828 4869 omnium
855 4819 1129 4871 vulnerum
1163 4828 1217 4873 et
1244 4818 1515 4871 clavorum
1563 4820 1752 4874 indicia
1780 4836 1980 4889 reprte-

400 4917 646 4971 sentans,
669 4907 806 4959 sicut
835 4908 1090 4975 scriptum
1117 4916 1199 4962 est
1226 4925 1237 4958 :
1263 4905 1330 4958 Et
1361 4908 1598 4961 videbunt
1642 4910 1693 4962 in
1720 4926 1863 4978 quem
1899 4927 1987 4977 pu-

403 5006 655 5066 pugerttttt
681 4998 865 5067 (Apoc.
920 4999 981 5067 ι).
1010 4999 1141 5052 Cum
1182 4998 1430 5052 omnibus
1462 5000 1617 5052 etiam
1678 5000 1985 5055 orthodoxis

478 5159 501 5186 ι
533 5150 655 5224 llafc
678 5152 899 5224 epistola
928 5168 1047 5208 cum
1074 5153 1394 5223 quibusdam
1420 5154 1764 5224 sequentibus
1790 5154 1986 5221 scripta

404 5230 485 5273 est
510 5222 577 5273 ab
597 5222 881 5276 Anastasio
905 5224 1226 5292 imperatore
1247 5239 1388 5279 anno
1406 5222 1611 5277 Domini
1636 5224 1758 5288 516,
1779 5225 1988 5291 quando

405 5291 544 5343 edita
582 5293 857 5345 catholicae
889 5291 1009 5348 ﬁdei
1044 5294 1379 5358 professione
1420 5309 1479 5349 se
1520 5294 1836 5347 catholicum
1869 5309 1991 5348 esse

406 5360 697 5421 simulavit,
725 5371 783 5414 ut
805 5363 1011 5417 scilicet
1044 5364 1143 5416 hac
1171 5373 1306 5428 arte,
1338 5364 1513 5431 pepuli
1545 5365 1724 5417 favore
1754 5373 1987 5430 captato,

408 5438 609 5482 metum
635 5431 878 5485 Vitaliani
902 5443 1193 5487 excuteret.
1218 5433 1828 5487 Addidit-reverentihus
1850 5434 1991 5488 sedis

408 5501 722 5578 apostolicae
761 5504 945 5578 legatis
970 5503 1375 5578 Theopompum
1408 5511 1460 5557 et
1483 5503 1868 5578 Severianum,
1899 5502 1993 5556 ho-

412 5570 585 5621 mines
612 5570 807 5640 taleas,
837 5572 1154 5637 quibuscum
1187 5570 1263 5625 de
1283 5573 1441 5625 rebus
1470 5573 1847 5626 ecclesiasﬁcis
1873 5588 1995 5640 age-

410 5647 578 5690 retur.
610 5639 951 5693 Auastasium
985 5643 1066 5695 his
1095 5642 1289 5698 litteris
1319 5643 1635 5695 catholicam
1667 5642 1821 5695 ﬁdem
1850 5639 1993 5697 vete-

409 5708 608 5779 ratorie
636 5718 691 5761 et
730 5724 824 5779 per
850 5725 1111 5773 summam
1140 5712 1487 5765 calliditatem
1519 5712 1818 5779 professum
1850 5727 1990 5775 esse,

411 5778 708 5845 eademque
762 5778 978 5844 fallyndi
1044 5792 1161 5835 arte
1218 5778 1654 5836 Chalcedonense
1709 5782 1992 5835 concilium

413 5847 773 5915 approbasse,
806 5864 871 5903 ex
903 5849 984 5905 his
1014 5866 1131 5919 quae
1160 5852 1404 5919 superius
1432 5850 1498 5904 de
1527 5851 1643 5916 ipso
1672 5845 1871 5915 scripta
1901 5850 1992 5904 ha-

2086 4736 2207 4804 quia
2237 4734 2363 4803 quid
2418 4734 2572 4787 nobis
2622 4733 2674 4786 in
2718 4734 2796 4786 eis
2846 4736 2965 4800 quas
2991 4731 3193 4797 praefati
3227 4744 3411 4782 smnus
3438 4729 3670 4795 obsistit,

2087 4830 2413 4896 ignoramus,
2441 4827 2485 4878 si
2541 4825 2677 4879 bene
2730 4838 2833 4877 nos
2884 4822 3078 4891 arguit.
3127 4822 3231 4875 Per
3269 4822 3445 4874 omnia
3495 4831 3673 4873 tamen

2090 4919 2379 4971 voluntatis
2427 4923 2624 4971 nostra:
2667 4916 2951 4985 puritatem
3014 4913 3308 4979 legatorum
3354 4921 3673 4970 nostrorum

2091 5010 2337 5081 poteritis
2390 5009 2696 5063 narratione
2733 5019 3081 5075 cognoscere.
3132 5003 3371 5058 Petimus
3397 5014 3573 5057 autem
3620 5014 3679 5057 ut

2090 5149 2313 5213 bentur,
2348 5156 2403 5202 et
2425 5161 2543 5215 qure
2574 5145 2641 5198 de
2671 5142 2859 5197 eodem
2890 5140 3196 5215 scribentur
3221 5139 3354 5193 infra
3398 5138 3678 5215 manifeste

2091 5208 2508 5271 demonstratur.
2568 5214 2750 5283 Legati
2805 5228 2937 5281 quos
2987 5208 3666 5283 tnisit_fuerunt_alieni_a

2090 5289 2352 5342 catholica
2383 5276 2672 5349 religione:
2688 5276 3108 5349 defensttresque
3138 5279 3359 5334 hteresis
3390 5276 3676 5355 Eultyclniiaf

2092 5375 2205 5422 me;
2244 5347 2675 5424 ideoque—praeco
2700 5369 2764 5406 tte
2795 5347 3336 5424 ltoutamlvenerunt,
3370 5358 3423 5399 ιιι
3456 5348 3522 5414 (si
3558 5347 3674 5397 ﬁeri

2095 5429 2373 5495 potuisset)
2409 5422 2577 5491 ipsum
2623 5425 2958 5495 llnrmisdatn
2986 5422 3049 5474 ad
3080 5436 3201 5475 sua;
3228 5422 3461 5495 ipsorum
3496 5424 3676 5495 partes

2095 5485 2440 5551 adducerent.
2470 5502 2537 5550 At
2563 5495 2649 5549 ttbi
2684 5494 2798 5547 haec
2831 5494 2965 5547 adeo
3000 5497 3359 5556 inesSpectata
3393 5485 3673 5563 llorntistla

2096 5570 2383 5635 comperit,
2426 5566 2629 5633 legatos
2662 5581 2719 5618 re
2761 5564 2965 5637 infecta
2983 5563 3046 5637 ad
3085 5563 3460 5637 imperatorem
3500 5557 3676 5637 redire

2092 5627 2279 5705 jussit;
2306 5627 2415 5703 jam
2447 5627 2514 5690 de
2546 5636 2807 5689 Anastasii
2842 5632 3088 5705 perfidia,
3121 5630 3209 5679 ditt
3244 5627 3448 5705 pigrum
3481 5627 3677 5705 veritos

2097 5695 2214 5760 rum
2260 5695 2534 5761 in'volucro
2560 5706 2731 5759 velata
2760 5744 2774 5764 ,
2818 5704 3015 5757 certior
3047 5702 3236 5751 factus.
3282 5695 3403 5747 Iltec
3432 5702 3680 5748 constant

2099 5776 2230 5831 infra
2260 5792 2323 5833 ex
2356 5778 2577 5847 cpistola
2610 5774 2910 5831 llormisdaa
2944 5769 3009 5823 ad
3045 5768 3276 5821 Avitum.
3314 5765 3445 5820 δεν.
3480 5765 3679 5819 Βικιιέ.
