  <div class='ocr_page' id='page_1' title='image "/cluster/home/n/w/nwhite01/storage/ocr_20150623/63/hvd.32044073498792/197.png"; bbox 0 0 4262 6264; ppageno 0'>
   <div class='ocr_carea' id='block_1_1' title="bbox 652 376 755 433">
    <p class='ocr_par' dir='ltr' id='par_1_1' title="bbox 652 376 755 433">
     <span class='ocr_line' id='line_1_1' title="bbox 652 376 755 433; baseline 0.019 -2"><span class='ocrx_word' id='word_1_1' title='bbox 652 376 755 433; x_wconf 75' lang='grc'><strong>583</strong></span> 
     </span>
    </p>
   </div>
   <div class='ocr_carea' id='block_1_2' title="bbox 2017 398 2631 468">
    <p class='ocr_par' dir='ltr' id='par_1_2' title="bbox 2017 398 2631 468">
     <span class='ocr_line' id='line_1_2' title="bbox 2017 398 2631 468; baseline 0.026 -15"><span class='ocrx_word' id='word_1_2' title='bbox 2017 398 2381 460; x_wconf 70' lang='grc' dir='ltr'><strong>ΠΟΜΙΙΞΜΞ</strong></span> <span class='ocrx_word' id='word_1_3' title='bbox 2421 406 2501 467; x_wconf 77' lang='lat' dir='ltr'><strong>PA</strong></span> <span class='ocrx_word' id='word_1_4' title='bbox 2511 409 2631 468; x_wconf 56' lang='lat' dir='ltr'><strong>PA!</strong></span> 
     </span>
    </p>
   </div>
   <div class='ocr_carea' id='block_1_3' title="bbox 3797 435 3903 495">
    <p class='ocr_par' dir='ltr' id='par_1_3' title="bbox 3797 435 3903 495">
     <span class='ocr_line' id='line_1_3' title="bbox 3797 435 3903 495; baseline 0.019 -2"><span class='ocrx_word' id='word_1_5' title='bbox 3797 435 3903 495; x_wconf 60' lang='lat'><strong>384</strong></span> 
     </span>
    </p>
   </div>
   <div class='ocr_carea' id='block_1_4' title="bbox 651 494 3899 613">
    <p class='ocr_par' dir='ltr' id='par_1_4' title="bbox 651 494 3899 613">
     <span class='ocr_line' id='line_1_4' title="bbox 651 494 3899 613; baseline 0.017 -66"><span class='ocrx_word' id='word_1_6' title='bbox 651 507 747 563; x_wconf 89' lang='lat' dir='ltr'><strong>pro</strong></span> <span class='ocrx_word' id='word_1_7' title='bbox 776 494 929 550; x_wconf 82' lang='lat' dir='ltr'><strong>nobis</strong></span> <span class='ocrx_word' id='word_1_8' title='bbox 968 501 1293 566; x_wconf 80' lang='lat' dir='ltr'><strong>apostolatus</strong></span> <span class='ocrx_word' id='word_1_9' title='bbox 1340 512 1516 559; x_wconf 84' lang='lat' dir='ltr'><strong>vester</strong></span> <span class='ocrx_word' id='word_1_10' title='bbox 1562 519 1729 563; x_wconf 81' lang='lat' dir='ltr'><strong>orare</strong></span> <span class='ocrx_word' id='word_1_11' title='bbox 1760 505 2043 577; x_wconf 74' lang='lat' dir='ltr'><strong>dignetur:</strong></span> <span class='ocrx_word' id='word_1_12' title='bbox 2075 510 2214 579; x_wconf 90' lang='lat' dir='ltr'><strong>quod</strong></span> <span class='ocrx_word' id='word_1_13' title='bbox 2248 515 2289 571; x_wconf 85' lang='grc' dir='ltr'><strong>Α</strong></span> <span class='ocrx_word' id='word_1_14' title='bbox 2320 523 2663 577; x_wconf 75' lang='lat' dir='ltr'><strong>commendat</strong></span> <span class='ocrx_word' id='word_1_15' title='bbox 2710 523 2957 584; x_wconf 82' lang='lat' dir='ltr'><strong>intentio.</strong></span> <span class='ocrx_word' id='word_1_16' title='bbox 3011 527 3315 589; x_wconf 71' lang='lat' dir='ltr'><strong>Prudentia:</strong></span> <span class='ocrx_word' id='word_1_17' title='bbox 3359 533 3618 606; x_wconf 81' lang='lat' dir='ltr'><strong>siquidem</strong></span> <span class='ocrx_word' id='word_1_18' title='bbox 3667 548 3899 613; x_wconf 73' lang='lat' dir='ltr'><strong>speciale</strong></span> 
     </span>
     <span class='ocr_line' id='line_1_5' title="bbox 651 589 2354 613; baseline 0 0"><span class='ocrx_word' id='word_1_19' title='bbox 651 602 740 613; x_wconf 63' lang='grc' dir='ltr'><strong>..-η</strong></span> <span class='ocrx_word' id='word_1_20' title='bbox 786 589 965 613; x_wconf 69' lang='lat' dir='ltr'><strong>m..__.=</strong></span> <span class='ocrx_word' id='word_1_21' title='bbox 1023 593 1190 613; x_wconf 44' lang='grc' dir='ltr'>,ηιμ</span> <span class='ocrx_word' id='word_1_22' title='bbox 1487 597 1537 613; x_wconf 62' lang='lat'><strong>.,</strong></span> <span class='ocrx_word' id='word_1_23' title='bbox 1708 607 1719 613; x_wconf 83' lang='lat'><strong>-</strong></span> <span class='ocrx_word' id='word_1_24' title='bbox 1791 601 1801 611; x_wconf 92' lang='lat'><strong>.</strong></span> <span class='ocrx_word' id='word_1_25' title='bbox 2119 606 2129 613; x_wconf 92' lang='lat'><strong>.</strong></span> <span class='ocrx_word' id='word_1_26' title='bbox 2342 608 2354 613; x_wconf 84' lang='lat'>_</span> 
     </span>
    </p>
   </div>
   <div class='ocr_carea' id='block_1_5' title="bbox 650 589 2222 665">
    <p class='ocr_par' dir='ltr' id='par_1_5' title="bbox 650 589 2222 665">
     <span class='ocr_line' id='line_1_6' title="bbox 650 589 2222 665; baseline 0.011 -24"><span class='ocrx_word' id='word_1_27' title='bbox 650 602 743 641; x_wconf 89' lang='lat' dir='ltr'><strong>vos</strong></span> <span class='ocrx_word' id='word_1_28' title='bbox 786 589 969 644; x_wconf 74' lang='lat' dir='ltr'><strong>libenzi</strong></span> <span class='ocrx_word' id='word_1_29' title='bbox 1020 593 1199 647; x_wconf 88' lang='lat' dir='ltr'><strong>animo</strong></span> <span class='ocrx_word' id='word_1_30' title='bbox 1241 595 1434 659; x_wconf 78' lang='lat' dir='ltr'><strong>facere,</strong></span> <span class='ocrx_word' id='word_1_31' title='bbox 1487 597 1583 651; x_wconf 91' lang='lat' dir='ltr'><strong>hac</strong></span> <span class='ocrx_word' id='word_1_32' title='bbox 1634 601 1925 665; x_wconf 73' lang='lat' dir='ltr'><strong>poterimus</strong></span> <span class='ocrx_word' id='word_1_33' title='bbox 1992 606 2222 659; x_wconf 78' lang='lat' dir='ltr'><strong>maxime</strong></span> 
     </span>
    </p>
   </div>
   <div class='ocr_carea' id='block_1_6' title="bbox 648 680 2217 754">
    <p class='ocr_par' dir='ltr' id='par_1_6' title="bbox 648 680 2217 754">
     <span class='ocr_line' id='line_1_7' title="bbox 648 680 2217 754; baseline 0.014 -25"><span class='ocrx_word' id='word_1_34' title='bbox 648 680 852 732; x_wconf 83' lang='lat' dir='ltr'><strong>ratione</strong></span> <span class='ocrx_word' id='word_1_35' title='bbox 899 695 1264 748; x_wconf 75' lang='lat' dir='ltr'><strong>cognoscere,</strong></span> <span class='ocrx_word' id='word_1_36' title='bbox 1315 686 1357 739; x_wconf 89' lang='lat' dir='ltr'><strong>si</strong></span> <span class='ocrx_word' id='word_1_37' title='bbox 1414 687 1701 754; x_wconf 79' lang='lat' dir='ltr'><strong>perfectam</strong></span> <span class='ocrx_word' id='word_1_38' title='bbox 1753 693 1905 746; x_wconf 88' lang='lat' dir='ltr'><strong>nobis</strong></span> <span class='ocrx_word' id='word_1_39' title='bbox 1960 697 2217 751; x_wconf 61' lang='lat' dir='ltr'><strong>unitatem</strong></span> 
     </span>
    </p>
   </div>
   <div class='ocr_carea' id='block_1_7' title="bbox 647 767 2218 854">
    <p class='ocr_par' dir='ltr' id='par_1_7' title="bbox 647 767 2218 854">
     <span class='ocr_line' id='line_1_8' title="bbox 647 767 2218 854; baseline 0.013 -34"><span class='ocrx_word' id='word_1_40' title='bbox 647 767 1002 822; x_wconf 80' lang='lat' dir='ltr'><strong>Ecelesiarum</strong></span> <span class='ocrx_word' id='word_1_41' title='bbox 1034 772 1286 841; x_wconf 79' lang='lat' dir='ltr'><strong>dignatus</strong></span> <span class='ocrx_word' id='word_1_42' title='bbox 1326 777 1483 831; x_wconf 78' lang='lat' dir='ltr'><strong>fuerit</strong></span> <span class='ocrx_word' id='word_1_43' title='bbox 1528 779 1686 844; x_wconf 59' lang='lat' dir='ltr'><strong>Drus,</strong></span> <span class='ocrx_word' id='word_1_44' title='bbox 1713 782 1863 836; x_wconf 82' lang='lat' dir='ltr'><strong>vobis</strong></span> <span class='ocrx_word' id='word_1_45' title='bbox 1889 785 2218 854; x_wconf 89' lang='lat' dir='ltr'><strong>disponenti-</strong></span> 
     </span>
    </p>
   </div>
   <div class='ocr_carea' id='block_1_8' title="bbox 644 854 2218 942">
    <p class='ocr_par' dir='ltr' id='par_1_8' title="bbox 644 854 2218 942">
     <span class='ocr_line' id='line_1_9' title="bbox 644 854 2218 942; baseline 0.017 -35"><span class='ocrx_word' id='word_1_46' title='bbox 644 854 775 923; x_wconf 76' lang='lat' dir='ltr'><strong>bus,</strong></span> <span class='ocrx_word' id='word_1_47' title='bbox 808 859 1111 911; x_wconf 68' lang='lat' dir='ltr'><strong>condonare</strong></span> <span class='ocrx_word' id='word_1_48' title='bbox 1145 878 1159 915; x_wconf 90' lang='lat'><strong>:</strong></span> <span class='ocrx_word' id='word_1_49' title='bbox 1198 864 1339 917; x_wconf 89' lang='lat' dir='ltr'><strong>illam</strong></span> <span class='ocrx_word' id='word_1_50' title='bbox 1366 870 1508 921; x_wconf 80' lang='lat' dir='ltr'><strong>en&#39;m</strong></span> <span class='ocrx_word' id='word_1_51' title='bbox 1540 884 1635 924; x_wconf 80' lang='lat' dir='ltr'><strong>vox</strong></span> <span class='ocrx_word' id='word_1_52' title='bbox 1672 871 1762 925; x_wconf 89' lang='lat' dir='ltr'><strong>Dei</strong></span> <span class='ocrx_word' id='word_1_53' title='bbox 1799 888 2038 942; x_wconf 84' lang='lat' dir='ltr'><strong>magnam</strong></span> <span class='ocrx_word' id='word_1_54' title='bbox 2064 878 2218 932; x_wconf 81' lang='lat' dir='ltr'><strong>bene-</strong></span> 
     </span>
    </p>
   </div>
   <div class='ocr_carea' id='block_1_9' title="bbox 642 944 2210 1034">
    <p class='ocr_par' dir='ltr' id='par_1_9' title="bbox 642 944 2210 1034">
     <span class='ocr_line' id='line_1_10' title="bbox 642 944 2210 1034; baseline 0.015 -38"><span class='ocrx_word' id='word_1_55' title='bbox 642 944 926 1001; x_wconf 78' lang='lat' dir='ltr'><strong>dictionem</strong></span> <span class='ocrx_word' id='word_1_56' title='bbox 959 950 1296 1020; x_wconf 67' lang='lat' dir='ltr'><strong>diligentibus</strong></span> <span class='ocrx_word' id='word_1_57' title='bbox 1352 973 1409 1011; x_wconf 64' lang='lat' dir='ltr'><strong>st:</strong></span> <span class='ocrx_word' id='word_1_58' title='bbox 1455 964 1724 1015; x_wconf 82' lang='lat' dir='ltr'><strong>mandavit</strong></span> <span class='ocrx_word' id='word_1_59' title='bbox 1764 975 1923 1032; x_wconf 88' lang='lat' dir='ltr'><strong>atque</strong></span> <span class='ocrx_word' id='word_1_60' title='bbox 1975 968 2210 1034; x_wconf 70' lang='lat' dir='ltr'><strong>donavit,</strong></span> 
     </span>
    </p>
   </div>
   <div class='ocr_carea' id='block_1_10' title="bbox 640 1036 2213 1125">
    <p class='ocr_par' dir='ltr' id='par_1_10' title="bbox 640 1036 2213 1125">
     <span class='ocr_line' id='line_1_11' title="bbox 640 1036 2213 1125; baseline 0.017 -41"><span class='ocrx_word' id='word_1_61' title='bbox 640 1050 742 1101; x_wconf 90' lang='lat' dir='ltr'><strong>qua</strong></span> <span class='ocrx_word' id='word_1_62' title='bbox 782 1036 1071 1094; x_wconf 81' lang='lat' dir='ltr'><strong>declaravit</strong></span> <span class='ocrx_word' id='word_1_63' title='bbox 1098 1060 1111 1093; x_wconf 91' lang='lat'><strong>:</strong></span> <span class='ocrx_word' id='word_1_64' title='bbox 1148 1042 1331 1098; x_wconf 80' lang='lat' dir='ltr'><strong>Pacem</strong></span> <span class='ocrx_word' id='word_1_65' title='bbox 1362 1064 1524 1101; x_wconf 86' lang='lat' dir='ltr'><strong>meam</strong></span> <span class='ocrx_word' id='word_1_66' title='bbox 1555 1051 1619 1104; x_wconf 88' lang='lat' dir='ltr'><strong>do</strong></span> <span class='ocrx_word' id='word_1_67' title='bbox 1647 1054 1801 1119; x_wconf 79' lang='lat' dir='ltr'><strong>vobis,</strong></span> <span class='ocrx_word' id='word_1_68' title='bbox 1829 1072 2002 1125; x_wconf 82' lang='lat' dir='ltr'><strong>pacem</strong></span> <span class='ocrx_word' id='word_1_69' title='bbox 2054 1075 2163 1111; x_wconf 75' lang='lat' dir='ltr'><strong>mea</strong></span> <span class='ocrx_word' id='word_1_70' title='bbox 2182 1078 2213 1111; x_wconf 77' lang='grc' dir='ltr'><strong>ιι</strong></span> 
     </span>
    </p>
   </div>
   <div class='ocr_carea' id='block_1_11' title="bbox 638 1125 1363 1201">
    <p class='ocr_par' dir='ltr' id='par_1_11' title="bbox 638 1125 1363 1201">
     <span class='ocr_line' id='line_1_12' title="bbox 638 1125 1363 1201; baseline 0.017 -24"><span class='ocrx_word' id='word_1_71' title='bbox 638 1125 839 1181; x_wconf 75' lang='lat' dir='ltr'><strong>dimitto</strong></span> <span class='ocrx_word' id='word_1_72' title='bbox 863 1130 997 1183; x_wconf 75' lang='lat' dir='ltr'><strong>vobis</strong></span> <span class='ocrx_word' id='word_1_73' title='bbox 1024 1130 1203 1201; x_wconf 79' lang='lat' dir='ltr'><strong>(Joan.</strong></span> <span class='ocrx_word' id='word_1_74' title='bbox 1232 1137 1363 1200; x_wconf 80' lang='lat' dir='ltr'><strong>.vtv).</strong></span> 
     </span>
    </p>
   </div>
   <div class='ocr_carea' id='block_1_12' title="bbox 964 1212 1581 1284">
    <p class='ocr_par' dir='ltr' id='par_1_12' title="bbox 964 1212 1581 1284">
     <span class='ocr_line' id='line_1_13' title="bbox 964 1212 1581 1284; baseline 0.018 -11"><span class='ocrx_word' id='word_1_75' title='bbox 964 1212 965 1215; x_wconf 67' lang='grc'><em>“</em></span> <span class='ocrx_word' id='word_1_76' title='bbox 1259 1228 1402 1283; x_wconf 75' lang='grc' dir='ltr'><strong>Ενιδ</strong></span> <span class='ocrx_word' id='word_1_77' title='bbox 1421 1231 1433 1274; x_wconf 88' lang='lat' dir='ltr'><strong>t</strong></span> <span class='ocrx_word' id='word_1_78' title='bbox 1452 1228 1581 1284; x_wconf 73' lang='lat' dir='ltr'><strong>OLA</strong></span> 
     </span>
    </p>
   </div>
   <div class='ocr_carea' id='block_1_13' title="bbox 751 1325 2091 1383">
    <p class='ocr_par' dir='ltr' id='par_1_13' title="bbox 751 1325 2091 1383">
     <span class='ocr_line' id='line_1_14' title="bbox 751 1325 2091 1383; baseline 0.014 -19"><span class='ocrx_word' id='word_1_79' title='bbox 751 1325 1017 1368; x_wconf 65' lang='grc' dir='ltr'><strong>ΑΝΑετΑειι</strong></span> <span class='ocrx_word' id='word_1_80' title='bbox 1060 1330 1408 1373; x_wconf 56' lang='grc' dir='ltr'>ιιιιιειιδτθιιιε</span> <span class='ocrx_word' id='word_1_81' title='bbox 1451 1339 1514 1374; x_wconf 76' lang='grc' dir='ltr'><strong>Αἰ)</strong></span> <span class='ocrx_word' id='word_1_82' title='bbox 1561 1339 1857 1380; x_wconf 53' lang='grc' dir='ltr'>ιιοιιιιιμωιι</span> <span class='ocrx_word' id='word_1_83' title='bbox 1901 1345 1929 1380; x_wconf 85' lang='grc' dir='ltr'><strong>Ρ</strong></span> <span class='ocrx_word' id='word_1_84' title='bbox 1968 1345 2091 1383; x_wconf 67' lang='lat' dir='ltr'><strong>P&#39;M.</strong></span> 
     </span>
    </p>
   </div>
   <div class='ocr_carea' id='block_1_14' title="bbox 639 1396 2210 1484">
    <p class='ocr_par' dir='ltr' id='par_1_14' title="bbox 639 1396 2210 1484">
     <span class='ocr_line' id='line_1_15' title="bbox 639 1396 2210 1484; baseline 0.013 -33"><span class='ocrx_word' id='word_1_85' title='bbox 639 1396 1099 1484; x_wconf 75' lang='lat' dir='ltr'><strong>TlteOpontpum._eI</strong></span> <span class='ocrx_word' id='word_1_86' title='bbox 1138 1407 1463 1462; x_wconf 57' lang='lat' dir='ltr'><strong>Severianum</strong></span> <span class='ocrx_word' id='word_1_87' title='bbox 1490 1410 1739 1484; x_wconf 47' lang='lat' dir='ltr'><strong>ﬂamines</strong></span> <span class='ocrx_word' id='word_1_88' title='bbox 1781 1418 1937 1471; x_wconf 50' lang='lat' dir='ltr'><strong>laico:</strong></span> <span class='ocrx_word' id='word_1_89' title='bbox 1961 1459 1976 1481; x_wconf 85' lang='lat'><strong>,</strong></span> <span class='ocrx_word' id='word_1_90' title='bbox 2020 1422 2210 1484; x_wconf 72' lang='lat' dir='ltr'><strong>legatos</strong></span> 
     </span>
    </p>
   </div>
   <div class='ocr_carea' id='block_1_15' title="bbox 704 1472 2210 1552">
    <p class='ocr_par' dir='ltr' id='par_1_15' title="bbox 704 1472 2210 1552">
     <span class='ocr_line' id='line_1_16' title="bbox 704 1472 2210 1552; baseline 0.016 -33"><span class='ocrx_word' id='word_1_91' title='bbox 704 1487 802 1535; x_wconf 80' lang='lat' dir='ltr'><strong>pou</strong></span> <span class='ocrx_word' id='word_1_92' title='bbox 876 1474 928 1522; x_wconf 69' lang='grc' dir='ltr'><strong>ἐἰ</strong></span> <span class='ocrx_word' id='word_1_93' title='bbox 973 1474 1039 1524; x_wconf 87' lang='lat' dir='ltr'><strong>ad</strong></span> <span class='ocrx_word' id='word_1_94' title='bbox 1078 1478 1394 1531; x_wconf 58' lang='lat' dir='ltr'><strong>salutationis</strong></span> <span class='ocrx_word' id='word_1_95' title='bbox 1439 1481 1691 1548; x_wconf 73' lang='lat' dir='ltr'><strong>o/ﬁcium,</strong></span> <span class='ocrx_word' id='word_1_96' title='bbox 1734 1496 1779 1536; x_wconf 87' lang='lat' dir='ltr'><strong>et</strong></span> <span class='ocrx_word' id='word_1_97' title='bbox 1821 1472 1995 1552; x_wconf 62' lang='lat' dir='ltr'><strong>pacarit</strong></span> <span class='ocrx_word' id='word_1_98' title='bbox 2037 1476 2210 1542; x_wconf 72' lang='lat' dir='ltr'><strong>remi-</strong></span> 
     </span>
    </p>
   </div>
   <div class='ocr_carea' id='block_1_16' title="bbox 703 1540 1127 1597">
    <p class='ocr_par' dir='ltr' id='par_1_16' title="bbox 703 1540 1127 1597">
     <span class='ocr_line' id='line_1_17' title="bbox 703 1540 1127 1597; baseline 0.012 -7"><span class='ocrx_word' id='word_1_99' title='bbox 703 1540 926 1593; x_wconf 81' lang='lat' dir='ltr'><strong>licndam</strong></span> <span class='ocrx_word' id='word_1_100' title='bbox 959 1559 1004 1594; x_wconf 82' lang='grc' dir='ltr'>ιη</span> <span class='ocrx_word' id='word_1_101' title='bbox 1020 1546 1127 1597; x_wconf 73' lang='lat' dir='ltr'><strong>‘ttit.</strong></span> 
     </span>
    </p>
   </div>
   <div class='ocr_carea' id='block_1_17' title="bbox 704 1634 2207 1715">
    <p class='ocr_par' dir='ltr' id='par_1_17' title="bbox 704 1634 2207 1715">
     <span class='ocr_line' id='line_1_18' title="bbox 704 1634 2207 1715; baseline 0.015 -33"><span class='ocrx_word' id='word_1_102' title='bbox 704 1634 1010 1686; x_wconf 76' lang='lat' dir='ltr'><strong>Anasta~ius</strong></span> <span class='ocrx_word' id='word_1_103' title='bbox 1061 1638 1208 1706; x_wconf 80' lang='lat' dir='ltr'><strong>Angit</strong></span> <span class='ocrx_word' id='word_1_104' title='bbox 1246 1646 1327 1693; x_wconf 91' lang='lat' dir='ltr'><strong>tus</strong></span> <span class='ocrx_word' id='word_1_105' title='bbox 1370 1640 1664 1698; x_wconf 73' lang='lat' dir='ltr'><strong>llormisdze</strong></span> <span class='ocrx_word' id='word_1_106' title='bbox 1711 1662 1859 1714; x_wconf 68' lang='lat' dir='ltr'><strong>papa!</strong></span> <span class='ocrx_word' id='word_1_107' title='bbox 1902 1664 1994 1715; x_wconf 91' lang='lat' dir='ltr'><strong>per</strong></span> <span class='ocrx_word' id='word_1_108' title='bbox 2032 1648 2207 1704; x_wconf 86' lang='lat' dir='ltr'><strong>Theo-</strong></span> 
     </span>
    </p>
   </div>
   <div class='ocr_carea' id='block_1_18' title="bbox 632 1727 1895 1790">
    <p class='ocr_par' dir='ltr' id='par_1_18' title="bbox 632 1727 1895 1790">
     <span class='ocr_line' id='line_1_19' title="bbox 632 1727 1895 1790; baseline 0.017 -21"><span class='ocrx_word' id='word_1_109' title='bbox 632 1735 880 1789; x_wconf 86' lang='lat' dir='ltr'><strong>pompum</strong></span> <span class='ocrx_word' id='word_1_110' title='bbox 911 1734 958 1776; x_wconf 90' lang='lat' dir='ltr'><strong>et</strong></span> <span class='ocrx_word' id='word_1_111' title='bbox 989 1727 1329 1781; x_wconf 81' lang='lat' dir='ltr'><strong>Severianum</strong></span> <span class='ocrx_word' id='word_1_112' title='bbox 1376 1732 1517 1785; x_wconf 86' lang='lat' dir='ltr'><strong>viros</strong></span> <span class='ocrx_word' id='word_1_113' title='bbox 1547 1732 1895 1790; x_wconf 87' lang='lat' dir='ltr'><strong>clarissimos.</strong></span> 
     </span>
    </p>
   </div>
   <div class='ocr_carea' id='block_1_19' title="bbox 699 1814 2273 1922">
    <p class='ocr_par' dir='ltr' id='par_1_19' title="bbox 699 1814 2273 1922">
     <span class='ocr_line' id='line_1_20' title="bbox 699 1814 2273 1922; baseline 0.011 -55"><span class='ocrx_word' id='word_1_114' title='bbox 699 1814 887 1869; x_wconf 90' lang='lat' dir='ltr'><strong>Omnia</strong></span> <span class='ocrx_word' id='word_1_115' title='bbox 912 1833 1028 1881; x_wconf 65' lang='lat' dir='ltr'><strong>quae</strong></span> <span class='ocrx_word' id='word_1_116' title='bbox 1061 1819 1353 1889; x_wconf 80' lang='lat' dir='ltr'><strong>benignitas</strong></span> <span class='ocrx_word' id='word_1_117' title='bbox 1379 1826 1681 1888; x_wconf 73' lang='lat' dir='ltr'><strong>eonceperit</strong></span> <span class='ocrx_word' id='word_1_118' title='bbox 1710 1829 2026 1893; x_wconf 87' lang='lat' dir='ltr'><strong>animorum,</strong></span> <span class='ocrx_word' id='word_1_119' title='bbox 2057 1831 2197 1884; x_wconf 87' lang='lat' dir='ltr'><strong>duh-i</strong></span> <span class='ocrx_word' id='word_1_120' title='bbox 2234 1865 2273 1922; x_wconf 71' lang='grc' dir='ltr'><strong><em>Β</em></strong></span> 
     </span>
    </p>
   </div>
   <div class='ocr_carea' id='block_1_20' title="bbox 628 1905 2197 1983">
    <p class='ocr_par' dir='ltr' id='par_1_20' title="bbox 628 1905 2197 1983">
     <span class='ocr_line' id='line_1_21' title="bbox 628 1905 2197 1983; baseline 0.011 -25"><span class='ocrx_word' id='word_1_121' title='bbox 628 1905 825 1958; x_wconf 85' lang='lat' dir='ltr'><strong>ambitu</strong></span> <span class='ocrx_word' id='word_1_122' title='bbox 849 1917 899 1959; x_wconf 90' lang='lat' dir='ltr'><strong>et</strong></span> <span class='ocrx_word' id='word_1_123' title='bbox 924 1907 1260 1965; x_wconf 70' lang='lat' dir='ltr'><strong>festinatione</strong></span> <span class='ocrx_word' id='word_1_124' title='bbox 1285 1912 1530 1966; x_wconf 75' lang='lat' dir='ltr'><strong>laudabili</strong></span> <span class='ocrx_word' id='word_1_125' title='bbox 1558 1928 1946 1983; x_wconf 79' lang='lat' dir='ltr'><strong>propagantur;</strong></span> <span class='ocrx_word' id='word_1_126' title='bbox 1982 1935 2077 1973; x_wconf 71' lang='lat' dir='ltr'><strong>nec</strong></span> <span class='ocrx_word' id='word_1_127' title='bbox 2098 1921 2197 1975; x_wconf 89' lang='lat' dir='ltr'><strong>sibi</strong></span> 
     </span>
    </p>
   </div>
   <div class='ocr_carea' id='block_1_21' title="bbox 628 1998 2196 2071">
    <p class='ocr_par' dir='ltr' id='par_1_21' title="bbox 628 1998 2196 2071">
     <span class='ocr_line' id='line_1_22' title="bbox 628 1998 2196 2071; baseline 0.011 -25"><span class='ocrx_word' id='word_1_128' title='bbox 628 1998 867 2061; x_wconf 62' lang='lat' dir='ltr'><strong>requiem</strong></span> <span class='ocrx_word' id='word_1_129' title='bbox 902 2007 1085 2063; x_wconf 81' lang='lat' dir='ltr'><strong>putant</strong></span> <span class='ocrx_word' id='word_1_130' title='bbox 1130 2014 1282 2067; x_wconf 90' lang='lat' dir='ltr'><strong>posse</strong></span> <span class='ocrx_word' id='word_1_131' title='bbox 1329 2006 1567 2070; x_wconf 73' lang='lat' dir='ltr'><strong>prmstari</strong></span> <span class='ocrx_word' id='word_1_132' title='bbox 1600 2047 1614 2071; x_wconf 89' lang='lat'><strong>,</strong></span> <span class='ocrx_word' id='word_1_133' title='bbox 1657 2006 1825 2060; x_wconf 86' lang='lat' dir='ltr'><strong>donec</strong></span> <span class='ocrx_word' id='word_1_134' title='bbox 1859 2009 1921 2060; x_wconf 77' lang='lat' dir='ltr'><strong>ad</strong></span> <span class='ocrx_word' id='word_1_135' title='bbox 1951 2009 2196 2064; x_wconf 85' lang='lat' dir='ltr'><strong>ell&#39;ectum</strong></span> 
     </span>
    </p>
   </div>
   <div class='ocr_carea' id='block_1_22' title="bbox 625 2086 2198 2167">
    <p class='ocr_par' dir='ltr' id='par_1_22' title="bbox 625 2086 2198 2167">
     <span class='ocr_line' id='line_1_23' title="bbox 625 2086 2198 2167; baseline 0.01 -29"><span class='ocrx_word' id='word_1_136' title='bbox 625 2086 1033 2141; x_wconf 84' lang='lat' dir='ltr'><strong>saluberrimum</strong></span> <span class='ocrx_word' id='word_1_137' title='bbox 1061 2092 1358 2147; x_wconf 87' lang='lat' dir='ltr'><strong>desiderata</strong></span> <span class='ocrx_word' id='word_1_138' title='bbox 1402 2095 1765 2160; x_wconf 74' lang='lat' dir='ltr'><strong>perduxerint.</strong></span> <span class='ocrx_word' id='word_1_139' title='bbox 1802 2098 1863 2151; x_wconf 75' lang='lat' dir='ltr'><strong>Et</strong></span> <span class='ocrx_word' id='word_1_140' title='bbox 1894 2108 2017 2151; x_wconf 89' lang='lat' dir='ltr'><strong>tunc</strong></span> <span class='ocrx_word' id='word_1_141' title='bbox 2055 2116 2198 2167; x_wconf 62' lang='lat' dir='ltr'><strong>quae-</strong></span> 
     </span>
    </p>
   </div>
   <div class='ocr_carea' id='block_1_23' title="bbox 624 2176 2194 2257">
    <p class='ocr_par' dir='ltr' id='par_1_23' title="bbox 624 2176 2194 2257">
     <span class='ocr_line' id='line_1_24' title="bbox 624 2176 2194 2257; baseline 0.009 -28"><span class='ocrx_word' id='word_1_142' title='bbox 624 2176 741 2229; x_wconf 90' lang='lat' dir='ltr'><strong>dam</strong></span> <span class='ocrx_word' id='word_1_143' title='bbox 775 2177 935 2245; x_wconf 86' lang='lat' dir='ltr'><strong>ipsius</strong></span> <span class='ocrx_word' id='word_1_144' title='bbox 966 2180 1317 2236; x_wconf 78' lang='lat' dir='ltr'><strong>festinationis</strong></span> <span class='ocrx_word' id='word_1_145' title='bbox 1363 2184 1429 2236; x_wconf 78' lang='lat' dir='ltr'><strong>ﬁt</strong></span> <span class='ocrx_word' id='word_1_146' title='bbox 1456 2188 1665 2255; x_wconf 79' lang='lat' dir='ltr'><strong>requies</strong></span> <span class='ocrx_word' id='word_1_147' title='bbox 1689 2226 1703 2250; x_wconf 94' lang='lat'><strong>,</strong></span> <span class='ocrx_word' id='word_1_148' title='bbox 1744 2187 1867 2239; x_wconf 65' lang='lat' dir='ltr'><strong>dum</strong></span> <span class='ocrx_word' id='word_1_149' title='bbox 1915 2190 2194 2257; x_wconf 67' lang='lat' dir='ltr'><strong>conligi-rit</strong></span> 
     </span>
    </p>
   </div>
   <div class='ocr_carea' id='block_1_24' title="bbox 622 2272 2195 2342">
    <p class='ocr_par' dir='ltr' id='par_1_24' title="bbox 622 2272 2195 2342">
     <span class='ocr_line' id='line_1_25' title="bbox 622 2272 2195 2342; baseline 0.011 -24"><span class='ocrx_word' id='word_1_150' title='bbox 622 2278 743 2332; x_wconf 81' lang='lat' dir='ltr'><strong>spes</strong></span> <span class='ocrx_word' id='word_1_151' title='bbox 773 2277 1036 2322; x_wconf 85' lang='lat' dir='ltr'><strong>votorum.</strong></span> <span class='ocrx_word' id='word_1_152' title='bbox 1090 2272 1250 2337; x_wconf 77' lang='lat' dir='ltr'><strong>Quod</strong></span> <span class='ocrx_word' id='word_1_153' title='bbox 1282 2274 1334 2327; x_wconf 90' lang='lat' dir='ltr'><strong>in</strong></span> <span class='ocrx_word' id='word_1_154' title='bbox 1382 2279 1628 2342; x_wconf 76' lang='lat' dir='ltr'><strong>prmsenti</strong></span> <span class='ocrx_word' id='word_1_155' title='bbox 1677 2293 1773 2330; x_wconf 87' lang='lat' dir='ltr'><strong>nos</strong></span> <span class='ocrx_word' id='word_1_156' title='bbox 1802 2289 1943 2332; x_wconf 88' lang='lat' dir='ltr'><strong>certa</strong></span> <span class='ocrx_word' id='word_1_157' title='bbox 1990 2282 2195 2336; x_wconf 73' lang='lat' dir='ltr'><strong>nitime</strong></span> 
     </span>
    </p>
   </div>
   <div class='ocr_carea' id='block_1_25' title="bbox 621 2359 2192 2439">
    <p class='ocr_par' dir='ltr' id='par_1_25' title="bbox 621 2359 2192 2439">
     <span class='ocr_line' id='line_1_26' title="bbox 621 2359 2192 2439; baseline 0.013 -30"><span class='ocrx_word' id='word_1_158' title='bbox 621 2359 967 2425; x_wconf 42' lang='lat' dir='ltr'><strong>pertul&#39;mus,</strong></span> <span class='ocrx_word' id='word_1_159' title='bbox 998 2362 1170 2419; x_wconf 81' lang='lat' dir='ltr'><strong>donec</strong></span> <span class='ocrx_word' id='word_1_160' title='bbox 1200 2366 1436 2420; x_wconf 64' lang='lat' dir='ltr'><strong>caelestis</strong></span> <span class='ocrx_word' id='word_1_161' title='bbox 1469 2367 1616 2422; x_wconf 74' lang='lat' dir='ltr'><strong>favor</strong></span> <span class='ocrx_word' id='word_1_162' title='bbox 1647 2379 1699 2423; x_wconf 88' lang='lat' dir='ltr'><strong>et</strong></span> <span class='ocrx_word' id='word_1_163' title='bbox 1728 2381 1923 2425; x_wconf 70' lang='lat' dir='ltr'><strong>nostra:</strong></span> <span class='ocrx_word' id='word_1_164' title='bbox 1956 2375 2192 2439; x_wconf 70' lang='lat' dir='ltr'><strong>[lt‘liliO-ti</strong></span> 
     </span>
    </p>
   </div>
   <div class='ocr_carea' id='block_1_26' title="bbox 619 2441 2190 2522">
    <p class='ocr_par' dir='ltr' id='par_1_26' title="bbox 619 2441 2190 2522">
     <span class='ocr_line' id='line_1_27' title="bbox 619 2441 2190 2522; baseline 0.011 -21"><span class='ocrx_word' id='word_1_165' title='bbox 619 2449 877 2514; x_wconf 71' lang='lat' dir='ltr'><strong>auditum,</strong></span> <span class='ocrx_word' id='word_1_166' title='bbox 907 2464 957 2505; x_wconf 81' lang='lat' dir='ltr'><strong>et</strong></span> <span class='ocrx_word' id='word_1_167' title='bbox 982 2463 1170 2508; x_wconf 67' lang='lat' dir='ltr'><strong>vestrm</strong></span> <span class='ocrx_word' id='word_1_168' title='bbox 1201 2441 1427 2522; x_wconf 81' lang='lat' dir='ltr'><strong>promiss</strong></span> <span class='ocrx_word' id='word_1_169' title='bbox 1451 2460 1567 2513; x_wconf 90' lang='lat' dir='ltr'><strong>onis</strong></span> <span class='ocrx_word' id='word_1_170' title='bbox 1595 2475 1842 2514; x_wconf 64' lang='lat' dir='ltr'><strong>Serenum</strong></span> <span class='ocrx_word' id='word_1_171' title='bbox 1870 2462 2032 2517; x_wconf 76' lang='lat' dir='ltr'><strong>doiiet</strong></span> <span class='ocrx_word' id='word_1_172' title='bbox 2060 2465 2190 2518; x_wconf 71' lang='lat' dir='ltr'><strong>ell‘e~</strong></span> 
     </span>
    </p>
   </div>
   <div class='ocr_carea' id='block_1_27' title="bbox 618 2542 2191 2623">
    <p class='ocr_par' dir='ltr' id='par_1_27' title="bbox 618 2542 2191 2623">
     <span class='ocr_line' id='line_1_28' title="bbox 618 2542 2191 2623; baseline 0.013 -31"><span class='ocrx_word' id='word_1_173' title='bbox 618 2549 781 2592; x_wconf 90' lang='lat' dir='ltr'><strong>ctum.</strong></span> <span class='ocrx_word' id='word_1_174' title='bbox 832 2542 969 2611; x_wconf 81' lang='lat' dir='ltr'><strong>Ergo</strong></span> <span class='ocrx_word' id='word_1_175' title='bbox 998 2550 1116 2613; x_wconf 72' lang='lat' dir='ltr'><strong>quia</strong></span> <span class='ocrx_word' id='word_1_176' title='bbox 1155 2548 1232 2599; x_wconf 92' lang='lat' dir='ltr'><strong>vel</strong></span> <span class='ocrx_word' id='word_1_177' title='bbox 1275 2550 1505 2602; x_wconf 80' lang='lat' dir='ltr'><strong>maxima</strong></span> <span class='ocrx_word' id='word_1_178' title='bbox 1551 2551 1756 2606; x_wconf 87' lang='lat' dir='ltr'><strong>itineris</strong></span> <span class='ocrx_word' id='word_1_179' title='bbox 1800 2554 2104 2623; x_wconf 80' lang='lat' dir='ltr'><strong>longitudo,</strong></span> <span class='ocrx_word' id='word_1_180' title='bbox 2137 2566 2191 2612; x_wconf 77' lang='lat' dir='ltr'><strong>et</strong></span> 
     </span>
    </p>
   </div>
   <div class='ocr_carea' id='block_1_28' title="bbox 618 2632 2190 2718">
    <p class='ocr_par' dir='ltr' id='par_1_28' title="bbox 618 2632 2190 2718">
     <span class='ocr_line' id='line_1_29' title="bbox 618 2632 2190 2718; baseline 0.013 -35"><span class='ocrx_word' id='word_1_181' title='bbox 618 2632 997 2688; x_wconf 61' lang='lat' dir='ltr'><strong>ultra&#39;solitntn</strong></span> <span class='ocrx_word' id='word_1_182' title='bbox 1028 2654 1226 2691; x_wconf 88' lang='lat' dir='ltr'><strong>morem</strong></span> <span class='ocrx_word' id='word_1_183' title='bbox 1270 2641 1509 2696; x_wconf 78' lang='lat' dir='ltr'><strong>hiemalis</strong></span> <span class='ocrx_word' id='word_1_184' title='bbox 1540 2647 1830 2712; x_wconf 75' lang='lat' dir='ltr'><strong>asperitas.</strong></span> <span class='ocrx_word' id='word_1_185' title='bbox 1870 2651 2007 2715; x_wconf 90' lang='lat' dir='ltr'><strong>quod</strong></span> <span class='ocrx_word' id='word_1_186' title='bbox 2041 2661 2190 2718; x_wconf 56' lang='lat' dir='ltr'><strong>cpta-</strong></span> 
     </span>
    </p>
   </div>
   <div class='ocr_carea' id='block_1_29' title="bbox 615 2719 2187 2798">
    <p class='ocr_par' dir='ltr' id='par_1_29' title="bbox 615 2719 2187 2798">
     <span class='ocr_line' id='line_1_30' title="bbox 615 2719 2187 2798; baseline 0.011 -21"><span class='ocrx_word' id='word_1_187' title='bbox 615 2719 799 2777; x_wconf 85' lang='lat' dir='ltr'><strong>bamus</strong></span> <span class='ocrx_word' id='word_1_188' title='bbox 824 2764 840 2789; x_wconf 92' lang='lat'><strong>,</strong></span> <span class='ocrx_word' id='word_1_189' title='bbox 885 2727 1037 2781; x_wconf 88' lang='lat' dir='ltr'><strong>nobis</strong></span> <span class='ocrx_word' id='word_1_190' title='bbox 1077 2729 1201 2783; x_wconf 72' lang='lat' dir='ltr'><strong>fecit</strong></span> <span class='ocrx_word' id='word_1_191' title='bbox 1241 2732 1496 2787; x_wconf 88' lang='lat' dir='ltr'><strong>incertum</strong></span> <span class='ocrx_word' id='word_1_192' title='bbox 1524 2776 1538 2798; x_wconf 90' lang='lat'><strong>,</strong></span> <span class='ocrx_word' id='word_1_193' title='bbox 1572 2735 1783 2791; x_wconf 87' lang='lat' dir='ltr'><strong>interim</strong></span> <span class='ocrx_word' id='word_1_194' title='bbox 1815 2739 1952 2792; x_wconf 89' lang='lat' dir='ltr'><strong>intra</strong></span> <span class='ocrx_word' id='word_1_195' title='bbox 1981 2742 2187 2795; x_wconf 84' lang='lat' dir='ltr'><strong>animos</strong></span> 
     </span>
    </p>
   </div>
   <div class='ocr_carea' id='block_1_30' title="bbox 613 2811 2182 2897">
    <p class='ocr_par' dir='ltr' id='par_1_30' title="bbox 613 2811 2182 2897">
     <span class='ocr_line' id='line_1_31' title="bbox 613 2811 2182 2897; baseline 0.012 -31"><span class='ocrx_word' id='word_1_196' title='bbox 613 2811 907 2869; x_wconf 59' lang='lat' dir='ltr'><strong>desiderati:</strong></span> <span class='ocrx_word' id='word_1_197' title='bbox 942 2821 1380 2886; x_wconf 85' lang='lat' dir='ltr'><strong>compressitnus,</strong></span> <span class='ocrx_word' id='word_1_198' title='bbox 1407 2824 1660 2879; x_wconf 78' lang='lat' dir='ltr'><strong>beneﬁcia</strong></span> <span class='ocrx_word' id='word_1_199' title='bbox 1685 2829 1856 2882; x_wconf 88' lang='lat' dir='ltr'><strong>divina</strong></span> <span class='ocrx_word' id='word_1_200' title='bbox 1886 2839 2182 2897; x_wconf 78' lang='lat' dir='ltr'><strong>captan‘es,</strong></span> 
     </span>
    </p>
   </div>
   <div class='ocr_carea' id='block_1_31' title="bbox 612 2905 2182 2986">
    <p class='ocr_par' dir='ltr' id='par_1_31' title="bbox 612 2905 2182 2986">
     <span class='ocr_line' id='line_1_32' title="bbox 612 2905 2182 2986; baseline 0.015 -33"><span class='ocrx_word' id='word_1_201' title='bbox 612 2917 729 2972; x_wconf 68' lang='lat' dir='ltr'><strong>qum</strong></span> <span class='ocrx_word' id='word_1_202' title='bbox 772 2905 923 2960; x_wconf 75' lang='lat' dir='ltr'><strong>bona:</strong></span> <span class='ocrx_word' id='word_1_203' title='bbox 970 2909 1143 2963; x_wconf 67' lang='lat' dir='ltr'><strong>exitus</strong></span> <span class='ocrx_word' id='word_1_204' title='bbox 1193 2913 1267 2966; x_wconf 84' lang='lat' dir='ltr'><strong>tei</strong></span> <span class='ocrx_word' id='word_1_205' title='bbox 1314 2927 1407 2967; x_wconf 91' lang='lat' dir='ltr'><strong>sua</strong></span> <span class='ocrx_word' id='word_1_206' title='bbox 1458 2916 1863 2986; x_wconf 74' lang='lat' dir='ltr'><strong>interpositione</strong></span> <span class='ocrx_word' id='word_1_207' title='bbox 1909 2922 2182 2977; x_wconf 88' lang='lat' dir='ltr'><strong>decidunt.</strong></span> 
     </span>
    </p>
   </div>
   <div class='ocr_carea' id='block_1_32' title="bbox 609 2995 2180 3081">
    <p class='ocr_par' dir='ltr' id='par_1_32' title="bbox 609 2995 2180 3081">
     <span class='ocr_line' id='line_1_33' title="bbox 609 2995 2180 3081; baseline 0.015 -36"><span class='ocrx_word' id='word_1_208' title='bbox 609 2995 974 3060; x_wconf 79' lang='lat' dir='ltr'><strong>Agnosceutes</strong></span> <span class='ocrx_word' id='word_1_209' title='bbox 1005 3000 1166 3063; x_wconf 82' lang='lat' dir='ltr'><strong>igitur</strong></span> <span class='ocrx_word' id='word_1_210' title='bbox 1194 3004 1333 3069; x_wconf 86' lang='lat' dir='ltr'><strong>quod</strong></span> <span class='ocrx_word' id='word_1_211' title='bbox 1361 3004 1476 3073; x_wconf 69' lang='lat' dir='ltr'><strong>ejus</strong></span> <span class='ocrx_word' id='word_1_212' title='bbox 1514 3008 1734 3074; x_wconf 87' lang='lat' dir='ltr'><strong>primam</strong></span> <span class='ocrx_word' id='word_1_213' title='bbox 1767 3011 1918 3065; x_wconf 88' lang='lat' dir='ltr'><strong>nobis</strong></span> <span class='ocrx_word' id='word_1_214' title='bbox 1959 3015 2180 3081; x_wconf 75' lang='lat' dir='ltr'><strong>gratiam</strong></span> 
     </span>
    </p>
   </div>
   <div class='ocr_carea' id='block_1_33' title="bbox 608 3085 2180 3164">
    <p class='ocr_par' dir='ltr' id='par_1_33' title="bbox 608 3085 2180 3164">
     <span class='ocr_line' id='line_1_34' title="bbox 608 3085 2180 3164; baseline 0.016 -30"><span class='ocrx_word' id='word_1_215' title='bbox 608 3085 951 3148; x_wconf 72' lang='lat' dir='ltr'><strong>condonavet,</strong></span> <span class='ocrx_word' id='word_1_216' title='bbox 986 3098 1041 3141; x_wconf 82' lang='grc' dir='ltr'><strong>ιιι</strong></span> <span class='ocrx_word' id='word_1_217' title='bbox 1073 3091 1233 3145; x_wconf 84' lang='lat' dir='ltr'><strong>inissa</strong></span> <span class='ocrx_word' id='word_1_218' title='bbox 1263 3094 1327 3146; x_wconf 88' lang='lat' dir='ltr'><strong>ad</strong></span> <span class='ocrx_word' id='word_1_219' title='bbox 1362 3110 1458 3147; x_wconf 79' lang='lat' dir='ltr'><strong>nos</strong></span> <span class='ocrx_word' id='word_1_220' title='bbox 1491 3099 1679 3164; x_wconf 76' lang='lat' dir='ltr'><strong>legatio</strong></span> <span class='ocrx_word' id='word_1_221' title='bbox 1708 3099 1771 3151; x_wconf 91' lang='lat' dir='ltr'><strong>ad</strong></span> <span class='ocrx_word' id='word_1_222' title='bbox 1806 3100 2180 3159; x_wconf 71' lang='lat' dir='ltr'><strong>beatitudinem</strong></span> 
     </span>
    </p>
   </div>
   <div class='ocr_carea' id='block_1_34' title="bbox 608 3179 2255 3289">
    <p class='ocr_par' dir='ltr' id='par_1_34' title="bbox 608 3179 2255 3289">
     <span class='ocr_line' id='line_1_35' title="bbox 608 3179 2255 3289; baseline 0.018 -62"><span class='ocrx_word' id='word_1_223' title='bbox 608 3183 750 3230; x_wconf 89' lang='lat' dir='ltr'><strong>tuam</strong></span> <span class='ocrx_word' id='word_1_224' title='bbox 792 3179 1019 3235; x_wconf 76' lang='lat' dir='ltr'><strong>feliciter</strong></span> <span class='ocrx_word' id='word_1_225' title='bbox 1048 3197 1343 3252; x_wconf 79' lang='lat' dir='ltr'><strong>remearet,</strong></span> <span class='ocrx_word' id='word_1_226' title='bbox 1384 3188 1447 3242; x_wconf 84' lang='lat' dir='ltr'><strong>ad</strong></span> <span class='ocrx_word' id='word_1_227' title='bbox 1480 3192 1762 3247; x_wconf 66' lang='lat' dir='ltr'><strong>scottndlm</strong></span> <span class='ocrx_word' id='word_1_228' title='bbox 1799 3200 2174 3265; x_wconf 79' lang='lat' dir='ltr'><strong>processimus,</strong></span> <span class='ocrx_word' id='word_1_229' title='bbox 2206 3225 2255 3289; x_wconf 73' lang='grc' dir='ltr'>ο</span> 
     </span>
    </p>
   </div>
   <div class='ocr_carea' id='block_1_35' title="bbox 617 3270 2182 3358">
    <p class='ocr_par' dir='ltr' id='par_1_35' title="bbox 617 3270 2182 3358">
     <span class='ocr_line' id='line_1_36' title="bbox 617 3270 2182 3358; baseline 0.014 -35"><span class='ocrx_word' id='word_1_230' title='bbox 617 3277 666 3323; x_wconf 69' lang='grc' dir='ltr'><strong>ιι</strong></span> <span class='ocrx_word' id='word_1_231' title='bbox 691 3270 1010 3339; x_wconf 77' lang='lat' dir='ltr'><strong>dirigeretar</strong></span> <span class='ocrx_word' id='word_1_232' title='bbox 1039 3292 1066 3328; x_wconf 86' lang='lat' dir='ltr'><strong>a</strong></span> <span class='ocrx_word' id='word_1_233' title='bbox 1100 3279 1250 3333; x_wconf 74' lang='lat' dir='ltr'><strong>nobis</strong></span> <span class='ocrx_word' id='word_1_234' title='bbox 1280 3282 1536 3347; x_wconf 86' lang='lat' dir='ltr'><strong>promissa</strong></span> <span class='ocrx_word' id='word_1_235' title='bbox 1568 3287 1789 3354; x_wconf 78' lang='lat' dir='ltr'><strong>legatio,</strong></span> <span class='ocrx_word' id='word_1_236' title='bbox 1825 3303 1917 3356; x_wconf 72' lang='lat' dir='ltr'><strong>pur</strong></span> <span class='ocrx_word' id='word_1_237' title='bbox 1943 3306 2098 3358; x_wconf 86' lang='lat' dir='ltr'><strong>quam</strong></span> <span class='ocrx_word' id='word_1_238' title='bbox 2127 3302 2182 3347; x_wconf 88' lang='lat' dir='ltr'><strong>et</strong></span> 
     </span>
    </p>
   </div>
   <div class='ocr_carea' id='block_1_36' title="bbox 606 3366 2181 3440">
    <p class='ocr_par' dir='ltr' id='par_1_36' title="bbox 606 3366 2181 3440">
     <span class='ocr_line' id='line_1_37' title="bbox 606 3366 2181 3440; baseline 0.016 -30"><span class='ocrx_word' id='word_1_239' title='bbox 606 3366 1047 3414; x_wconf 84' lang='lat' dir='ltr'><strong>commemoratio</strong></span> <span class='ocrx_word' id='word_1_240' title='bbox 1088 3366 1236 3419; x_wconf 89' lang='lat' dir='ltr'><strong>ﬁeret</strong></span> <span class='ocrx_word' id='word_1_241' title='bbox 1280 3384 1463 3424; x_wconf 88' lang='lat' dir='ltr'><strong>eoruu:</strong></span> <span class='ocrx_word' id='word_1_242' title='bbox 1515 3389 1633 3440; x_wconf 69' lang='lat' dir='ltr'><strong>qua:</strong></span> <span class='ocrx_word' id='word_1_243' title='bbox 1671 3392 1788 3428; x_wconf 91' lang='lat' dir='ltr'><strong>cum</strong></span> <span class='ocrx_word' id='word_1_244' title='bbox 1831 3382 2181 3436; x_wconf 60' lang='lat' dir='ltr'><strong>sanctissimis</strong></span> 
     </span>
    </p>
   </div>
   <div class='ocr_carea' id='block_1_37' title="bbox 605 3446 2181 3537">
    <p class='ocr_par' dir='ltr' id='par_1_37' title="bbox 605 3446 2181 3537">
     <span class='ocr_line' id='line_1_38' title="bbox 605 3446 2181 3537; baseline 0.018 -39"><span class='ocrx_word' id='word_1_245' title='bbox 605 3446 733 3500; x_wconf 90' lang='lat' dir='ltr'><strong>viris</strong></span> <span class='ocrx_word' id='word_1_246' title='bbox 767 3450 918 3519; x_wconf 84' lang='lat' dir='ltr'><strong>longa</strong></span> <span class='ocrx_word' id='word_1_247' title='bbox 951 3452 1337 3512; x_wconf 64' lang='lat' dir='ltr'><strong>deliberatione</strong></span> <span class='ocrx_word' id='word_1_248' title='bbox 1383 3464 1706 3518; x_wconf 89' lang='lat' dir='ltr'><strong>contulimus</strong></span> <span class='ocrx_word' id='word_1_249' title='bbox 1732 3507 1746 3530; x_wconf 90' lang='lat'><strong>,</strong></span> <span class='ocrx_word' id='word_1_250' title='bbox 1779 3479 1830 3520; x_wconf 92' lang='lat' dir='ltr'><strong>ct</strong></span> <span class='ocrx_word' id='word_1_251' title='bbox 1875 3470 1997 3525; x_wconf 90' lang='lat' dir='ltr'><strong>inde</strong></span> <span class='ocrx_word' id='word_1_252' title='bbox 2020 3514 2034 3537; x_wconf 92' lang='lat'><strong>,</strong></span> <span class='ocrx_word' id='word_1_253' title='bbox 2072 3473 2181 3527; x_wconf 89' lang='lat' dir='ltr'><strong>Deo</strong></span> 
     </span>
    </p>
   </div>
   <div class='ocr_carea' id='block_1_38' title="bbox 603 3538 2173 3631">
    <p class='ocr_par' dir='ltr' id='par_1_38' title="bbox 603 3538 2173 3631">
     <span class='ocr_line' id='line_1_39' title="bbox 603 3538 2173 3631; baseline 0.015 -43"><span class='ocrx_word' id='word_1_254' title='bbox 603 3538 837 3605; x_wconf 64' lang='lat' dir='ltr'><strong>auspice.</strong></span> <span class='ocrx_word' id='word_1_255' title='bbox 872 3550 978 3596; x_wconf 84' lang='lat' dir='ltr'><strong>tant</strong></span> <span class='ocrx_word' id='word_1_256' title='bbox 1008 3556 1203 3598; x_wconf 74' lang='lat' dir='ltr'><strong>nostrze</strong></span> <span class='ocrx_word' id='word_1_257' title='bbox 1234 3550 1337 3611; x_wconf 77' lang='lat' dir='ltr'><strong>peti</strong></span> <span class='ocrx_word' id='word_1_258' title='bbox 1366 3549 1505 3605; x_wconf 89' lang='lat' dir='ltr'><strong>iouis</strong></span> <span class='ocrx_word' id='word_1_259' title='bbox 1525 3593 1537 3613; x_wconf 88' lang='lat'><em>.</em></span> <span class='ocrx_word' id='word_1_260' title='bbox 1567 3570 1722 3622; x_wconf 89' lang='lat' dir='ltr'><strong>quam</strong></span> <span class='ocrx_word' id='word_1_261' title='bbox 1753 3572 1942 3612; x_wconf 66' lang='lat' dir='ltr'><strong>vestra:</strong></span> <span class='ocrx_word' id='word_1_262' title='bbox 1970 3562 2173 3631; x_wconf 68' lang='lat' dir='ltr'><strong>gratim,</strong></span> 
     </span>
    </p>
   </div>
   <div class='ocr_carea' id='block_1_39' title="bbox 602 3618 2176 3721">
    <p class='ocr_par' dir='ltr' id='par_1_39' title="bbox 602 3618 2176 3721">
     <span class='ocr_line' id='line_1_40' title="bbox 602 3618 2176 3721; baseline 0.02 -44"><span class='ocrx_word' id='word_1_263' title='bbox 602 3629 667 3680; x_wconf 91' lang='lat' dir='ltr'><strong>ad</strong></span> <span class='ocrx_word' id='word_1_264' title='bbox 698 3618 958 3699; x_wconf 58' lang='lat' dir='ltr'><strong>iutv&#39;grum</strong></span> <span class='ocrx_word' id='word_1_265' title='bbox 989 3637 1072 3689; x_wconf 85' lang='lat' dir='ltr'><strong>lux</strong></span> <span class='ocrx_word' id='word_1_266' title='bbox 1105 3654 1294 3694; x_wconf 89' lang='lat' dir='ltr'><strong>serena</strong></span> <span class='ocrx_word' id='word_1_267' title='bbox 1322 3648 1677 3710; x_wconf 63' lang='lat' dir='ltr'><strong>resp‘endeat.</strong></span> <span class='ocrx_word' id='word_1_268' title='bbox 1705 3660 1757 3703; x_wconf 92' lang='lat' dir='ltr'><strong>et</strong></span> <span class='ocrx_word' id='word_1_269' title='bbox 1786 3652 1879 3705; x_wconf 89' lang='lat' dir='ltr'><strong>toti</strong></span> <span class='ocrx_word' id='word_1_270' title='bbox 1911 3654 2025 3707; x_wconf 90' lang='lat' dir='ltr'><strong>orbi</strong></span> <span class='ocrx_word' id='word_1_271' title='bbox 2052 3670 2176 3721; x_wconf 83' lang='lat' dir='ltr'><strong>gau-</strong></span> 
     </span>
    </p>
   </div>
   <div class='ocr_carea' id='block_1_40' title="bbox 599 3717 2174 3812">
    <p class='ocr_par' dir='ltr' id='par_1_40' title="bbox 599 3717 2174 3812">
     <span class='ocr_line' id='line_1_41' title="bbox 599 3717 2174 3812; baseline 0.02 -43"><span class='ocrx_word' id='word_1_272' title='bbox 599 3717 682 3770; x_wconf 90' lang='lat' dir='ltr'><strong>dia</strong></span> <span class='ocrx_word' id='word_1_273' title='bbox 730 3732 1032 3787; x_wconf 83' lang='lat' dir='ltr'><strong>exspeetata</strong></span> <span class='ocrx_word' id='word_1_274' title='bbox 1076 3727 1361 3786; x_wconf 77' lang='lat' dir='ltr'><strong>donen&#39;ur.</strong></span> <span class='ocrx_word' id='word_1_275' title='bbox 1413 3734 1944 3797; x_wconf 80' lang='lat' dir='ltr'><strong>Commemoratiouis</strong></span> <span class='ocrx_word' id='word_1_276' title='bbox 2000 3746 2174 3812; x_wconf 83' lang='lat' dir='ltr'><strong>itaque</strong></span> 
     </span>
    </p>
   </div>
   <div class='ocr_carea' id='block_1_41' title="bbox 602 3807 2173 3901">
    <p class='ocr_par' dir='ltr' id='par_1_41' title="bbox 602 3807 2173 3901">
     <span class='ocr_line' id='line_1_42' title="bbox 602 3807 2173 3901; baseline 0.021 -43"><span class='ocrx_word' id='word_1_277' title='bbox 602 3807 752 3874; x_wconf 88' lang='lat' dir='ltr'><strong>loco,</strong></span> <span class='ocrx_word' id='word_1_278' title='bbox 780 3822 828 3863; x_wconf 92' lang='lat' dir='ltr'><strong>et</strong></span> <span class='ocrx_word' id='word_1_279' title='bbox 870 3813 1201 3871; x_wconf 80' lang='lat' dir='ltr'><strong>salutationis</strong></span> <span class='ocrx_word' id='word_1_280' title='bbox 1238 3820 1493 3879; x_wconf 82' lang='lat' dir='ltr'><strong>honorem</strong></span> <span class='ocrx_word' id='word_1_281' title='bbox 1532 3827 1802 3883; x_wconf 84' lang='lat' dir='ltr'><strong>reddendo</strong></span> <span class='ocrx_word' id='word_1_282' title='bbox 1824 3873 1837 3895; x_wconf 89' lang='lat'><strong>,</strong></span> <span class='ocrx_word' id='word_1_283' title='bbox 1868 3832 2173 3901; x_wconf 83' lang='lat' dir='ltr'><strong>TheOpom-</strong></span> 
     </span>
    </p>
   </div>
   <div class='ocr_carea' id='block_1_42' title="bbox 596 3901 2172 3991">
    <p class='ocr_par' dir='ltr' id='par_1_42' title="bbox 596 3901 2172 3991">
     <span class='ocr_line' id='line_1_43' title="bbox 596 3901 2172 3991; baseline 0.021 -45"><span class='ocrx_word' id='word_1_284' title='bbox 596 3910 720 3964; x_wconf 86' lang='lat' dir='ltr'><strong>pum</strong></span> <span class='ocrx_word' id='word_1_285' title='bbox 754 3901 922 3955; x_wconf 88' lang='lat' dir='ltr'><strong>virum</strong></span> <span class='ocrx_word' id='word_1_286' title='bbox 958 3904 1237 3971; x_wconf 86' lang='lat' dir='ltr'><strong>illustrem.</strong></span> <span class='ocrx_word' id='word_1_287' title='bbox 1265 3915 1514 3968; x_wconf 88' lang='lat' dir='ltr'><strong>comitem</strong></span> <span class='ocrx_word' id='word_1_288' title='bbox 1545 3917 1979 3988; x_wconf 84' lang='lat' dir='ltr'><strong>domesticorum,</strong></span> <span class='ocrx_word' id='word_1_289' title='bbox 2010 3940 2172 3991; x_wconf 87' lang='lat' dir='ltr'><strong>agen-</strong></span> 
     </span>
    </p>
   </div>
   <div class='ocr_carea' id='block_1_43' title="bbox 597 3993 2168 4083">
    <p class='ocr_par' dir='ltr' id='par_1_43' title="bbox 597 3993 2168 4083">
     <span class='ocr_line' id='line_1_44' title="bbox 597 3993 2168 4083; baseline 0.02 -45"><span class='ocrx_word' id='word_1_290' title='bbox 597 3993 701 4038; x_wconf 86' lang='lat' dir='ltr'><strong>tem</strong></span> <span class='ocrx_word' id='word_1_291' title='bbox 726 3994 860 4044; x_wconf 85' lang='lat' dir='ltr'><strong>sacri</strong></span> <span class='ocrx_word' id='word_1_292' title='bbox 891 3998 1053 4047; x_wconf 82' lang='lat' dir='ltr'><strong>nostri</strong></span> <span class='ocrx_word' id='word_1_293' title='bbox 1080 4001 1254 4064; x_wconf 85' lang='lat' dir='ltr'><strong>palatii</strong></span> <span class='ocrx_word' id='word_1_294' title='bbox 1278 4006 1538 4071; x_wconf 83' lang='lat' dir='ltr'><strong>scholam,</strong></span> <span class='ocrx_word' id='word_1_295' title='bbox 1566 4008 1772 4063; x_wconf 87' lang='lat' dir='ltr'><strong>ﬁdelem</strong></span> <span class='ocrx_word' id='word_1_296' title='bbox 1796 4015 1947 4066; x_wconf 82' lang='lat' dir='ltr'><strong>llOlllS</strong></span> <span class='ocrx_word' id='word_1_297' title='bbox 1970 4016 2048 4067; x_wconf 93' lang='lat' dir='ltr'><strong>vel</strong></span> <span class='ocrx_word' id='word_1_298' title='bbox 2075 4032 2168 4083; x_wconf 91' lang='lat' dir='ltr'><strong>pro</strong></span> 
     </span>
    </p>
   </div>
   <div class='ocr_carea' id='block_1_44' title="bbox 593 4078 2166 4165">
    <p class='ocr_par' dir='ltr' id='par_1_44' title="bbox 593 4078 2166 4165">
     <span class='ocr_line' id='line_1_45' title="bbox 593 4078 2166 4165; baseline 0.02 -36"><span class='ocrx_word' id='word_1_299' title='bbox 593 4078 706 4129; x_wconf 85' lang='lat' dir='ltr'><strong>suis</strong></span> <span class='ocrx_word' id='word_1_300' title='bbox 736 4085 994 4151; x_wconf 84' lang='lat' dir='ltr'><strong>moribus,</strong></span> <span class='ocrx_word' id='word_1_301' title='bbox 1030 4089 1113 4142; x_wconf 92' lang='lat' dir='ltr'><strong>vel</strong></span> <span class='ocrx_word' id='word_1_302' title='bbox 1149 4106 1242 4158; x_wconf 88' lang='lat' dir='ltr'><strong>pro</strong></span> <span class='ocrx_word' id='word_1_303' title='bbox 1274 4093 1385 4161; x_wconf 67' lang='lat' dir='ltr'><strong>ipsa</strong></span> <span class='ocrx_word' id='word_1_304' title='bbox 1414 4094 1694 4152; x_wconf 84' lang='lat' dir='ltr'><strong>aﬁ&#39;ectione</strong></span> <span class='ocrx_word' id='word_1_305' title='bbox 1724 4102 1936 4165; x_wconf 76' lang='lat' dir='ltr'><strong>genitali</strong></span> <span class='ocrx_word' id='word_1_306' title='bbox 1970 4118 2166 4159; x_wconf 73' lang='lat' dir='ltr'><strong>nostra:</strong></span> 
     </span>
    </p>
   </div>
   <div class='ocr_carea' id='block_1_45' title="bbox 593 4170 2164 4251">
    <p class='ocr_par' dir='ltr' id='par_1_45' title="bbox 593 4170 2164 4251">
     <span class='ocr_line' id='line_1_46' title="bbox 593 4170 2164 4251; baseline 0.023 -36"><span class='ocrx_word' id='word_1_307' title='bbox 593 4170 912 4234; x_wconf 68' lang='lat' dir='ltr'><strong>provinciae.</strong></span> <span class='ocrx_word' id='word_1_308' title='bbox 962 4176 1056 4229; x_wconf 80' lang='lat' dir='ltr'><strong>sed</strong></span> <span class='ocrx_word' id='word_1_309' title='bbox 1108 4189 1162 4232; x_wconf 92' lang='lat' dir='ltr'><strong>ct</strong></span> <span class='ocrx_word' id='word_1_310' title='bbox 1200 4182 1543 4239; x_wconf 85' lang='lat' dir='ltr'><strong>Severianum</strong></span> <span class='ocrx_word' id='word_1_311' title='bbox 1589 4190 1757 4242; x_wconf 88' lang='lat' dir='ltr'><strong>virum</strong></span> <span class='ocrx_word' id='word_1_312' title='bbox 1810 4194 2164 4251; x_wconf 85' lang='lat' dir='ltr'><strong>clarissimum</strong></span> 
     </span>
    </p>
   </div>
   <div class='ocr_carea' id='block_1_46' title="bbox 591 4256 2166 4341">
    <p class='ocr_par' dir='ltr' id='par_1_46' title="bbox 591 4256 2166 4341">
     <span class='ocr_line' id='line_1_47' title="bbox 591 4256 2166 4341; baseline 0.022 -35"><span class='ocrx_word' id='word_1_313' title='bbox 591 4256 836 4314; x_wconf 86' lang='lat' dir='ltr'><strong>comitem</strong></span> <span class='ocrx_word' id='word_1_314' title='bbox 865 4264 1001 4317; x_wconf 89' lang='lat' dir='ltr'><strong>sacri</strong></span> <span class='ocrx_word' id='word_1_315' title='bbox 1033 4269 1200 4322; x_wconf 92' lang='lat' dir='ltr'><strong>nostri</strong></span> <span class='ocrx_word' id='word_1_316' title='bbox 1233 4274 1536 4328; x_wconf 73' lang='lat' dir='ltr'><strong>consi~t0rii</strong></span> <span class='ocrx_word' id='word_1_317' title='bbox 1580 4279 1644 4329; x_wconf 84' lang='lat' dir='ltr'><strong>ad</strong></span> <span class='ocrx_word' id='word_1_318' title='bbox 1695 4290 1920 4335; x_wconf 88' lang='lat' dir='ltr'><strong>vestram</strong></span> <span class='ocrx_word' id='word_1_319' title='bbox 1965 4285 2166 4341; x_wconf 67' lang='lat' dir='ltr'><strong>diresi-</strong></span> 
     </span>
    </p>
   </div>
   <div class='ocr_carea' id='block_1_47' title="bbox 590 4352 2164 4441">
    <p class='ocr_par' dir='ltr' id='par_1_47' title="bbox 590 4352 2164 4441">
     <span class='ocr_line' id='line_1_48' title="bbox 590 4352 2164 4441; baseline 0.02 -43"><span class='ocrx_word' id='word_1_320' title='bbox 590 4362 707 4402; x_wconf 90' lang='lat' dir='ltr'><strong>mus</strong></span> <span class='ocrx_word' id='word_1_321' title='bbox 730 4352 1083 4422; x_wconf 67' lang='lat' dir='ltr'><strong>sanctitatem,</strong></span> <span class='ocrx_word' id='word_1_322' title='bbox 1108 4361 1194 4427; x_wconf 91' lang='lat' dir='ltr'><strong>qui</strong></span> <span class='ocrx_word' id='word_1_323' title='bbox 1216 4363 1455 4417; x_wconf 88' lang='lat' dir='ltr'><strong>ordinem</strong></span> <span class='ocrx_word' id='word_1_324' title='bbox 1478 4365 1773 4423; x_wconf 79' lang='lat' dir='ltr'><strong>litteratum</strong></span> <span class='ocrx_word' id='word_1_325' title='bbox 1792 4374 2001 4441; x_wconf 82' lang='lat' dir='ltr'><strong>propria</strong></span> <span class='ocrx_word' id='word_1_326' title='bbox 2036 4391 2164 4433; x_wconf 88' lang='lat' dir='ltr'><strong>voce</strong></span> 
     </span>
    </p>
   </div>
   <div class='ocr_carea' id='block_1_48' title="bbox 588 4444 2159 4535">
    <p class='ocr_par' dir='ltr' id='par_1_48' title="bbox 588 4444 2159 4535">
     <span class='ocr_line' id='line_1_49' title="bbox 588 4444 2159 4535; baseline 0.022 -48"><span class='ocrx_word' id='word_1_327' title='bbox 588 4444 864 4508; x_wconf 82' lang='lat' dir='ltr'><strong>testantes,</strong></span> <span class='ocrx_word' id='word_1_328' title='bbox 898 4445 961 4498; x_wconf 87' lang='lat' dir='ltr'><strong>ad</strong></span> <span class='ocrx_word' id='word_1_329' title='bbox 993 4449 1319 4505; x_wconf 85' lang='lat' dir='ltr'><strong>celeritatem</strong></span> <span class='ocrx_word' id='word_1_330' title='bbox 1354 4466 1657 4525; x_wconf 80' lang='lat' dir='ltr'><strong>exspectata</strong></span> <span class='ocrx_word' id='word_1_331' title='bbox 1694 4474 2001 4527; x_wconf 85' lang='lat' dir='ltr'><strong>provocent,</strong></span> <span class='ocrx_word' id='word_1_332' title='bbox 2041 4482 2159 4535; x_wconf 68' lang='lat' dir='ltr'><strong>qua:</strong></span> 
     </span>
    </p>
   </div>
   <div class='ocr_carea' id='block_1_49' title="bbox 586 4527 2290 4637">
    <p class='ocr_par' dir='ltr' id='par_1_49' title="bbox 586 4527 2290 4637">
     <span class='ocr_line' id='line_1_50' title="bbox 586 4527 2290 4637; baseline 0.019 -58"><span class='ocrx_word' id='word_1_333' title='bbox 586 4527 742 4581; x_wconf 79' lang='lat' dir='ltr'><strong>etiam</strong></span> <span class='ocrx_word' id='word_1_334' title='bbox 772 4534 975 4588; x_wconf 72' lang='lat' dir='ltr'><strong>caeli-sti</strong></span> <span class='ocrx_word' id='word_1_335' title='bbox 999 4539 1374 4597; x_wconf 66' lang='lat' dir='ltr'><strong>misericordia:</strong></span> <span class='ocrx_word' id='word_1_336' title='bbox 1411 4548 1675 4602; x_wconf 84' lang='lat' dir='ltr'><strong>credimus</strong></span> <span class='ocrx_word' id='word_1_337' title='bbox 1707 4554 1991 4614; x_wconf 80' lang='lat' dir='ltr'><strong>placuisse.</strong></span> <span class='ocrx_word' id='word_1_338' title='bbox 2028 4556 2154 4609; x_wconf 85' lang='lat' dir='ltr'><strong>Data</strong></span> <span class='ocrx_word' id='word_1_339' title='bbox 2189 4535 2290 4637; x_wconf 66' lang='grc' dir='ltr'><strong>οξ</strong></span> 
     </span>
    </p>
   </div>
   <div class='ocr_carea' id='block_1_50' title="bbox 584 4622 2155 4703">
    <p class='ocr_par' dir='ltr' id='par_1_50' title="bbox 584 4622 2155 4703">
     <span class='ocr_line' id='line_1_51' title="bbox 584 4622 2155 4703; baseline 0.022 -36"><span class='ocrx_word' id='word_1_340' title='bbox 584 4628 689 4671; x_wconf 65' lang='grc' dir='ltr'>χιιι</span> <span class='ocrx_word' id='word_1_341' title='bbox 715 4622 817 4674; x_wconf 88' lang='lat' dir='ltr'><strong>cal.</strong></span> <span class='ocrx_word' id='word_1_342' title='bbox 848 4624 1111 4693; x_wconf 81' lang='lat' dir='ltr'><strong>Augustas</strong></span> <span class='ocrx_word' id='word_1_343' title='bbox 1136 4629 1591 4703; x_wconf 84' lang='lat' dir='ltr'><strong>Constantinopoli</strong></span> <span class='ocrx_word' id='word_1_344' title='bbox 1611 4679 1624 4701; x_wconf 89' lang='lat'><strong>,</strong></span> <span class='ocrx_word' id='word_1_345' title='bbox 1658 4639 1750 4693; x_wconf 84' lang='lat' dir='ltr'><strong>Pet</strong></span> <span class='ocrx_word' id='word_1_346' title='bbox 1781 4655 1813 4695; x_wconf 92' lang='grc' dir='ltr'>ο</span> <span class='ocrx_word' id='word_1_347' title='bbox 1841 4644 1953 4697; x_wconf 87' lang='lat' dir='ltr'><strong>viro</strong></span> <span class='ocrx_word' id='word_1_348' title='bbox 1973 4645 2155 4701; x_wconf 85' lang='lat' dir='ltr'><strong>claris-</strong></span> 
     </span>
    </p>
   </div>
   <div class='ocr_carea' id='block_1_51' title="bbox 582 4708 1566 4799">
    <p class='ocr_par' dir='ltr' id='par_1_51' title="bbox 582 4708 1566 4799">
     <span class='ocr_line' id='line_1_52' title="bbox 582 4708 1566 4799; baseline 0.02 -37"><span class='ocrx_word' id='word_1_349' title='bbox 582 4708 716 4762; x_wconf 80' lang='lat' dir='ltr'><strong>simo</strong></span> <span class='ocrx_word' id='word_1_350' title='bbox 744 4716 961 4772; x_wconf 89' lang='lat' dir='ltr'><strong>consule</strong></span> <span class='ocrx_word' id='word_1_351' title='bbox 988 4721 1153 4788; x_wconf 78' lang='lat' dir='ltr'><strong>(anno</strong></span> <span class='ocrx_word' id='word_1_352' title='bbox 1186 4723 1388 4782; x_wconf 87' lang='lat' dir='ltr'><strong>Domini</strong></span> <span class='ocrx_word' id='word_1_353' title='bbox 1418 4726 1566 4799; x_wconf 82' lang='lat' dir='ltr'><strong>5l6).</strong></span> 
     </span>
    </p>
   </div>
   <div class='ocr_carea' id='block_1_52' title="bbox 1146 4815 1601 4879">
    <p class='ocr_par' dir='ltr' id='par_1_52' title="bbox 1146 4815 1601 4879">
     <span class='ocr_line' id='line_1_53' title="bbox 1146 4815 1601 4879; baseline 0.026 -12"><span class='ocrx_word' id='word_1_354' title='bbox 1146 4815 1471 4876; x_wconf 79' lang='lat' dir='ltr'><strong>EPISTOLA</strong></span> <span class='ocrx_word' id='word_1_355' title='bbox 1518 4824 1601 4879; x_wconf 86' lang='lat' dir='ltr'><strong>\l.</strong></span> 
     </span>
    </p>
   </div>
   <div class='ocr_carea' id='block_1_53' title="bbox 998 4919 1725 4970">
    <p class='ocr_par' dir='ltr' id='par_1_53' title="bbox 998 4919 1725 4970">
     <span class='ocr_line' id='line_1_54' title="bbox 998 4919 1725 4970; baseline 0.021 -15"><span class='ocrx_word' id='word_1_356' title='bbox 998 4919 1063 4955; x_wconf 80' lang='grc' dir='ltr'><strong>ΑΙ)</strong></span> <span class='ocrx_word' id='word_1_357' title='bbox 1090 4920 1406 4963; x_wconf 57' lang='grc' dir='ltr'><strong>ΛκΑςτιιειυιι</strong></span> <span class='ocrx_word' id='word_1_358' title='bbox 1433 4928 1725 4970; x_wconf 58' lang='lat' dir='ltr'><strong>AUGUSTI)&quot;.</strong></span> 
     </span>
    </p>
   </div>
   <div class='ocr_carea' id='block_1_54' title="bbox 581 4978 2150 5073">
    <p class='ocr_par' dir='ltr' id='par_1_54' title="bbox 581 4978 2150 5073">
     <span class='ocr_line' id='line_1_55' title="bbox 581 4978 2150 5073; baseline 0.023 -42"><span class='ocrx_word' id='word_1_359' title='bbox 581 4978 785 5061; x_wconf 59' lang='lat' dir='ltr'><strong>Fraude</strong></span> <span class='ocrx_word' id='word_1_360' title='bbox 820 4984 1075 5073; x_wconf 52' lang='lat' dir='ltr'><strong>Anastasii</strong></span> <span class='ocrx_word' id='word_1_361' title='bbox 1104 4995 1423 5053; x_wconf 79' lang='lat' dir='ltr'><strong>imperatoris</strong></span> <span class='ocrx_word' id='word_1_362' title='bbox 1455 5004 1677 5056; x_wconf 82' lang='lat' dir='ltr'><strong>nondum</strong></span> <span class='ocrx_word' id='word_1_363' title='bbox 1718 5009 1940 5073; x_wconf 75' lang='lat' dir='ltr'><strong>detecta,</strong></span> <span class='ocrx_word' id='word_1_364' title='bbox 1972 5012 2150 5068; x_wconf 80' lang='lat' dir='ltr'><strong>laudat</strong></span> 
     </span>
    </p>
   </div>
   <div class='ocr_carea' id='block_1_55' title="bbox 646 5052 2148 5145">
    <p class='ocr_par' dir='ltr' id='par_1_55' title="bbox 646 5052 2148 5145">
     <span class='ocr_line' id='line_1_56' title="bbox 646 5052 2148 5145; baseline 0.018 -36"><span class='ocrx_word' id='word_1_365' title='bbox 646 5052 754 5145; x_wconf 47' lang='lat' dir='ltr'><strong>gius</strong></span> <span class='ocrx_word' id='word_1_366' title='bbox 776 5056 994 5145; x_wconf 60' lang='lat' dir='ltr'><strong>studium</strong></span> <span class='ocrx_word' id='word_1_367' title='bbox 1014 5061 1076 5110; x_wconf 83' lang='lat' dir='ltr'><strong>de</strong></span> <span class='ocrx_word' id='word_1_368' title='bbox 1095 5052 1216 5141; x_wconf 73' lang='lat' dir='ltr'><strong>pare</strong></span> <span class='ocrx_word' id='word_1_369' title='bbox 1235 5072 1572 5145; x_wconf 44' lang='lat' dir='ltr'><strong>concilianda,</strong></span> <span class='ocrx_word' id='word_1_370' title='bbox 1590 5088 1849 5145; x_wconf 76' lang='lat' dir='ltr'><strong>nionetque</strong></span> <span class='ocrx_word' id='word_1_371' title='bbox 1870 5052 2148 5136; x_wconf 51' lang='lat' dir='ltr'><strong>ut.tandem</strong></span> 
     </span>
    </p>
   </div>
   <div class='ocr_carea' id='block_1_56' title="bbox 645 5121 2146 5238">
    <p class='ocr_par' dir='ltr' id='par_1_56' title="bbox 645 5121 2146 5238">
     <span class='ocr_line' id='line_1_57' title="bbox 645 5121 2146 5219; baseline 0.023 -50"><span class='ocrx_word' id='word_1_372' title='bbox 645 5121 899 5176; x_wconf 55' lang='lat' dir='ltr'><strong>damnatis</strong></span> <span class='ocrx_word' id='word_1_373' title='bbox 948 5121 1220 5188; x_wconf 67' lang='grc' dir='ltr'><strong>Ιιτῑινεὲιζέιιε</strong></span> <span class='ocrx_word' id='word_1_374' title='bbox 1264 5138 1507 5194; x_wconf 80' lang='lat' dir='ltr'><strong>Ecclesite</strong></span> <span class='ocrx_word' id='word_1_375' title='bbox 1547 5121 1713 5199; x_wconf 61' lang='lat' dir='ltr'><strong>tinitas</strong></span> <span class='ocrx_word' id='word_1_376' title='bbox 1751 5121 1989 5201; x_wconf 60' lang='lat' dir='ltr'><strong>s&#39;ortiatur</strong></span> <span class='ocrx_word' id='word_1_377' title='bbox 2025 5151 2146 5219; x_wconf 79' lang='lat' dir='ltr'><strong>e/I&#39;e—</strong></span> 
     </span>
     <span class='ocr_line' id='line_1_58' title="bbox 645 5200 801 5238; baseline 0 0"><span class='ocrx_word' id='word_1_378' title='bbox 645 5200 801 5238; x_wconf 74' lang='lat' dir='ltr'><strong>ctum.</strong></span> 
     </span>
    </p>
   </div>
   <div class='ocr_carea' id='block_1_57' title="bbox 644 5204 801 5244">
    <p class='ocr_par' dir='ltr' id='par_1_57' title="bbox 644 5204 801 5244">
     <span class='ocr_line' id='line_1_59' title="bbox 644 5204 801 5244; baseline 0.019 -6"><span class='ocrx_word' id='word_1_379' title='bbox 644 5204 801 5244; x_wconf 74' lang='lat' dir='ltr'><strong>Clum.</strong></span> 
     </span>
    </p>
   </div>
   <div class='ocr_carea' id='block_1_58' title="bbox 648 5279 2145 5379">
    <p class='ocr_par' dir='ltr' id='par_1_58' title="bbox 648 5279 2145 5379">
     <span class='ocr_line' id='line_1_60' title="bbox 648 5279 2145 5379; baseline 0.024 -47"><span class='ocrx_word' id='word_1_380' title='bbox 648 5279 924 5336; x_wconf 78' lang='lat' dir='ltr'><strong>Ilnrtnisda</strong></span> <span class='ocrx_word' id='word_1_381' title='bbox 956 5288 1235 5346; x_wconf 79' lang='lat' dir='ltr'><strong>Anastasio</strong></span> <span class='ocrx_word' id='word_1_382' title='bbox 1275 5300 1508 5367; x_wconf 80' lang='lat' dir='ltr'><strong>Augusto</strong></span> <span class='ocrx_word' id='word_1_383' title='bbox 1540 5319 1571 5372; x_wconf 90' lang='lat' dir='ltr'><strong>p</strong></span> <span class='ocrx_word' id='word_1_384' title='bbox 1591 5321 1634 5357; x_wconf 71' lang='grc' dir='ltr'>ιι·</span> <span class='ocrx_word' id='word_1_385' title='bbox 1660 5284 2058 5379; x_wconf 84' lang='lat' dir='ltr'><strong>Theopompum</strong></span> <span class='ocrx_word' id='word_1_386' title='bbox 2091 5323 2145 5369; x_wconf 89' lang='lat' dir='ltr'><strong>et</strong></span> 
     </span>
    </p>
   </div>
   <div class='ocr_carea' id='block_1_59' title="bbox 572 5367 940 5431">
    <p class='ocr_par' dir='ltr' id='par_1_59' title="bbox 572 5367 940 5431">
     <span class='ocr_line' id='line_1_61' title="bbox 572 5367 940 5431; baseline 0.024 -9"><span class='ocrx_word' id='word_1_387' title='bbox 572 5367 940 5431; x_wconf 73' lang='lat' dir='ltr'><strong>Severianum.</strong></span> 
     </span>
    </p>
   </div>
   <div class='ocr_carea' id='block_1_60' title="bbox 640 5465 2137 5563">
    <p class='ocr_par' dir='ltr' id='par_1_60' title="bbox 640 5465 2137 5563">
     <span class='ocr_line' id='line_1_62' title="bbox 640 5465 2137 5563; baseline 0.023 -47"><span class='ocrx_word' id='word_1_388' title='bbox 640 5465 926 5522; x_wconf 76' lang='lat' dir='ltr'><strong>Sollicitari</strong></span> <span class='ocrx_word' id='word_1_389' title='bbox 947 5472 1183 5527; x_wconf 89' lang='lat' dir='ltr'><strong>animum</strong></span> <span class='ocrx_word' id='word_1_390' title='bbox 1209 5484 1376 5543; x_wconf 83' lang='lat' dir='ltr'><strong>tuum.</strong></span> <span class='ocrx_word' id='word_1_391' title='bbox 1394 5481 1808 5544; x_wconf 88' lang='lat' dir='ltr'><strong>clementissime</strong></span> <span class='ocrx_word' id='word_1_392' title='bbox 1830 5490 2137 5563; x_wconf 86' lang='lat' dir='ltr'><strong>imperator,</strong></span> 
     </span>
    </p>
   </div>
   <div class='ocr_carea' id='block_1_61' title="bbox 570 5555 2137 5651">
    <p class='ocr_par' dir='ltr' id='par_1_61' title="bbox 570 5555 2137 5651">
     <span class='ocr_line' id='line_1_63' title="bbox 570 5555 2137 5651; baseline 0.026 -49"><span class='ocrx_word' id='word_1_393' title='bbox 570 5555 846 5612; x_wconf 84' lang='lat' dir='ltr'><strong>ambitiosa</strong></span> <span class='ocrx_word' id='word_1_394' title='bbox 869 5562 1119 5618; x_wconf 69' lang='lat' dir='ltr'><strong>aviditate</strong></span> <span class='ocrx_word' id='word_1_395' title='bbox 1147 5580 1553 5641; x_wconf 87' lang='lat' dir='ltr'><strong>commemoras,</strong></span> <span class='ocrx_word' id='word_1_396' title='bbox 1579 5576 1746 5634; x_wconf 93' lang='lat' dir='ltr'><strong>donec</strong></span> <span class='ocrx_word' id='word_1_397' title='bbox 1766 5595 1990 5651; x_wconf 61' lang='lat' dir='ltr'><strong>sperata!</strong></span> <span class='ocrx_word' id='word_1_398' title='bbox 2016 5587 2137 5641; x_wconf 82' lang='lat' dir='ltr'><strong>uni-</strong></span> 
     </span>
    </p>
   </div>
   <div class='ocr_carea' id='block_1_62' title="bbox 569 5647 2137 5737">
    <p class='ocr_par' dir='ltr' id='par_1_62' title="bbox 569 5647 2137 5737">
     <span class='ocr_line' id='line_1_64' title="bbox 569 5647 2137 5737; baseline 0.026 -42"><span class='ocrx_word' id='word_1_399' title='bbox 569 5647 690 5698; x_wconf 85' lang='lat' dir='ltr'><strong>tatis</strong></span> <span class='ocrx_word' id='word_1_400' title='bbox 723 5648 1096 5722; x_wconf 77' lang='lat' dir='ltr'><strong>redintegratio</strong></span> <span class='ocrx_word' id='word_1_401' title='bbox 1124 5668 1302 5727; x_wconf 86' lang='lat' dir='ltr'><strong>optata</strong></span> <span class='ocrx_word' id='word_1_402' title='bbox 1332 5664 1624 5737; x_wconf 84' lang='lat' dir='ltr'><strong>contingat.</strong></span> <span class='ocrx_word' id='word_1_403' title='bbox 1671 5647 1811 5727; x_wconf 77' lang='lat' dir='ltr'><strong>Bona</strong></span> <span class='ocrx_word' id='word_1_404' title='bbox 1844 5687 1967 5731; x_wconf 88' lang='lat' dir='ltr'><strong>sunt</strong></span> <span class='ocrx_word' id='word_1_405' title='bbox 1995 5678 2137 5734; x_wconf 86' lang='lat' dir='ltr'><strong>desi-</strong></span> 
     </span>
    </p>
   </div>
   <div class='ocr_carea' id='block_1_63' title="bbox 566 5735 2133 5835">
    <p class='ocr_par' dir='ltr' id='par_1_63' title="bbox 566 5735 2133 5835">
     <span class='ocr_line' id='line_1_65' title="bbox 566 5735 2133 5835; baseline 0.028 -51"><span class='ocrx_word' id='word_1_406' title='bbox 566 5735 707 5789; x_wconf 89' lang='lat' dir='ltr'><strong>deria</strong></span> <span class='ocrx_word' id='word_1_407' title='bbox 749 5740 936 5795; x_wconf 88' lang='lat' dir='ltr'><strong>salutis</strong></span> <span class='ocrx_word' id='word_1_408' title='bbox 961 5783 975 5807; x_wconf 88' lang='lat'><strong>,</strong></span> <span class='ocrx_word' id='word_1_409' title='bbox 1017 5757 1067 5799; x_wconf 86' lang='lat' dir='ltr'><strong>et</strong></span> <span class='ocrx_word' id='word_1_410' title='bbox 1108 5749 1386 5810; x_wconf 87' lang='lat' dir='ltr'><strong>laudabilis</strong></span> <span class='ocrx_word' id='word_1_411' title='bbox 1426 5735 1539 5830; x_wconf 67' lang='lat' dir='ltr'><strong>qur</strong></span> <span class='ocrx_word' id='word_1_412' title='bbox 1582 5775 1641 5818; x_wconf 89' lang='lat' dir='ltr'><strong>se</strong></span> <span class='ocrx_word' id='word_1_413' title='bbox 1680 5764 1978 5835; x_wconf 72' lang='lat' dir='ltr'><strong>huiusmodi</strong></span> <span class='ocrx_word' id='word_1_414' title='bbox 2025 5771 2133 5826; x_wconf 84' lang='lat' dir='ltr'><strong>Deo</strong></span> 
     </span>
    </p>
   </div>
   <div class='ocr_carea' id='block_1_64' title="bbox 2322 608 3955 708">
    <p class='ocr_par' dir='ltr' id='par_1_64' title="bbox 2322 608 3955 708">
     <span class='ocr_line' id='line_1_66' title="bbox 2322 608 3955 708; baseline 0.023 -47"><span class='ocrx_word' id='word_1_415' title='bbox 2322 608 2695 669; x_wconf 84' lang='lat' dir='ltr'><strong>documentum</strong></span> <span class='ocrx_word' id='word_1_416' title='bbox 2722 627 2824 683; x_wconf 87' lang='lat' dir='ltr'><strong>est,</strong></span> <span class='ocrx_word' id='word_1_417' title='bbox 2846 634 2965 674; x_wconf 92' lang='lat' dir='ltr'><strong>cum</strong></span> <span class='ocrx_word' id='word_1_418' title='bbox 2991 622 3041 676; x_wconf 87' lang='lat' dir='ltr'><strong>id</strong></span> <span class='ocrx_word' id='word_1_419' title='bbox 3064 626 3202 693; x_wconf 90' lang='lat' dir='ltr'><strong>quod</strong></span> <span class='ocrx_word' id='word_1_420' title='bbox 3229 628 3331 682; x_wconf 89' lang='lat' dir='ltr'><strong>sibi</strong></span> <span class='ocrx_word' id='word_1_421' title='bbox 3360 633 3487 687; x_wconf 81' lang='lat' dir='ltr'><strong>utile</strong></span> <span class='ocrx_word' id='word_1_422' title='bbox 3513 636 3704 704; x_wconf 78' lang='lat' dir='ltr'><strong>credit,</strong></span> <span class='ocrx_word' id='word_1_423' title='bbox 3730 640 3895 708; x_wconf 81' lang='lat' dir='ltr'><strong>itnpa-</strong></span> <span class='ocrx_word' id='word_1_424' title='bbox 3954 672 3955 675; x_wconf 56' lang='grc' dir='ltr'><strong>η</strong></span> 
     </span>
    </p>
   </div>
   <div class='ocr_carea' id='block_1_65' title="bbox 2322 700 3894 786">
    <p class='ocr_par' dir='ltr' id='par_1_65' title="bbox 2322 700 3894 786">
     <span class='ocr_line' id='line_1_67' title="bbox 2322 700 3894 786; baseline 0.022 -34"><span class='ocrx_word' id='word_1_425' title='bbox 2322 700 2514 757; x_wconf 80' lang='lat' dir='ltr'><strong>ticnter</strong></span> <span class='ocrx_word' id='word_1_426' title='bbox 2550 705 2783 774; x_wconf 86' lang='lat' dir='ltr'><strong>inquirit.</strong></span> <span class='ocrx_word' id='word_1_427' title='bbox 2824 711 2954 764; x_wconf 78' lang='lat' dir='ltr'><strong>Nam</strong></span> <span class='ocrx_word' id='word_1_428' title='bbox 2994 716 3036 766; x_wconf 88' lang='lat' dir='ltr'><strong>si</strong></span> <span class='ocrx_word' id='word_1_429' title='bbox 3083 716 3133 769; x_wconf 93' lang='lat' dir='ltr'><strong>in</strong></span> <span class='ocrx_word' id='word_1_430' title='bbox 3165 732 3447 786; x_wconf 89' lang='lat' dir='ltr'><strong>corporum</strong></span> <span class='ocrx_word' id='word_1_431' title='bbox 3488 726 3686 779; x_wconf 81' lang='lat' dir='ltr'><strong>morbis</strong></span> <span class='ocrx_word' id='word_1_432' title='bbox 3738 734 3894 786; x_wconf 72' lang='lat' dir='ltr'><strong>noxia</strong></span> 
     </span>
    </p>
   </div>
   <div class='ocr_carea' id='block_1_66' title="bbox 2319 794 3893 885">
    <p class='ocr_par' dir='ltr' id='par_1_66' title="bbox 2319 794 3893 885">
     <span class='ocr_line' id='line_1_68' title="bbox 2319 794 3893 885; baseline 0.02 -43"><span class='ocrx_word' id='word_1_433' title='bbox 2319 800 2399 843; x_wconf 91' lang='lat' dir='ltr'><strong>est</strong></span> <span class='ocrx_word' id='word_1_434' title='bbox 2429 794 2573 847; x_wconf 88' lang='lat' dir='ltr'><strong>tarda</strong></span> <span class='ocrx_word' id='word_1_435' title='bbox 2605 799 2827 866; x_wconf 81' lang='lat' dir='ltr'><strong>curatio,</strong></span> <span class='ocrx_word' id='word_1_436' title='bbox 2852 818 2921 869; x_wconf 86' lang='lat' dir='ltr'><strong>qu</strong></span> <span class='ocrx_word' id='word_1_437' title='bbox 2941 814 3048 858; x_wconf 66' lang='lat' dir='ltr'><strong>Into</strong></span> <span class='ocrx_word' id='word_1_438' title='bbox 3080 809 3244 876; x_wconf 87' lang='lat' dir='ltr'><strong>magis</strong></span> <span class='ocrx_word' id='word_1_439' title='bbox 3277 812 3328 863; x_wconf 91' lang='lat' dir='ltr'><strong>in</strong></span> <span class='ocrx_word' id='word_1_440' title='bbox 3357 816 3528 869; x_wconf 88' lang='lat' dir='ltr'><strong>salute</strong></span> <span class='ocrx_word' id='word_1_441' title='bbox 3554 819 3745 873; x_wconf 78' lang='lat' dir='ltr'><strong>anima:</strong></span> <span class='ocrx_word' id='word_1_442' title='bbox 3773 839 3893 885; x_wconf 65' lang='grc' dir='ltr'>ιιι-ει-</span> 
     </span>
    </p>
   </div>
   <div class='ocr_carea' id='block_1_67' title="bbox 2318 883 3889 979">
    <p class='ocr_par' dir='ltr' id='par_1_67' title="bbox 2318 883 3889 979">
     <span class='ocr_line' id='line_1_69' title="bbox 2318 883 3889 979; baseline 0.021 -48"><span class='ocrx_word' id='word_1_443' title='bbox 2318 883 2433 936; x_wconf 88' lang='lat' dir='ltr'><strong>vius</strong></span> <span class='ocrx_word' id='word_1_444' title='bbox 2469 895 2548 937; x_wconf 90' lang='lat' dir='ltr'><strong>est</strong></span> <span class='ocrx_word' id='word_1_445' title='bbox 2584 886 2832 947; x_wconf 72' lang='lat' dir='ltr'><strong>ﬁ-rcndus</strong></span> <span class='ocrx_word' id='word_1_446' title='bbox 2861 896 3215 950; x_wconf 83' lang='lat' dir='ltr'><strong>remediorum</strong></span> <span class='ocrx_word' id='word_1_447' title='bbox 3264 900 3495 956; x_wconf 88' lang='lat' dir='ltr'><strong>ﬁdelium</strong></span> <span class='ocrx_word' id='word_1_448' title='bbox 3525 908 3698 962; x_wconf 85' lang='lat' dir='ltr'><strong>serior</strong></span> <span class='ocrx_word' id='word_1_449' title='bbox 3722 925 3889 979; x_wconf 77' lang='lat' dir='ltr'><strong>appe-</strong></span> 
     </span>
    </p>
   </div>
   <div class='ocr_carea' id='block_1_68' title="bbox 2320 972 3890 1068">
    <p class='ocr_par' dir='ltr' id='par_1_68' title="bbox 2320 972 3890 1068">
     <span class='ocr_line' id='line_1_70' title="bbox 2320 972 3890 1068; baseline 0.021 -46"><span class='ocrx_word' id='word_1_450' title='bbox 2320 972 2479 1027; x_wconf 76' lang='lat' dir='ltr'><strong>titus?</strong></span> <span class='ocrx_word' id='word_1_451' title='bbox 2508 990 2627 1029; x_wconf 91' lang='lat' dir='ltr'><strong>cum</strong></span> <span class='ocrx_word' id='word_1_452' title='bbox 2652 995 2961 1035; x_wconf 86' lang='lat' dir='ltr'><strong>moneantur</strong></span> <span class='ocrx_word' id='word_1_453' title='bbox 2988 986 3346 1054; x_wconf 60' lang='lat' dir='ltr'><strong>spiritualibus</strong></span> <span class='ocrx_word' id='word_1_454' title='bbox 3376 992 3390 1046; x_wconf 91' lang='lat' dir='ltr'><strong>i</strong></span> <span class='ocrx_word' id='word_1_455' title='bbox 3431 997 3650 1067; x_wconf 79' lang='lat' dir='ltr'><strong>stitutis,</strong></span> <span class='ocrx_word' id='word_1_456' title='bbox 3678 1017 3743 1054; x_wconf 84' lang='lat' dir='ltr'><strong>ne</strong></span> <span class='ocrx_word' id='word_1_457' title='bbox 3772 1019 3890 1068; x_wconf 69' lang='lat' dir='ltr'><strong>quae</strong></span> 
     </span>
    </p>
   </div>
   <div class='ocr_carea' id='block_1_69' title="bbox 2317 1065 3887 1151">
    <p class='ocr_par' dir='ltr' id='par_1_69' title="bbox 2317 1065 3887 1151">
     <span class='ocr_line' id='line_1_71' title="bbox 2317 1065 3887 1151; baseline 0.02 -38"><span class='ocrx_word' id='word_1_458' title='bbox 2317 1065 2573 1129; x_wconf 85' lang='lat' dir='ltr'><strong>prodesse</strong></span> <span class='ocrx_word' id='word_1_459' title='bbox 2593 1080 2828 1136; x_wconf 71' lang='grc' dir='ltr'>,ροιεειιιιι</span> <span class='ocrx_word' id='word_1_460' title='bbox 2857 1074 2906 1126; x_wconf 90' lang='lat' dir='ltr'><strong>in</strong></span> <span class='ocrx_word' id='word_1_461' title='bbox 2937 1076 3077 1128; x_wconf 86' lang='lat' dir='ltr'><strong>diem</strong></span> <span class='ocrx_word' id='word_1_462' title='bbox 3109 1089 3379 1146; x_wconf 83' lang='lat' dir='ltr'><strong>posterum</strong></span> <span class='ocrx_word' id='word_1_463' title='bbox 3411 1065 3750 1151; x_wconf 69' lang='lat' dir='ltr'><strong>dim-rantur,</strong></span> <span class='ocrx_word' id='word_1_464' title='bbox 3782 1065 3887 1145; x_wconf 77' lang='lat' dir='ltr'><strong>t-la-</strong></span> 
     </span>
    </p>
   </div>
   <div class='ocr_carea' id='block_1_70' title="bbox 2316 1163 3886 1240">
    <p class='ocr_par' dir='ltr' id='par_1_70' title="bbox 2316 1163 3886 1240">
     <span class='ocr_line' id='line_1_72' title="bbox 2316 1163 3886 1240; baseline 0.021 -33"><span class='ocrx_word' id='word_1_465' title='bbox 2316 1168 2494 1211; x_wconf 85' lang='lat' dir='ltr'><strong>tuante</strong></span> <span class='ocrx_word' id='word_1_466' title='bbox 2540 1163 2932 1227; x_wconf 64' lang='lat' dir='ltr'><strong>sapientissimo</strong></span> <span class='ocrx_word' id='word_1_467' title='bbox 2973 1169 3303 1227; x_wconf 87' lang='lat' dir='ltr'><strong>Salomone:</strong></span> <span class='ocrx_word' id='word_1_468' title='bbox 3343 1175 3424 1230; x_wconf 82' lang='lat' dir='ltr'><strong>Ne</strong></span> <span class='ocrx_word' id='word_1_469' title='bbox 3461 1184 3627 1233; x_wconf 72' lang='lat' dir='ltr'><strong>tardes</strong></span> <span class='ocrx_word' id='word_1_470' title='bbox 3671 1194 3886 1240; x_wconf 71' lang='lat' dir='ltr'><strong>converti</strong></span> 
     </span>
    </p>
   </div>
   <div class='ocr_carea' id='block_1_71' title="bbox 2313 1248 3882 1348">
    <p class='ocr_par' dir='ltr' id='par_1_71' title="bbox 2313 1248 3882 1348">
     <span class='ocr_line' id='line_1_73' title="bbox 2313 1248 3882 1348; baseline 0.022 -50"><span class='ocrx_word' id='word_1_471' title='bbox 2313 1248 2382 1299; x_wconf 87' lang='lat' dir='ltr'><strong>ad</strong></span> <span class='ocrx_word' id='word_1_472' title='bbox 2414 1249 2543 1302; x_wconf 86' lang='lat' dir='ltr'><strong>Dom</strong></span> <span class='ocrx_word' id='word_1_473' title='bbox 2556 1254 2707 1319; x_wconf 78' lang='lat' dir='ltr'><strong>&#39;mtm,</strong></span> <span class='ocrx_word' id='word_1_474' title='bbox 2737 1268 2782 1309; x_wconf 88' lang='lat' dir='ltr'><strong>et</strong></span> <span class='ocrx_word' id='word_1_475' title='bbox 2808 1275 2871 1312; x_wconf 81' lang='lat' dir='ltr'><strong>ne</strong></span> <span class='ocrx_word' id='word_1_476' title='bbox 2899 1260 3108 1327; x_wconf 73' lang='lat' dir='ltr'><strong>di/fet&#39;as</strong></span> <span class='ocrx_word' id='word_1_477' title='bbox 3138 1265 3199 1317; x_wconf 84' lang='lat' dir='ltr'><strong>de</strong></span> <span class='ocrx_word' id='word_1_478' title='bbox 3220 1266 3301 1319; x_wconf 85' lang='lat' dir='ltr'><strong>die</strong></span> <span class='ocrx_word' id='word_1_479' title='bbox 3327 1268 3379 1320; x_wconf 82' lang='lat' dir='ltr'><strong>in</strong></span> <span class='ocrx_word' id='word_1_480' title='bbox 3406 1271 3537 1323; x_wconf 81' lang='lat' dir='ltr'><strong>diem</strong></span> <span class='ocrx_word' id='word_1_481' title='bbox 3567 1273 3749 1342; x_wconf 76' lang='lat' dir='ltr'><strong>(Eccli.</strong></span> <span class='ocrx_word' id='word_1_482' title='bbox 3781 1278 3839 1348; x_wconf 64' lang='grc' dir='ltr'><strong>ν)</strong></span> <span class='ocrx_word' id='word_1_483' title='bbox 3866 1297 3882 1333; x_wconf 87' lang='lat'><strong>:</strong></span> 
     </span>
    </p>
   </div>
   <div class='ocr_carea' id='block_1_72' title="bbox 2311 1342 3881 1429">
    <p class='ocr_par' dir='ltr' id='par_1_72' title="bbox 2311 1342 3881 1429">
     <span class='ocr_line' id='line_1_74' title="bbox 2311 1342 3881 1429; baseline 0.024 -41"><span class='ocrx_word' id='word_1_484' title='bbox 2311 1342 2430 1406; x_wconf 84' lang='lat' dir='ltr'><strong>quia</strong></span> <span class='ocrx_word' id='word_1_485' title='bbox 2462 1345 2595 1398; x_wconf 82' lang='lat' dir='ltr'><strong>sicut</strong></span> <span class='ocrx_word' id='word_1_486' title='bbox 2646 1348 2698 1400; x_wconf 93' lang='lat' dir='ltr'><strong>in</strong></span> <span class='ocrx_word' id='word_1_487' title='bbox 2741 1351 2944 1404; x_wconf 83' lang='lat' dir='ltr'><strong>incerto</strong></span> <span class='ocrx_word' id='word_1_488' title='bbox 2981 1355 3101 1409; x_wconf 69' lang='lat' dir='ltr'><strong>vitm</strong></span> <span class='ocrx_word' id='word_1_489' title='bbox 3133 1366 3368 1427; x_wconf 82' lang='lat' dir='ltr'><strong>tempora</strong></span> <span class='ocrx_word' id='word_1_490' title='bbox 3392 1407 3406 1429; x_wconf 96' lang='lat'><strong>,</strong></span> <span class='ocrx_word' id='word_1_491' title='bbox 3443 1366 3508 1418; x_wconf 88' lang='lat' dir='ltr'><strong>ita</strong></span> <span class='ocrx_word' id='word_1_492' title='bbox 3543 1368 3591 1420; x_wconf 91' lang='lat' dir='ltr'><strong>in</strong></span> <span class='ocrx_word' id='word_1_493' title='bbox 3626 1378 3737 1423; x_wconf 91' lang='lat' dir='ltr'><strong>tuto</strong></span> <span class='ocrx_word' id='word_1_494' title='bbox 3765 1372 3881 1425; x_wconf 65' lang='lat' dir='ltr'><strong>anit-</strong></span> 
     </span>
    </p>
   </div>
   <div class='ocr_carea' id='block_1_73' title="bbox 2312 1437 3878 1525">
    <p class='ocr_par' dir='ltr' id='par_1_73' title="bbox 2312 1437 3878 1525">
     <span class='ocr_line' id='line_1_75' title="bbox 2312 1437 3878 1525; baseline 0.019 -43"><span class='ocrx_word' id='word_1_495' title='bbox 2312 1444 2413 1482; x_wconf 70' lang='lat' dir='ltr'><strong>ma:</strong></span> <span class='ocrx_word' id='word_1_496' title='bbox 2464 1437 2709 1488; x_wconf 80' lang='lat' dir='ltr'><strong>convenit</strong></span> <span class='ocrx_word' id='word_1_497' title='bbox 2755 1454 2874 1493; x_wconf 76' lang='lat' dir='ltr'><strong>csse</strong></span> <span class='ocrx_word' id='word_1_498' title='bbox 2923 1446 3190 1510; x_wconf 74' lang='lat' dir='ltr'><strong>remedia,</strong></span> <span class='ocrx_word' id='word_1_499' title='bbox 3233 1459 3289 1502; x_wconf 89' lang='grc' dir='ltr'><strong>ιιι</strong></span> <span class='ocrx_word' id='word_1_500' title='bbox 3330 1454 3491 1507; x_wconf 88' lang='lat' dir='ltr'><strong>intret</strong></span> <span class='ocrx_word' id='word_1_501' title='bbox 3531 1454 3580 1507; x_wconf 93' lang='lat' dir='ltr'><strong>in</strong></span> <span class='ocrx_word' id='word_1_502' title='bbox 3631 1459 3878 1525; x_wconf 70' lang='lat' dir='ltr'><strong>gaudium</strong></span> 
     </span>
    </p>
   </div>
   <div class='ocr_carea' id='block_1_74' title="bbox 2309 1518 3878 1616">
    <p class='ocr_par' dir='ltr' id='par_1_74' title="bbox 2309 1518 3878 1616">
     <span class='ocr_line' id='line_1_76' title="bbox 2309 1518 3878 1616; baseline 0.02 -45"><span class='ocrx_word' id='word_1_503' title='bbox 2309 1518 2509 1575; x_wconf 80' lang='lat' dir='ltr'><strong>demitti</strong></span> <span class='ocrx_word' id='word_1_504' title='bbox 2532 1523 2645 1588; x_wconf 91' lang='lat' dir='ltr'><strong>sui,</strong></span> <span class='ocrx_word' id='word_1_505' title='bbox 2676 1542 2831 1594; x_wconf 89' lang='lat' dir='ltr'><strong>quem</strong></span> <span class='ocrx_word' id='word_1_506' title='bbox 2866 1535 3085 1585; x_wconf 72' lang='lat' dir='ltr'><strong>veniens</strong></span> <span class='ocrx_word' id='word_1_507' title='bbox 3116 1537 3363 1594; x_wconf 90' lang='lat' dir='ltr'><strong>dominus</strong></span> <span class='ocrx_word' id='word_1_508' title='bbox 3388 1557 3447 1595; x_wconf 89' lang='lat' dir='ltr'><strong>ea</strong></span> <span class='ocrx_word' id='word_1_509' title='bbox 3490 1560 3609 1611; x_wconf 74' lang='lat' dir='ltr'><strong>qum</strong></span> <span class='ocrx_word' id='word_1_510' title='bbox 3639 1549 3736 1600; x_wconf 82' lang='lat' dir='ltr'><strong>sibi</strong></span> <span class='ocrx_word' id='word_1_511' title='bbox 3776 1552 3878 1616; x_wconf 84' lang='lat' dir='ltr'><strong>pla-</strong></span> 
     </span>
    </p>
   </div>
   <div class='ocr_carea' id='block_1_75' title="bbox 2307 1613 3878 1692">
    <p class='ocr_par' dir='ltr' id='par_1_75' title="bbox 2307 1613 3878 1692">
     <span class='ocr_line' id='line_1_77' title="bbox 2307 1613 3878 1692; baseline 0.021 -32"><span class='ocrx_word' id='word_1_512' title='bbox 2307 1622 2428 1666; x_wconf 78' lang='lat' dir='ltr'><strong>reut</strong></span> <span class='ocrx_word' id='word_1_513' title='bbox 2456 1613 2714 1671; x_wconf 44' lang='lat' dir='ltr'><strong>inveni-rit</strong></span> <span class='ocrx_word' id='word_1_514' title='bbox 2742 1622 2971 1681; x_wconf 85' lang='lat' dir='ltr'><strong>operari.</strong></span> <span class='ocrx_word' id='word_1_515' title='bbox 3016 1623 3165 1680; x_wconf 79' lang='lat' dir='ltr'><strong>Unde</strong></span> <span class='ocrx_word' id='word_1_516' title='bbox 3194 1638 3247 1680; x_wconf 84' lang='lat' dir='ltr'><strong>et</strong></span> <span class='ocrx_word' id='word_1_517' title='bbox 3279 1630 3447 1686; x_wconf 83' lang='lat' dir='ltr'><strong>lateor</strong></span> <span class='ocrx_word' id='word_1_518' title='bbox 3478 1650 3562 1688; x_wconf 90' lang='lat' dir='ltr'><strong>me</strong></span> <span class='ocrx_word' id='word_1_519' title='bbox 3595 1637 3753 1691; x_wconf 79' lang='lat' dir='ltr'><strong>fuisse</strong></span> <span class='ocrx_word' id='word_1_520' title='bbox 3783 1641 3878 1692; x_wconf 85' lang='lat' dir='ltr'><strong>mi-</strong></span> 
     </span>
    </p>
   </div>
   <div class='ocr_carea' id='block_1_76' title="bbox 2306 1709 3874 1785">
    <p class='ocr_par' dir='ltr' id='par_1_76' title="bbox 2306 1709 3874 1785">
     <span class='ocr_line' id='line_1_78' title="bbox 2306 1709 3874 1785; baseline 0.018 -31"><span class='ocrx_word' id='word_1_521' title='bbox 2306 1713 2511 1766; x_wconf 86' lang='lat' dir='ltr'><strong>ratum,</strong></span> <span class='ocrx_word' id='word_1_522' title='bbox 2548 1720 2642 1757; x_wconf 90' lang='lat' dir='ltr'><strong>cur</strong></span> <span class='ocrx_word' id='word_1_523' title='bbox 2672 1709 2850 1762; x_wconf 69' lang='lat' dir='ltr'><strong>tandm</strong></span> <span class='ocrx_word' id='word_1_524' title='bbox 2893 1711 3080 1778; x_wconf 83' lang='lat' dir='ltr'><strong>legatio</strong></span> <span class='ocrx_word' id='word_1_525' title='bbox 3114 1720 3371 1782; x_wconf 83' lang='lat' dir='ltr'><strong>promissa</strong></span> <span class='ocrx_word' id='word_1_526' title='bbox 3407 1726 3689 1779; x_wconf 74' lang='lat' dir='ltr'><strong>tardaverit</strong></span> <span class='ocrx_word' id='word_1_527' title='bbox 3715 1771 3726 1785; x_wconf 81' lang='lat'><strong>.</strong></span> <span class='ocrx_word' id='word_1_528' title='bbox 3756 1744 3874 1783; x_wconf 90' lang='lat' dir='ltr'><strong>cum</strong></span> 
     </span>
    </p>
   </div>
   <div class='ocr_carea' id='block_1_77' title="bbox 2306 1794 3875 1883">
    <p class='ocr_par' dir='ltr' id='par_1_77' title="bbox 2306 1794 3875 1883">
     <span class='ocr_line' id='line_1_79' title="bbox 2306 1794 3875 1883; baseline 0.02 -38"><span class='ocrx_word' id='word_1_529' title='bbox 2306 1794 2542 1849; x_wconf 79' lang='lat' dir='ltr'><strong>facienda</strong></span> <span class='ocrx_word' id='word_1_530' title='bbox 2576 1798 2676 1852; x_wconf 86' lang='lat' dir='ltr'><strong>ista</strong></span> <span class='ocrx_word' id='word_1_531' title='bbox 2720 1801 2857 1867; x_wconf 88' lang='lat' dir='ltr'><strong>sint,</strong></span> <span class='ocrx_word' id='word_1_532' title='bbox 2893 1814 2945 1857; x_wconf 92' lang='lat' dir='ltr'><strong>ut</strong></span> <span class='ocrx_word' id='word_1_533' title='bbox 2978 1822 3135 1875; x_wconf 80' lang='lat' dir='ltr'><strong>regna</strong></span> <span class='ocrx_word' id='word_1_534' title='bbox 3179 1811 3412 1865; x_wconf 78' lang='lat' dir='ltr'><strong>co-leStia</strong></span> <span class='ocrx_word' id='word_1_535' title='bbox 3446 1818 3737 1883; x_wconf 81' lang='lat' dir='ltr'><strong>rapiantur.</strong></span> <span class='ocrx_word' id='word_1_536' title='bbox 3772 1821 3875 1875; x_wconf 61' lang='grc' dir='ltr'><strong>νεεδ</strong></span> 
     </span>
    </p>
   </div>
   <div class='ocr_carea' id='block_1_78' title="bbox 2305 1892 3874 1968">
    <p class='ocr_par' dir='ltr' id='par_1_78' title="bbox 2305 1892 3874 1968">
     <span class='ocr_line' id='line_1_80' title="bbox 2305 1892 3874 1968; baseline 0.017 -27"><span class='ocrx_word' id='word_1_537' title='bbox 2305 1900 2601 1943; x_wconf 81' lang='lat' dir='ltr'><strong>rnmtatnen</strong></span> <span class='ocrx_word' id='word_1_538' title='bbox 2641 1892 2920 1948; x_wconf 72' lang='lat' dir='ltr'><strong>instinctus</strong></span> <span class='ocrx_word' id='word_1_539' title='bbox 2953 1898 3097 1965; x_wconf 86' lang='lat' dir='ltr'><strong>ipse,</strong></span> <span class='ocrx_word' id='word_1_540' title='bbox 3141 1918 3296 1967; x_wconf 84' lang='lat' dir='ltr'><strong>quem</strong></span> <span class='ocrx_word' id='word_1_541' title='bbox 3335 1910 3753 1963; x_wconf 81' lang='lat' dir='ltr'><strong>mausnetmliuis</strong></span> <span class='ocrx_word' id='word_1_542' title='bbox 3791 1930 3874 1968; x_wconf 87' lang='lat' dir='ltr'><strong>ve-</strong></span> 
     </span>
    </p>
   </div>
   <div class='ocr_carea' id='block_1_79' title="bbox 2301 1971 3871 2061">
    <p class='ocr_par' dir='ltr' id='par_1_79' title="bbox 2301 1971 3871 2061">
     <span class='ocr_line' id='line_1_81' title="bbox 2301 1971 3871 2061; baseline 0.018 -32"><span class='ocrx_word' id='word_1_543' title='bbox 2301 1988 2428 2031; x_wconf 59' lang='lat' dir='ltr'><strong>stae</strong></span> <span class='ocrx_word' id='word_1_544' title='bbox 2449 1971 2681 2060; x_wconf 74' lang='lat' dir='ltr'><strong>dcclz-rat</strong></span> <span class='ocrx_word' id='word_1_545' title='bbox 2712 1986 3022 2054; x_wconf 70' lang='lat' dir='ltr'><strong>alloquium,</strong></span> <span class='ocrx_word' id='word_1_546' title='bbox 3048 2006 3194 2059; x_wconf 87' lang='lat' dir='ltr'><strong>spem</strong></span> <span class='ocrx_word' id='word_1_547' title='bbox 3227 2008 3469 2061; x_wconf 67' lang='lat' dir='ltr'><strong>supernae</strong></span> <span class='ocrx_word' id='word_1_548' title='bbox 3496 2000 3871 2057; x_wconf 61' lang='lat' dir='ltr'><strong>misericordia</strong></span> 
     </span>
    </p>
   </div>
   <div class='ocr_carea' id='block_1_80' title="bbox 2302 2070 3867 2161">
    <p class='ocr_par' dir='ltr' id='par_1_80' title="bbox 2302 2070 3867 2161">
     <span class='ocr_line' id='line_1_82' title="bbox 2302 2070 3867 2161; baseline 0.017 -40"><span class='ocrx_word' id='word_1_549' title='bbox 2302 2083 2334 2136; x_wconf 90' lang='lat' dir='ltr'><strong>p</strong></span> <span class='ocrx_word' id='word_1_550' title='bbox 2372 2070 2596 2126; x_wconf 91' lang='lat' dir='ltr'><strong>llicetnr.</strong></span> <span class='ocrx_word' id='word_1_551' title='bbox 2654 2075 2887 2141; x_wconf 84' lang='lat' dir='ltr'><strong>Desuper</strong></span> <span class='ocrx_word' id='word_1_552' title='bbox 2933 2092 3010 2132; x_wconf 87' lang='lat' dir='ltr'><strong>est</strong></span> <span class='ocrx_word' id='word_1_553' title='bbox 3062 2083 3202 2135; x_wconf 89' lang='lat' dir='ltr'><strong>enim</strong></span> <span class='ocrx_word' id='word_1_554' title='bbox 3250 2097 3296 2138; x_wconf 92' lang='lat' dir='ltr'><strong>et</strong></span> <span class='ocrx_word' id='word_1_555' title='bbox 3343 2086 3511 2152; x_wconf 89' lang='lat' dir='ltr'><strong>ipsum</strong></span> <span class='ocrx_word' id='word_1_556' title='bbox 3550 2091 3685 2145; x_wconf 87' lang='lat' dir='ltr'><strong>velle</strong></span> <span class='ocrx_word' id='word_1_557' title='bbox 3730 2097 3867 2161; x_wconf 88' lang='lat' dir='ltr'><strong>quod</strong></span> 
     </span>
    </p>
   </div>
   <div class='ocr_carea' id='block_1_81' title="bbox 2298 2159 3867 2250">
    <p class='ocr_par' dir='ltr' id='par_1_81' title="bbox 2298 2159 3867 2250">
     <span class='ocr_line' id='line_1_83' title="bbox 2298 2159 3867 2250; baseline 0.017 -36"><span class='ocrx_word' id='word_1_558' title='bbox 2298 2159 2493 2214; x_wconf 88' lang='lat' dir='ltr'><strong>bonum</strong></span> <span class='ocrx_word' id='word_1_559' title='bbox 2544 2175 2646 2218; x_wconf 86' lang='lat' dir='ltr'><strong>est.</strong></span> <span class='ocrx_word' id='word_1_560' title='bbox 2692 2166 2913 2222; x_wconf 85' lang='lat' dir='ltr'><strong>Conﬁdo</strong></span> <span class='ocrx_word' id='word_1_561' title='bbox 2961 2182 3134 2227; x_wconf 89' lang='lat' dir='ltr'><strong>autem</strong></span> <span class='ocrx_word' id='word_1_562' title='bbox 3181 2178 3431 2237; x_wconf 89' lang='lat' dir='ltr'><strong>quoniam</strong></span> <span class='ocrx_word' id='word_1_563' title='bbox 3477 2182 3564 2248; x_wconf 92' lang='lat' dir='ltr'><strong>qui</strong></span> <span class='ocrx_word' id='word_1_564' title='bbox 3616 2159 3775 2250; x_wconf 15' lang='lat' dir='ltr'><strong>cmpi‘t</strong></span> <span class='ocrx_word' id='word_1_565' title='bbox 3818 2189 3867 2241; x_wconf 81' lang='lat' dir='ltr'><strong>in</strong></span> 
     </span>
    </p>
   </div>
   <div class='ocr_carea' id='block_1_82' title="bbox 2297 2250 3866 2337">
    <p class='ocr_par' dir='ltr' id='par_1_82' title="bbox 2297 2250 3866 2337">
     <span class='ocr_line' id='line_1_84' title="bbox 2297 2250 3866 2337; baseline 0.018 -36"><span class='ocrx_word' id='word_1_566' title='bbox 2297 2250 2446 2304; x_wconf 87' lang='lat' dir='ltr'><strong>vobis</strong></span> <span class='ocrx_word' id='word_1_567' title='bbox 2475 2267 2609 2314; x_wconf 76' lang='lat' dir='ltr'><strong>onus</strong></span> <span class='ocrx_word' id='word_1_568' title='bbox 2634 2254 2827 2309; x_wconf 79' lang='lat' dir='ltr'><strong>bonum</strong></span> <span class='ocrx_word' id='word_1_569' title='bbox 2859 2262 3093 2327; x_wconf 73' lang='lat' dir='ltr'><strong>perﬁciet</strong></span> <span class='ocrx_word' id='word_1_570' title='bbox 3122 2280 3286 2334; x_wconf 84' lang='lat' dir='ltr'><strong>usque</strong></span> <span class='ocrx_word' id='word_1_571' title='bbox 3316 2269 3364 2321; x_wconf 89' lang='lat' dir='ltr'><strong>in</strong></span> <span class='ocrx_word' id='word_1_572' title='bbox 3395 2270 3572 2327; x_wconf 76' lang='lat' dir='ltr'><strong>ﬁnem.</strong></span> <span class='ocrx_word' id='word_1_573' title='bbox 3608 2275 3742 2337; x_wconf 70' lang='lat' dir='ltr'><strong>Ergo</strong></span> <span class='ocrx_word' id='word_1_574' title='bbox 3775 2278 3866 2330; x_wconf 75' lang='lat' dir='ltr'><strong>via:</strong></span> 
     </span>
    </p>
   </div>
   <div class='ocr_carea' id='block_1_83' title="bbox 2297 2341 3862 2430">
    <p class='ocr_par' dir='ltr' id='par_1_83' title="bbox 2297 2341 3862 2430">
     <span class='ocr_line' id='line_1_85' title="bbox 2297 2341 3862 2430; baseline 0.019 -37"><span class='ocrx_word' id='word_1_575' title='bbox 2297 2341 2378 2393; x_wconf 85' lang='lat' dir='ltr'><strong>eui</strong></span> <span class='ocrx_word' id='word_1_576' title='bbox 2419 2343 2654 2410; x_wconf 72' lang='lat' dir='ltr'><strong>rmpistis</strong></span> <span class='ocrx_word' id='word_1_577' title='bbox 2694 2345 2954 2411; x_wconf 86' lang='lat' dir='ltr'><strong>insistite.</strong></span> <span class='ocrx_word' id='word_1_578' title='bbox 2993 2363 3042 2405; x_wconf 92' lang='lat' dir='ltr'><strong>el</strong></span> <span class='ocrx_word' id='word_1_579' title='bbox 3088 2362 3282 2419; x_wconf 76' lang='lat' dir='ltr'><strong>sprets</strong></span> <span class='ocrx_word' id='word_1_580' title='bbox 3309 2363 3597 2416; x_wconf 82' lang='lat' dir='ltr'><strong>errantium</strong></span> <span class='ocrx_word' id='word_1_581' title='bbox 3632 2367 3862 2430; x_wconf 66' lang='lat' dir='ltr'><strong>lubricis.</strong></span> 
     </span>
    </p>
   </div>
   <div class='ocr_carea' id='block_1_84' title="bbox 2294 2431 3865 2523">
    <p class='ocr_par' dir='ltr' id='par_1_84' title="bbox 2294 2431 3865 2523">
     <span class='ocr_line' id='line_1_86' title="bbox 2294 2431 3865 2523; baseline 0.019 -41"><span class='ocrx_word' id='word_1_582' title='bbox 2294 2431 2567 2485; x_wconf 81' lang='lat' dir='ltr'><strong>nobiscum</strong></span> <span class='ocrx_word' id='word_1_583' title='bbox 2596 2450 2753 2502; x_wconf 84' lang='lat' dir='ltr'><strong>supra</strong></span> <span class='ocrx_word' id='word_1_584' title='bbox 2788 2449 2985 2503; x_wconf 78' lang='lat' dir='ltr'><strong>petram</strong></span> <span class='ocrx_word' id='word_1_585' title='bbox 3016 2444 3240 2498; x_wconf 82' lang='lat' dir='ltr'><strong>solidam</strong></span> <span class='ocrx_word' id='word_1_586' title='bbox 3274 2456 3449 2502; x_wconf 82' lang='lat' dir='ltr'><strong>tenete</strong></span> <span class='ocrx_word' id='word_1_587' title='bbox 3478 2453 3715 2523; x_wconf 70' lang='lat' dir='ltr'><strong>vestigia.</strong></span> <span class='ocrx_word' id='word_1_588' title='bbox 3752 2458 3865 2513; x_wconf 84' lang='lat' dir='ltr'><strong>Tali</strong></span> 
     </span>
    </p>
   </div>
   <div class='ocr_carea' id='block_1_85' title="bbox 2292 2521 3864 2605">
    <p class='ocr_par' dir='ltr' id='par_1_85' title="bbox 2292 2521 3864 2605">
     <span class='ocr_line' id='line_1_87' title="bbox 2292 2521 3864 2605; baseline 0.019 -33"><span class='ocrx_word' id='word_1_589' title='bbox 2292 2521 2462 2575; x_wconf 88' lang='lat' dir='ltr'><strong>crevit</strong></span> <span class='ocrx_word' id='word_1_590' title='bbox 2493 2523 2722 2578; x_wconf 85' lang='lat' dir='ltr'><strong>Ecclesia</strong></span> <span class='ocrx_word' id='word_1_591' title='bbox 2746 2539 2925 2583; x_wconf 85' lang='lat' dir='ltr'><strong>sancta</strong></span> <span class='ocrx_word' id='word_1_592' title='bbox 2955 2546 3240 2597; x_wconf 82' lang='lat' dir='ltr'><strong>consensu,</strong></span> <span class='ocrx_word' id='word_1_593' title='bbox 3264 2540 3401 2605; x_wconf 89' lang='lat' dir='ltr'><strong>quod</strong></span> <span class='ocrx_word' id='word_1_594' title='bbox 3435 2540 3515 2595; x_wconf 93' lang='lat' dir='ltr'><strong>his</strong></span> <span class='ocrx_word' id='word_1_595' title='bbox 3541 2521 3716 2598; x_wconf 75' lang='lat' dir='ltr'><strong>verbis</strong></span> <span class='ocrx_word' id='word_1_596' title='bbox 3738 2562 3864 2604; x_wconf 80' lang='lat' dir='ltr'><strong>ato-</strong></span> 
     </span>
    </p>
   </div>
   <div class='ocr_carea' id='block_1_86' title="bbox 2290 2612 3865 2694">
    <p class='ocr_par' dir='ltr' id='par_1_86' title="bbox 2290 2612 3865 2694">
     <span class='ocr_line' id='line_1_88' title="bbox 2290 2612 3865 2694; baseline 0.017 -29"><span class='ocrx_word' id='word_1_597' title='bbox 2290 2612 2600 2669; x_wconf 80' lang='lat' dir='ltr'><strong>smlicorum</strong></span> <span class='ocrx_word' id='word_1_598' title='bbox 2649 2629 2860 2673; x_wconf 73' lang='lat' dir='ltr'><strong>actuum</strong></span> <span class='ocrx_word' id='word_1_599' title='bbox 2915 2633 3134 2680; x_wconf 87' lang='lat' dir='ltr'><strong>testatur</strong></span> <span class='ocrx_word' id='word_1_600' title='bbox 3183 2627 3398 2684; x_wconf 88' lang='lat' dir='ltr'><strong>historia</strong></span> <span class='ocrx_word' id='word_1_601' title='bbox 3452 2650 3466 2687; x_wconf 90' lang='lat'><strong>:</strong></span> <span class='ocrx_word' id='word_1_602' title='bbox 3519 2634 3865 2694; x_wconf 76' lang='lat' dir='ltr'><strong>Multitudinis</strong></span> 
     </span>
    </p>
   </div>
   <div class='ocr_carea' id='block_1_87' title="bbox 2287 2705 3864 2795">
    <p class='ocr_par' dir='ltr' id='par_1_87' title="bbox 2287 2705 3864 2795">
     <span class='ocr_line' id='line_1_89' title="bbox 2287 2705 3864 2795; baseline 0.02 -41"><span class='ocrx_word' id='word_1_603' title='bbox 2287 2705 2595 2758; x_wconf 80' lang='lat' dir='ltr'><strong>credentium</strong></span> <span class='ocrx_word' id='word_1_604' title='bbox 2617 2720 2723 2761; x_wconf 78' lang='lat' dir='ltr'><strong>erat</strong></span> <span class='ocrx_word' id='word_1_605' title='bbox 2752 2727 2838 2763; x_wconf 85' lang='lat' dir='ltr'><strong>cor</strong></span> <span class='ocrx_word' id='word_1_606' title='bbox 2859 2729 3037 2781; x_wconf 84' lang='lat' dir='ltr'><strong>unum,</strong></span> <span class='ocrx_word' id='word_1_607' title='bbox 3061 2726 3106 2769; x_wconf 84' lang='lat' dir='ltr'><strong>et</strong></span> <span class='ocrx_word' id='word_1_608' title='bbox 3127 2720 3297 2772; x_wconf 88' lang='lat' dir='ltr'><strong>anima</strong></span> <span class='ocrx_word' id='word_1_609' title='bbox 3320 2739 3420 2775; x_wconf 85' lang='lat' dir='ltr'><strong>mm</strong></span> <span class='ocrx_word' id='word_1_610' title='bbox 3447 2724 3580 2793; x_wconf 78' lang='lat' dir='ltr'><strong>(Act.</strong></span> <span class='ocrx_word' id='word_1_611' title='bbox 3610 2726 3691 2795; x_wconf 71' lang='lat' dir='ltr'><strong>tv)</strong></span> <span class='ocrx_word' id='word_1_612' title='bbox 3732 2728 3864 2784; x_wconf 62' lang='lat' dir='ltr'><strong>Nam</strong></span> 
     </span>
    </p>
   </div>
   <div class='ocr_carea' id='block_1_88' title="bbox 2286 2797 3865 2886">
    <p class='ocr_par' dir='ltr' id='par_1_88' title="bbox 2286 2797 3865 2886">
     <span class='ocr_line' id='line_1_90' title="bbox 2286 2797 3865 2886; baseline 0.019 -44"><span class='ocrx_word' id='word_1_613' title='bbox 2286 2797 2731 2861; x_wconf 73' lang='lat' dir='ltr'><strong>quemadmodum</strong></span> <span class='ocrx_word' id='word_1_614' title='bbox 2790 2807 3032 2858; x_wconf 77' lang='lat' dir='ltr'><strong>conum-ti</strong></span> <span class='ocrx_word' id='word_1_615' title='bbox 3090 2818 3332 2872; x_wconf 74' lang='lat' dir='ltr'><strong>poterunt</strong></span> <span class='ocrx_word' id='word_1_616' title='bbox 3390 2815 3571 2877; x_wconf 70' lang='lat' dir='ltr'><strong>gratim</strong></span> <span class='ocrx_word' id='word_1_617' title='bbox 3613 2819 3865 2886; x_wconf 59' lang='lat' dir='ltr'><strong>vinculis,</strong></span> 
     </span>
    </p>
   </div>
   <div class='ocr_carea' id='block_1_89' title="bbox 2286 2893 3855 2983">
    <p class='ocr_par' dir='ltr' id='par_1_89' title="bbox 2286 2893 3855 2983">
     <span class='ocr_line' id='line_1_91' title="bbox 2286 2893 3855 2983; baseline 0.02 -47"><span class='ocrx_word' id='word_1_618' title='bbox 2286 2903 2510 2957; x_wconf 88' lang='lat' dir='ltr'><strong>quorum</strong></span> <span class='ocrx_word' id='word_1_619' title='bbox 2538 2893 2736 2948; x_wconf 44' lang='lat' dir='ltr'><strong>distant</strong></span> <span class='ocrx_word' id='word_1_620' title='bbox 2764 2900 2921 2950; x_wconf 80' lang='lat' dir='ltr'><strong>corla</strong></span> <span class='ocrx_word' id='word_1_621' title='bbox 2946 2904 3265 2955; x_wconf 81' lang='lat' dir='ltr'><strong>sententiis?</strong></span> <span class='ocrx_word' id='word_1_622' title='bbox 3299 2906 3417 2968; x_wconf 80' lang='lat' dir='ltr'><strong>Fac.</strong></span> <span class='ocrx_word' id='word_1_623' title='bbox 3444 2908 3659 2962; x_wconf 72' lang='lat' dir='ltr'><strong>duini-re</strong></span> <span class='ocrx_word' id='word_1_624' title='bbox 3686 2913 3855 2983; x_wconf 78' lang='lat' dir='ltr'><strong>impe-</strong></span> 
     </span>
    </p>
   </div>
   <div class='ocr_carea' id='block_1_90' title="bbox 2284 2980 3853 3059">
    <p class='ocr_par' dir='ltr' id='par_1_90' title="bbox 2284 2980 3853 3059">
     <span class='ocr_line' id='line_1_92' title="bbox 2284 2980 3853 3059; baseline 0.018 -30"><span class='ocrx_word' id='word_1_625' title='bbox 2284 2986 2449 3042; x_wconf 86' lang='lat' dir='ltr'><strong>rator,</strong></span> <span class='ocrx_word' id='word_1_626' title='bbox 2482 2980 2728 3037; x_wconf 72' lang='lat' dir='ltr'><strong>eﬁectum</strong></span> <span class='ocrx_word' id='word_1_627' title='bbox 2759 3001 2933 3039; x_wconf 89' lang='lat' dir='ltr'><strong>rerum</strong></span> <span class='ocrx_word' id='word_1_628' title='bbox 2970 2989 3125 3043; x_wconf 67' lang='lat' dir='ltr'><strong>ﬁdem</strong></span> <span class='ocrx_word' id='word_1_629' title='bbox 3156 2995 3378 3058; x_wconf 79' lang='lat' dir='ltr'><strong>probare</strong></span> <span class='ocrx_word' id='word_1_630' title='bbox 3406 2999 3705 3053; x_wconf 84' lang='lat' dir='ltr'><strong>verborum.</strong></span> <span class='ocrx_word' id='word_1_631' title='bbox 3739 3004 3853 3059; x_wconf 66' lang='lat' dir='ltr'><strong>Nnn</strong></span> 
     </span>
    </p>
   </div>
   <div class='ocr_carea' id='block_1_91' title="bbox 2285 3071 3851 3155">
    <p class='ocr_par' dir='ltr' id='par_1_91' title="bbox 2285 3071 3851 3155">
     <span class='ocr_line' id='line_1_93' title="bbox 2285 3071 3851 3155; baseline 0.017 -32"><span class='ocrx_word' id='word_1_632' title='bbox 2285 3085 2315 3124; x_wconf 90' lang='lat' dir='ltr'><strong>e</strong></span> <span class='ocrx_word' id='word_1_633' title='bbox 2357 3071 2425 3125; x_wconf 91' lang='lat' dir='ltr'><strong>im</strong></span> <span class='ocrx_word' id='word_1_634' title='bbox 2456 3077 2793 3131; x_wconf 84' lang='lat' dir='ltr'><strong>sermonibus</strong></span> <span class='ocrx_word' id='word_1_635' title='bbox 2821 3094 3211 3144; x_wconf 72' lang='lat' dir='ltr'><strong>cognoscuntur</strong></span> <span class='ocrx_word' id='word_1_636' title='bbox 3239 3087 3504 3143; x_wconf 84' lang='lat' dir='ltr'><strong>hominum</strong></span> <span class='ocrx_word' id='word_1_637' title='bbox 3536 3094 3726 3155; x_wconf 84' lang='lat' dir='ltr'><strong>corda,</strong></span> <span class='ocrx_word' id='word_1_638' title='bbox 3757 3098 3851 3150; x_wconf 86' lang='lat' dir='ltr'><strong>sed</strong></span> 
     </span>
    </p>
   </div>
   <div class='ocr_carea' id='block_1_92' title="bbox 2283 3162 3850 3245">
    <p class='ocr_par' dir='ltr' id='par_1_92' title="bbox 2283 3162 3850 3245">
     <span class='ocr_line' id='line_1_94' title="bbox 2283 3162 3850 3245; baseline 0.017 -32"><span class='ocrx_word' id='word_1_639' title='bbox 2283 3162 2577 3221; x_wconf 80' lang='lat' dir='ltr'><strong>eﬁ&#39;ectihus.</strong></span> <span class='ocrx_word' id='word_1_640' title='bbox 2626 3166 2758 3221; x_wconf 91' lang='lat' dir='ltr'><strong>Cum</strong></span> <span class='ocrx_word' id='word_1_641' title='bbox 2798 3179 2852 3222; x_wconf 90' lang='lat' dir='ltr'><strong>et</strong></span> <span class='ocrx_word' id='word_1_642' title='bbox 2880 3171 3145 3227; x_wconf 78' lang='lat' dir='ltr'><strong>Abraham</strong></span> <span class='ocrx_word' id='word_1_643' title='bbox 3184 3187 3329 3245; x_wconf 61' lang='lat' dir='ltr'><strong>pater</strong></span> <span class='ocrx_word' id='word_1_644' title='bbox 3368 3190 3546 3234; x_wconf 69' lang='lat' dir='ltr'><strong>noster</strong></span> <span class='ocrx_word' id='word_1_645' title='bbox 3577 3199 3681 3237; x_wconf 88' lang='lat' dir='ltr'><strong>non</strong></span> <span class='ocrx_word' id='word_1_646' title='bbox 3712 3187 3850 3242; x_wconf 84' lang='lat' dir='ltr'><strong>nuda</strong></span> 
     </span>
    </p>
   </div>
   <div class='ocr_carea' id='block_1_93' title="bbox 2287 3254 3849 3341">
    <p class='ocr_par' dir='ltr' id='par_1_93' title="bbox 2287 3254 3849 3341">
     <span class='ocr_line' id='line_1_95' title="bbox 2287 3254 3849 3341; baseline 0.015 -34"><span class='ocrx_word' id='word_1_647' title='bbox 2287 3254 2392 3308; x_wconf 72' lang='lat' dir='ltr'><strong>Deo</strong></span> <span class='ocrx_word' id='word_1_648' title='bbox 2430 3256 2558 3319; x_wconf 87' lang='lat' dir='ltr'><strong>ﬁde,</strong></span> <span class='ocrx_word' id='word_1_649' title='bbox 2601 3260 2692 3311; x_wconf 89' lang='lat' dir='ltr'><strong>sed</strong></span> <span class='ocrx_word' id='word_1_650' title='bbox 2738 3274 2899 3327; x_wconf 88' lang='lat' dir='ltr'><strong>opere</strong></span> <span class='ocrx_word' id='word_1_651' title='bbox 2940 3262 3094 3317; x_wconf 88' lang='lat' dir='ltr'><strong>ﬁdem</strong></span> <span class='ocrx_word' id='word_1_652' title='bbox 3133 3270 3537 3325; x_wconf 72' lang='lat' dir='ltr'><strong>comtrendante</strong></span> <span class='ocrx_word' id='word_1_653' title='bbox 3574 3274 3849 3341; x_wconf 86' lang='lat' dir='ltr'><strong>placuerit.</strong></span> 
     </span>
    </p>
   </div>
   <div class='ocr_carea' id='block_1_94' title="bbox 2285 3343 3851 3436">
    <p class='ocr_par' dir='ltr' id='par_1_94' title="bbox 2285 3343 3851 3436">
     <span class='ocr_line' id='line_1_96' title="bbox 2285 3343 3851 3436; baseline 0.015 -37"><span class='ocrx_word' id='word_1_654' title='bbox 2285 3343 2433 3399; x_wconf 86' lang='lat' dir='ltr'><strong>Unde</strong></span> <span class='ocrx_word' id='word_1_655' title='bbox 2463 3348 2542 3401; x_wconf 89' lang='lat' dir='ltr'><strong>vel</strong></span> <span class='ocrx_word' id='word_1_656' title='bbox 2574 3364 2668 3415; x_wconf 86' lang='lat' dir='ltr'><strong>pro</strong></span> <span class='ocrx_word' id='word_1_657' title='bbox 2697 3350 3090 3417; x_wconf 87' lang='lat' dir='ltr'><strong>dispensatione</strong></span> <span class='ocrx_word' id='word_1_658' title='bbox 3118 3359 3243 3411; x_wconf 87' lang='lat' dir='ltr'><strong>mihi</strong></span> <span class='ocrx_word' id='word_1_659' title='bbox 3275 3363 3496 3426; x_wconf 44' lang='lat' dir='ltr'><strong>crellita,</strong></span> <span class='ocrx_word' id='word_1_660' title='bbox 3530 3366 3607 3418; x_wconf 89' lang='lat' dir='ltr'><strong>vel</strong></span> <span class='ocrx_word' id='word_1_661' title='bbox 3640 3367 3851 3436; x_wconf 85' lang='lat' dir='ltr'><strong>pietatis</strong></span> 
     </span>
    </p>
   </div>
   <div class='ocr_carea' id='block_1_95' title="bbox 2280 3439 3847 3522">
    <p class='ocr_par' dir='ltr' id='par_1_95' title="bbox 2280 3439 3847 3522">
     <span class='ocr_line' id='line_1_97' title="bbox 2280 3439 3847 3522; baseline 0.017 -36"><span class='ocrx_word' id='word_1_662' title='bbox 2280 3446 2472 3489; x_wconf 71' lang='lat' dir='ltr'><strong>vestra:</strong></span> <span class='ocrx_word' id='word_1_663' title='bbox 2500 3439 2640 3492; x_wconf 88' lang='lat' dir='ltr'><strong>circa</strong></span> <span class='ocrx_word' id='word_1_664' title='bbox 2673 3455 2759 3496; x_wconf 92' lang='lat' dir='ltr'><strong>me</strong></span> <span class='ocrx_word' id='word_1_665' title='bbox 2808 3444 2926 3498; x_wconf 91' lang='lat' dir='ltr'><strong>beni</strong></span> <span class='ocrx_word' id='word_1_666' title='bbox 2966 3447 3127 3500; x_wconf 88' lang='lat' dir='ltr'><strong>nitate</strong></span> <span class='ocrx_word' id='word_1_667' title='bbox 3170 3465 3425 3519; x_wconf 74' lang='lat' dir='ltr'><strong>perpensa</strong></span> <span class='ocrx_word' id='word_1_668' title='bbox 3455 3498 3466 3512; x_wconf 83' lang='grc'><em>,</em></span> <span class='ocrx_word' id='word_1_669' title='bbox 3509 3455 3721 3511; x_wconf 91' lang='lat' dir='ltr'><strong>domine</strong></span> <span class='ocrx_word' id='word_1_670' title='bbox 3753 3460 3847 3522; x_wconf 86' lang='lat' dir='ltr'><strong>lili.</strong></span> 
     </span>
    </p>
   </div>
   <div class='ocr_carea' id='block_1_96' title="bbox 2280 3524 3848 3610">
    <p class='ocr_par' dir='ltr' id='par_1_96' title="bbox 2280 3524 3848 3610">
     <span class='ocr_line' id='line_1_98' title="bbox 2280 3524 3848 3610; baseline 0.015 -32"><span class='ocrx_word' id='word_1_671' title='bbox 2280 3524 2466 3578; x_wconf 90' lang='lat' dir='ltr'><strong>hortor</strong></span> <span class='ocrx_word' id='word_1_672' title='bbox 2494 3535 2547 3581; x_wconf 82' lang='lat' dir='ltr'><strong>et</strong></span> <span class='ocrx_word' id='word_1_673' title='bbox 2573 3532 2811 3596; x_wconf 89' lang='lat' dir='ltr'><strong>supplico</strong></span> <span class='ocrx_word' id='word_1_674' title='bbox 2830 3575 2845 3599; x_wconf 96' lang='lat'><strong>,</strong></span> <span class='ocrx_word' id='word_1_675' title='bbox 2880 3546 2932 3587; x_wconf 91' lang='lat' dir='ltr'><strong>ut</strong></span> <span class='ocrx_word' id='word_1_676' title='bbox 2961 3539 3192 3591; x_wconf 86' lang='lat' dir='ltr'><strong>studium</strong></span> <span class='ocrx_word' id='word_1_677' title='bbox 3225 3542 3400 3609; x_wconf 74' lang='lat' dir='ltr'><strong>paris,</strong></span> <span class='ocrx_word' id='word_1_678' title='bbox 3434 3546 3571 3610; x_wconf 90' lang='lat' dir='ltr'><strong>quod</strong></span> <span class='ocrx_word' id='word_1_679' title='bbox 3605 3563 3695 3609; x_wconf 85' lang='lat' dir='ltr'><strong>per</strong></span> <span class='ocrx_word' id='word_1_680' title='bbox 3723 3549 3848 3602; x_wconf 79' lang='lat' dir='ltr'><strong>srri-</strong></span> 
     </span>
    </p>
   </div>
   <div class='ocr_carea' id='block_1_97' title="bbox 2278 3616 3845 3704">
    <p class='ocr_par' dir='ltr' id='par_1_97' title="bbox 2278 3616 3845 3704">
     <span class='ocr_line' id='line_1_99' title="bbox 2278 3616 3845 3704; baseline 0.017 -37"><span class='ocrx_word' id='word_1_681' title='bbox 2278 3624 2362 3683; x_wconf 87' lang='lat' dir='ltr'><strong>pla</strong></span> <span class='ocrx_word' id='word_1_682' title='bbox 2384 3616 2665 3685; x_wconf 64' lang='lat' dir='ltr'><strong>profertis,</strong></span> <span class='ocrx_word' id='word_1_683' title='bbox 2681 3622 2744 3673; x_wconf 90' lang='lat' dir='ltr'><strong>ad</strong></span> <span class='ocrx_word' id='word_1_684' title='bbox 2761 3628 3125 3691; x_wconf 79' lang='lat' dir='ltr'><strong>eomponenda</strong></span> <span class='ocrx_word' id='word_1_685' title='bbox 3147 3630 3440 3695; x_wconf 75' lang='lat' dir='ltr'><strong>nobiscum,</strong></span> <span class='ocrx_word' id='word_1_686' title='bbox 3456 3634 3697 3700; x_wconf 86' lang='lat' dir='ltr'><strong>adjutore</strong></span> <span class='ocrx_word' id='word_1_687' title='bbox 3717 3639 3845 3704; x_wconf 68' lang='grc' dir='ltr'><strong>ἢθη,</strong></span> 
     </span>
    </p>
   </div>
   <div class='ocr_carea' id='block_1_98' title="bbox 2276 3708 3845 3795">
    <p class='ocr_par' dir='ltr' id='par_1_98' title="bbox 2276 3708 3845 3795">
     <span class='ocr_line' id='line_1_100' title="bbox 2276 3708 3845 3795; baseline 0.014 -35"><span class='ocrx_word' id='word_1_688' title='bbox 2276 3721 2335 3760; x_wconf 90' lang='lat' dir='ltr'><strong>ea</strong></span> <span class='ocrx_word' id='word_1_689' title='bbox 2368 3708 2418 3761; x_wconf 92' lang='lat' dir='ltr'><strong>in</strong></span> <span class='ocrx_word' id='word_1_690' title='bbox 2453 3708 2561 3773; x_wconf 85' lang='lat' dir='ltr'><strong>his,</strong></span> <span class='ocrx_word' id='word_1_691' title='bbox 2593 3714 2788 3780; x_wconf 77' lang='lat' dir='ltr'><strong>quibus</strong></span> <span class='ocrx_word' id='word_1_692' title='bbox 2822 3714 3059 3771; x_wconf 64' lang='lat' dir='ltr'><strong>laborant</strong></span> <span class='ocrx_word' id='word_1_693' title='bbox 3101 3720 3386 3782; x_wconf 71' lang='lat' dir='ltr'><strong>Erclesim.</strong></span> <span class='ocrx_word' id='word_1_694' title='bbox 3426 3723 3694 3793; x_wconf 86' lang='lat' dir='ltr'><strong>dirigatis,</strong></span> <span class='ocrx_word' id='word_1_695' title='bbox 3724 3731 3845 3795; x_wconf 90' lang='lat' dir='ltr'><strong>quia</strong></span> 
     </span>
    </p>
   </div>
   <div class='ocr_carea' id='block_1_99' title="bbox 2273 3800 3846 3883">
    <p class='ocr_par' dir='ltr' id='par_1_99' title="bbox 2273 3800 3846 3883">
     <span class='ocr_line' id='line_1_101' title="bbox 2273 3800 3846 3883; baseline 0.013 -34"><span class='ocrx_word' id='word_1_696' title='bbox 2273 3800 2565 3855; x_wconf 87' lang='lat' dir='ltr'><strong>secundum</strong></span> <span class='ocrx_word' id='word_1_697' title='bbox 2598 3803 2907 3872; x_wconf 86' lang='lat' dir='ltr'><strong>prophetam</strong></span> <span class='ocrx_word' id='word_1_698' title='bbox 2939 3825 2952 3861; x_wconf 89' lang='lat'>:</span> <span class='ocrx_word' id='word_1_699' title='bbox 2987 3807 3102 3862; x_wconf 72' lang='lat' dir='ltr'><strong>Pax</strong></span> <span class='ocrx_word' id='word_1_700' title='bbox 3129 3812 3286 3864; x_wconf 83' lang='lat' dir='ltr'><strong>multa</strong></span> <span class='ocrx_word' id='word_1_701' title='bbox 3318 3813 3638 3883; x_wconf 75' lang='lat' dir='ltr'><strong>diligentibus</strong></span> <span class='ocrx_word' id='word_1_702' title='bbox 3666 3833 3846 3870; x_wconf 70' lang='lat' dir='ltr'><strong>nomen</strong></span> 
     </span>
    </p>
   </div>
   <div class='ocr_carea' id='block_1_100' title="bbox 2272 3898 3843 3972">
    <p class='ocr_par' dir='ltr' id='par_1_100' title="bbox 2272 3898 3843 3972">
     <span class='ocr_line' id='line_1_102' title="bbox 2272 3898 3843 3972; baseline 0.012 -32"><span class='ocrx_word' id='word_1_703' title='bbox 2272 3898 2449 3956; x_wconf 82' lang='lat' dir='ltr'><strong>tuum,</strong></span> <span class='ocrx_word' id='word_1_704' title='bbox 2486 3903 2533 3945; x_wconf 90' lang='lat' dir='ltr'><strong>et</strong></span> <span class='ocrx_word' id='word_1_705' title='bbox 2566 3910 2663 3947; x_wconf 81' lang='lat' dir='ltr'><strong>non</strong></span> <span class='ocrx_word' id='word_1_706' title='bbox 2693 3908 2763 3949; x_wconf 79' lang='lat' dir='ltr'><strong>est</strong></span> <span class='ocrx_word' id='word_1_707' title='bbox 2799 3899 3238 3954; x_wconf 34' lang='lat' dir='ltr'><strong>illis&#39;xcanddlum</strong></span> <span class='ocrx_word' id='word_1_708' title='bbox 3277 3901 3443 3969; x_wconf 79' lang='lat' dir='ltr'><strong>(Psal.</strong></span> <span class='ocrx_word' id='word_1_709' title='bbox 3485 3904 3688 3972; x_wconf 80' lang='lat' dir='ltr'><strong>ettvttt).</strong></span> <span class='ocrx_word' id='word_1_710' title='bbox 3731 3906 3843 3960; x_wconf 79' lang='lat' dir='ltr'><strong>Non</strong></span> 
     </span>
    </p>
   </div>
   <div class='ocr_carea' id='block_1_101' title="bbox 2272 3982 3844 4064">
    <p class='ocr_par' dir='ltr' id='par_1_101' title="bbox 2272 3982 3844 4064">
     <span class='ocr_line' id='line_1_103' title="bbox 2272 3982 3844 4064; baseline 0.01 -31"><span class='ocrx_word' id='word_1_711' title='bbox 2272 3990 2396 4033; x_wconf 88' lang='lat' dir='ltr'><strong>sunt</strong></span> <span class='ocrx_word' id='word_1_712' title='bbox 2445 3982 2706 4053; x_wconf 89' lang='lat' dir='ltr'><strong>incognita</strong></span> <span class='ocrx_word' id='word_1_713' title='bbox 2752 3987 2892 4049; x_wconf 89' lang='lat' dir='ltr'><strong>apud</strong></span> <span class='ocrx_word' id='word_1_714' title='bbox 2943 4003 3219 4043; x_wconf 87' lang='lat' dir='ltr'><strong>mansuetu</strong></span> <span class='ocrx_word' id='word_1_715' title='bbox 3244 3992 3401 4045; x_wconf 87' lang='lat' dir='ltr'><strong>linem</strong></span> <span class='ocrx_word' id='word_1_716' title='bbox 3450 4005 3676 4047; x_wconf 83' lang='lat' dir='ltr'><strong>vestram</strong></span> <span class='ocrx_word' id='word_1_717' title='bbox 3726 4012 3844 4064; x_wconf 76' lang='lat' dir='ltr'><strong>qua:</strong></span> 
     </span>
    </p>
   </div>
   <div class='ocr_carea' id='block_1_102' title="bbox 2270 4072 3844 4147">
    <p class='ocr_par' dir='ltr' id='par_1_102' title="bbox 2270 4072 3844 4147">
     <span class='ocr_line' id='line_1_104' title="bbox 2270 4072 3844 4147; baseline 0.012 -26"><span class='ocrx_word' id='word_1_718' title='bbox 2270 4084 2368 4124; x_wconf 89' lang='lat' dir='ltr'><strong>nos</strong></span> <span class='ocrx_word' id='word_1_719' title='bbox 2397 4072 2465 4126; x_wconf 86' lang='lat' dir='ltr'><strong>ab</strong></span> <span class='ocrx_word' id='word_1_720' title='bbox 2498 4088 2590 4132; x_wconf 87' lang='lat' dir='ltr'><strong>ea.</strong></span> <span class='ocrx_word' id='word_1_721' title='bbox 2623 4090 2780 4143; x_wconf 89' lang='lat' dir='ltr'><strong>quam</strong></span> <span class='ocrx_word' id='word_1_722' title='bbox 2823 4078 3188 4144; x_wconf 70' lang='lat' dir='ltr'><strong>redintegrare</strong></span> <span class='ocrx_word' id='word_1_723' title='bbox 3217 4084 3491 4147; x_wconf 52' lang='lat' dir='ltr'><strong>rupimus,</strong></span> <span class='ocrx_word' id='word_1_724' title='bbox 3528 4085 3731 4139; x_wconf 89' lang='lat' dir='ltr'><strong>unitate</strong></span> <span class='ocrx_word' id='word_1_725' title='bbox 3763 4086 3844 4139; x_wconf 86' lang='lat' dir='ltr'><strong>di-</strong></span> 
     </span>
    </p>
   </div>
   <div class='ocr_carea' id='block_1_103' title="bbox 2267 4163 3844 4239">
    <p class='ocr_par' dir='ltr' id='par_1_103' title="bbox 2267 4163 3844 4239">
     <span class='ocr_line' id='line_1_105' title="bbox 2267 4163 3844 4239; baseline 0.008 -26"><span class='ocrx_word' id='word_1_726' title='bbox 2267 4172 2537 4215; x_wconf 86' lang='lat' dir='ltr'><strong>scernaut.</strong></span> <span class='ocrx_word' id='word_1_727' title='bbox 2572 4163 2699 4217; x_wconf 89' lang='lat' dir='ltr'><strong>Date</strong></span> <span class='ocrx_word' id='word_1_728' title='bbox 2724 4180 2964 4232; x_wconf 90' lang='lat' dir='ltr'><strong>operam,</strong></span> <span class='ocrx_word' id='word_1_729' title='bbox 2990 4180 3043 4221; x_wconf 94' lang='lat' dir='ltr'><strong>ut</strong></span> <span class='ocrx_word' id='word_1_730' title='bbox 3068 4170 3329 4224; x_wconf 88' lang='lat' dir='ltr'><strong>laudando</strong></span> <span class='ocrx_word' id='word_1_731' title='bbox 3352 4188 3470 4239; x_wconf 70' lang='lat' dir='ltr'><strong>qua:</strong></span> <span class='ocrx_word' id='word_1_732' title='bbox 3498 4175 3844 4238; x_wconf 75' lang='lat' dir='ltr'><strong>proﬁtemini.</strong></span> 
     </span>
    </p>
   </div>
   <div class='ocr_carea' id='block_1_104' title="bbox 2268 4251 3847 4327">
    <p class='ocr_par' dir='ltr' id='par_1_104' title="bbox 2268 4251 3847 4327">
     <span class='ocr_line' id='line_1_106' title="bbox 2268 4251 3847 4327; baseline 0.008 -26"><span class='ocrx_word' id='word_1_733' title='bbox 2268 4251 2635 4313; x_wconf 68' lang='lat' dir='ltr'><strong>cttmpleantur</strong></span> <span class='ocrx_word' id='word_1_734' title='bbox 2664 4254 2874 4309; x_wconf 78' lang='lat' dir='ltr'><strong>cﬂ&#39;ectu.</strong></span> <span class='ocrx_word' id='word_1_735' title='bbox 2927 4257 2987 4309; x_wconf 86' lang='lat' dir='ltr'><strong>Et</strong></span> <span class='ocrx_word' id='word_1_736' title='bbox 3027 4261 3287 4327; x_wconf 79' lang='lat' dir='ltr'><strong>apostoli,</strong></span> <span class='ocrx_word' id='word_1_737' title='bbox 3331 4265 3482 4322; x_wconf 72' lang='lat' dir='ltr'><strong>cuius</strong></span> <span class='ocrx_word' id='word_1_738' title='bbox 3510 4264 3847 4316; x_wconf 43' lang='lat' dir='ltr'><strong>communio‘</strong></span> 
     </span>
    </p>
   </div>
   <div class='ocr_carea' id='block_1_105' title="bbox 2266 4342 3851 4419">
    <p class='ocr_par' dir='ltr' id='par_1_105' title="bbox 2266 4342 3851 4419">
     <span class='ocr_line' id='line_1_107' title="bbox 2266 4342 3851 4419; baseline 0.008 -27"><span class='ocrx_word' id='word_1_739' title='bbox 2266 4353 2385 4392; x_wconf 88' lang='lat' dir='ltr'><strong>nem</strong></span> <span class='ocrx_word' id='word_1_740' title='bbox 2439 4342 2654 4395; x_wconf 87' lang='lat' dir='ltr'><strong>creditis</strong></span> <span class='ocrx_word' id='word_1_741' title='bbox 2700 4347 3096 4413; x_wconf 78' lang='lat' dir='ltr'><strong>expetendam,</strong></span> <span class='ocrx_word' id='word_1_742' title='bbox 3146 4350 3269 4404; x_wconf 82' lang='lat' dir='ltr'><strong>tntis</strong></span> <span class='ocrx_word' id='word_1_743' title='bbox 3307 4351 3506 4404; x_wconf 85' lang='lat' dir='ltr'><strong>viribus</strong></span> <span class='ocrx_word' id='word_1_744' title='bbox 3556 4353 3851 4419; x_wconf 65' lang='lat' dir='ltr'><strong>Sequimini</strong></span> 
     </span>
    </p>
   </div>
   <div class='ocr_carea' id='block_1_106' title="bbox 2264 4430 3839 4508">
    <p class='ocr_par' dir='ltr' id='par_1_106' title="bbox 2264 4430 3839 4508">
     <span class='ocr_line' id='line_1_108' title="bbox 2264 4430 3839 4508; baseline 0.011 -26"><span class='ocrx_word' id='word_1_745' title='bbox 2264 4430 2615 4498; x_wconf 84' lang='lat' dir='ltr'><strong>disciplinam.</strong></span> <span class='ocrx_word' id='word_1_746' title='bbox 2676 4435 2731 4489; x_wconf 92' lang='lat' dir='ltr'><strong>In</strong></span> <span class='ocrx_word' id='word_1_747' title='bbox 2781 4445 2947 4491; x_wconf 87' lang='lat' dir='ltr'><strong>totum</strong></span> <span class='ocrx_word' id='word_1_748' title='bbox 3000 4443 3199 4508; x_wconf 74' lang='lat' dir='ltr'><strong>perdita</strong></span> <span class='ocrx_word' id='word_1_749' title='bbox 3250 4443 3527 4497; x_wconf 79' lang='lat' dir='ltr'><strong>noxiorum</strong></span> <span class='ocrx_word' id='word_1_750' title='bbox 3574 4444 3839 4500; x_wconf 78' lang='lat' dir='ltr'><strong>declinato</strong></span> 
     </span>
    </p>
   </div>
   <div class='ocr_carea' id='block_1_107' title="bbox 2294 4524 3845 4604">
    <p class='ocr_par' dir='ltr' id='par_1_107' title="bbox 2294 4524 3845 4604">
     <span class='ocr_line' id='line_1_109' title="bbox 2294 4524 3845 4604; baseline 0.012 -31"><span class='ocrx_word' id='word_1_751' title='bbox 2294 4524 2537 4591; x_wconf 86' lang='lat' dir='ltr'><strong>ontagia;</strong></span> <span class='ocrx_word' id='word_1_752' title='bbox 2577 4528 2807 4582; x_wconf 63' lang='lat' dir='ltr'><strong>st-ientes</strong></span> <span class='ocrx_word' id='word_1_753' title='bbox 2842 4546 2945 4583; x_wconf 91' lang='lat' dir='ltr'><strong>non</strong></span> <span class='ocrx_word' id='word_1_754' title='bbox 2985 4532 3180 4587; x_wconf 85' lang='lat' dir='ltr'><strong>habere</strong></span> <span class='ocrx_word' id='word_1_755' title='bbox 3208 4550 3325 4587; x_wconf 88' lang='lat' dir='ltr'><strong>eum</strong></span> <span class='ocrx_word' id='word_1_756' title='bbox 3358 4537 3620 4603; x_wconf 85' lang='lat' dir='ltr'><strong>religiosis</strong></span> <span class='ocrx_word' id='word_1_757' title='bbox 3646 4540 3845 4604; x_wconf 65' lang='lat' dir='ltr'><strong>impios</strong></span> 
     </span>
    </p>
   </div>
   <div class='ocr_carea' id='block_1_108' title="bbox 2262 4610 3839 4690">
    <p class='ocr_par' dir='ltr' id='par_1_108' title="bbox 2262 4610 3839 4690">
     <span class='ocr_line' id='line_1_110' title="bbox 2262 4610 3839 4690; baseline 0.014 -32"><span class='ocrx_word' id='word_1_758' title='bbox 2262 4610 2581 4676; x_wconf 67' lang='lat' dir='ltr'><strong>portionem,</strong></span> <span class='ocrx_word' id='word_1_759' title='bbox 2611 4630 2708 4669; x_wconf 79' lang='lat' dir='ltr'><strong>nec</strong></span> <span class='ocrx_word' id='word_1_760' title='bbox 2739 4617 2901 4671; x_wconf 88' lang='lat' dir='ltr'><strong>ttllum</strong></span> <span class='ocrx_word' id='word_1_761' title='bbox 2936 4620 3054 4673; x_wconf 89' lang='lat' dir='ltr'><strong>ﬁdei</strong></span> <span class='ocrx_word' id='word_1_762' title='bbox 3082 4638 3200 4675; x_wconf 79' lang='lat' dir='ltr'><strong>cum</strong></span> <span class='ocrx_word' id='word_1_763' title='bbox 3228 4624 3445 4690; x_wconf 87' lang='lat' dir='ltr'><strong>perﬁdia</strong></span> <span class='ocrx_word' id='word_1_764' title='bbox 3473 4640 3592 4679; x_wconf 83' lang='lat' dir='ltr'><strong>esse</strong></span> <span class='ocrx_word' id='word_1_765' title='bbox 3617 4642 3647 4679; x_wconf 91' lang='lat' dir='ltr'><strong>c</strong></span> <span class='ocrx_word' id='word_1_766' title='bbox 3687 4643 3839 4680; x_wconf 52' lang='lat' dir='ltr'><strong>osor.</strong></span> 
     </span>
    </p>
   </div>
   <div class='ocr_carea' id='block_1_109' title="bbox 2257 4699 3839 4779">
    <p class='ocr_par' dir='ltr' id='par_1_109' title="bbox 2257 4699 3839 4779">
     <span class='ocr_line' id='line_1_111' title="bbox 2257 4699 3839 4779; baseline 0.013 -28"><span class='ocrx_word' id='word_1_767' title='bbox 2257 4699 2404 4753; x_wconf 91' lang='lat' dir='ltr'><strong>tium.</strong></span> <span class='ocrx_word' id='word_1_768' title='bbox 2427 4704 2769 4773; x_wconf 72' lang='lat' dir='ltr'><strong>Consequens</strong></span> <span class='ocrx_word' id='word_1_769' title='bbox 2784 4718 2865 4762; x_wconf 90' lang='lat' dir='ltr'><strong>est</strong></span> <span class='ocrx_word' id='word_1_770' title='bbox 2884 4718 2937 4762; x_wconf 87' lang='lat' dir='ltr'><strong>ut</strong></span> <span class='ocrx_word' id='word_1_771' title='bbox 2958 4712 3045 4770; x_wconf 86' lang='lat' dir='ltr'><strong>qui</strong></span> <span class='ocrx_word' id='word_1_772' title='bbox 3066 4728 3302 4765; x_wconf 82' lang='lat' dir='ltr'><strong>errorum</strong></span> <span class='ocrx_word' id='word_1_773' title='bbox 3322 4714 3616 4768; x_wconf 85' lang='lat' dir='ltr'><strong>detestatur</strong></span> <span class='ocrx_word' id='word_1_774' title='bbox 3638 4718 3839 4779; x_wconf 74' lang='lat' dir='ltr'><strong>princi-</strong></span> 
     </span>
    </p>
   </div>
   <div class='ocr_carea' id='block_1_110' title="bbox 2257 4792 3826 4871">
    <p class='ocr_par' dir='ltr' id='par_1_110' title="bbox 2257 4792 3826 4871">
     <span class='ocr_line' id='line_1_112' title="bbox 2257 4792 3826 4871; baseline 0.006 -25"><span class='ocrx_word' id='word_1_775' title='bbox 2257 4806 2368 4859; x_wconf 78' lang='lat' dir='ltr'><strong>pes,</strong></span> <span class='ocrx_word' id='word_1_776' title='bbox 2393 4792 2565 4847; x_wconf 80' lang='lat' dir='ltr'><strong>oderit</strong></span> <span class='ocrx_word' id='word_1_777' title='bbox 2600 4806 2909 4851; x_wconf 87' lang='lat' dir='ltr'><strong>sectatores.</strong></span> <span class='ocrx_word' id='word_1_778' title='bbox 2938 4800 3275 4856; x_wconf 68' lang='lat' dir='ltr'><strong>Exsecrahile</strong></span> <span class='ocrx_word' id='word_1_779' title='bbox 3313 4804 3571 4858; x_wconf 52' lang='lat' dir='ltr'><strong>habemur</strong></span> <span class='ocrx_word' id='word_1_780' title='bbox 3602 4808 3651 4858; x_wconf 87' lang='lat' dir='ltr'><strong>in</strong></span> <span class='ocrx_word' id='word_1_781' title='bbox 3679 4806 3826 4871; x_wconf 71' lang='lat' dir='ltr'><strong>ﬁmo,</strong></span> 
     </span>
    </p>
   </div>
   <div class='ocr_carea' id='block_1_111' title="bbox 2252 4882 3825 4959">
    <p class='ocr_par' dir='ltr' id='par_1_111' title="bbox 2252 4882 3825 4959">
     <span class='ocr_line' id='line_1_113' title="bbox 2252 4882 3825 4959; baseline 0.011 -28"><span class='ocrx_word' id='word_1_782' title='bbox 2252 4882 2393 4949; x_wconf 85' lang='lat' dir='ltr'><strong>quod</strong></span> <span class='ocrx_word' id='word_1_783' title='bbox 2423 4882 2706 4940; x_wconf 87' lang='lat' dir='ltr'><strong>damnatur</strong></span> <span class='ocrx_word' id='word_1_784' title='bbox 2734 4888 2784 4941; x_wconf 93' lang='lat' dir='ltr'><strong>in</strong></span> <span class='ocrx_word' id='word_1_785' title='bbox 2824 4890 3048 4944; x_wconf 83' lang='lat' dir='ltr'><strong>semine.</strong></span> <span class='ocrx_word' id='word_1_786' title='bbox 3095 4890 3301 4947; x_wconf 67' lang='lat' dir='ltr'><strong>OlTerte</strong></span> <span class='ocrx_word' id='word_1_787' title='bbox 3332 4895 3430 4948; x_wconf 85' lang='lat' dir='ltr'><strong>hoc</strong></span> <span class='ocrx_word' id='word_1_788' title='bbox 3469 4911 3657 4948; x_wconf 87' lang='lat' dir='ltr'><strong>munus</strong></span> <span class='ocrx_word' id='word_1_789' title='bbox 3697 4894 3825 4959; x_wconf 82' lang='lat' dir='ltr'><strong>Deo,</strong></span> 
     </span>
    </p>
   </div>
   <div class='ocr_carea' id='block_1_112' title="bbox 2255 4978 3843 5052">
    <p class='ocr_par' dir='ltr' id='par_1_112' title="bbox 2255 4978 3843 5052">
     <span class='ocr_line' id='line_1_114' title="bbox 2255 4978 3843 5052; baseline 0.011 -29"><span class='ocrx_word' id='word_1_790' title='bbox 2255 4986 2350 5039; x_wconf 89' lang='lat' dir='ltr'><strong>pro</strong></span> <span class='ocrx_word' id='word_1_791' title='bbox 2379 4978 2589 5038; x_wconf 61' lang='lat' dir='ltr'><strong>vestris,</strong></span> <span class='ocrx_word' id='word_1_792' title='bbox 2618 4992 2826 5042; x_wconf 65' lang='lat' dir='ltr'><strong>precor,</strong></span> <span class='ocrx_word' id='word_1_793' title='bbox 2850 4980 3039 5035; x_wconf 83' lang='lat' dir='ltr'><strong>oll&#39;erle</strong></span> <span class='ocrx_word' id='word_1_794' title='bbox 3065 4985 3552 5052; x_wconf 80' lang='lat' dir='ltr'><strong>temporibus:jam</strong></span> <span class='ocrx_word' id='word_1_795' title='bbox 3580 4989 3665 5040; x_wconf 83' lang='lat' dir='ltr'><strong>ditt</strong></span> <span class='ocrx_word' id='word_1_796' title='bbox 3694 4988 3843 5041; x_wconf 82' lang='lat' dir='ltr'><strong>hanc-</strong></span> 
     </span>
    </p>
   </div>
   <div class='ocr_carea' id='block_1_113' title="bbox 2251 5065 3825 5139">
    <p class='ocr_par' dir='ltr' id='par_1_113' title="bbox 2251 5065 3825 5139">
     <span class='ocr_line' id='line_1_115' title="bbox 2251 5065 3825 5139; baseline 0.011 -23"><span class='ocrx_word' id='word_1_797' title='bbox 2251 5079 2279 5116; x_wconf 92' lang='lat' dir='ltr'><strong>a</strong></span> <span class='ocrx_word' id='word_1_798' title='bbox 2310 5065 2458 5119; x_wconf 87' lang='lat' dir='ltr'><strong>vobis</strong></span> <span class='ocrx_word' id='word_1_799' title='bbox 2489 5068 2713 5121; x_wconf 89' lang='lat' dir='ltr'><strong>hostiam</strong></span> <span class='ocrx_word' id='word_1_800' title='bbox 2758 5085 2851 5136; x_wconf 90' lang='lat' dir='ltr'><strong>pro</strong></span> <span class='ocrx_word' id='word_1_801' title='bbox 2891 5079 2959 5124; x_wconf 45' lang='lat' dir='ltr'><strong>ta.</strong></span> <span class='ocrx_word' id='word_1_802' title='bbox 2986 5075 3052 5126; x_wconf 70' lang='lat' dir='ltr'><strong>t’s</strong></span> <span class='ocrx_word' id='word_1_803' title='bbox 3080 5089 3198 5139; x_wconf 72' lang='lat' dir='ltr'><strong>qum</strong></span> <span class='ocrx_word' id='word_1_804' title='bbox 3230 5091 3272 5125; x_wconf 16' lang='lat' dir='ltr'><strong>vv</strong></span> <span class='ocrx_word' id='word_1_805' title='bbox 3300 5076 3379 5130; x_wconf 86' lang='lat' dir='ltr'><strong>b&#39;s</strong></span> <span class='ocrx_word' id='word_1_806' title='bbox 3406 5080 3627 5131; x_wconf 73' lang='lat' dir='ltr'><strong>contulit</strong></span> <span class='ocrx_word' id='word_1_807' title='bbox 3667 5080 3825 5132; x_wconf 81' lang='lat' dir='ltr'><strong>(&#39;hri-</strong></span> 
     </span>
    </p>
   </div>
   <div class='ocr_carea' id='block_1_114' title="bbox 2250 5157 3841 5233">
    <p class='ocr_par' dir='ltr' id='par_1_114' title="bbox 2250 5157 3841 5233">
     <span class='ocr_line' id='line_1_116' title="bbox 2250 5157 3841 5233; baseline 0.012 -26"><span class='ocrx_word' id='word_1_808' title='bbox 2250 5163 2364 5208; x_wconf 79' lang='lat' dir='ltr'><strong>stus</strong></span> <span class='ocrx_word' id='word_1_809' title='bbox 2407 5157 2678 5212; x_wconf 83' lang='lat' dir='ltr'><strong>beneﬁciis</strong></span> <span class='ocrx_word' id='word_1_810' title='bbox 2716 5173 3008 5227; x_wconf 67' lang='lat' dir='ltr'><strong>essm-emt.</strong></span> <span class='ocrx_word' id='word_1_811' title='bbox 3059 5164 3194 5229; x_wconf 78' lang='lat' dir='ltr'><strong>Quid</strong></span> <span class='ocrx_word' id='word_1_812' title='bbox 3234 5180 3365 5229; x_wconf 76' lang='lat' dir='ltr'><strong>opus</strong></span> <span class='ocrx_word' id='word_1_813' title='bbox 3395 5178 3471 5220; x_wconf 92' lang='lat' dir='ltr'><strong>est</strong></span> <span class='ocrx_word' id='word_1_814' title='bbox 3504 5170 3639 5233; x_wconf 88' lang='lat' dir='ltr'><strong>apud</strong></span> <span class='ocrx_word' id='word_1_815' title='bbox 3677 5171 3841 5227; x_wconf 88' lang='lat' dir='ltr'><strong>illum.</strong></span> 
     </span>
    </p>
   </div>
   <div class='ocr_carea' id='block_1_115' title="bbox 2250 5248 3824 5322">
    <p class='ocr_par' dir='ltr' id='par_1_115' title="bbox 2250 5248 3824 5322">
     <span class='ocr_line' id='line_1_117' title="bbox 2250 5248 3824 5322; baseline 0.01 -25"><span class='ocrx_word' id='word_1_816' title='bbox 2250 5260 2435 5311; x_wconf 87' lang='lat' dir='ltr'><strong>preces</strong></span> <span class='ocrx_word' id='word_1_817' title='bbox 2465 5248 2721 5305; x_wconf 85' lang='lat' dir='ltr'><strong>adhibere</strong></span> <span class='ocrx_word' id='word_1_818' title='bbox 2746 5292 2759 5313; x_wconf 87' lang='lat'><strong>,</strong></span> <span class='ocrx_word' id='word_1_819' title='bbox 2804 5253 2892 5317; x_wconf 89' lang='lat' dir='ltr'><strong>qui</strong></span> <span class='ocrx_word' id='word_1_820' title='bbox 2933 5255 3241 5322; x_wconf 85' lang='lat' dir='ltr'><strong>supplicat?</strong></span> <span class='ocrx_word' id='word_1_821' title='bbox 3292 5255 3396 5309; x_wconf 82' lang='lat' dir='ltr'><strong>Vos</strong></span> <span class='ocrx_word' id='word_1_822' title='bbox 3430 5260 3634 5310; x_wconf 88' lang='lat' dir='ltr'><strong>senatui</strong></span> <span class='ocrx_word' id='word_1_823' title='bbox 3677 5260 3824 5312; x_wconf 86' lang='lat' dir='ltr'><strong>urbis</strong></span> 
     </span>
    </p>
   </div>
   <div class='ocr_carea' id='block_1_116' title="bbox 2247 5334 3822 5416">
    <p class='ocr_par' dir='ltr' id='par_1_116' title="bbox 2247 5334 3822 5416">
     <span class='ocr_line' id='line_1_118' title="bbox 2247 5334 3822 5416; baseline 0.008 -28"><span class='ocrx_word' id='word_1_824' title='bbox 2247 5334 2461 5399; x_wconf 63' lang='lat' dir='ltr'><strong>Romaz,</strong></span> <span class='ocrx_word' id='word_1_825' title='bbox 2492 5348 2548 5391; x_wconf 94' lang='lat' dir='ltr'><strong>ut</strong></span> <span class='ocrx_word' id='word_1_826' title='bbox 2579 5356 2663 5392; x_wconf 83' lang='lat' dir='ltr'><strong>me</strong></span> <span class='ocrx_word' id='word_1_827' title='bbox 2701 5341 2766 5393; x_wconf 90' lang='lat' dir='ltr'><strong>ad</strong></span> <span class='ocrx_word' id='word_1_828' title='bbox 2801 5357 2982 5409; x_wconf 89' lang='lat' dir='ltr'><strong>pacem</strong></span> <span class='ocrx_word' id='word_1_829' title='bbox 3014 5344 3350 5409; x_wconf 83' lang='lat' dir='ltr'><strong>hortaretur,</strong></span> <span class='ocrx_word' id='word_1_830' title='bbox 3384 5345 3672 5413; x_wconf 85' lang='lat' dir='ltr'><strong>injungitis.</strong></span> <span class='ocrx_word' id='word_1_831' title='bbox 3711 5348 3822 5416; x_wconf 79' lang='lat' dir='ltr'><strong>Ego</strong></span> 
     </span>
    </p>
   </div>
   <div class='ocr_carea' id='block_1_117' title="bbox 2246 5426 3821 5499">
    <p class='ocr_par' dir='ltr' id='par_1_117' title="bbox 2246 5426 3821 5499">
     <span class='ocr_line' id='line_1_119' title="bbox 2246 5426 3821 5499; baseline 0.008 -24"><span class='ocrx_word' id='word_1_832' title='bbox 2246 5438 2351 5477; x_wconf 91' lang='lat' dir='ltr'><strong>non</strong></span> <span class='ocrx_word' id='word_1_833' title='bbox 2378 5426 2548 5479; x_wconf 89' lang='lat' dir='ltr'><strong>solum</strong></span> <span class='ocrx_word' id='word_1_834' title='bbox 2581 5443 2700 5481; x_wconf 90' lang='lat' dir='ltr'><strong>cum</strong></span> <span class='ocrx_word' id='word_1_835' title='bbox 2731 5430 2811 5482; x_wconf 83' lang='lat' dir='ltr'><strong>his</strong></span> <span class='ocrx_word' id='word_1_836' title='bbox 2838 5431 2902 5483; x_wconf 90' lang='lat' dir='ltr'><strong>ad</strong></span> <span class='ocrx_word' id='word_1_837' title='bbox 2934 5446 3027 5484; x_wconf 87' lang='lat' dir='ltr'><strong>vos</strong></span> <span class='ocrx_word' id='word_1_838' title='bbox 3057 5433 3461 5499; x_wconf 74' lang='lat' dir='ltr'><strong>supplicationis</strong></span> <span class='ocrx_word' id='word_1_839' title='bbox 3496 5434 3653 5487; x_wconf 86' lang='lat' dir='ltr'><strong>verba</strong></span> <span class='ocrx_word' id='word_1_840' title='bbox 3692 5451 3821 5490; x_wconf 76' lang='lat' dir='ltr'><strong>C0&quot;-</strong></span> 
     </span>
    </p>
   </div>
   <div class='ocr_carea' id='block_1_118' title="bbox 2247 5516 3821 5589">
    <p class='ocr_par' dir='ltr' id='par_1_118' title="bbox 2247 5516 3821 5589">
     <span class='ocr_line' id='line_1_120' title="bbox 2247 5516 3821 5589; baseline 0.014 -28"><span class='ocrx_word' id='word_1_841' title='bbox 2247 5522 2431 5578; x_wconf 88' lang='lat' dir='ltr'><strong>verto,</strong></span> <span class='ocrx_word' id='word_1_842' title='bbox 2469 5516 2561 5567; x_wconf 90' lang='lat' dir='ltr'><strong>sed</strong></span> <span class='ocrx_word' id='word_1_843' title='bbox 2593 5518 2827 5586; x_wconf 86' lang='lat' dir='ltr'><strong>vest&#39;giis</strong></span> <span class='ocrx_word' id='word_1_844' title='bbox 2866 5522 3057 5574; x_wconf 87' lang='lat' dir='ltr'><strong>vestris</strong></span> <span class='ocrx_word' id='word_1_845' title='bbox 3100 5536 3196 5589; x_wconf 89' lang='lat' dir='ltr'><strong>pro</strong></span> <span class='ocrx_word' id='word_1_846' title='bbox 3234 5523 3522 5578; x_wconf 83' lang='lat' dir='ltr'><strong>universali</strong></span> <span class='ocrx_word' id='word_1_847' title='bbox 3562 5523 3821 5583; x_wconf 87' lang='lat' dir='ltr'><strong>advolvor</strong></span> 
     </span>
    </p>
   </div>
   <div class='ocr_carea' id='block_1_119' title="bbox 2245 5602 3820 5685">
    <p class='ocr_par' dir='ltr' id='par_1_119' title="bbox 2245 5602 3820 5685">
     <span class='ocr_line' id='line_1_121' title="bbox 2245 5602 3820 5685; baseline 0.01 -29"><span class='ocrx_word' id='word_1_848' title='bbox 2245 5602 2504 5657; x_wconf 65' lang='lat' dir='ltr'><strong>Ectlesia.</strong></span> <span class='ocrx_word' id='word_1_849' title='bbox 2545 5605 2737 5659; x_wconf 81' lang='lat' dir='ltr'><strong>Audite</strong></span> <span class='ocrx_word' id='word_1_850' title='bbox 2778 5623 2863 5663; x_wconf 87' lang='lat' dir='ltr'><strong>me</strong></span> <span class='ocrx_word' id='word_1_851' title='bbox 2907 5624 3002 5678; x_wconf 87' lang='lat' dir='ltr'><strong>pro</strong></span> <span class='ocrx_word' id='word_1_852' title='bbox 3039 5611 3257 5666; x_wconf 84' lang='lat' dir='ltr'><strong>Christo</strong></span> <span class='ocrx_word' id='word_1_853' title='bbox 3294 5612 3558 5682; x_wconf 85' lang='lat' dir='ltr'><strong>legatione</strong></span> <span class='ocrx_word' id='word_1_854' title='bbox 3598 5614 3820 5685; x_wconf 79' lang='lat' dir='ltr'><strong>fungen-</strong></span> 
     </span>
    </p>
   </div>
   <div class='ocr_carea' id='block_1_120' title="bbox 2244 5694 3813 5769">
    <p class='ocr_par' dir='ltr' id='par_1_120' title="bbox 2244 5694 3813 5769">
     <span class='ocr_line' id='line_1_122' title="bbox 2244 5694 3813 5769; baseline 0.012 -27"><span class='ocrx_word' id='word_1_855' title='bbox 2244 5699 2346 5743; x_wconf 90' lang='lat' dir='ltr'><strong>tetn</strong></span> <span class='ocrx_word' id='word_1_856' title='bbox 2396 5709 2409 5743; x_wconf 87' lang='lat'><strong><em>:</em></strong></span> <span class='ocrx_word' id='word_1_857' title='bbox 2466 5707 2569 5746; x_wconf 89' lang='lat' dir='ltr'><strong>non</strong></span> <span class='ocrx_word' id='word_1_858' title='bbox 2625 5694 2896 5760; x_wconf 88' lang='lat' dir='ltr'><strong>patiamini</strong></span> <span class='ocrx_word' id='word_1_859' title='bbox 2941 5699 3008 5753; x_wconf 87' lang='lat' dir='ltr'><strong>ab</strong></span> <span class='ocrx_word' id='word_1_860' title='bbox 3054 5699 3310 5769; x_wconf 88' lang='lat' dir='ltr'><strong>improbis</strong></span> <span class='ocrx_word' id='word_1_861' title='bbox 3356 5704 3579 5760; x_wconf 85' lang='lat' dir='ltr'><strong>eanibus</strong></span> <span class='ocrx_word' id='word_1_862' title='bbox 3619 5704 3813 5762; x_wconf 87' lang='lat' dir='ltr'><strong>Christi</strong></span> 
     </span>
    </p>
   </div>
   <div class='ocr_carea' id='block_1_121' title="bbox 2242 5780 3832 5863">
    <p class='ocr_par' dir='ltr' id='par_1_121' title="bbox 2242 5780 3832 5863">
     <span class='ocr_line' id='line_1_123' title="bbox 2242 5780 3832 5863; baseline 0.012 -30"><span class='ocrx_word' id='word_1_863' title='bbox 2242 5780 2476 5834; x_wconf 74' lang='lat' dir='ltr'><strong>utetubn</strong></span> <span class='ocrx_word' id='word_1_864' title='bbox 2522 5782 2794 5853; x_wconf 87' lang='lat' dir='ltr'><strong>discerpi:</strong></span> <span class='ocrx_word' id='word_1_865' title='bbox 2829 5801 2945 5857; x_wconf 72' lang='lat' dir='ltr'><strong>qua:</strong></span> <span class='ocrx_word' id='word_1_866' title='bbox 2993 5789 3302 5847; x_wconf 50' lang='lat' dir='ltr'><strong>insan’bilia</strong></span> <span class='ocrx_word' id='word_1_867' title='bbox 3344 5793 3566 5863; x_wconf 71' lang='lat' dir='ltr'><strong>videtis,</strong></span> <span class='ocrx_word' id='word_1_868' title='bbox 3608 5796 3832 5854; x_wconf 56' lang='lat' dir='ltr'><strong>abscin-</strong></span> 
     </span>
    </p>
   </div>
  </div>
