4262 6264
393 328 519 389 385

376 542 514 596 lidis
546 539 829 608 conjuncta
869 535 1214 606 quatiuntur?
1264 534 1484 590 Servate
1520 536 1762 588 ordinem
1805 549 1962 602 quem

374 636 567 687 unitas
599 631 710 699 ipsa
742 629 987 698 prmiinit,
1010 637 1065 682 et
1095 642 1277 693 pacem
1305 626 1523 690 mundo,
1545 640 1702 694 quam
1729 626 1961 692 poscitis,

374 726 616 780 reddite.
652 724 775 777 "th
809 730 862 775 et
891 721 991 774 sub
1022 721 1266 787 praesenti
1294 719 1574 771 occasione
1600 719 1831 785 deposco
1854 754 1870 781 ,
1911 725 1966 770 et

374 832 601 870 rursum
631 830 694 868 ac
724 814 917 881 sa-pins
946 811 1244 878 supplicare
1268 811 1487 874 curab't,
1516 825 1737 878 sperans
1767 809 1965 876 impor-

375 909 669 961 tunitatem
695 906 829 957 hanc
853 919 1021 956 meam
1050 912 1103 956 et
1126 901 1236 955 Deo
1256 916 1373 955 esse
1396 900 1727 967 placituram,
1751 908 1804 953 et
1823 903 1959 966 apud

372 1012 480 1049 vus
508 1010 721 1065 quinque
758 1008 851 1061 per
881 993 1119 1046 assiduas
1159 992 1468 1060 petitiones,
1500 996 1747 1058 quoniam
1781 991 1829 1043 id
1864 1006 1961 1044 nos

378 1087 646 1139 Dominus
679 1085 889 1141 docmt.
925 1097 1140 1137 vacuam
1174 1099 1277 1135 non
1310 1081 1563 1135 futuram.
1617 1082 1744 1134 Data
1777 1080 1819 1134 Β
1861 1097 1960 1134 tute

373 1178 550 1243 (anno
586 1174 789 1226 Domini
821 1173 968 1242 516).
1300 1181 1303 1183 ’

1011 1302 1041 1355 E
1057 1300 1333 1354 PISTOLA

373 1430 652 1469 ΑγΑςτΑειι
699 1432 764 1468 ΑΙ)
804 1430 1043 1468 εεκΑτυη
1081 1430 1228 1467 υιιυις
1260 1429 1442 1478 BONA-2,
1477 1430 1577 1467 PER
1608 1429 1955 1468 TIIEOPOHPUII

675 1521 739 1557 ΕΤ
770 1520 1099 1558 ειενεκιλαυιι
1127 1519 1276 1557 νικος
1305 1520 1659 1559 cunnsrnos.

567 1616 872 1687 Ponti/ium
905 1626 953 1670 ct
989 1633 1152 1687 regem
1179 1618 1245 1669 ad
1270 1634 1444 1689 pacem
1472 1618 1771 1671 hortandos.

447 1760 475 1787 ι
507 1750 804 1819 Imperator
828 1747 1008 1803 Cmsar
1047 1749 1260 1804 Flavius
1290 1751 1603 1805 Anastasius
1634 1752 1768 1819 pius,
1804 1752 1951 1816 felix,

373 1840 549 1894 victor
569 1882 583 1903 ,
614 1854 827 1907 semper
865 1847 1151 1905 angustus,
1185 1838 1480 1894 Germanus
1509 1841 1757 1911 inclytus,
1790 1841 1956 1895 Fran-

375 1931 523 1984 cicns
566 1929 834 1995 inclytus,
874 1928 1201 1984 Sarmaticus
1247 1932 1475 2001 inclytus
1500 1972 1515 1995 ,
1555 1941 1704 2000 pater
1748 1933 1953 2000 patriar,

375 2021 809 2090 proconSnlibns,
839 2021 1170 2085 consiihbus,
1203 2023 1514 2090 prmtoribus
1534 2063 1549 2086 ,
1591 2023 1816 2077 tribunis
1848 2023 1958 2092 plc-

378 2113 467 2167 bis
487 2154 502 2175 ,
530 2114 840 2181 senatuique
866 2126 962 2166 sue
988 2113 1209 2165 salutem
1238 2111 1387 2165 dic't.

458 2203 514 2256 Si
571 2218 659 2255 tms
701 2201 961 2269 liberique
1003 2203 1162 2255 vestri
1220 2203 1426 2265 valetis,
1472 2202 1611 2257 bene
1666 2213 1749 2257 est
1795 2220 1809 2257 :
1857 2218 1955 2273 ego

373 2302 746 2362 exerctnsq'm
822 2306 971 2347 meus
1047 2295 1307 2346 va'emus.
1394 2294 1648 2359 Quotiens
1717 2294 1954 2363 utrisque

372 2383 603 2449 publicis
655 2383 816 2436 rebus
863 2396 1116 2451 prospera
1163 2381 1435 2435 Voluntate
1480 2383 1806 2445 cmisnlitnr,
1850 2398 1952 2436 non

375 2477 549 2529 solmn
601 2476 939 2537 exhortatio.
997 2474 1091 2528 sed
1141 2473 1421 2543 postulatio
1465 2489 1674 2544 quoque
1720 2476 1956 2530 creditur

370 2568 737 2630 conveniens,
769 2576 824 2619 nt
851 2566 1057 2620 duabus
1088 2565 1138 2619 in
1170 2580 1333 2619 unum
1360 2564 1805 2620 concurrentibus
1831 2572 1956 2619 cau‘-

369 2657 449 2708 sis
488 2656 705 2707 animus
749 2655 1028 2719 incitatus,
1060 2655 1199 2724 quod
1233 2655 1353 2709 felix
1387 2664 1441 2709 et
1476 2655 1671 2710 bonum
1715 2656 1955 2726 partibus

369 2747 471 2809 sit,
504 2745 683 2798 valeat
716 2746 959 2814 adipisci.
1003 2743 1059 2800 Si
1099 2747 1295 2800 etenim
1332 2745 1575 2799 Christus
1609 2746 1748 2801 Deus
1772 2760 1822 2800 et
1854 2746 1956 2800 Do-

368 2839 551 2892 minus
600 2847 822 2904 noster,
874 2848 924 2892 et
974 2854 1068 2905 pcr
1115 2840 1447 2892 miti~simam
1494 2840 1860 2904 voluntatem,
1898 2846 1955 2893 et

367 2930 658 2997 quamdam
683 2929 1095 2996 dispensationis
1130 2932 1434 2997 petitionem
1466 2945 1561 2983 nos
1592 2933 1861 2985 revocavit
1887 2932 1951 2986 ad

365 3035 450 3080 se,
484 3030 539 3073 et
574 3022 875 3089 redemptos
906 3023 1119 3091 proprio
1152 3023 1407 3090 sanguine
1436 3023 1665 3077 libertati
1694 3024 1947 3089 restituit,

365 3120 424 3164 ut
454 3112 683 3166 εηιιιιεηι
716 3128 777 3165 ιη
804 3114 1019 3167 rtalitati
1053 3124 1352 3182 prteStaret,
1390 3130 1495 3166 non
1528 3114 1738 3168 videtur
1766 3116 1950 3169 absur-

365 3198 525 3263 dum,
571 3213 675 3252 tam
713 3202 849 3270 apud
887 3204 1327 3269 gloriosissimum
1361 3218 1571 3272 regem,
1605 3221 1760 3272 quam
1810 3206 1949 3274 apud

364 3289 739 3343 heatissémnm
772 3305 958 3359 papam
998 3292 1153 3346 altum
1185 3292 1329 3346 urbis
1358 3292 1537 3344 Ruina-
1558 3334 1574 3359 ,
1615 3306 1791 3360 patres
1824 3309 1952 3348 con-

365 3379 491 3434 scri
519 3391 602 3434 tus
648 3381 908 3448 imperiali
950 3384 1188 3451 petitioni
1229 3382 1572 3451 coniunctos,
1606 3398 1667 3437 ea
1711 3399 1947 3453 sperare,

363 3488 486 3539 quae
511 3483 566 3525 et
597 3468 749 3525 nobis
774 3482 833 3527 et
860 3475 964 3527 sibi
994 3473 1107 3529 Deo
1135 3483 1401 3529 annuente
1431 3476 1482 3530 iu
1510 3490 1794 3530 commune
1822 3492 1949 3546 pro-

366 3561 589 3624 ﬁciant;
631 3566 732 3615 hoc
761 3573 873 3629 est,
907 3578 972 3617 ne
1000 3566 1335 3633 fugitivorum
1361 3565 1580 3619 audiant
1604 3568 1952 3621 concinnatos

365 3666 653 3707 sermones
679 3695 693 3713 .
727 3656 1003 3710 mendacio
1042 3656 1157 3709 solo
1186 3656 1511 3723 compositos
1534 3698 1551 3723 ,
1601 3658 1693 3712 sed
1737 3659 1951 3712 Salisfa-

363 3745 545 3797 ctione
597 3756 845 3814 suscepta
871 3786 887 3809 ,
938 3762 1093 3815 quam
1137 3756 1189 3800 et
1233 3749 1426 3801 veritas
1452 3756 1509 3802 et
1538 3749 1829 3817 legatorum
1860 3750 1949 3819 qui

362 3834 559 3887 directi
594 3845 719 3888 sunt
757 3836 1031 3903 inquisitio
1064 3837 1347 3903 patefecit,
1380 3838 1445 3890 ad
1474 3837 1827 3893 desideratam
1859 3854 1952 3908 pa-

361 3939 482 3978 cem
504 3925 822 3992 acceptabtli
848 3924 952 3979 Deo
978 3927 1245 3993 voluptate
1266 3938 1567 3981 concurrat.
1591 3928 1946 3983 lndubitatnm

362 4013 632 4082 siqniitum
662 4022 835 4067 estex
869 4014 1025 4084 longa
1063 4030 1321 4069 annorum
1363 4016 1534 4081 serie,
1577 4016 1796 4069 multam
1828 4031 1948 4086 par-

364 4112 471 4156 lettl
546 4104 850 4171 reipublictc
921 4117 1154 4159 vestram
1229 4106 1498 4160 vindicare
1566 4108 1947 4159 constantiam.

363 4192 598 4248 Proinde
625 4206 833 4263 oportet
860 4199 1258 4249 sanctissunnm
1287 4207 1481 4250 coetum
1509 4207 1739 4249 vesnum
1762 4194 1947 4250 solerti

363 4283 547 4336 studio
582 4299 646 4338 ac
684 4284 905 4351 provido
936 4286 1116 4338 labore
1155 4288 1503 4348 contendere;
1552 4296 1656 4337 tam
1688 4284 1825 4352 apud
1851 4298 1947 4337 ex-

363 4376 572 4427 celsum
600 4390 800 4442 regem,
827 4374 910 4429 eui
942 4375 1157 4442 regendi
1184 4390 1274 4428 vos
1307 4386 1541 4440 poteSIas
1564 4384 1620 4428 et
1646 4374 1948 4428 sollicitudo

362 4464 657 4517 commissa
686 4472 800 4527 est,
832 4480 988 4533 quam
1036 4465 1174 4533 apud
1206 4463 1562 4518 venerabilem
1609 4479 1795 4533 papam
1817 4503 1832 4529 ,
1861 4463 1945 4517 cui

362 4554 731 4607 intercedendi
762 4556 899 4621 apud
946 4556 1108 4608 Detnn
1153 4556 1373 4607 lacnltas
1400 4565 1480 4607 est
1509 4554 1686 4622 pra-sti
1714 4571 1739 4605 a
1758 4597 1772 4621 ,
1810 4564 1865 4607 ut
1894 4554 1944 4607 in

362 4659 426 4698 ea
461 4654 613 4712 parte
644 4646 804 4697 animi
839 4645 921 4697 sui
967 4644 1258 4697 bonitatem
1301 4643 1586 4712 dignentur
1614 4644 1943 4710 impendere,

360 4734 415 4788 in
449 4748 553 4800 qua
586 4733 857 4802 utriusque
888 4734 1197 4799 reipublcaz
1226 4735 1459 4787 membra
1485 4748 1692 4801 sperata
1721 4734 1946 4787 sanitate

360 4825 660 4877 salvetrnr.
713 4824 1006 4892 ltllpirbills
1042 4825 1181 4877 enim
1218 4834 1451 4879 veterem
1481 4826 1943 4889 consuetudinem,

362 4922 419 4966 et
446 4914 606 4966 nimis
628 4912 852 4967 consilio
878 4925 1058 4967 vestro
1088 4913 1439 4977 notissimam,
1458 4900 1512 4967 isi
1540 4929 1601 4968 ea
1629 4931 1746 4983 qua!
1771 4914 1944 4983 publi-

361 5021 438 5057 ρτιι
465 5006 680 5058 ut-Iitati
713 5006 1065 5069 conveniunt,
1098 5005 1402 5071 tractando,
1436 5007 1729 5075 sperando,
1763 5018 1942 5074 postu-

362 5093 524 5147 Iando
544 5135 558 5156 ,
588 5096 834 5150 ell’ectum
870 5097 1093 5165 adipisci
1126 5097 1233 5151 Deo
1261 5098 1476 5165 auspice
1504 5097 1756 5150 feceritis.
1807 5097 1941 5150 Data

362 5197 392 5232 ν
423 5183 672 5236 calendas
702 5183 927 5252 Augusti
959 5185 1121 5255 (anno
1150 5185 1356 5239 Domini
1390 5184 1539 5255 5l6),
1576 5184 1939 5254 Chalcedone,

366 5270 524 5325 Petro
556 5273 667 5326 tiro
695 5274 994 5328 clarissimo
1031 5275 1267 5329 consule.

425 5605 453 5633 ι
485 5597 550 5668 in
583 5599 815 5652 editio-e
849 5599 1002 5653 Rom.
1046 5600 1201 5668 epist.
1246 5601 1439 5654 Pontif.
1477 5601 1833 5657 Romanorum
1880 5606 1930 5658 hi

364 5665 493 5747 titnti
527 5670 593 5719 ita
623 5672 966 5754 emundantur
994 5689 1006 5724 :
1040 5665 1336 5754 [inperitiae
1355 5670 1525 5754 Cwsitr
1544 5673 1930 5754 [Vettius-Amr-

364 5740 544 5790 vasin:
574 5740 804 5804 pontifex
830 5739 1069 5809 inclytus,
1097 5739 1426 5796 (-‘ermam'cus
1456 5742 1695 5811 inclytus,
1723 5744 1931 5797 Alama-

1584 318 1941 383 ‘EP'ISTOLAZ
1981 318 2064 380 ET
2107 321 2438 381 DECRETA.

374 451 530 516 dite,
561 457 617 505 et
639 459 759 520 qua
787 456 958 516 aegra,
986 446 1191 500 curate.
1225 438 1339 498 Cur
1368 458 1484 513 qua:
1510 459 1636 498 sana
1668 452 1791 498 sunt
1816 444 1962 497 inva-
1990 447 2040 503 Α

3524 328 3631 385 386

2638 437 3065 496 RESCRIPTUM

2067 546 2299 583 SENAIUS
2348 545 2492 584 ωιιιιε
2540 545 2693 584 1ιοΙῶ
2743 546 2809 583 AD
2860 544 3177 584 ΑΝΑδσι-Αειωι

2169 616 2514 653 τιιεηρωιιδυκ
2546 618 2609 653 ET
2638 615 2964 653 SEVERIANUH
2998 615 3147 652 V1805
3178 613 3531 653 οιΑειι-βιδιυδ.

2067 682 2369 752 Ponti/irem
2390 703 2584 752 semper
2604 703 2742 756 pacts
2760 687 2916 751 fuisse
2935 686 3233 742 studiosum.
3255 702 3403 750 quam
3426 687 3641 751 pendere

2405 756 2468 807 ab
2495 756 2665 809 Aiami
2700 756 3025 807 damnatione
3053 758 3295 823 fatentur.

2134 845 2189 899 Si
2222 846 2389 915 prima
2420 862 2632 915 semper
2658 860 2734 901 eSt
2760 887 2776 912 ,
2806 847 3093 914 imperator
3124 845 3322 899 iinicte
3345 885 3360 908 ,
3392 861 3419 896 a
3453 860 3643 914 regen—

2064 936 2202 989 tibus
2231 937 2547 1005 suppliriunt
2578 946 2813 1005 spectata
2841 936 3055 990 devotio
3076 976 3091 1000 ,
3133 936 3177 989 si
3208 938 3319 989 sola
3350 936 3514 1001 gratia
3546 938 3643 989 do-

2064 1022 2329 1077 minorum
2352 1026 2544 1079 conciti
2563 1037 2665 1078 itur
2685 1028 2973 1093 obsequio;
3001 1025 3359 1079 indubitanter
3382 1040 3641 1091 agnnsm's

2062 1128 2229 1167 sacrae
2256 1116 2512 1183 jussinnis
2542 1118 2754 1169 oracula
2786 1127 2981 1186 quanta
3012 1126 3225 1170 senatus
3258 1133 3346 1171 ves
3374 1122 3416 1170 rt
3448 1117 3646 1172 fuerint

2060 1204 2413 1270 gratulatione
2444 1215 2719 1274 suscepta,
2751 1207 2980 1262 maxime
3005 1224 3123 1262 cum
3146 1208 3211 1260 ad
3239 1208 3334 1261 hos
3355 1216 3407 1261 et
3433 1211 3643 1264 animus

2060 1291 2261 1345 domini
2286 1296 2449 1347 nostri
2481 1295 2816 1349 invictissimi
2849 1303 2984 1365 regis
3009 1296 3327 1352 Theudorici
3359 1297 3447 1350 [itii
3477 1299 3641 1352 vestri

2061 1383 2428 1436 mandatorum
2493 1395 2794 1439 vestrorum
2859 1385 3217 1440 obedientiam
3285 1386 3642 1453 praecipientis

2060 1473 2373 1537 accederet,
2402 1483 2456 1527 et
2484 1475 2716 1529 sciamus
2754 1490 2916 1542 super
2957 1479 3135 1529 omnia
3179 1476 3430 1530 beneﬁcia
3464 1486 3639 1531 vestra

2062 1570 2185 1613 tunc
2227 1563 2395 1629 magis
2434 1578 2531 1615 nos
2570 1562 2733 1629 erigi,
2761 1579 2882 1617 cum
2920 1564 3109 1634 dignos
3153 1565 3406 1630 creditis,
3447 1569 3641 1632 quibus

2058 1646 2251 1701 debeat
2282 1648 2551 1717 imperari.
2592 1650 2711 1703 Mox
2758 1651 2917 1719 igitur
2959 1667 3129 1705 sacrae
3170 1653 3349 1706 studio
3384 1652 3643 1721 jussionis

2059 1735 2340 1806 implenda:
2363 1777 2378 1801 ,
2416 1738 2782 1792 beatissimum
2826 1756 3011 1809 papam
3051 1741 3384 1795 llormisdatn
3413 1745 3645 1799 credidi-

2060 1844 2179 1883 mus
2221 1829 2617 1897 deprecandum
2649 1848 2663 1885 ι
2692 1830 2759 1886 de
2788 1847 2893 1901 quo
2934 1849 3119 1902 parum
3146 1844 3228 1888 est
3271 1836 3483 1901 dicere,
3519 1836 3642 1904 quia

2061 1929 2179 1974 vota
2225 1920 2636 1989 supplicantium
2702 1923 3027 1993 benignitate
3081 1928 3393 1995 praecessit;
3451 1928 3542 1981 sed
3588 1938 3642 1982 et

2059 2010 2337 2063 nobiscum
2373 2026 2499 2065 suas
2536 2028 2751 2082 preces,
2787 2024 2843 2066 ut
2877 2014 3016 2083 quod
3068 2014 3353 2069 hortamini
3392 2016 3510 2081 fiat,
3544 2017 3641 2068 ad-

2054 2100 2274 2169 junsit,
2334 2105 2657 2171 evangelicis
2722 2106 3047 2159 voluntatem
3111 2120 3259 2159 suam
3321 2106 3641 2161 testimoniis

2058 2191 2350 2243 asscrendn
2374 2229 2392 2256 ,
2430 2195 2721 2247 ostendens
2760 2193 3012 2247 mundum
3055 2208 3211 2263 supra
3246 2194 3639 2248 multitudinem

2057 2288 2395 2346 peccatorum
2438 2294 2655 2334 suorum
2703 2281 2968 2335 scandalis
3007 2282 3125 2350 plus
3163 2292 3437 2347 gravatum
3462 2322 3477 2346 ,
3511 2282 3638 2336 dum

2055 2382 2154 2421 vox
2181 2369 2247 2421 sit
2280 2368 2378 2422 iS'a
2401 2369 2665 2423 dominica
2690 2385 2706 2423 :
2745 2369 2833 2424 Va:
2862 2372 3049 2424 mundo
3070 2388 3100 2422 α
3122 2372 3376 2424 scandulis
3416 2372 3635 2433 (Manli.

2059 2457 2226 2525 svnt).
2279 2458 2539 2523 Etidem,
2595 2471 2844 2529 Oportere
2890 2464 3135 2515 homines
3167 2463 3639 2518 scandalizantium

2056 2553 2232 2613 partes
2262 2548 2626 2602 membrorum
2658 2550 2975 2604 abscindete
3000 2590 3015 2613 ,
3046 2566 3206 2620 quam
3245 2560 3302 2604 ut
3339 2552 3390 2605 in
3431 2552 3631 2621 ignem,

2054 2649 2160 2686 non
2190 2634 2542 2688 renuntiando
2571 2638 2838 2691 scamtalis
2864 2678 2878 2701 ,
2913 2639 3190 2692 mittantur
3219 2649 3498 2693 aatcrnum.
3534 2641 3639 2696 Sed

2055 2728 2109 2773 et
2140 2731 2255 2789 post
2288 2724 2402 2775 haec
2441 2723 2637 2777 divina:
2687 2725 2932 2780 lectionis
2975 2728 3235 2792 exemplis
3268 2771 3283 2795 ,
3326 2745 3482 2795 quam
3516 2730 3640 2784 bnni

2053 2812 2160 2864 sint
2200 2808 2402 2864 fructus
2435 2812 2611 2880 pacis,
2642 2813 2880 2867 ostendit
2907 2830 3025 2868 cum
3059 2815 3261 2869 diceret
3290 2836 3299 2866 ε
3335 2816 3397 2870 Et
3425 2834 3505 2885 apt
3529 2830 3642 2871 sto-

2056 2899 2162 2953 lutn
2195 2898 2415 2953 Paulum
2459 2902 2626 2970 gratia
2655 2902 2746 2955 Dei
2780 2905 2989 2972 plenum
3019 2946 3033 2969 ,
3079 2905 3206 2959 nihil
3241 2914 3417 2960 tamen
3445 2908 3636 2975 quibus

2055 2988 2188 3042 bene
2214 2989 2492 3056 cupiebat,
2527 2991 2666 3059 quod
2701 3000 2907 3055 Optaret
2939 2993 3156 3060 melius,
3186 2998 3341 3047 iuven
3366 3010 3486 3057 sse;
3527 2996 3627 3048 nisi

2057 3086 2115 3130 ut
2144 3092 2244 3145 pax
2279 3077 2401 3139 Dei,
2440 3093 2555 3145 qum
2587 3089 2669 3133 est
2698 3095 2854 3146 supra
2897 3096 3112 3134 omnem
3145 3083 3514 3136 eXCellentiant
3538 3125 3550 3146 ,
3584 3087 3637 3141 in

3226 543 3494 584 AUGUSNJI
3539 545 3639 583 νει

1977 3147 2023 3209 C
2056 3182 2244 3220 eorum
2290 3168 2538 3220 sensibus
2579 3169 2906 3233 abundaret;
2957 3172 3203 3240 quodque
3246 3175 3297 3227 in
3350 3175 3638 3243 Evangelia

2054 3256 2262 3309 Domini
2292 3256 2355 3310 sit
2382 3271 2482 3309 vn:
2507 3256 2602 3309 ista
2628 3256 2855 3311 diretttis
2882 3276 2893 3310 :
2924 3259 3176 3324 Quoniam
3198 3263 3397 3331 pari/iri
3421 3265 3517 3327 lilii
3544 3263 3638 3318 Dei

2052 3346 2362 3401 ttoatbuntur
2398 3346 2613 3413 (Matth.
2646 3347 2697 3415 v)
2732 3363 2746 3401 :
2777 3356 2831 3401 ct
2872 3350 3059 3401 iterum
3093 3351 3156 3403 ad
3190 3352 3359 3415 ipsum
3398 3354 3497 3408 Scr
3521 3368 3638 3422 ptu-

2053 3455 2232 3493 rarum
2257 3441 2497 3492 omnium
2526 3442 2845 3493 revertendo
2870 3441 3166 3507 doctorem,
3194 3456 3389 3511 qnantn
3414 3448 3522 3509 ipsi
3554 3448 3637 3500 vel

2054 3528 2193 3594 lide,
2227 3545 2327 3598 qua
2355 3539 2408 3584 et
2432 3529 2673 3583 coelestia
2704 3545 2863 3598 regna
2898 3533 3300 3597 pra'sutninttts,
3330 3549 3358 3586 a
3393 3548 3637 3601 peccato-

2054 3636 2167 3674 rum
2190 3620 2515 3674 Cruciatibus
2535 3620 2801 3674 credendn
2825 3623 3114 3687 saltantur,
3133 3631 3328 3676 caritas
3349 3636 3416 3677 sul
3441 3627 3632 3690 major,

2052 3710 2325 3774 ostendit,
2367 3711 2728 3765 teStimonium
2771 3712 2877 3766 tale
2913 3713 3202 3781 Snbjiriens
3237 3732 3248 3765 :
3291 3714 3451 3784 Spes,
3484 3717 3631 3785 ﬁdes,

2053 3805 2239 3855 caritas
2259 3842 2273 3864 ,
2302 3803 2466 3872 major
2493 3813 2661 3856 autem
2691 3805 2913 3856 omnium
2940 3805 3124 3858 caritas
3156 3804 3206 3873 (1
3232 3804 3349 3860 Cor.
3383 3812 3497 3873 xm)
3538 3830 3545 3856 :
3582 3810 3635 3863 id

2027 3902 2134 3947 est
2154 3894 2406 3961 Spiritus,
2440 3897 2607 3962 gratia
2637 3895 2870 3949 donante
2897 3896 3098 3963 divina,
3130 3900 3403 3953 caritatem
3430 3901 3637 3956 virtuti-

2052 3986 2151 4040 bus
2180 3987 2431 4042 αιτιίὺυε
2459 3988 2683 4043 exaltat.
2730 3988 2845 4043 Non
2880 3989 3137 4045 habentes
3168 4006 3317 4060 ergo,
3347 3993 3390 4046 si
3420 4008 3471 4046 et
3507 4010 3633 4063 pro-

2054 4087 2169 4143 pter
2200 4092 2407 4144 ptenam
2441 4080 2687 4133 scandala
2718 4078 3071 4147 declinamus,
3118 4089 3173 4136 et
3199 4096 3385 4151 pacem
3418 4094 3636 4152 propter

2054 4169 2199 4235 pacis
2245 4168 2381 4223 bona
2434 4182 2741 4236 sectamur,
2785 4182 2839 4227 et
2878 4174 2942 4226 ad
2983 4174 3261 4229 caritatem
3304 4190 3401 4229 nos
3428 4177 3518 4244 qui
3550 4188 3633 4233 est

2051 4261 2247 4312 caritas
2271 4258 2516 4313 Christus
2547 4260 2821 4327 hortatur;
2854 4264 2979 4332 quid
3005 4273 3085 4318 cst
3107 4267 3249 4319 enim
3272 4266 3412 4333 quod
3442 4270 3634 4324 retinet

2050 4349 2315 4402 catholico
2336 4351 2528 4402 ardore
2552 4348 2807 4404 festinos?
2836 4352 2961 4418 quid
2993 4364 3074 4407 est
3104 4356 3244 4423 quod
3272 4357 3634 4424 delinquentis

2051 4436 2226 4490 Acacii
2273 4439 2496 4504 impedit
2541 4438 2780 4493 volentes
2827 4441 3099 4495 Christum
3142 4443 3327 4497 videre
3358 4448 3631 4510 persona?

1981 4512 2027 4571 [ι
2052 4525 2177 4595 quid
2208 4537 2287 4580 est
2315 4526 2455 4596 quod
2484 4541 2511 4579 a
2541 4541 2639 4580 Sim
2667 4528 2848 4593 liberi,
2884 4530 3063 4584 alieno
3086 4542 3375 4600 gravantur
3400 4535 3632 4587 errore?

2054 4615 2177 4669 llaec
2220 4630 2340 4670 cum
2379 4618 2704 4672 venerabilis
2748 4635 2894 4689 papa:
2944 4620 3100 4675 latius
3146 4622 3342 4676 fuerint
3382 4625 3629 4692 expedita

2052 4707 2364 4776 rescriptis,
2419 4725 2513 4776 pro
2562 4722 2755 4764 nostra:
2801 4721 2976 4765 tamen
3022 4712 3631 4782 obsequiocrentidimus

2050 4797 2350 4852 devotioms
2382 4798 2608 4852 iudenda
2636 4841 2650 4864 ,
2682 4816 2749 4854 ne
2795 4818 2901 4855 nnn
2948 4817 3165 4869 rogasse
3206 4812 3513 4870 putaremur
3544 4821 3631 4860 re-

2051 4887 2330 4941 condenda
2362 4903 2677 4956 respOusum
2706 4936 2717 4955 ,
2753 4892 2895 4960 quod
2926 4892 3228 4954 accepimus
3255 4894 3627 4964 deprecantes.

2053 4976 2313 5042 Proinde,
2342 4978 2580 5043 piissime
2612 4980 2902 5045 imperator
2922 5025 2936 5045 ,
2971 4985 3084 5039 Iure
3110 5000 3209 5039 suo
3237 4988 3447 5043 nomine
3476 5005 3630 5045 sena-

2024 5074 2136 5121 .tus
2181 5068 2487 5124 serenitatis
2532 5080 2635 5124 tum
2664 5072 2961 5128 clementiae
3006 5086 3320 5145 provocatus
3362 5080 3628 5149 adiunxit,

2050 5167 2107 5213 ut
2149 5160 2237 5227 qui
2286 5160 2466 5218 animo
2523 5163 2915 5231 quambentgnu
2966 5166 3018 5219 in
3074 5175 3299 5236 utraque
3354 5173 3627 5240 republica

2050 5250 2425 5304 concordanda
2459 5250 2636 5313 fuisti,
2671 5261 2775 5305 tam
2807 5269 2926 5308 esse
2958 5255 3044 5325 pio
3074 5256 3126 5311 in
3157 5257 3410 5314 Ecclesia:
3442 5261 3626 5314 redin—

2050 5341 2300 5409 tt-granda
2334 5343 2533 5397 unitate
2563 5346 2821 5399 noscaris.
2854 5345 2981 5401 Nam
3012 5359 3069 5402 ut
3097 5365 3194 5417 pax
3222 5351 3309 5404 iila
3342 5366 3623 5417 regnorum

2043 5442 2244 5488 tantum
2275 5434 2441 5489 scitur
2481 5435 2739 5505 prodesse
2774 5437 3060 5509 subjectis,
3094 5439 3171 5493 sic
3211 5438 3323 5492 haec
3350 5439 3624 5508 religionis

2042 5608 2185 5661 nicus
2206 5607 2446 5678 inclytus,
2478 5608 2754 5665 From-ints
2779 5613 2999 5676 inclutus
3032 5611 3287 5667 Tribunic.
3317 5613 3446 5668 Pot..
3463 5612 3565 5669 XX
3578 5614 3619 5667 V

2040 5694 2143 5730 cos.
2166 5693 2220 5731 In
2250 5680 2384 5746 pius,
2418 5680 2563 5758 felix,
2588 5683 2775 5758 rirtor,_
2795 5699 2854 5758 oc
2883 5681 3220 5752 triumphator
3241 5700 3435 5757 semper
3452 5702 3620 5758 augu-

2039 5758 2166 5812 stus,
2200 5758 2341 5814 pater
2362 5751 2563 5818 putrin',
2596 5752 2907 5815 consulibus,
2940 5764 3040 5807 etc.
