4262 6264
683 324 781 377 58⁸1

2006 318 2375 377 ιΙΟΒΜΙΞΠιΕ
2416 319 2614 376 ΡΑΡΑΞ

3816 322 3913 378 5'38

679 451 798 492 eum
829 435 1022 506 populo
1051 450 1146 490 suo
1177 433 1386 503 proflcit
1414 434 1716 501 imperanti.
1753 430 1961 485 Etenim
1993 434 2111 501 quis
2140 449 2241 485 non
2275 436 2321 495 Α
2347 448 2377 487 a
2407 448 2534 488 vero
2563 434 2792 502 prmsole
2823 435 3076 491 Romana:
3106 434 3360 491 Ecclesiae
3401 434 3603 490 Leone.
3633 433 3783 504 Rogo
3813 453 3911 490 au-

680 528 942 581 liatresum
974 525 1292 594 perfidorum
1334 537 1589 590 sequaces
1615 522 1735 591 plus
1760 537 1915 591 quam
1944 524 2086 591 ipsos
2110 525 2246 577 deli-

677 619 857 683 quisse
880 624 1023 684 pntct
1049 613 1334 667 auctores?
1360 612 1458 678 Qui
1486 626 1588 666 non
1617 621 1737 681 post
1758 613 2047 681 patibulum
2070 616 2243 669 crucis

676 706 971 759 dividentes
1010 705 1198 757 iterum
1236 703 1430 757 Clnisti
1464 703 1701 757 membra
1740 704 2093 759 condemnet?
2138 705 2246 759 Uti-

677 811 795 847 nao.
829 796 939 847 haec
969 793 1077 860 jam
1106 794 1252 847 vobis
1298 796 1639 863 regnantibus
1677 809 1838 849 causa
1874 797 2153 864 coepisset,
2189 806 2245 849 ut

673 887 879 940 facilius
912 886 1047 938 mala
1078 885 1501 955 reprimerentur
1526 888 1793 941 nascentia
1819 927 1835 953 ,
1869 903 2023 947 quam
2055 902 2241 955 prove-

672 984 779 1028 cta.
818 973 948 1028 Nam
988 978 1108 1044 quis
1135 976 1367 1043 ambigat
1408 992 1512 1030 non
1555 978 1789 1045 potuisse
1824 978 1939 1045 ejus
1984 980 2239 1041 existere,

672 1067 825 1135 cujus
851 1069 1040 1136 corrigi
1072 1069 1395 1137 temporibus
1418 1070 1621 1123 videret
1644 1072 1915 1125 errorem?
1942 1070 2040 1124 Per
2064 1071 2243 1125 Enno-

672 1156 814 1210 dittm
843 1167 897 1212 et
921 1156 1260 1211 Fortunatam
1291 1160 1596 1229 episcopos,
1631 1160 1654 1186 “
1692 1159 1999 1213 Venantium
2030 1162 2243 1232 presby-

673 1255 875 1312 terum,
902 1246 1125 1301 V'italem
1156 1248 1435 1302 diaconum
1466 1256 1519 1301 et
1551 1249 1784 1302 Hilarum
1820 1251 2106 1304 notarium.

1292 1381 1621 1436 EPISTOLA

671 1488 785 1527 δινε
806 1489 1083 1529 ΕιΕὶΙΡωΜ
1112 1490 1424 1528 ιιεωτιοκιε
1453 1490 1661 1529 ιοωικιε
1691 1489 1919 1529 EPISCOPI
1968 1490 2241 1531 NICOPOLI-

740 1559 895 1605 TANI,
952 1561 1051 1598 PER
1108 1560 1337 1599 BUFINUI
1382 1559 1644 1599 DIACUNUII
1697 1560 1947 1612 ειυεοειι,
1998 1562 2064 1598 ΑΙ)
2107 1563 2238 1601 HOR-

744 1628 955 1667 IISDAI.

670 1700 987 1757 Catholicam
1028 1703 1180 1770 [idem
1224 1705 1508 1771 proﬁtetur,
1558 1713 1604 1757 et
1641 1720 1753 1773 quia
1791 1704 2019 1769 vitanda,
2067 1719 2239 1771 qurere

1108 1773 1377 1838 servanda,
1409 1774 1601 1826 moneri
1629 1775 1785 1843 cupit.
1896 1786 1897 1789 ‘
2092 1780 2099 1785 '

737 1886 965 1941 Domino
992 1902 1112 1941 meo
1144 1902 1237 1955 per
1265 1897 1454 1942 cuncta
1481 1889 1819 1944 sanctissimo
1840 1904 1902 1944 ac
1925 1891 2233 1947 beatissimo

667 1976 804 2047 patri
835 1985 1067 2043 patrum,
1094 1976 1461 2031 comministro
1492 1993 1552 2031 ac
1588 1979 1812 2049 principi
1859 1983 2232 2052 episcoporum

673 2064 988 2131 llormisdze,
1017 2066 1248 2121 Joannes
1279 2067 1330 2121 in
1359 2068 1583 2122 Domino
1603 2072 1848 2124 salutem.

737 2158 878 2214 Cura
910 2160 1037 2213 mibi
1069 2161 1275 2215 exstitit
1301 2175 1515 2230 semper
1545 2162 1672 2216 nihil
1704 2163 1931 2232 amplius
1966 2181 2231 2234 qurerere,

668 2251 769 2305 nisi
800 2266 959 2321 agere
989 2251 1259 2320 propriam
1309 2261 1359 2306 et
1402 2251 1717 2307 familiarem
1768 2257 2232 2312 cooversationetn

666 2357 888 2397 vacuam
936 2342 1307 2419 sollicitudinis
1356 2351 1409 2396 et
1455 2346 1666 2397 anxieta
1694 2344 1738 2399 is
1783 2348 2102 2401 mundonte:
2137 2349 2230 2402 sed

665 2432 788 2499 quia
814 2430 1127 2501 Deijudicia
1157 2431 1369 2501 abyssus
1396 2434 1554 2486 multa
1577 2443 1652 2487 est
1681 2433 1851 2504 (Psal.
1886 2438 2069 2506 xxxv),
2095 2439 2233 2492 sicut

662 2534 718 2577 et
768 2531 997 2576 vestram
1045 2537 1312 2591 cognosco
1368 2522 1563 2578 docere
1618 2524 2025 2592 beatitudinem,
2082 2540 2232 2597 patre

664 2621 846 2667 nostro
890 2612 1155 2681 quondam
1201 2622 1366 2683 atque
1418 2614 1822 2684 archiepiscopo
1873 2618 2142 2688 Alcysoue
2197 2636 2229 2673 a

661 2701 874 2757 Christo
911 2703 977 2756 ad
1022 2718 1282 2771 supernas
1311 2704 1616 2759 mansiones
1644 2716 1888 2773 evocato,
1929 2723 1993 2761 ea
2023 2710 2230 2762 ratione

660 2807 764 2860 qua
794 2793 907 2860 ipse
937 2793 1231 2861 cognoscit,
1263 2794 1354 2861 qui
1381 2802 1465 2847 est
1510 2794 1835 2861 possibilitttn
1868 2797 2140 2861 dominus,
2174 2798 2226 2851 in

661 2897 746 2936 me
774 2892 957 2937 sancta
989 2883 1225 2953 synodus
1257 2885 1517 2939 bonorum
1544 2895 1785 2953 actuum,
1812 2904 1873 2940 ac
1905 2888 2077 2941 clerus
2107 2905 2226 2957 pas-

660 2982 832 3026 torum
861 2976 1130 3028 transtulit
1158 2984 1381 3031 sortem.
1416 2975 1525 3044 Ego
1567 2988 1739 3031 autem
1770 2989 1959 3031 cuneta
1988 2979 2226 3032 referens

658 3063 788 3130 Deo,
822 3064 909 3131 qui
938 3064 1348 3119 balbutientium
1384 3065 1593 3135 linguas
1621 3067 1815 3120 liberas
1853 3066 1995 3133 facit,
2027 3067 2224 3121 decen-

2350 536 2457 581 tem
2503 527 2707 595 plenius
2735 534 2894 594 atque
2937 525 3244 594 perfectius,
3284 540 3403 594 qua:
3436 524 3642 579 servari
3674 536 3906 593 Oportet,

2346 624 2704 683 commonete,
2750 624 2804 669 et
2841 631 2868 667 a
2907 616 3102 685 quibus
3131 615 3400 670 abstinere
3447 614 3694 679 debeam,
3728 618 3912 670 vestris

2345 706 2656 760 custodibus
2704 706 2895 761 litteris
2945 706 3229 760 intimate:
3263 715 3321 759 ut
3358 705 3403 758 si
3454 706 3695 759 fortassis
3746 707 3911 761 adhuc

2346 797 2728 850 inexercitatus
2771 795 2944 848 ordini
2990 795 3216 863 deputor
3264 795 3585 858 lectionum,
3640 808 3735 848 seu
3781 794 3911 861 dixi,

2343 886 2461 940 sive
2508 887 2591 954 egi
2642 885 2950 952 apostolicis
3003 886 3266 940 doctrinis
3304 885 3494 938 vestris
3540 884 3909 953 incongruum,

2342 977 2534 1030 vestris
2564 976 2794 1029 imbutus
2825 977 3163 1032 sermonibus
3185 978 3387 1046 possim
3416 980 3785 1033 bmreticorum
3813 981 3911 1032 ob-

2342 1065 2532 1120 sistere
2560 1064 2839 1120 machinis.
2888 1067 2998 1120 lloc
3043 1067 3185 1120 enim
3238 1067 3514 1135 faciente~,
3554 1072 3908 1136 sanctissime,

2342 1158 2605 1214 ﬁrmiores
2630 1169 2826 1213 nostrae
2854 1167 3053 1211 sancta:
3076 1158 3267 1226 synodi
3299 1158 3584 1214 invenietis
3610 1162 3907 1228 episcopos,

2341 1255 2397 1300 et
2421 1236 2911 1300 bonOrumactuum
2938 1245 3136 1299 clerum
3161 1260 3221 1298 ac
3238 1248 3486 1313 populum
3503 1250 3905 1315 confirmabitis,

2341 1345 2589 1404 tanquam
2621 1335 2934 1389 familiarem
2964 1335 3115 1387 vobis
3160 1333 3446 1389 reddentes
3475 1346 3711 1389 sanctam
3752 1337 3905 1391 Nico-

2341 1429 2696 1497 politanorum
2724 1428 3037 1483 Ecclesiam.
3069 1430 3440 1485 Venerabilem
3462 1445 3591 1485 vero
3622 1430 3903 1484 diaconum

2339 1519 2589 1574 Rufinum
2619 1521 2685 1574 ad
2732 1531 2836 1573 tam
2870 1523 3226 1576 necessariam
3258 1536 3471 1575 causam
3504 1521 3786 1590 directum,
3820 1537 3903 1591 pa-

2340 1611 2516 1678 cifice,
2548 1612 2687 1666 sicut
2713 1627 2809 1667 vos
2852 1614 3028 1677 decet,
3068 1615 3239 1682 rogati
3269 1614 3555 1681 suspicite;
3589 1623 3645 1667 et
3666 1614 3903 1666 fiduciam

2342 1703 2658 1765 tribuentes,
2690 1704 2919 1758 celerem
2968 1704 3084 1771 ejus
3128 1719 3402 1757 recursum
3435 1706 3497 1757 ad
3527 1720 3623 1757 nos
3655 1713 3902 1772 prestare

2270 1781 2668 1862 Bdignemiui,
2720 1803 3019 1864 portantem
3069 1796 3361 1863 Spiritualia
3411 1804 3569 1862 atque
3622 1796 3901 1863 apostolica

2343 1886 2647 1938 constituta.
2681 1885 2956 1949 Curictam,
2991 1886 3346 1949 sanctissime,
3379 1899 3590 1938 omnem
3625 1886 3678 1937 in
3700 1884 3902 1939 Christe

2341 1973 2724 2029 fraternitatem
2758 1986 2951 2029 vestra;
2983 1976 3321 2029 lentitudinis
3362 1991 3461 2043 ego
3497 1985 3551 2030 et
3576 1977 3667 2045 qui
3699 1990 3901 2030 mecum

2340 2074 2463 2119 sunt
2490 2064 2770 2134 plurimum
2801 2066 3089 2118 salutamus
3113 2065 3163 2118 in
3189 2065 3432 2120 Domino.

2880 2176 3212 2231 EPIETOLA
3252 2176 3358 2229 \‘ll.

2566 2287 2633 2324 Αυ
2661 2286 2893 2325 JOANNEM
2923 2285 3342 2323 NICOPOLITANUM
3372 2283 3679 2322 ΕΡιδοοΡωις

2336 2382 2667 2436 Commendat
2708 2382 2848 2434 illius
2878 2382 3212 2452 religionem:
3246 2380 3537 2434 Nestorium
3565 2391 3611 2434 et
3645 2380 3899 2449 Eutychen

2404 2453 2776 2515 damnandum,
2829 2464 2873 2503 et
2924 2453 3173 2518 quomodo
3219 2453 3305 2519 qui
3348 2454 3415 2503 ad
3465 2452 3613 2517 ﬁdem
3650 2462 3899 2503 revertun-

2404 2533 2487 2575 tur
2507 2521 2793 2645 gecipienJi
2818 2522 2943 2585 sint,
2975 2538 3063 2585 per
3100 2521 3383 2574 indicatum
3412 2537 3465 2574 se
3494 2523 3899 2590 signiﬁcaturum

2404 2594 2503 2644 861i
2540 2594 2594 2643 ἱι.

2400 2608 2471 2644 sci
2486 2594 2594 2644 ἱὸἱι.

2406 2698 2886 2753 Ιιονηιίδάθ-Ιοειηηί
2901 2698 3153 2768 episcopo
3166 2697 3531 2767 Nicopolitano
3551 2712 3642 2766 per
3652 2696 3897 2751 Rufinum

2330 2793 2636 2847 diaconum.

2400 2883 2575 2938 Gavisi
2604 2899 2787 2937 sumus
2814 2884 2865 2937 in
2896 2883 3122 2938 Domino
3172 2883 3343 2947 valde,
3393 2882 3557 2937 frater
3590 2882 3893 2946 carissime,

2330 2974 2563 3042 noeeptis
2590 2974 2780 3026 litteris
2803 2975 2930 3039 tuis,
2959 2973 3013 3027 in
3042 2973 3230 3041 quibus
3260 2981 3312 3028 te
3354 2972 3620 3040 profiteris
3650 2974 3895 3026 sacerdo-

2336 3062 2465 3115 tium
2504 3063 2593 3115 Dei
2621 3064 2787 3130 gratia
2815 3064 3136 3130 suscepisse.
3168 3062 3290 3115 Haec
3314 3071 3398 3115 est
3434 3061 3561 3114 fides
3591 3070 3755 3125 certa,
3787 3065 3900 3116 haec

656 3164 738 3208 ter
762 3154 827 3208 ad
861 3163 1067 3209 vestras
1092 3158 1363 3211 orationes
1395 3172 1687 3221 concurro;
1723 3166 1782 3211 ut
1814 3158 1971 3226 juxta
1999 3174 2223 3213 consue-
2254 3130 2297 3189 Ο
2331 3169 2453 3221 spes
2475 3154 2589 3207 sine
2605 3154 2947 3221 ambiguitate
2974 3166 3185 3215 secura.
3209 3166 3309 3220 Qua
3334 3152 3569 3209 creditur
3592 3151 3751 3204 l0lius
3774 3151 3896 3203 boni

656 3247 894 3301 tudinem
942 3248 1249 3315 apostolicze
1296 3248 1441 3303 sedis
1491 3259 1703 3313 vestrm,
1754 3266 1873 3318 quae
1916 3261 2225 3307 cunctarum

657 3334 1020 3388 Ecclesiarum
1038 3351 1220 3390 curam
1239 3337 1419 3400 liabet,
1434 3348 1484 3389 et
1508 3337 1997 3405 Nic0politanorum
2026 3340 2225 3396 habere

655 3423 973 3492 dignemini,
1012 3427 1306 3478 secundum
1337 3427 1606 3495 antiquam
1638 3427 1965 3497 spiritualem
2001 3430 2226 3499 disposi-

658 3515 858 3569 tionem
892 3526 1147 3570 vestram.
1183 3516 1391 3570 Petenti
1417 3521 1612 3573 etenim
1658 3520 1783 3573 mihi
1829 3520 1945 3573 dari
1975 3522 2222 3589 Spiritum

654 3604 717 3657 ad
747 3607 1076 3673 aper-tionem
1115 3610 1245 3671 oris,
1283 3608 1421 3660 sicut
1464 3607 1644 3662 docuit
1674 3611 1961 3677 Apostolus
2005 3611 2219 3680 (Ephes.

654 3694 749 3762 vi),
782 3706 941 3764 atque
972 3697 1084 3764 ipse
1114 3698 1274 3749 etiam
1312 3696 1566 3750 Dominus
1593 3699 1866 3766 praecepit,
1894 3715 2101 3755 mecum
2134 3717 2225 3769 pe-

654 3786 750 3838 tite
782 3788 969 3839 liorum
999 3786 1263 3851 datorem,
1306 3795 1362 3841 et
1392 3800 1513 3840 cum
1546 3798 1821 3854 qurerente
1849 3790 2044 3858 pariter
2072 3807 2222 3860 qua:-

653 3878 777 3941 rite,
818 3888 870 3931 et
904 3878 1200 3947 pulsantem
1232 3880 1494 3949 spirituali
1526 3898 1685 3937 manu
1724 3892 1897 3938 vestra
1941 3885 2217 3952 suscipite.

657 3968 768 4023 lloc
796 3970 939 4023 enim
970 3972 1121 4024 vobis
1155 3972 1492 4039 facientibus,
1526 3984 1732 4043 potero,
1774 3976 2132 4041 sanctissime,
2166 3987 2222 4033 et

650 4061 916 4127 accipere,
946 4069 1000 4112 et
1033 4060 1297 4127 invenire,
1329 4071 1384 4116 et
1410 4064 1682 4130 aperiente
1708 4061 1919 4117 Christo
1946 4075 2094 4120 recta
2125 4082 2218 4135 per

650 4150 869 4205 verbum
917 4151 1155 4204 veritatis
1203 4152 1470 4207 incedere.
1521 4154 1779 4220 Quoniam
1826 4170 1956 4208 vero
2000 4156 2216 4224 quidam

649 4240 1047 4296 dissimulantes
1092 4242 1368 4297 nobiscum
1404 4243 1647 4304 credere,
1682 4253 1842 4312 atque
1864 4247 2058 4298 sectari
2088 4260 2214 4299 san-

648 4341 762 4385 ctas
813 4329 1045 4400 synodos
1098 4345 1217 4399 qua!
1271 4330 1496 4397 Nicaeae,
1545 4331 2005 4401 Constantinopoli
2055 4342 2215 4403 atque

650 4419 844 4489 Ephesi
862 4431 1197 4488 congregatae
1223 4429 1365 4485 sunt,
1397 4420 1448 4473 in
1477 4435 1581 4488 qua
1611 4422 1874 4490 principes
1896 4424 2218 4479 exstiterunt

2328 3260 2483 3301 causa
2508 3246 2559 3299 in
2591 3260 2819 3315 superna
2848 3245 3248 3314 dispensatione
3278 3244 3593 3298 consistere.
3627 3244 3790 3311 Cujus
3821 3244 3896 3297 rei

2327 3335 2601 3390 scientiam
2628 3335 2851 3399 habens,
2874 3336 3036 3389 frater
3054 3336 3351 3399 carissime,
3381 3334 3757 3389 beneficiorum
3780 3351 3898 3403 qua:

2325 3440 2355 3478 a
2386 3426 2493 3480 Deo
2520 3434 2705 3480 nostro
2733 3436 3049 3480 consecutus
3071 3442 3148 3490 es,
3194 3427 3439 3496 religiosi»
3471 3428 3653 3481 animo
3675 3428 3893 3495 gratiam

2326 3516 2629 3581 confiteris;
2652 3517 2773 3571 licet
2791 3516 2891 3570 hoc
2910 3532 3121 3586 quoque
3143 3518 3206 3571 de
3233 3518 3418 3570 eodem
3436 3517 3733 3571 clementiae
3756 3516 3893 3572 fonte

2326 3607 2634 3671 descendat,
2670 3619 2723 3660 ut
2753 3623 2812 3660 se
2850 3612 3051 3661 auctori
3085 3623 3183 3661 Stto
3216 3610 3445 3661 humana
3476 3609 3755 3662 submittat
3795 3609 3894 3662 liu-

2326 3700 2545 3753 militas.
2566 3700 2653 3753 Ait
2671 3699 2814 3753 enim
2836 3717 2849 3752 :
2876 3699 3041 3769 Super
3054 3716 3196 3767 quem
3222 3701 3494 3769 requiescet
3510 3701 3720 3765 spiritus
3732 3716 3893 3764 meus,

2324 3791 2421 3842 nisi
2448 3806 2597 3859 super
2620 3790 2884 3852 humilem,
2917 3800 2961 3843 et
2984 3795 3227 3858 quietum,
3254 3800 3302 3843 et
3331 3800 3621 3843 trementem
3641 3805 3892 3843 sermones

2324 3898 2459 3935 meos
2492 3881 2685 3949 (Num.
2733 3883 2856 3949 si)?
2885 3883 2937 3937 In
2978 3884 3060 3935 bis
3086 3898 3236 3950 ergo,
3278 3884 3329 3936 in
3372 3883 3561 3951 quibus
3591 3882 3892 3949 hujusmodi

2324 3972 2588 4039 probaris,
2622 3973 2814 4026 clarius
2851 3974 3115 4026 eluci-seet
3152 3974 3274 4027 aliis
3306 3974 3463 4027 etiam
3497 3974 3707 4026 virtutis
3738 3972 3891 4040 liujus

2322 4060 2558 4115 futurum
2590 4064 2926 4130 exemplum;
2959 4063 3171 4131 quando
3199 4064 3263 4116 ad
3298 4064 3395 4117 lioc
3421 4064 3578 4117 etiam
3612 4064 3720 4117 Deo
3742 4062 3890 4118 insti-

2323 4162 2505 4207 tuente
2530 4153 2817 4221 perducxus
2841 4170 2923 4220 es,
2952 4164 3006 4207 ut
3036 4164 3088 4208 et
3117 4155 3183 4208 de
3215 4164 3265 4209 te
3290 4155 3671 4209 catholicorum
3694 4155 3890 4224 glorie-

2323 4252 2409 4296 tur
2437 4243 2696 4299 Ecclesia.
2727 4245 2856 4299 Nam
2888 4248 3025 4299 sicut
3051 4246 3248 4300 divinis
3279 4247 3598 4301 testimoniis
3627 4248 3890 4310 eruditus,

2320 4342 2375 4388 et
2397 4334 2547 4402 juxta
2571 4335 2880 4399 Aposmlum
2910 4351 3180 4390 sacrarum
3214 4337 3528 4391 Litterarum
3556 4338 3890 4394 institutione

2323 4422 2601 4488 formatus,
2660 4424 2761 4479 hoc
2801 4427 3097 4492 auspicium
3136 4436 3239 4480 tua:
3271 4428 3623 4483 ordinationis
3650 4427 3886 4490 edidisti,

647 4510 999 4564 sanctissimae
1027 4510 1298 4571 memoria:
1323 4508 1891 4577 episcopileestinus
1914 4513 2219 4578 apostolica:
2250 4482 2299 4540 Ι)
2325 4523 2383 4568 ut
2408 4516 2664 4569 adversus
2692 4516 2966 4571 deviantes
3000 4532 3120 4571 eum
3159 4518 3301 4572 sedis
3343 4518 3650 4587 apostolicae
3675 4529 3890 4573 senten-

645 4598 791 4652 sedis
818 4607 1028 4660 vestrre,
1061 4608 1114 4651 et
1136 4597 1363 4668 Cyrillus
1391 4598 1795 4666 Alexandrinae;
1824 4602 2039 4669 insuper
2057 4602 2217 4656 etiam

645 4686 1134 4757 qute'Cbalcedone
1159 4687 1414 4741 adversus
1457 4686 1800 4757 Eutycltetem
1842 4689 2058 4757 impium
2090 4704 2218 4745 con-

644 4785 859 4846 gregata
875 4786 976 4843 est,
1000 4791 1117 4846 qua:
1139 4792 1327 4831 omnes
1346 4777 1623 4845 praedictas
1650 4778 1903 4834 veritates
1917 4780 2212 4837 orthodoxa

644 4863 696 4918 in
722 4878 782 4918 se
812 4866 1019 4919 ratione
1041 4865 1293 4919 firmavit.
1311 4865 1509 4919 Tamen
1528 4866 1725 4922 audent
1751 4883 1848 4923 nos
1878 4869 2209 4939 impugnare,

647 4962 895 5019 tauquam
927 4954 1190 5009 vinculum
1218 4957 1521 5011 concordia
1551 4959 1668 5013 sine
1711 4959 1917 5017 ratione
1958 4963 2207 5018 vitantes.

652 5039 838 5094 Vatum
859 5052 1036 5097 autem
1063 5044 1189 5098 mihi
1213 5056 1313 5112 est,
1332 5058 1560 5102 vestram
1582 5050 1730 5117 sequi
1757 5050 2052 5106 doctrinam
2077 5054 2214 5115 sicut

646 5128 785 5182 inter
828 5141 1040 5185 sanctos
1070 5135 1431 5200 praedecessor
1454 5154 1602 5193 meus
1637 5137 1868 5210 Alcyson
1899 5143 2199 5211 exstiterat,

644 5226 698 5272 et
718 5216 1106 5274 anathematizo
1128 5223 1459 5291 Dioscorum,
1479 5228 1814 5283 Timotheum
1843 5233 2203 5300 appellatione

644 5307 890 5363 [Elnrum
933 5318 986 5363 et
1026 5309 1237 5365 Petrum
1279 5314 1464 5369 horum
1510 5332 1915 5385 successorem;
1960 5330 2016 5376 et.
2061 5323 2202 5378 Petri

644 5399 1016 5455 communione
1044 5416 1161 5455 cum
1186 5401 1268 5455 liis
1287 5404 1601 5470 permixtum
1621 5408 1896 5475 Acacium,
1914 5418 1967 5464 et
1991 5409 2205 5467 Petrum

644 5491 730 5559 qui
764 5490 1145 5547 Antiochenam
1178 5494 1504 5562 perturbavit
1546 5496 1855 5567 Ecclesiam,
1888 5516 2118 5570 sequens
2148 5503 2199 5557 in

643 5580 890 5635 omnibus
934 5583 1215 5653 synodicas
1246 5592 1300 5645 et
1322 5587 1636 5653 apostolicas
1676 5590 1927 5659 epistolas
1964 5594 2190 5663 scriptas

716 5702 740 5727 ι
775 5692 828 5746 In
857 5694 980 5750 edit.
1009 5697 1243 5753 Romana
1272 5708 1348 5753 cst
1376 5697 1722 5753 Hi’arianum.

2325 4604 2409 4657 tiis
2430 4606 2764 4661 convenires.
2795 4607 2976 4676 Neque
2998 4608 3138 4661 enim
3168 4623 3509 4664 remunerare
3539 4610 3696 4662 aliter
3719 4619 3890 4663 tanto-

2322 4708 2439 4747 rum
2465 4693 2841 4748 beneficiorum
2872 4706 3084 4763 poteras
3116 4696 3441 4766 largitorem.
3490 4699 3591 4753 nisi
3630 4699 3890 4754 adversus

2318 4781 2561 4838 inimicos
2584 4783 2699 4852 ejus
2728 4785 3027 4840 evidentem
3054 4787 3225 4840 zelum
3258 4788 3565 4857 apostolicae
3589 4789 3887 4845 confessio-

2316 4873 2399 4927 nis
2427 4875 2755 4929 osenderes.

2390 4963 2582 5017 Notum
2628 4976 2711 5019 est
2757 4965 2898 5020 enim
2934 4981 3029 5021 eos
3057 4975 3206 5021 extra
3235 4967 3483 5036 religiosa
3510 4979 3656 5037 septa
3685 4968 3889 5023 consis-

2319 5062 2451 5118 tere,
2482 5055 2569 5125 qui
2599 5066 2653 5109 et
2680 5055 2781 5123 ipsi
2824 5056 3140 5125 profitentur
3167 5057 3548 5111 conscientiam
3583 5058 3703 5111 fidei
3730 5068 3889 5125 atque

2322 5145 2587 5212 fiduciam,
2614 5147 2705 5201 sed
2738 5146 3064 5202 infructuosa
3094 5157 3177 5201 est
3197 5147 3337 5215 apud
3364 5148 3735 5214 eos,quamvis
3764 5161 3886 5199 cum

2318 5238 2581 5307 religiosis
2630 5252 2863 5306 congrua
2910 5246 3108 5292 sanctte
3151 5236 3541 5291 communionis
3587 5236 3884 5304 arqualitas,

2319 5327 2440 5396 quia
2467 5328 2650 5396 procul
2680 5327 2845 5381 dubio
2868 5329 2957 5396 qui
2988 5342 3049 5381 ea
3080 5342 3240 5396 quam
3271 5328 3464 5381 metuit
3494 5326 3737 5378 libertate
3779 5342 3887 5383 non

2318 5422 2501 5484 utitur,
2547 5420 2845 5487 subjectum
2896 5434 2954 5473 se
3004 5419 3369 5487 iniquitatibus
3414 5420 3714 5471 confitetur.
3748 5418 3886 5483 Quid

2316 5514 2604 5583 gloriemur
2630 5512 2715 5566 his
2740 5526 2872 5581 quas
2917 5527 3022 5567 ηοω
3054 5512 3329 5580 sequimur
3355 5512 3695 5581 disciplinis?
3728 5510 3886 5566 Falso

2316 5603 2547 5672 appellat
2589 5603 2922 5671 magistrum,
2964 5602 3052 5672 qui
3080 5616 3139 5658 se
3169 5602 3593 5669 institutionibus
3619 5602 3740 5671 ejus
3779 5618 3884 5657 non
