4262 6264
400 325 525 382 389'

398 622 547 673 sistis
574 619 854 681 affectum;
889 628 1123 685 paternae
1141 632 1325 671 rursus
1350 617 1677 671 Itazreditatis
1700 618 1975 685 cupientes

396 725 527 764 esse
556 717 858 771 consortes,
885 708 1269 776 amplectimini
1298 708 1521 777 gratiam
1558 707 1857 761 traditionis
1879 724 1975 761 an-

398 799 606 867 tiquas:
646 810 697 852 et
729 799 782 852 in
810 798 950 851 illius
991 798 1287 852 inconvulsi
1324 797 1655 852 fundamenti
1683 798 1975 851 stabilitate

397 891 697 959 persistite,
725 905 829 942 non
852 904 973 943 cum
1002 889 1331 957 temporibus
1360 889 1523 943 corda
1564 897 1859 952 mutantes;
1894 889 1974 941 in-

396 981 697 1035 constantis
722 981 863 1034 enim
895 979 1218 1033 mutabilitas
1250 980 1348 1033 ista
1377 980 1515 1033 solet
1540 993 1659 1033 esse
1677 978 1930 1047 propositi
1958 996 1969 1029 :

397 1080 563 1139 atque
593 1070 714 1124 ideo
743 1069 879 1124 bene
927 1068 1156 1123 fundatis
1194 1079 1404 1138 oportet
1433 1068 1725 1132 inhaerere;
1763 1069 1973 1137 quando

397 1162 710 1230 bujusmodi
752 1162 925 1216 studia
955 1161 1234 1215 clementia
1285 1162 1384 1214 scit
1437 1160 1619 1214 fovere
1662 1160 1861 1227 divina,
1917 1167 1975 1213 ut

402 1252 535 1305 ﬁdei
565 1261 759 1306 vestra:
786 1252 1005 1306 ﬁrmitas
1035 1250 1187 1304 vobis
1208 1250 1276 1304 de
1301 1251 1523 1303 aliorum
1554 1250 1723 1304 salute
1752 1249 1975 1304 fructifi-

396 1356 511 1409 cet,
553 1358 606 1400 et
635 1345 845 1401 fervore
876 1346 1036 1400 veStri
1082 1346 1240 1399 studii
1268 1345 1494 1398 aliorum
1523 1358 1735 1413 quoque
1763 1342 1973 1396 animus

397 1435 467 1489 ad
500 1437 917 1504 resumptionem
952 1436 1208 1489 bonorum
1256 1448 1473 1487 suorum
1519 1433 1690 1501 possit
1719 1431 1970 1496 accendi;

399 1537 662 1590 quatenus
703 1537 756 1580 et
792 1527 856 1579 de
896 1526 1044 1580 vobis
1085 1542 1294 1593 quoque
1324 1534 1538 1579 sanctus
1567 1523 1844 1592 apostolus
1886 1522 1971 1576 di-

400 1619 545 1671 xisse
573 1618 823 1671 credatur
847 1633 861 1669 :
898 1616 1185 1669 /Emulutio
1227 1625 1391 1669 vestra
1418 1614 1700 1682 provocavit
1728 1613 1973 1682 plurimos

400 1706 493 1778 (II
521 1706 644 1761 Cor.
667 1707 766 1775 ιι).
803 1707 940 1774 Ergo
962 1704 1255 1758 Nestoriiet
1278 1702 1583 1773 Eutychetis
1610 1700 1971 1771 impietatibus

400 1800 548 1865 juxta
580 1798 859 1868 synodalia
901 1796 1187 1851 constituta
1211 1794 1492 1859 damnatis,
1520 1800 1812 1848 sectatores
1840 1806 1972 1861 quo-
2004 1778 2045 1836 Β

398 1905 506 1959 que
531 1904 720 1943 eorum
760 1888 1005 1941 similiter
1041 1893 1407 1951 exsecrantes,
1456 1898 1575 1937 cum
1608 1883 1969 1937 exsultatione

400 1984 680 2038 dicamus:
712 1982 859 2036 Exite
906 1982 970 2033 de
1013 1980 1178 2033 medio
1224 1994 1417 2041 eorum,
1468 1984 1516 2030 et
1565 1976 1893 2044 separamini,
1924 1983 1972 2028 et

399 2074 719 2127 immundum
748 2089 811 2126 ne
842 2071 1121 2142 tetigeritis,
1165 2070 1285 2122 dicit
1335 2068 1585 2121 Dominus
1627 2066 1811 2137 (Leuit.
1855 2064 1967 2134 xv).

403 2164 862 2232 Quemadmodum
890 2164 1031 2218 enim
1058 2162 1175 2231 quis
1201 2162 1459 2216 malarum
1489 2159 1855 2214 inventionum
1877 2158 1971 2212 de-

402 2255 686 2309 testabitur
715 2254 1003 2322 principes,
1035 2254 1078 2307 si
1124 2267 1227 2306 non
1270 2251 1504 2305 declinat
1545 2264 1803 2319 sequaces
1824 2248 1850 2301 θ
1879 2257 1971 2303 aut

397 2343 849 2412 quemadmodum
874 2341 987 2396 odit
1007 2340 1289 2409 originem,
1326 2340 1415 2409 qui
1448 2354 1552 2393 non
1582 2348 1889 2393 exsecratur
1917 2346 1972 2393 et

399 2436 683 2489 sobolem?
713 2434 768 2488 In
797 2432 1074 2502 discipulis
1105 2433 1425 2501 prtedicatur
1470 2431 1604 2485 fama
1643 2431 1966 2495 docentium,

395 2537 453 2580 et
483 2525 657 2579 donec
708 2525 846 2578 male
891 2524 1152 2593 jactorum
1185 2524 1446 2577 seminum
1479 2521 1631 2575 radix
1664 2536 1759 2590 per
1788 2536 1970 2576 succe-

396 2614 588 2668 dentes
615 2615 758 2667 culta
786 2613 1043 2677 floruerit,
1076 2612 1258 2667 tandiu
1284 2619 1558 2669 auctorum
1585 2611 1839 2664 memoria
1864 2624 1968 2665 non

400 2705 615 2772 peribit.
655 2704 897 2759 Addatur
937 2705 1145 2774 perdito
1176 2703 1456 2774 Eutycheti
1482 2712 1537 2758 et
1560 2703 1786 2758 Aeacius
1811 2704 1974 2760 disci-

396 2796 554 2864 pulus
584 2796 686 2850 sub
715 2797 1093 2851 communione
1118 2794 1284 2862 Petri,
1320 2795 1665 2864 omniumque
1693 2795 1972 2852 damnato-

394 2904 513 2941 rum
548 2887 747 2941 mixtus
776 2886 946 2940 errori
973 2903 985 2939 :
1018 2901 1151 2955 quos
1181 2896 1355 2940 vestra
1382 2886 1596 2940 dilectio
1625 2886 1815 2940 litteris
1835 2887 1968 2954 suis,

389 2977 520 3029 dum
553 2975 710 3029 ﬁdem
745 2989 893 3028 suam
926 2976 1137 3040 asserit,
1165 2974 1441 3029 evidenter
1460 2976 1745 3043 expressit.
1782 2976 1857 3029 Ad
1889 2976 1971 3029 in-

391 3066 749 3120 structionem
780 3073 971 3117 vestra:
1020 3064 1138 3117 ﬁdei
1188 3064 1515 3131 pleniorem,
1548 3079 1653 3131 quo
1683 3064 1872 3118 ordine
1901 3063 1967 3117 ad

391 3156 831 3209 communionem
877 3162 1112 3208 nostram
1163 3153 1358 3221 suscipi
1389 3153 1577 3207 deceat
1612 3161 1963 3218 revertentes,
1993 3129 2038 3189 θ

390 3244 687 3298 indiculutn
715 3244 898 3297 subter
922 3243 1234 3311 adjecimus,
1269 3251 1547 3311 sperantes
1590 3243 1640 3295 itt
1674 3243 1837 3297 Deum
1866 3243 1964 3297 bo-

388 3352 585 3390 norum
609 3336 847 3389 omnium
873 3336 1196 3404 largitori-tn,
1215 3320 1355 3403 quod
1380 3333 1626 3388 laudabili
1645 3335 1780 3388 circa
1806 3334 1963 3389 ﬁdem

388 3435 587 3515 vestrm
640 3425 940 3479 devmionis
988 3425 1262 3492 instantia,
1297 3440 1401 3478 non
1441 3424 1612 3478 solum
1653 3423 1751 3477 hoc
1780 3439 1962 3477 eorum

388 3519 481 3586 qui
509 3519 660 3571 vobis
682 3516 956 3571 vicinitate
973 3518 1265 3584 junguntur
1281 3516 1437 3570 saluti
1457 3517 1643 3584 prosit,
1661 3517 1752 3570 sed
1776 3531 1962 3570 eorum

388 3623 624 3679 quoque,
655 3612 718 3661 ad
750 3621 885 3677 quos
912 3606 1034 3662 ﬁdei
1060 3616 1252 3661 vestra:
1295 3616 1349 3661 et
1384 3608 1646 3676 religiosae
1676 3606 1962 3661 voluntatis

390 3698 543 3753 velox
576 3698 712 3751 fama
748 3698 1068 3765 pervenerit.
1092 3696 1335 3750 ltnfiuum
1367 3697 1624 3765 siquidem
1656 3696 1959 3762 diaconum,

387 3790 477 3856 qui
506 3788 662 3842 nobis
690 3789 893 3842 litteras
934 3796 1143 3841 vestras
1177 3786 1389 3851 obtulit,
1430 3788 1478 3839 in
1511 3786 1711 3841 Cltrisﬁ
1738 3789 1961 3842 caritate

385 3882 743 3949 suscepimus,
773 3895 929 3950 quem
958 3881 1319 3949 apostolorum
1338 3879 1668 3933 orationibus
1695 3894 1962 3933 commen-

383 3970 579 4025 dantes
624 3986 744 4024 cum
790 3984 922 4039 pace
974 3969 1315 4034 remittimus,
1356 3970 1627 4023 hortantes
1668 3969 1892 4034 litteras,
1928 3985 1958 4025 a

383 4061 543 4115 nobis
573 4072 681 4113 tam
709 4060 773 4113 ad
803 4059 1079 4114 caritatem
1103 4068 1243 4112 tuam
1266 4074 1424 4128 quam
1447 4060 1512 4112 ad
1540 4061 1800 4131 synodum
1818 4062 1960 4116 dire-

383 4158 498 4206 ctas
522 4153 719 4219 popqu
762 4151 1031 4218 relegatis.
1080 4150 1220 4219 quod
1252 4159 1305 4204 et
1335 4164 1431 4204 nos
1459 4165 1556 4219 pro
1602 4151 1723 4205 ﬁdei
1764 4164 1955 4207 vestra:

382 4241 847 4295 commendatione
874 4240 1064 4294 fecisse
1088 4254 1367 4308 cognosce.
1412 4241 1537 4295 Data
1573 4256 1679 4295 xvn
1706 4242 1956 4297 calendas

385 4330 717 4397 Decembris,
746 4331 900 4384 Petro
921 4345 972 4385 ν.
1002 4345 1047 4384 c.
1080 4331 1319 4384 consule.

812 4446 1135 4500 EPISTOLA
1165 4444 1524 4513 SYNODICA,

382 4549 501 4587 εινε
534 4551 809 4588 ειειιινωῐι
851 4551 1154 4589 ιιιννιΑτιοΝιε
1197 4551 1375 4589 SYNODI
1429 4552 1564 4589 EPllil
1617 4552 1840 4591 VETERIS
1887 4554 1953 4589 AD

906 4622 1202 4659 HUIUIISDAM
1242 4621 1432 4659 ΡΑΡΛὶι.

380 4712 599 4765 Joannis
634 4713 687 4765 in
731 4712 1148 4777 Nicopolitanum
1186 4714 1478 4779 episcOpum
1518 4713 1661 4766 electi
1699 4713 1956 4779 postulant

454 4783 921 4849 conﬁrmationem,
973 4793 1020 4836 et
1072 4784 1124 4835 in
1176 4783 1278 4850 ﬁde
1326 4783 1577 4836 catholica
1630 4787 1810 4837 instrui
1865 4800 1954 4836 cu-

454 4855 619 4923 piunt.

454 4963 679 5017 Domino
714 4973 898 5017 nostro
939 4980 1034 5034 per
1068 4975 1256 5019 cuncta
1297 4965 1636 5019 sanctissimo
1663 4979 1725 5017 ac
1755 4964 1953 5018 beatis-

380 5053 520 5106 simo
558 5053 689 5121 patri
720 5063 953 5121 patrum,
982 5054 1351 5108 comministro
1390 5069 1451 5108 ac
1484 5053 1706 5122 principi
1737 5054 1949 5121 episco-

380 5157 571 5212 porum
617 5143 934 5209 llormisdtc,
982 5144 1216 5214 synodus
1259 5144 1455 5197 veteris
1495 5144 1661 5210 Epiri,
1693 5143 1946 5208 Joannes,

381 5234 685 5300 Matthmus,
715 5234 1118 5300 Constantinus,
1162 5234 1539 5289 Christodorus
1577 5231 1948 5303 (Christopho-

380 5326 519 5394 rus),
550 5325 779 5391 Hilarus,
813 5325 1108 5393 Philippus,
1136 5324 1373 5379 Julianus
1401 5335 1454 5378 et
1474 5323 1822 5393 Chrysippus.
1859 5386 1864 5392 _

450 5418 507 5471 Si
537 5416 711 5485 dignis
742 5416 971 5484 praemiis
1003 5417 1075 5469 uti
1106 5426 1387 5477 teutemus,
1417 5429 1637 5469 necesse
1666 5425 1749 5469 est
1771 5415 1951 5469 multis

380 5506 591 5560 fletibus
622 5508 811 5561 horum
840 5506 1276 5575 depromptiones
1302 5506 1536 5561 efﬁcere.
1564 5506 1784 5561 Plurimi
1808 5522 1950 5561 nam-

1610 318 1954 376 EPISTOI..E
1996 318 2079 372 ET
2123 318 2454 374 DECRETA.

398 439 592 508 probat
619 451 739 493 esse
766 436 1108 506 discipulum.
1140 436 1244 491 Sed
1278 438 1397 505 quia
1426 435 1578 491 nobis
1624 450 1764 490 nunc
1791 435 1965 488 omnia
1997 434 2043 490 Α
2072 446 2174 498 que
2191 447 2253 485 ex
2281 432 2431 485 nobis
2462 431 2513 485 in
2546 440 2800 499 regnante
2826 430 2975 486 fuere
3004 429 3245 486 Constan

398 531 452 583 in
483 526 827 581 confessione
851 527 1070 590 similia,
1097 534 1151 580 et
1187 526 1446 581 libertatis
1474 527 1703 594 propria:
1728 541 1976 595 resump-
2010 548 2013 549 ν

3534 326 3637 381 590

3367 434 3501 502 poli;
3529 448 3648 488 cum

2082 526 2243 577 vestri
2293 525 2612 579 sanctissimi
2667 525 2852 578 vicarii
2901 524 3175 580 Ennodius
3231 535 3285 579 et
3334 524 3652 579 Fortunatus

2078 617 2337 682 episc0pi,
2390 616 2675 670 \‘enantius
2718 617 3020 685 presbyter,
3063 616 3252 670 Vitalis
3282 618 3562 679 diaconus,
3593 626 3649 669 et

2082 704 2289 758 Hilarus
2315 706 2553 760 notarius
2580 707 2853 776 degerent,
2873 707 3080 775 pietatis
3095 722 3317 775 agonem
3341 717 3646 772 susceptum

2078 802 2339 849 tenentes.
2374 797 2658 851 Nobiscum
2685 806 2859 851 autem
2894 800 3011 863 fuit,
3043 799 3181 851 inter
3211 806 3425 852 sanctos
3454 798 3643 866 factus,

2078 894 2227 952 pater
2248 896 2406 954 atque
2437 888 2873 957 archiepiscopus
2905 900 3087 943 noster
3114 889 3378 957 Alcyson,
3404 889 3494 955 qui
3523 905 3644 944 cum

2075 976 2220 1029 omni
2252 979 2668 1045 praesumptione
2713 980 3043 1049 supplicibus
3070 987 3226 1034 utt'ns
3265 978 3478 1044 libellis,
3509 978 3647 1045 apud

2072 1076 2308 1121 vestram
2341 1070 2720 1123 beatitudinem
2750 1071 2943 1139 dignus
2980 1069 3199 1123 effectus
3229 1079 3311 1122 est
3340 1068 3647 1136 apostolica:

2075 1159 2192 1212 sedi
2242 1169 2435 1214 vestra:
2486 1162 2880 1216 communicare
2921 1161 3217 1215 nobiscum.
3265 1160 3366 1214 Sed
3408 1162 3523 1228 quia
3568 1175 3648 1213 re-

2074 1258 2232 1316 pente
2260 1250 2350 1317 qui
2382 1261 2693 1304 cunctorum
2744 1253 2935 1306 retinet
2976 1260 3290 1319 potestatem
3325 1251 3463 1304 hunc
3491 1250 3554 1303 ad
3589 1265 3649 1303 se

2072 1341 2344 1402 evocavit;
2384 1356 2481 1394 nos
2512 1341 2866 1396 irrefrenabili
2910 1342 3033 1395 ﬂetu
3078 1342 3278 1395 detenti
3310 1342 3647 1409 pervenimus

2076 1438 2250 1483 tamen
2302 1432 2367 1483 ad
2434 1433 2689 1499 patriam,
2740 1434 2886 1487 nullo
2933 1433 3092 1486 modo
3144 1448 3381 1487 errorem
3434 1443 3647 1501 propter

2075 1518 2172 1572 Dei
2202 1522 2427 1587 gratiam
2457 1526 2807 1589 sustinentes,
2848 1525 2943 1578 sed
2992 1524 3188 1593 ubique
3232 1534 3405 1578 vestra
3431 1524 3645 1577 decreta

2070 1620 2356 1663 sectantes.

2146 1721 2418 1777 Flentibus
2456 1734 2629 1779 autem
2678 1742 2708 1777 ιι
2751 1726 2828 1779 bis
2866 1736 3023 1793 atque
3062 1727 3476 1802 lamentantibus
3513 1744 3633 1782 cum

2075 1814 2155 1867 bis
2184 1816 2272 1883 qui
2297 1815 2570 1868 nobiscum
2603 1816 2782 1870 reiecti
2827 1828 2951 1869 sunt
2989 1822 3041 1870 in
3085 1818 3315 1885 paruacia
3340 1798 3643 1874 “commini-

2071 1908 2217 1968 stris,
2262 1909 2380 1975 quis
2420 1908 2586 1976 possit
2622 1908 2689 1962 de
2728 1910 3041 1963 orthodoxis
3084 1919 3229 1965 recte
3272 1911 3471 1965 Christi
3510 1927 3640 1966 oves

2073 1997 2396 2066 transigere;
2430 1999 2518 2066 qui
2551 1999 2856 2052 consolatur
2901 1999 3150 2064 humiles,
3201 2003 3507 2054 consolatus
3558 2011 3642 2055 est

2070 2086 2228 2141 etiam
2277 2101 2374 2140 nos
2414 2101 2509 2156 per
2550 2097 2755 2142 vestras
2794 2090 3086 2155 orationes,
3130 2090 3505 2143 demonstrans
3533 2106 3642 2145 me-

2072 2176 2411 2245 tropolitanaa
2452 2179 2653 2232 civitati
2707 2179 2758 2233 in
2799 2181 3002 2234 cunctis
3043 2182 3437 2235 sanctissimum
3479 2183 3643 2237 Joan-

2072 2279 2213 2329 nem,
2247 2266 2336 2334 qui
2366 2280 2394 2318 a
2436 2268 2665 2334 pueritia
2703 2267 2756 2321 iu
2788 2269 3025 2323 Ecclesia
3064 2270 3181 2325 sine
3205 2272 3358 2339 culpa
3390 2273 3643 2337 nutritus,

2071 2353 2178 2408 imo
2211 2355 2544 2410 laudabiliter
2571 2358 2621 2409 itt
2661 2372 2722 2411 ea
2751 2357 2982 2427 degens;
3036 2359 3104 2413 ita
3136 2370 3191 2413 ut
3234 2375 3404 2430 neque
3440 2376 3558 2415 eum
3591 2361 3643 2418 in

2073 2443 2154 2499 his
2178 2442 2455 2515 tjuisquatn
2480 2449 2805 2516 temporibus
2825 2450 3138 2516 antecellat;
3158 2451 3274 2505 zelo
3294 2462 3473 2505 autem
3498 2453 3642 2506 circa

2071 2536 2393 2602 orthodoxa,
2430 2538 2583 2607 juxta
2633 2543 2957 2608 aposto’ieas
2988 2542 3381 2597 admonitiones
3418 2554 3643 2608 vestras,

2072 2628 2202 2682 nulli
2233 2629 2451 2683 omnino
2480 2630 2695 2686 cedens.
2730 2632 2878 2686 llune
2916 2648 3045 2702 ergo
3073 2633 3163 2688 Dei
3191 2635 3520 2702 providentia
3550 2649 3642 2689 or-

2072 2719 2377 2773 dinavimus
2428 2722 2712 2787 praesulem
2765 2722 3247 2791 Nicopolitanorum
3294 2726 3643 2780 sanctissimtc

2074 2809 2367 2865 Ecclesiae:
2399 2824 2453 2866 et
2482 2828 2728 2882 rogamus
2759 2824 2814 2867 ut
2854 2814 2997 2879 juxta
3038 2817 3311 2885 antiquam
3361 2828 3643 2871 consuetu.

2071 2902 2250 2956 dinem
2283 2902 2421 2957 hunc
2452 2919 2662 2973 quoque
2692 2905 3118 2973 complectamini
3158 2909 3392 2975 paternis
3424 2908 3642 2960 visceri-

2072 2993 2171 3048 bus
2201 2996 2415 3063 vestris,
2440 2998 2700 3064 nobiSque
2726 3007 2817 3050 aut
2846 2998 2965 3066 ipsi,
2999 2999 3091 3053 Dei
3121 3002 3310 3067 grat'a,
3342 3001 3641 3055 cfﬁciamitﬁ

2072 3099 2218 3137 arma
2256 3084 2686 3153 incXpugnabilia
2718 3088 3222 3141 commonitionibus
3263 3091 3453 3143 vestris
3486 3099 3640 3157 atquo

2076 3174 2331 3228 doctrinis
2360 3192 2371 3226 :
2407 3186 2460 3229 et
2503 3174 2913 3241 deprecantibus
2945 3178 3097 3231 nobis
3128 3178 3394 3231 inclinatis
3433 3195 3639 3239 aurem.

2065 3276 2121 3321 et
2155 3268 2402 3334 pietatem
2446 3268 2747 3321 concordiae
2780 3269 3081 3337 reperiatis,
3127 3270 3280 3337 juxta
3333 3271 3639 3341 inspiratam

2067 3360 2215 3413 vobis
2240 3358 2501 3413 divinitus
2528 3360 2871 3426 apostolicam
2907 3360 3311 3427 providentiam,
3338 3371 3394 3414 ut
3422 3367 3469 3413 in
3488 3377 3637 3430 pace,

2065 3462 2184 3518 qua:
2224 3457 2310 3504 est
2343 3450 2394 3503 ei
2433 3449 2693 3513 amabilis,
2734 3460 2939 3505 cunctae
2984 3453 3335 3505 sanctissima)
3381 3445 3636 3525 Ecclesia:

2065 3548 2326 3608 cooptata:
2358 3540 2856 3594 immarcescibilem
2876 3539 3022 3593 vobis
3053 3548 3305 3595 coronam
3338 3555 3635 3615 necteutcs,

2065 3630 2117 3683 in
2151 3630 2294 3683 omni
2324 3631 2521 3698 pietate
2549 3641 2707 3698 atque
2740 3631 3039 3684 humilitate
3067 3633 3551 3701 comprehendatur
3580 3638 3633 3689 in

2062 3719 2296 3775 Christo.
2334 3722 2703 3776 Venerabilem
2738 3738 2865 3775 vero
2896 3722 3180 3776 diaconum
3216 3725 3484 3790 Ruﬁnum,
3514 3740 3634 3795 pro-

2064 3824 2181 3883 pter
2212 3814 2348 3869 ltanc
2381 3825 2484 3867 tam
2519 3814 2877 3868 necessariam
2903 3829 3114 3868 causam
3149 3817 3427 3881 directum,
3466 3820 3637 3872 liben-

2063 3914 2144 3959 ter
2191 3907 2360 3975 rogati
2410 3907 2686 3975 respicite,
2738 3917 2790 3960 et
2829 3907 2893 3959 ad
2945 3922 3044 3960 nos
3093 3908 3192 3961 sub
3230 3910 3511 3964 velocitate
3556 3928 3635 3965 re.

2063 3997 2253 4050 mittite
2298 4007 2595 4064 portantem
2635 3997 2903 4051 doctrinas
2941 4009 3150 4052 vestras
3191 4002 3531 4068 apostolicos.
3569 4002 3636 4052 Et

2062 4088 2165 4139 alia
2218 4104 2371 4141 manu
2400 4103 2419 4141 :
2447 4089 2765 4143 Incolumem
2814 4105 2899 4144 me
2945 4106 3060 4157 ora,
3113 4092 3448 4147 sanctissime
3488 4105 3635 4161 pater

2062 4185 2291 4244 patrum.

2131 4298 2155 4323 ⁸
2188 4288 2298 4356 Ego
2326 4288 2553 4342 Joannes
2577 4290 2859 4355 episcopus
2887 4306 3069 4344 rursus
3089 4293 3279 4345 retuli;
3306 4291 3628 4348 Incolumem

2061 4394 2145 4430 me
2168 4394 2258 4430 ora
2305 4378 2356 4431 iu
2399 4379 2645 4444 Domino,
2690 4381 3024 4435 sanctissime
3054 4397 3116 4437 ac
3145 4384 3448 4439 beatissime
3481 4399 3632 4454 pater

1983 4488 2033 4545 D
2062 4486 2118 4538 pa
2129 4479 2290 4523 trttm.

2139 4585 2247 4652 Ego
2270 4586 2547 4639 Mattbasus
2577 4586 2855 4655 cpiscopus
2882 4584 3085 4639 Butroti
3115 4586 3291 4641 retuli.

2135 4677 2246 4744 Ego
2283 4676 2666 4731 Consutntinus
2711 4678 2995 4747 episc0pus
3033 4676 3472 4747 liacnanopoleos
3496 4678 3630 4741 (lla-

2061 4766 2461 4835 drianopolcos)
2488 4771 2644 4822 retuli
2672 4787 2683 4822 :
2723 4769 3041 4823 Incolumem
3070 4769 3120 4822 in
3152 4768 3374 4822 Domino
3404 4786 3488 4824 me
3510 4786 3625 4838 ora,

2062 4856 2396 4911 sanctissime
2419 4874 2480 4912 ac
2508 4859 2812 4913 beatissime
2840 4870 2987 4928 pater
3018 4870 3248 4928 patrum.

2130 4970 2240 5040 Ego
2288 4970 2669 5027 Cbristodorus
2712 4970 3174 5043 (Christopbortts)
3204 4972 3489 5042 episcOpus
3514 4976 3629 5029 An.

2055 5063 2283 5117 cbiasmi
2316 5064 2493 5118 retuli.

2131 5152 2242 5222 Ego
2274 5153 2503 5207 llilarius
2534 5153 2816 5221 episcopus
2839 5151 3087 5207 Pltotices
3111 5153 3287 5207 retuli.

2134 5242 2243 5310 Ego
2270 5244 2541 5312 Philippus
2571 5246 2852 5312 episcopus
2880 5242 3159 5298 Phoenices
3189 5244 3368 5298 retuli.

2136 5336 2246 5402 Ego
2270 5336 2508 5390 Julianus
2535 5335 2816 5404 episcopus
2851 5337 3100 5393 Dodones
3126 5340 3307 5392 retuli.

2134 5429 2241 5498 Ego
2268 5429 2593 5499 Chrysippus
2621 5431 2816 5499 episco,
2840 5447 2901 5484 us
2931 5430 3152 5500 Congtzc
3183 5428 3360 5481 retuli.

453 5627 477 5655 ·
514 5618 709 5696 Eadem
733 5620 820 5676 hic
851 5619 1063 5675 nomina
1110 5619 1314 5674 sedium
1369 5619 1610 5689 atquein
1665 5620 1887 5690 epistola
1938 5620 2030 5688 59,
2063 5612 2096 5678 3
2122 5634 2257 5692 part.
2295 5624 2495 5680 Coneil.
2531 5628 2805 5696 Clt:tlced.,
2847 5629 2985 5683 unde
3027 5627 3275 5682 nonnulla
3322 5622 3629 5684 emendavi-

379 5705 517 5743 mus.
555 5689 875 5744 llanomaus.
