  <div class='ocr_page' id='page_1' title='image "/cluster/home/n/w/nwhite01/storage/ocr_20150623/63/hvd.32044073498792/201.png"; bbox 0 0 4262 6264; ppageno 0'>
   <div class='ocr_carea' id='block_1_1' title="bbox 668 330 767 388">
    <p class='ocr_par' dir='ltr' id='par_1_1' title="bbox 668 330 767 388">
     <span class='ocr_line' id='line_1_1' title="bbox 668 330 767 388; baseline 0.01 -1"><span class='ocrx_word' id='word_1_1' title='bbox 668 330 767 388; x_wconf 74' lang='grc'><strong>591</strong></span> 
     </span>
    </p>
   </div>
   <div class='ocr_carea' id='block_1_2' title="bbox 1205 443 1695 502">
    <p class='ocr_par' dir='ltr' id='par_1_2' title="bbox 1205 443 1695 502">
     <span class='ocr_line' id='line_1_2' title="bbox 1205 443 1695 502; baseline 0.006 -4"><span class='ocrx_word' id='word_1_2' title='bbox 1205 443 1531 502; x_wconf 72' lang='lat' dir='ltr'><strong>EPISTULA</strong></span> <span class='ocrx_word' id='word_1_3' title='bbox 1562 446 1695 501; x_wconf 71' lang='lat' dir='ltr'><strong>VIII.</strong></span> 
     </span>
    </p>
   </div>
   <div class='ocr_carea' id='block_1_3' title="bbox 1068 548 1834 592">
    <p class='ocr_par' dir='ltr' id='par_1_3' title="bbox 1068 548 1834 592">
     <span class='ocr_line' id='line_1_3' title="bbox 1068 548 1834 592; baseline 0.009 -7"><span class='ocrx_word' id='word_1_4' title='bbox 1068 548 1133 586; x_wconf 69' lang='lat' dir='ltr'><strong>AD</strong></span> <span class='ocrx_word' id='word_1_5' title='bbox 1159 548 1392 588; x_wconf 72' lang='lat' dir='ltr'><strong>SYNODL’I</strong></span> <span class='ocrx_word' id='word_1_6' title='bbox 1429 552 1563 589; x_wconf 76' lang='lat' dir='ltr'><strong>EPIRI</strong></span> <span class='ocrx_word' id='word_1_7' title='bbox 1595 553 1834 592; x_wconf 59' lang='lat' dir='ltr'><strong>VETERIS.</strong></span> 
     </span>
    </p>
   </div>
   <div class='ocr_carea' id='block_1_4' title="bbox 666 639 2244 721">
    <p class='ocr_par' dir='ltr' id='par_1_4' title="bbox 666 639 2244 721">
     <span class='ocr_line' id='line_1_4' title="bbox 666 639 2244 721; baseline 0.009 -28"><span class='ocrx_word' id='word_1_8' title='bbox 666 639 963 721; x_wconf 65' lang='lat' dir='ltr'><strong>Eutychetis</strong></span> <span class='ocrx_word' id='word_1_9' title='bbox 985 658 1213 721; x_wconf 69' lang='lat' dir='ltr'><strong>errorum</strong></span> <span class='ocrx_word' id='word_1_10' title='bbox 1240 653 1516 721; x_wconf 73' lang='lat' dir='ltr'><strong>sectatores</strong></span> <span class='ocrx_word' id='word_1_11' title='bbox 1541 647 1788 721; x_wconf 68' lang='lat' dir='ltr'><strong>dormiat:</strong></span> <span class='ocrx_word' id='word_1_12' title='bbox 1813 651 2073 719; x_wconf 72' lang='lat' dir='ltr'><strong>episcopos</strong></span> <span class='ocrx_word' id='word_1_13' title='bbox 2096 652 2244 721; x_wconf 81' lang='lat' dir='ltr'><strong>Epiri</strong></span> 
     </span>
    </p>
   </div>
   <div class='ocr_carea' id='block_1_5' title="bbox 737 712 2245 789">
    <p class='ocr_par' dir='ltr' id='par_1_5' title="bbox 737 712 2245 789">
     <span class='ocr_line' id='line_1_5' title="bbox 737 712 2245 789; baseline 0.01 -27"><span class='ocrx_word' id='word_1_14' title='bbox 737 712 936 774; x_wconf 79' lang='lat' dir='ltr'><strong>veteris,</strong></span> <span class='ocrx_word' id='word_1_15' title='bbox 968 721 1019 762; x_wconf 87' lang='lat' dir='ltr'><strong>ut</strong></span> <span class='ocrx_word' id='word_1_16' title='bbox 1048 714 1343 765; x_wconf 81' lang='lat' dir='ltr'><strong>nominatim</strong></span> <span class='ocrx_word' id='word_1_17' title='bbox 1375 717 1635 769; x_wconf 72' lang='lat' dir='ltr'><strong>hwreticos</strong></span> <span class='ocrx_word' id='word_1_18' title='bbox 1657 712 2102 789; x_wconf 54' lang='lat' dir='ltr'><strong>auatheiuatiient,</strong></span> <span class='ocrx_word' id='word_1_19' title='bbox 2126 712 2245 777; x_wconf 72' lang='lat' dir='ltr'><strong>lior-</strong></span> 
     </span>
    </p>
   </div>
   <div class='ocr_carea' id='block_1_6' title="bbox 737 789 896 833">
    <p class='ocr_par' dir='ltr' id='par_1_6' title="bbox 737 789 896 833">
     <span class='ocr_line' id='line_1_6' title="bbox 737 789 896 833; baseline 0.013 -2"><span class='ocrx_word' id='word_1_20' title='bbox 737 789 896 833; x_wconf 80' lang='lat' dir='ltr'><strong>tatur.</strong></span> 
     </span>
    </p>
   </div>
   <div class='ocr_carea' id='block_1_7' title="bbox 742 905 1677 980">
    <p class='ocr_par' dir='ltr' id='par_1_7' title="bbox 742 905 1677 980">
     <span class='ocr_line' id='line_1_7' title="bbox 742 905 1677 980; baseline 0.01 -20"><span class='ocrx_word' id='word_1_21' title='bbox 742 905 1024 961; x_wconf 82' lang='lat' dir='ltr'><strong>llormisda</strong></span> <span class='ocrx_word' id='word_1_22' title='bbox 1055 910 1260 978; x_wconf 80' lang='lat' dir='ltr'><strong>synodo</strong></span> <span class='ocrx_word' id='word_1_23' title='bbox 1294 911 1439 980; x_wconf 84' lang='lat' dir='ltr'><strong>Epiri</strong></span> <span class='ocrx_word' id='word_1_24' title='bbox 1461 916 1677 969; x_wconf 85' lang='lat' dir='ltr'><strong>veteris.</strong></span> 
     </span>
    </p>
   </div>
   <div class='ocr_carea' id='block_1_8' title="bbox 735 997 2241 1068">
    <p class='ocr_par' dir='ltr' id='par_1_8' title="bbox 735 997 2241 1068">
     <span class='ocr_line' id='line_1_8' title="bbox 735 997 2241 1068; baseline 0.013 -19"><span class='ocrx_word' id='word_1_25' title='bbox 735 997 1055 1053; x_wconf 78' lang='lat' dir='ltr'><strong>Benedictus</strong></span> <span class='ocrx_word' id='word_1_26' title='bbox 1083 1001 1218 1054; x_wconf 83' lang='lat' dir='ltr'><strong>Deus</strong></span> <span class='ocrx_word' id='word_1_27' title='bbox 1238 1002 1616 1059; x_wconf 68' lang='lat' dir='ltr'><strong>Ecclesiresuze</strong></span> <span class='ocrx_word' id='word_1_28' title='bbox 1639 1007 1876 1061; x_wconf 82' lang='lat' dir='ltr'><strong>membra</strong></span> <span class='ocrx_word' id='word_1_29' title='bbox 1903 1012 2241 1068; x_wconf 89' lang='lat' dir='ltr'><strong>consocians.</strong></span> 
     </span>
    </p>
   </div>
   <div class='ocr_carea' id='block_1_9' title="bbox 664 1084 2244 1166">
    <p class='ocr_par' dir='ltr' id='par_1_9' title="bbox 664 1084 2244 1166">
     <span class='ocr_line' id='line_1_9' title="bbox 664 1084 2244 1166; baseline 0.011 -27"><span class='ocrx_word' id='word_1_30' title='bbox 664 1084 988 1142; x_wconf 75' lang='lat' dir='ltr'><strong>Benedictus</strong></span> <span class='ocrx_word' id='word_1_31' title='bbox 1024 1090 1179 1155; x_wconf 87' lang='lat' dir='ltr'><strong>Deus,</strong></span> <span class='ocrx_word' id='word_1_32' title='bbox 1207 1092 1296 1159; x_wconf 93' lang='lat' dir='ltr'><strong>qui</strong></span> <span class='ocrx_word' id='word_1_33' title='bbox 1322 1095 1550 1163; x_wconf 85' lang='lat' dir='ltr'><strong>maligno</strong></span> <span class='ocrx_word' id='word_1_34' title='bbox 1579 1097 1865 1166; x_wconf 86' lang='lat' dir='ltr'><strong>instigante</strong></span> <span class='ocrx_word' id='word_1_35' title='bbox 1896 1100 2120 1164; x_wconf 78' lang='lat' dir='ltr'><strong>divisos,</strong></span> <span class='ocrx_word' id='word_1_36' title='bbox 2144 1103 2244 1157; x_wconf 88' lang='lat' dir='ltr'><strong>sob</strong></span> 
     </span>
    </p>
   </div>
   <div class='ocr_carea' id='block_1_10' title="bbox 664 1177 2238 1257">
    <p class='ocr_par' dir='ltr' id='par_1_10' title="bbox 664 1177 2238 1257">
     <span class='ocr_line' id='line_1_10' title="bbox 664 1177 2238 1257; baseline 0.014 -34"><span class='ocrx_word' id='word_1_37' title='bbox 664 1177 850 1231; x_wconf 82' lang='lat' dir='ltr'><strong>eadem</strong></span> <span class='ocrx_word' id='word_1_38' title='bbox 884 1191 985 1243; x_wconf 85' lang='lat' dir='ltr'><strong>qua</strong></span> <span class='ocrx_word' id='word_1_39' title='bbox 1017 1179 1143 1232; x_wconf 90' lang='lat' dir='ltr'><strong>olim</strong></span> <span class='ocrx_word' id='word_1_40' title='bbox 1190 1182 1425 1243; x_wconf 80' lang='lat' dir='ltr'><strong>fuerunt,</strong></span> <span class='ocrx_word' id='word_1_41' title='bbox 1454 1184 1579 1237; x_wconf 87' lang='lat' dir='ltr'><strong>l&#39;acit</strong></span> <span class='ocrx_word' id='word_1_42' title='bbox 1606 1187 1875 1242; x_wconf 84' lang='lat' dir='ltr'><strong>soliditate</strong></span> <span class='ocrx_word' id='word_1_43' title='bbox 1903 1190 2238 1257; x_wconf 80' lang='lat' dir='ltr'><strong>conjunems.</strong></span> 
     </span>
    </p>
   </div>
   <div class='ocr_carea' id='block_1_11' title="bbox 666 1268 2246 1347">
    <p class='ocr_par' dir='ltr' id='par_1_11' title="bbox 666 1268 2246 1347">
     <span class='ocr_line' id='line_1_11' title="bbox 666 1268 2246 1347; baseline 0.011 -25"><span class='ocrx_word' id='word_1_44' title='bbox 666 1268 777 1323; x_wconf 85' lang='lat' dir='ltr'><strong>Etsi</strong></span> <span class='ocrx_word' id='word_1_45' title='bbox 805 1269 949 1323; x_wconf 87' lang='lat' dir='ltr'><strong>enim</strong></span> <span class='ocrx_word' id='word_1_46' title='bbox 979 1271 1068 1324; x_wconf 90' lang='lat' dir='ltr'><strong>diu</strong></span> <span class='ocrx_word' id='word_1_47' title='bbox 1100 1274 1331 1338; x_wconf 74' lang='lat' dir='ltr'><strong>perdicis</strong></span> <span class='ocrx_word' id='word_1_48' title='bbox 1366 1275 1527 1329; x_wconf 88' lang='lat' dir='ltr'><strong>modo</strong></span> <span class='ocrx_word' id='word_1_49' title='bbox 1556 1279 2157 1347; x_wconf 83' lang='lat' dir='ltr'><strong>voeiteravitinimieos,</strong></span> <span class='ocrx_word' id='word_1_50' title='bbox 2191 1294 2246 1339; x_wconf 92' lang='lat' dir='ltr'><strong>et</strong></span> 
     </span>
    </p>
   </div>
   <div class='ocr_carea' id='block_1_12' title="bbox 664 1366 2243 1441">
    <p class='ocr_par' dir='ltr' id='par_1_12' title="bbox 664 1366 2243 1441">
     <span class='ocr_line' id='line_1_12' title="bbox 664 1366 2243 1441; baseline 0.01 -26"><span class='ocrx_word' id='word_1_51' title='bbox 664 1376 759 1415; x_wconf 87' lang='lat' dir='ltr'><strong>eos</strong></span> <span class='ocrx_word' id='word_1_52' title='bbox 797 1378 933 1431; x_wconf 90' lang='lat' dir='ltr'><strong>quos</strong></span> <span class='ocrx_word' id='word_1_53' title='bbox 971 1380 1077 1417; x_wconf 89' lang='lat' dir='ltr'><strong>non</strong></span> <span class='ocrx_word' id='word_1_54' title='bbox 1109 1366 1308 1430; x_wconf 65' lang='lat' dir='ltr'><strong>genuit,</strong></span> <span class='ocrx_word' id='word_1_55' title='bbox 1343 1368 1480 1421; x_wconf 80' lang='lat' dir='ltr'><strong>sicut</strong></span> <span class='ocrx_word' id='word_1_56' title='bbox 1509 1372 1737 1424; x_wconf 77' lang='lat' dir='ltr'><strong>asseruit</strong></span> <span class='ocrx_word' id='word_1_57' title='bbox 1768 1374 2047 1441; x_wconf 77' lang='lat' dir='ltr'><strong>propheta,</strong></span> <span class='ocrx_word' id='word_1_58' title='bbox 2078 1378 2243 1431; x_wconf 89' lang='lat' dir='ltr'><strong>colle-</strong></span> 
     </span>
    </p>
   </div>
   <div class='ocr_carea' id='block_1_13' title="bbox 661 1450 2244 1535">
    <p class='ocr_par' dir='ltr' id='par_1_13' title="bbox 661 1450 2244 1535">
     <span class='ocr_line' id='line_1_13' title="bbox 661 1450 2244 1535; baseline 0.01 -30"><span class='ocrx_word' id='word_1_59' title='bbox 661 1450 768 1521; x_wconf 87' lang='lat' dir='ltr'><strong>git;</strong></span> <span class='ocrx_word' id='word_1_60' title='bbox 801 1463 976 1507; x_wconf 89' lang='lat' dir='ltr'><strong>tamen</strong></span> <span class='ocrx_word' id='word_1_61' title='bbox 1005 1454 1255 1524; x_wconf 75' lang='lat' dir='ltr'><strong>abyssina</strong></span> <span class='ocrx_word' id='word_1_62' title='bbox 1289 1458 1631 1525; x_wconf 78' lang='lat' dir='ltr'><strong>ambiguitate</strong></span> <span class='ocrx_word' id='word_1_63' title='bbox 1668 1460 2016 1517; x_wconf 80' lang='lat' dir='ltr'><strong>desiilaliitur.</strong></span> <span class='ocrx_word' id='word_1_64' title='bbox 2061 1465 2244 1535; x_wconf 85' lang='lat' dir='ltr'><strong>Neque</strong></span> 
     </span>
    </p>
   </div>
   <div class='ocr_carea' id='block_1_14' title="bbox 664 1546 2243 1615">
    <p class='ocr_par' dir='ltr' id='par_1_14' title="bbox 664 1546 2243 1615">
     <span class='ocr_line' id='line_1_14' title="bbox 664 1546 2243 1615; baseline 0.009 -19"><span class='ocrx_word' id='word_1_65' title='bbox 664 1547 807 1596; x_wconf 81' lang='lat' dir='ltr'><strong>enim</strong></span> <span class='ocrx_word' id='word_1_66' title='bbox 839 1559 968 1596; x_wconf 89' lang='lat' dir='ltr'><strong>oves</strong></span> <span class='ocrx_word' id='word_1_67' title='bbox 998 1546 1281 1597; x_wconf 74' lang='lat' dir='ltr'><strong>dominica&quot;:</strong></span> <span class='ocrx_word' id='word_1_68' title='bbox 1304 1557 1599 1613; x_wconf 78' lang='lat' dir='ltr'><strong>sequuntur</strong></span> <span class='ocrx_word' id='word_1_69' title='bbox 1616 1550 1872 1615; x_wconf 90' lang='lat' dir='ltr'><strong>alienum,</strong></span> <span class='ocrx_word' id='word_1_70' title='bbox 1908 1565 1995 1606; x_wconf 91' lang='lat' dir='ltr'><strong>aut</strong></span> <span class='ocrx_word' id='word_1_71' title='bbox 2023 1556 2243 1610; x_wconf 80' lang='lat' dir='ltr'><strong>alterius</strong></span> 
     </span>
    </p>
   </div>
   <div class='ocr_carea' id='block_1_15' title="bbox 664 1636 2242 1705">
    <p class='ocr_par' dir='ltr' id='par_1_15' title="bbox 664 1636 2242 1705">
     <span class='ocr_line' id='line_1_15' title="bbox 664 1636 2242 1705; baseline 0.009 -18"><span class='ocrx_word' id='word_1_72' title='bbox 664 1648 851 1688; x_wconf 85' lang='lat' dir='ltr'><strong>vocem</strong></span> <span class='ocrx_word' id='word_1_73' title='bbox 883 1640 1115 1705; x_wconf 86' lang='lat' dir='ltr'><strong>pastoris</strong></span> <span class='ocrx_word' id='word_1_74' title='bbox 1141 1636 1451 1692; x_wconf 76' lang='lat' dir='ltr'><strong>exaudiunt.</strong></span> <span class='ocrx_word' id='word_1_75' title='bbox 1509 1639 1660 1695; x_wconf 84' lang='lat' dir='ltr'><strong>Unde</strong></span> <span class='ocrx_word' id='word_1_76' title='bbox 1692 1658 1789 1697; x_wconf 89' lang='lat' dir='ltr'><strong>nec</strong></span> <span class='ocrx_word' id='word_1_77' title='bbox 1822 1659 1915 1697; x_wconf 92' lang='lat' dir='ltr'><strong>vos</strong></span> <span class='ocrx_word' id='word_1_78' title='bbox 1944 1646 2010 1699; x_wconf 86' lang='lat' dir='ltr'><strong>ad</strong></span> <span class='ocrx_word' id='word_1_79' title='bbox 2056 1648 2242 1702; x_wconf 84' lang='lat' dir='ltr'><strong>salutis</strong></span> 
     </span>
    </p>
   </div>
   <div class='ocr_carea' id='block_1_16' title="bbox 665 1728 2243 1807">
    <p class='ocr_par' dir='ltr' id='par_1_16' title="bbox 665 1728 2243 1807">
     <span class='ocr_line' id='line_1_16' title="bbox 665 1728 2243 1807; baseline 0.008 -26"><span class='ocrx_word' id='word_1_80' title='bbox 665 1728 771 1782; x_wconf 86' lang='lat' dir='ltr'><strong>iter</strong></span> <span class='ocrx_word' id='word_1_81' title='bbox 798 1730 1022 1783; x_wconf 80' lang='lat' dir='ltr'><strong>rediisse</strong></span> <span class='ocrx_word' id='word_1_82' title='bbox 1063 1732 1343 1797; x_wconf 83' lang='lat' dir='ltr'><strong>miramur,</strong></span> <span class='ocrx_word' id='word_1_83' title='bbox 1377 1748 1496 1786; x_wconf 91' lang='lat' dir='ltr'><strong>eum</strong></span> <span class='ocrx_word' id='word_1_84' title='bbox 1527 1736 1830 1791; x_wconf 68' lang='lat' dir='ltr'><strong>tarditatem</strong></span> <span class='ocrx_word' id='word_1_85' title='bbox 1863 1740 2030 1807; x_wconf 85' lang='lat' dir='ltr'><strong>magis</strong></span> <span class='ocrx_word' id='word_1_86' title='bbox 2060 1739 2109 1792; x_wconf 90' lang='lat' dir='ltr'><strong>in</strong></span> <span class='ocrx_word' id='word_1_87' title='bbox 2145 1740 2243 1793; x_wconf 88' lang='lat' dir='ltr'><strong>hac</strong></span> 
     </span>
    </p>
   </div>
   <div class='ocr_carea' id='block_1_17' title="bbox 2000 344 2607 405">
    <p class='ocr_par' dir='ltr' id='par_1_17' title="bbox 2000 344 2607 405">
     <span class='ocr_line' id='line_1_17' title="bbox 2000 344 2607 405; baseline 0.013 -7"><span class='ocrx_word' id='word_1_88' title='bbox 2000 344 2367 403; x_wconf 61' lang='lat' dir='ltr'><strong>IIORMISDIE</strong></span> <span class='ocrx_word' id='word_1_89' title='bbox 2408 347 2607 405; x_wconf 71' lang='grc' dir='ltr'><strong>ΡΑΡΑΞ</strong></span> 
     </span>
    </p>
   </div>
   <div class='ocr_carea' id='block_1_18' title="bbox 2266 461 3928 548">
    <p class='ocr_par' dir='ltr' id='par_1_18' title="bbox 2266 461 3928 548">
     <span class='ocr_line' id='line_1_18' title="bbox 2266 461 3928 548; baseline 0.017 -37"><span class='ocrx_word' id='word_1_90' title='bbox 2266 462 2315 517; x_wconf 81' lang='grc' dir='ltr'>Α</span> <span class='ocrx_word' id='word_1_91' title='bbox 2342 461 2411 513; x_wconf 90' lang='lat' dir='ltr'><strong>sit</strong></span> <span class='ocrx_word' id='word_1_92' title='bbox 2454 470 2735 531; x_wconf 86' lang='lat' dir='ltr'><strong>utrumque</strong></span> <span class='ocrx_word' id='word_1_93' title='bbox 2780 468 3063 533; x_wconf 76' lang='lat' dir='ltr'><strong>sententia,</strong></span> <span class='ocrx_word' id='word_1_94' title='bbox 3106 469 3294 526; x_wconf 85' lang='lat' dir='ltr'><strong>horum</strong></span> <span class='ocrx_word' id='word_1_95' title='bbox 3340 474 3568 529; x_wconf 76' lang='lat' dir='ltr'><strong>alterum</strong></span> <span class='ocrx_word' id='word_1_96' title='bbox 3595 475 3641 531; x_wconf 88' lang='lat' dir='ltr'><strong>si</strong></span> <span class='ocrx_word' id='word_1_97' title='bbox 3677 480 3801 548; x_wconf 86' lang='lat' dir='ltr'><strong>quis</strong></span> <span class='ocrx_word' id='word_1_98' title='bbox 3832 498 3928 539; x_wconf 71' lang='grc' dir='ltr'><strong>δεσ-</strong></span> 
     </span>
    </p>
   </div>
   <div class='ocr_carea' id='block_1_19' title="bbox 3816 370 3924 425">
    <p class='ocr_par' dir='ltr' id='par_1_19' title="bbox 3816 370 3924 425">
     <span class='ocr_line' id='line_1_19' title="bbox 3816 370 3924 425; baseline 0.028 -2"><span class='ocrx_word' id='word_1_99' title='bbox 3816 370 3924 425; x_wconf 73' lang='lat'><strong>592</strong></span> 
     </span>
    </p>
   </div>
   <div class='ocr_carea' id='block_1_20' title="bbox 2343 556 3927 636">
    <p class='ocr_par' dir='ltr' id='par_1_20' title="bbox 2343 556 3927 636">
     <span class='ocr_line' id='line_1_20' title="bbox 2343 556 3927 636; baseline 0.017 -31"><span class='ocrx_word' id='word_1_100' title='bbox 2343 564 2539 620; x_wconf 87' lang='lat' dir='ltr'><strong>quatur</strong></span> <span class='ocrx_word' id='word_1_101' title='bbox 2583 566 2637 610; x_wconf 89' lang='lat' dir='ltr'><strong>et</strong></span> <span class='ocrx_word' id='word_1_102' title='bbox 2679 556 2883 628; x_wconf 75' lang='lat' dir='ltr'><strong>diligat,</strong></span> <span class='ocrx_word' id='word_1_103' title='bbox 2933 562 3072 615; x_wconf 87' lang='lat' dir='ltr'><strong>dicat</strong></span> <span class='ocrx_word' id='word_1_104' title='bbox 3118 564 3311 633; x_wconf 88' lang='lat' dir='ltr'><strong>aliquis</strong></span> <span class='ocrx_word' id='word_1_105' title='bbox 3354 570 3805 636; x_wconf 82' lang='lat' dir='ltr'><strong>quemadmodum</strong></span> <span class='ocrx_word' id='word_1_106' title='bbox 3868 594 3927 631; x_wconf 89' lang='lat' dir='ltr'><strong>se</strong></span> 
     </span>
    </p>
   </div>
   <div class='ocr_carea' id='block_1_21' title="bbox 2338 647 3921 733">
    <p class='ocr_par' dir='ltr' id='par_1_21' title="bbox 2338 647 3921 733">
     <span class='ocr_line' id='line_1_21' title="bbox 2338 647 3921 733; baseline 0.016 -39"><span class='ocrx_word' id='word_1_107' title='bbox 2338 656 2405 695; x_wconf 86' lang='lat' dir='ltr'><strong>ea</strong></span> <span class='ocrx_word' id='word_1_108' title='bbox 2449 647 2739 711; x_wconf 74' lang='lat' dir='ltr'><strong>sententia,</strong></span> <span class='ocrx_word' id='word_1_109' title='bbox 2788 664 2907 716; x_wconf 73' lang='lat' dir='ltr'><strong>quae</strong></span> <span class='ocrx_word' id='word_1_110' title='bbox 2956 652 3140 721; x_wconf 85' lang='lat' dir='ltr'><strong>design</strong></span> <span class='ocrx_word' id='word_1_111' title='bbox 3180 663 3261 708; x_wconf 89' lang='lat' dir='ltr'><strong>tos</strong></span> <span class='ocrx_word' id='word_1_112' title='bbox 3313 656 3606 723; x_wconf 79' lang='lat' dir='ltr'><strong>damnavit,</strong></span> <span class='ocrx_word' id='word_1_113' title='bbox 3659 665 3921 733; x_wconf 78' lang='lat' dir='ltr'><strong>excipiat;</strong></span> 
     </span>
    </p>
   </div>
   <div class='ocr_carea' id='block_1_22' title="bbox 2343 748 3926 820">
    <p class='ocr_par' dir='ltr' id='par_1_22' title="bbox 2343 748 3926 820">
     <span class='ocr_line' id='line_1_22' title="bbox 2343 748 3926 820; baseline 0.019 -36"><span class='ocrx_word' id='word_1_114' title='bbox 2343 748 2462 788; x_wconf 88' lang='lat' dir='ltr'><strong>cum</strong></span> <span class='ocrx_word' id='word_1_115' title='bbox 2494 751 2610 804; x_wconf 86' lang='lat' dir='ltr'><strong>eos,</strong></span> <span class='ocrx_word' id='word_1_116' title='bbox 2655 754 2791 806; x_wconf 89' lang='lat' dir='ltr'><strong>quos</strong></span> <span class='ocrx_word' id='word_1_117' title='bbox 2838 748 3278 813; x_wconf 81' lang='lat' dir='ltr'><strong>transgressionis</strong></span> <span class='ocrx_word' id='word_1_118' title='bbox 3322 762 3413 803; x_wconf 90' lang='lat' dir='ltr'><strong>aut</strong></span> <span class='ocrx_word' id='word_1_119' title='bbox 3465 752 3754 820; x_wconf 86' lang='lat' dir='ltr'><strong>impietatis</strong></span> <span class='ocrx_word' id='word_1_120' title='bbox 3795 772 3926 814; x_wconf 85' lang='lat' dir='ltr'><strong>con-</strong></span> 
     </span>
    </p>
   </div>
   <div class='ocr_carea' id='block_1_23' title="bbox 2344 821 3922 908">
    <p class='ocr_par' dir='ltr' id='par_1_23' title="bbox 2344 821 3922 908">
     <span class='ocr_line' id='line_1_23' title="bbox 2344 821 3922 908; baseline 0.018 -34"><span class='ocrx_word' id='word_1_121' title='bbox 2344 821 2511 876; x_wconf 85' lang='lat' dir='ltr'><strong>nectit</strong></span> <span class='ocrx_word' id='word_1_122' title='bbox 2539 827 2832 894; x_wconf 72' lang='lat' dir='ltr'><strong>:equalitas,</strong></span> <span class='ocrx_word' id='word_1_123' title='bbox 2865 831 2979 884; x_wconf 82' lang='lat' dir='ltr'><strong>sine</strong></span> <span class='ocrx_word' id='word_1_124' title='bbox 3010 834 3171 886; x_wconf 88' lang='lat' dir='ltr'><strong>dubio</strong></span> <span class='ocrx_word' id='word_1_125' title='bbox 3206 852 3366 890; x_wconf 88' lang='lat' dir='ltr'><strong>unum</strong></span> <span class='ocrx_word' id='word_1_126' title='bbox 3398 855 3609 908; x_wconf 87' lang='lat' dir='ltr'><strong>quoque</strong></span> <span class='ocrx_word' id='word_1_127' title='bbox 3652 845 3922 901; x_wconf 83' lang='lat' dir='ltr'><strong>vinculum</strong></span> 
     </span>
    </p>
   </div>
   <div class='ocr_carea' id='block_1_24' title="bbox 2343 914 3921 992">
    <p class='ocr_par' dir='ltr' id='par_1_24' title="bbox 2343 914 3921 992">
     <span class='ocr_line' id='line_1_24' title="bbox 2343 914 3921 992; baseline 0.015 -24"><span class='ocrx_word' id='word_1_128' title='bbox 2343 914 2705 973; x_wconf 83' lang='lat' dir='ltr'><strong>damnationis</strong></span> <span class='ocrx_word' id='word_1_129' title='bbox 2751 924 3029 991; x_wconf 79' lang='lat' dir='ltr'><strong>astringat.</strong></span> <span class='ocrx_word' id='word_1_130' title='bbox 3074 927 3387 982; x_wconf 84' lang='lat' dir='ltr'><strong>&#39;l&#39;iinotheus</strong></span> <span class='ocrx_word' id='word_1_131' title='bbox 3416 941 3469 984; x_wconf 92' lang='lat' dir='ltr'><strong>et</strong></span> <span class='ocrx_word' id='word_1_132' title='bbox 3512 933 3701 990; x_wconf 76' lang='lat' dir='ltr'><strong>Petrus</strong></span> <span class='ocrx_word' id='word_1_133' title='bbox 3733 936 3921 992; x_wconf 91' lang='lat' dir='ltr'><strong>horum</strong></span> 
     </span>
    </p>
   </div>
   <div class='ocr_carea' id='block_1_25' title="bbox 2342 1010 3919 1095">
    <p class='ocr_par' dir='ltr' id='par_1_25' title="bbox 2342 1010 3919 1095">
     <span class='ocr_line' id='line_1_25' title="bbox 2342 1010 3919 1095; baseline 0.015 -36"><span class='ocrx_word' id='word_1_134' title='bbox 2342 1019 2625 1073; x_wconf 83' lang='lat' dir='ltr'><strong>sequaces,</strong></span> <span class='ocrx_word' id='word_1_135' title='bbox 2652 1010 2894 1065; x_wconf 88' lang='lat' dir='ltr'><strong>homines</strong></span> <span class='ocrx_word' id='word_1_136' title='bbox 2922 1024 3099 1069; x_wconf 87' lang='lat' dir='ltr'><strong>mente</strong></span> <span class='ocrx_word' id='word_1_137' title='bbox 3123 1022 3380 1087; x_wconf 85' lang='lat' dir='ltr'><strong>corrupti,</strong></span> <span class='ocrx_word' id='word_1_138' title='bbox 3406 1033 3460 1075; x_wconf 92' lang='lat' dir='ltr'><strong>et</strong></span> <span class='ocrx_word' id='word_1_139' title='bbox 3488 1026 3654 1092; x_wconf 89' lang='lat' dir='ltr'><strong>pestis</strong></span> <span class='ocrx_word' id='word_1_140' title='bbox 3675 1030 3919 1095; x_wconf 68' lang='lat' dir='ltr'><strong>quzrdam</strong></span> 
     </span>
    </p>
   </div>
   <div class='ocr_carea' id='block_1_26' title="bbox 2344 1097 3919 1175">
    <p class='ocr_par' dir='ltr' id='par_1_26' title="bbox 2344 1097 3919 1175">
     <span class='ocr_line' id='line_1_26' title="bbox 2344 1097 3919 1175; baseline 0.017 -28"><span class='ocrx_word' id='word_1_141' title='bbox 2344 1097 2573 1151; x_wconf 71' lang='lat' dir='ltr'><strong>nominis</strong></span> <span class='ocrx_word' id='word_1_142' title='bbox 2604 1099 2912 1155; x_wconf 83' lang='lat' dir='ltr'><strong>detestanda</strong></span> <span class='ocrx_word' id='word_1_143' title='bbox 2944 1105 3211 1172; x_wconf 81' lang='lat' dir='ltr'><strong>catholici,</strong></span> <span class='ocrx_word' id='word_1_144' title='bbox 3240 1124 3463 1175; x_wconf 87' lang='lat' dir='ltr'><strong>quorum</strong></span> <span class='ocrx_word' id='word_1_145' title='bbox 3492 1117 3919 1174; x_wconf 87' lang='lat' dir='ltr'><strong>communionem</strong></span> 
     </span>
    </p>
   </div>
   <div class='ocr_carea' id='block_1_27' title="bbox 2344 1184 3917 1275">
    <p class='ocr_par' dir='ltr' id='par_1_27' title="bbox 2344 1184 3917 1275">
     <span class='ocr_line' id='line_1_27' title="bbox 2344 1184 3917 1275; baseline 0.016 -37"><span class='ocrx_word' id='word_1_146' title='bbox 2344 1184 2397 1238; x_wconf 84' lang='lat' dir='ltr'><strong>in</strong></span> <span class='ocrx_word' id='word_1_147' title='bbox 2432 1186 2586 1239; x_wconf 85' lang='lat' dir='ltr'><strong>Petro</strong></span> <span class='ocrx_word' id='word_1_148' title='bbox 2607 1192 2932 1255; x_wconf 75' lang='lat' dir='ltr'><strong>complexus</strong></span> <span class='ocrx_word' id='word_1_149' title='bbox 2971 1196 3217 1263; x_wconf 82' lang='lat' dir='ltr'><strong>Aeacius,</strong></span> <span class='ocrx_word' id='word_1_150' title='bbox 3261 1201 3401 1256; x_wconf 89' lang='lat' dir='ltr'><strong>simil</strong></span> <span class='ocrx_word' id='word_1_151' title='bbox 3430 1212 3509 1257; x_wconf 90' lang='lat' dir='ltr'><strong>ter</strong></span> <span class='ocrx_word' id='word_1_152' title='bbox 3545 1206 3636 1275; x_wconf 91' lang='lat' dir='ltr'><strong>(al.</strong></span> <span class='ocrx_word' id='word_1_153' title='bbox 3676 1210 3917 1263; x_wconf 78' lang='lat' dir='ltr'><strong>similem.</strong></span> 
     </span>
    </p>
   </div>
   <div class='ocr_carea' id='block_1_28' title="bbox 2345 1274 3918 1365">
    <p class='ocr_par' dir='ltr' id='par_1_28' title="bbox 2345 1274 3918 1365">
     <span class='ocr_line' id='line_1_28' title="bbox 2345 1274 3918 1365; baseline 0.017 -38"><span class='ocrx_word' id='word_1_154' title='bbox 2345 1274 2549 1345; x_wconf 66' lang='lat' dir='ltr'><strong>Haec.)</strong></span> <span class='ocrx_word' id='word_1_155' title='bbox 2578 1294 2788 1347; x_wconf 87' lang='lat' dir='ltr'><strong>quoque</strong></span> <span class='ocrx_word' id='word_1_156' title='bbox 2813 1285 3005 1337; x_wconf 84' lang='lat' dir='ltr'><strong>meruit</strong></span> <span class='ocrx_word' id='word_1_157' title='bbox 3027 1286 3207 1342; x_wconf 83' lang='lat' dir='ltr'><strong>subire</strong></span> <span class='ocrx_word' id='word_1_158' title='bbox 3232 1294 3579 1361; x_wconf 90' lang='lat' dir='ltr'><strong>sententiam,</strong></span> <span class='ocrx_word' id='word_1_159' title='bbox 3603 1298 3689 1365; x_wconf 87' lang='lat' dir='ltr'><strong>qui</strong></span> <span class='ocrx_word' id='word_1_160' title='bbox 3716 1310 3918 1355; x_wconf 86' lang='lat' dir='ltr'><strong>tantum</strong></span> 
     </span>
    </p>
   </div>
   <div class='ocr_carea' id='block_1_29' title="bbox 2345 1366 3918 1448">
    <p class='ocr_par' dir='ltr' id='par_1_29' title="bbox 2345 1366 3918 1448">
     <span class='ocr_line' id='line_1_29' title="bbox 2345 1366 3918 1448; baseline 0.018 -33"><span class='ocrx_word' id='word_1_161' title='bbox 2345 1366 2544 1418; x_wconf 84' lang='lat' dir='ltr'><strong>malum</strong></span> <span class='ocrx_word' id='word_1_162' title='bbox 2575 1369 2726 1431; x_wconf 88' lang='lat' dir='ltr'><strong>quasi</strong></span> <span class='ocrx_word' id='word_1_163' title='bbox 2771 1373 2917 1436; x_wconf 76' lang='lat' dir='ltr'><strong>parvi</strong></span> <span class='ocrx_word' id='word_1_164' title='bbox 2952 1375 3243 1445; x_wconf 66' lang='lat' dir='ltr'><strong>aestimans,</strong></span> <span class='ocrx_word' id='word_1_165' title='bbox 3295 1390 3349 1433; x_wconf 92' lang='lat' dir='ltr'><strong>et</strong></span> <span class='ocrx_word' id='word_1_166' title='bbox 3396 1386 3723 1448; x_wconf 66' lang='lat' dir='ltr'><strong>prepositum</strong></span> <span class='ocrx_word' id='word_1_167' title='bbox 3779 1404 3918 1442; x_wconf 86' lang='lat' dir='ltr'><strong>nun-</strong></span> 
     </span>
    </p>
   </div>
   <div class='ocr_carea' id='block_1_30' title="bbox 2344 1456 3917 1543">
    <p class='ocr_par' dir='ltr' id='par_1_30' title="bbox 2344 1456 3917 1543">
     <span class='ocr_line' id='line_1_30' title="bbox 2344 1456 3917 1543; baseline 0.018 -38"><span class='ocrx_word' id='word_1_168' title='bbox 2344 1468 2503 1522; x_wconf 86' lang='lat' dir='ltr'><strong>quam</strong></span> <span class='ocrx_word' id='word_1_169' title='bbox 2532 1456 2598 1508; x_wconf 89' lang='lat' dir='ltr'><strong>ad</strong></span> <span class='ocrx_word' id='word_1_170' title='bbox 2630 1459 2852 1513; x_wconf 80' lang='lat' dir='ltr'><strong>meliora</strong></span> <span class='ocrx_word' id='word_1_171' title='bbox 2895 1473 3235 1531; x_wconf 86' lang='lat' dir='ltr'><strong>convertens,</strong></span> <span class='ocrx_word' id='word_1_172' title='bbox 3288 1484 3354 1522; x_wconf 90' lang='lat' dir='ltr'><strong>ne</strong></span> <span class='ocrx_word' id='word_1_173' title='bbox 3384 1471 3453 1524; x_wconf 88' lang='lat' dir='ltr'><strong>ab</strong></span> <span class='ocrx_word' id='word_1_174' title='bbox 3481 1473 3586 1527; x_wconf 85' lang='lat' dir='ltr'><strong>illis</strong></span> <span class='ocrx_word' id='word_1_175' title='bbox 3616 1476 3827 1543; x_wconf 88' lang='lat' dir='ltr'><strong>quidem</strong></span> <span class='ocrx_word' id='word_1_176' title='bbox 3857 1492 3917 1533; x_wconf 85' lang='lat' dir='ltr'><strong>se</strong></span> 
     </span>
    </p>
   </div>
   <div class='ocr_carea' id='block_1_31' title="bbox 2345 1547 3916 1638">
    <p class='ocr_par' dir='ltr' id='par_1_31' title="bbox 2345 1547 3916 1638">
     <span class='ocr_line' id='line_1_31' title="bbox 2345 1547 3916 1638; baseline 0.018 -42"><span class='ocrx_word' id='word_1_177' title='bbox 2345 1560 2462 1612; x_wconf 74' lang='lat' dir='ltr'><strong>qua:</strong></span> <span class='ocrx_word' id='word_1_178' title='bbox 2494 1547 2544 1599; x_wconf 92' lang='lat' dir='ltr'><strong>in</strong></span> <span class='ocrx_word' id='word_1_179' title='bbox 2571 1550 2853 1605; x_wconf 84' lang='lat' dir='ltr'><strong>Antiochia</strong></span> <span class='ocrx_word' id='word_1_180' title='bbox 2896 1552 3223 1610; x_wconf 82' lang='lat' dir='ltr'><strong>detestamur</strong></span> <span class='ocrx_word' id='word_1_181' title='bbox 3254 1560 3543 1629; x_wconf 88' lang='lat' dir='ltr'><strong>abstinuit;</strong></span> <span class='ocrx_word' id='word_1_182' title='bbox 3594 1565 3664 1621; x_wconf 90' lang='lat' dir='ltr'><strong>ibi</strong></span> <span class='ocrx_word' id='word_1_183' title='bbox 3708 1584 3916 1638; x_wconf 80' lang='lat' dir='ltr'><strong>quoque</strong></span> 
     </span>
    </p>
   </div>
   <div class='ocr_carea' id='block_1_32' title="bbox 2346 1640 3918 1727">
    <p class='ocr_par' dir='ltr' id='par_1_32' title="bbox 2346 1640 3918 1727">
     <span class='ocr_line' id='line_1_32' title="bbox 2346 1640 3918 1727; baseline 0.018 -39"><span class='ocrx_word' id='word_1_184' title='bbox 2346 1640 2724 1706; x_wconf 75' lang='lat' dir='ltr'><strong>transgressoii</strong></span> <span class='ocrx_word' id='word_1_185' title='bbox 2760 1641 2917 1695; x_wconf 85' lang='lat' dir='ltr'><strong>Petro</strong></span> <span class='ocrx_word' id='word_1_186' title='bbox 2944 1649 3318 1703; x_wconf 86' lang='lat' dir='ltr'><strong>communione</strong></span> <span class='ocrx_word' id='word_1_187' title='bbox 3358 1667 3631 1710; x_wconf 82' lang='lat' dir='ltr'><strong>connexus</strong></span> <span class='ocrx_word' id='word_1_188' title='bbox 3679 1659 3730 1712; x_wconf 90' lang='lat' dir='ltr'><strong>in</strong></span> <span class='ocrx_word' id='word_1_189' title='bbox 3774 1664 3918 1727; x_wconf 80' lang='lat' dir='ltr'><strong>Apa-</strong></span> 
     </span>
    </p>
   </div>
   <div class='ocr_carea' id='block_1_33' title="bbox 2348 1731 3916 1811">
    <p class='ocr_par' dir='ltr' id='par_1_33' title="bbox 2348 1731 3916 1811">
     <span class='ocr_line' id='line_1_33' title="bbox 2348 1731 3916 1811; baseline 0.017 -32"><span class='ocrx_word' id='word_1_190' title='bbox 2348 1742 2517 1781; x_wconf 87' lang='lat' dir='ltr'><strong>meam</strong></span> <span class='ocrx_word' id='word_1_191' title='bbox 2571 1731 2914 1787; x_wconf 87' lang='lat' dir='ltr'><strong>nihilominus</strong></span> <span class='ocrx_word' id='word_1_192' title='bbox 2966 1736 3229 1793; x_wconf 71' lang='lat' dir='ltr'><strong>hostiliter</strong></span> <span class='ocrx_word' id='word_1_193' title='bbox 3280 1756 3519 1799; x_wconf 58' lang='lat' dir='ltr'><strong>versa&#39;ius</strong></span> <span class='ocrx_word' id='word_1_194' title='bbox 3550 1788 3565 1811; x_wconf 95' lang='lat'><strong>,</strong></span> <span class='ocrx_word' id='word_1_195' title='bbox 3622 1749 3916 1806; x_wconf 82' lang='lat' dir='ltr'><strong>Ecclesiam</strong></span> 
     </span>
    </p>
   </div>
   <div class='ocr_carea' id='block_1_34' title="bbox 664 1807 2347 1908">
    <p class='ocr_par' dir='ltr' id='par_1_34' title="bbox 664 1807 2347 1889">
     <span class='ocr_line' id='line_1_34' title="bbox 664 1807 2347 1889; baseline 0.007 -18"><span class='ocrx_word' id='word_1_196' title='bbox 664 1820 1117 1888; x_wconf 71' lang='lat' dir='ltr'><strong>redintegratiune</strong></span> <span class='ocrx_word' id='word_1_197' title='bbox 1164 1826 1464 1889; x_wconf 87' lang='lat' dir='ltr'><strong>culpemus.</strong></span> <span class='ocrx_word' id='word_1_198' title='bbox 1510 1824 1800 1889; x_wconf 86' lang='lat' dir='ltr'><strong>Debemus,</strong></span> <span class='ocrx_word' id='word_1_199' title='bbox 1829 1829 2087 1882; x_wconf 86' lang='lat' dir='ltr'><strong>carissimi</strong></span> <span class='ocrx_word' id='word_1_200' title='bbox 2131 1829 2237 1882; x_wconf 69' lang='grc' dir='ltr'><strong>(ἠ-</strong></span> <span class='ocrx_word' id='word_1_201' title='bbox 2272 1807 2347 1866; x_wconf 65' lang='grc' dir='ltr'><strong>Β¹</strong></span> 
     </span>
    </p>
   </div>
   <div class='ocr_carea' id='block_1_35' title="bbox 2229 1807 3912 1908">
    <p class='ocr_par' dir='ltr' id='par_1_35' title="bbox 2229 1807 3912 1908">
     <span class='ocr_line' id='line_1_35' title="bbox 2229 1807 3912 1908; baseline 0.015 -40"><span class='ocrx_word' id='word_1_202' title='bbox 2229 1858 2237 1868; x_wconf 95' lang='grc'>.</span> <span class='ocrx_word' id='word_1_203' title='bbox 2272 1807 2317 1866; x_wconf 87' lang='grc' dir='ltr'><strong>Β</strong></span> <span class='ocrx_word' id='word_1_204' title='bbox 2344 1816 2557 1887; x_wconf 81' lang='lat' dir='ltr'><strong>Tyriam</strong></span> <span class='ocrx_word' id='word_1_205' title='bbox 2592 1835 2803 1889; x_wconf 88' lang='lat' dir='ltr'><strong>quoque</strong></span> <span class='ocrx_word' id='word_1_206' title='bbox 2827 1839 2929 1875; x_wconf 89' lang='lat' dir='ltr'><strong>non</strong></span> <span class='ocrx_word' id='word_1_207' title='bbox 2961 1838 3020 1878; x_wconf 87' lang='lat' dir='ltr'><strong>ea</strong></span> <span class='ocrx_word' id='word_1_208' title='bbox 3052 1840 3155 1893; x_wconf 88' lang='lat' dir='ltr'><strong>qua</strong></span> <span class='ocrx_word' id='word_1_209' title='bbox 3182 1827 3361 1884; x_wconf 80' lang='lat' dir='ltr'><strong>decuit</strong></span> <span class='ocrx_word' id='word_1_210' title='bbox 3402 1807 3703 1901; x_wconf 81' lang='lat' dir='ltr'><strong>integritate</strong></span> <span class='ocrx_word' id='word_1_211' title='bbox 3729 1838 3912 1908; x_wconf 85' lang='lat' dir='ltr'><strong>dispo-</strong></span> 
     </span>
    </p>
   </div>
   <div class='ocr_carea' id='block_1_36' title="bbox 664 1909 2239 1984">
    <p class='ocr_par' dir='ltr' id='par_1_36' title="bbox 664 1909 2239 1984">
     <span class='ocr_line' id='line_1_36' title="bbox 664 1909 2239 1984; baseline 0.006 -22"><span class='ocrx_word' id='word_1_212' title='bbox 664 1917 795 1972; x_wconf 89' lang='lat' dir='ltr'><strong>tres,</strong></span> <span class='ocrx_word' id='word_1_213' title='bbox 823 1909 1133 1963; x_wconf 74' lang='lat' dir='ltr'><strong>domesticis</strong></span> <span class='ocrx_word' id='word_1_214' title='bbox 1165 1913 1240 1964; x_wconf 90' lang='lat' dir='ltr'><strong>uti</strong></span> <span class='ocrx_word' id='word_1_215' title='bbox 1269 1912 1333 1965; x_wconf 91' lang='lat' dir='ltr'><strong>ad</strong></span> <span class='ocrx_word' id='word_1_216' title='bbox 1366 1916 1500 1966; x_wconf 84' lang='lat' dir='ltr'><strong>hanc</strong></span> <span class='ocrx_word' id='word_1_217' title='bbox 1529 1931 1685 1979; x_wconf 87' lang='lat' dir='ltr'><strong>quam</strong></span> <span class='ocrx_word' id='word_1_218' title='bbox 1714 1919 2003 1984; x_wconf 68' lang='lat' dir='ltr'><strong>quaerimus</strong></span> <span class='ocrx_word' id='word_1_219' title='bbox 2034 1921 2239 1972; x_wconf 48' lang='lat' dir='ltr'><strong>stabili-</strong></span> 
     </span>
    </p>
   </div>
   <div class='ocr_carea' id='block_1_37' title="bbox 665 1999 2239 2072">
    <p class='ocr_par' dir='ltr' id='par_1_37' title="bbox 665 1999 2239 2072">
     <span class='ocr_line' id='line_1_37' title="bbox 665 1999 2239 2072; baseline 0.01 -22"><span class='ocrx_word' id='word_1_220' title='bbox 665 2006 827 2051; x_wconf 90' lang='lat' dir='ltr'><strong>tatem</strong></span> <span class='ocrx_word' id='word_1_221' title='bbox 860 1999 1197 2053; x_wconf 89' lang='lat' dir='ltr'><strong>documentis</strong></span> <span class='ocrx_word' id='word_1_222' title='bbox 1222 2017 1237 2056; x_wconf 86' lang='lat'><strong>:</strong></span> <span class='ocrx_word' id='word_1_223' title='bbox 1265 2004 1525 2072; x_wconf 76' lang='lat' dir='ltr'><strong>siquidem</strong></span> <span class='ocrx_word' id='word_1_224' title='bbox 1560 2014 1683 2060; x_wconf 90' lang='lat' dir='ltr'><strong>tunc</strong></span> <span class='ocrx_word' id='word_1_225' title='bbox 1714 2007 2027 2064; x_wconf 85' lang='lat' dir='ltr'><strong>Timotheus</strong></span> <span class='ocrx_word' id='word_1_226' title='bbox 2065 2009 2239 2065; x_wconf 81' lang='lat' dir='ltr'><strong>Cher-</strong></span> 
     </span>
    </p>
   </div>
   <div class='ocr_carea' id='block_1_38' title="bbox 662 2090 2232 2164">
    <p class='ocr_par' dir='ltr' id='par_1_38' title="bbox 662 2090 2232 2164">
     <span class='ocr_line' id='line_1_38' title="bbox 662 2090 2232 2164; baseline 0.01 -23"><span class='ocrx_word' id='word_1_227' title='bbox 662 2090 910 2141; x_wconf 74' lang='lat' dir='ltr'><strong>sonensis</strong></span> <span class='ocrx_word' id='word_1_228' title='bbox 935 2092 1113 2157; x_wconf 85' lang='lat' dir='ltr'><strong>gravis</strong></span> <span class='ocrx_word' id='word_1_229' title='bbox 1137 2106 1257 2145; x_wconf 90' lang='lat' dir='ltr'><strong>cum</strong></span> <span class='ocrx_word' id='word_1_230' title='bbox 1286 2093 1513 2149; x_wconf 75' lang='lat' dir='ltr'><strong>disceret</strong></span> <span class='ocrx_word' id='word_1_231' title='bbox 1535 2136 1550 2158; x_wconf 92' lang='lat'><strong>,</strong></span> <span class='ocrx_word' id='word_1_232' title='bbox 1577 2099 1791 2164; x_wconf 80' lang='lat' dir='ltr'><strong>gravior</strong></span> <span class='ocrx_word' id='word_1_233' title='bbox 1816 2114 1941 2153; x_wconf 84' lang='lat' dir='ltr'><strong>cum</strong></span> <span class='ocrx_word' id='word_1_234' title='bbox 1991 2102 2232 2157; x_wconf 71' lang='lat' dir='ltr'><strong>doceret.</strong></span> 
     </span>
    </p>
   </div>
   <div class='ocr_carea' id='block_1_39' title="bbox 666 2177 2236 2248">
    <p class='ocr_par' dir='ltr' id='par_1_39' title="bbox 666 2177 2236 2248">
     <span class='ocr_line' id='line_1_39' title="bbox 666 2177 2236 2248; baseline 0.01 -17"><span class='ocrx_word' id='word_1_235' title='bbox 666 2177 799 2231; x_wconf 85' lang='lat' dir='ltr'><strong>Nam</strong></span> <span class='ocrx_word' id='word_1_236' title='bbox 833 2180 1066 2235; x_wconf 78' lang='lat' dir='ltr'><strong>Dioscuri</strong></span> <span class='ocrx_word' id='word_1_237' title='bbox 1096 2195 1360 2248; x_wconf 83' lang='lat' dir='ltr'><strong>sectator,</strong></span> <span class='ocrx_word' id='word_1_238' title='bbox 1407 2196 1463 2240; x_wconf 85' lang='lat' dir='ltr'><strong>et</strong></span> <span class='ocrx_word' id='word_1_239' title='bbox 1505 2188 1644 2242; x_wconf 88' lang='lat' dir='ltr'><strong>idem</strong></span> <span class='ocrx_word' id='word_1_240' title='bbox 1696 2189 1837 2245; x_wconf 85' lang='lat' dir='ltr'><strong>Petri</strong></span> <span class='ocrx_word' id='word_1_241' title='bbox 1888 2193 2236 2248; x_wconf 88' lang='lat' dir='ltr'><strong>nihilominus</strong></span> 
     </span>
    </p>
   </div>
   <div class='ocr_carea' id='block_1_40' title="bbox 664 2265 2236 2335">
    <p class='ocr_par' dir='ltr' id='par_1_40' title="bbox 664 2265 2236 2335">
     <span class='ocr_line' id='line_1_40' title="bbox 664 2265 2236 2335; baseline 0.011 -16"><span class='ocrx_word' id='word_1_242' title='bbox 664 2265 959 2330; x_wconf 80' lang='lat' dir='ltr'><strong>inst-tutor,</strong></span> <span class='ocrx_word' id='word_1_243' title='bbox 1011 2270 1267 2325; x_wconf 82' lang='lat' dir='ltr'><strong>adversus</strong></span> <span class='ocrx_word' id='word_1_244' title='bbox 1310 2273 1476 2325; x_wconf 77' lang='lat' dir='ltr'><strong>beata:</strong></span> <span class='ocrx_word' id='word_1_245' title='bbox 1526 2276 1908 2333; x_wconf 81' lang='lat' dir='ltr'><strong>recordationis</strong></span> <span class='ocrx_word' id='word_1_246' title='bbox 1938 2279 2236 2335; x_wconf 86' lang='lat' dir='ltr'><strong>Proterium</strong></span> 
     </span>
    </p>
   </div>
   <div class='ocr_carea' id='block_1_41' title="bbox 661 2356 2235 2432">
    <p class='ocr_par' dir='ltr' id='par_1_41' title="bbox 661 2356 2235 2432">
     <span class='ocr_line' id='line_1_41' title="bbox 661 2356 2235 2432; baseline 0.011 -23"><span class='ocrx_word' id='word_1_247' title='bbox 661 2356 922 2409; x_wconf 81' lang='lat' dir='ltr'><strong>sa-vitam</strong></span> <span class='ocrx_word' id='word_1_248' title='bbox 971 2373 1083 2412; x_wconf 72' lang='lat' dir='ltr'><strong>sua:</strong></span> <span class='ocrx_word' id='word_1_249' title='bbox 1133 2364 1444 2415; x_wconf 85' lang='lat' dir='ltr'><strong>temeritatis</strong></span> <span class='ocrx_word' id='word_1_250' title='bbox 1491 2368 1721 2432; x_wconf 82' lang='lat' dir='ltr'><strong>exeruit,</strong></span> <span class='ocrx_word' id='word_1_251' title='bbox 1773 2377 1828 2421; x_wconf 91' lang='lat' dir='ltr'><strong>et</strong></span> <span class='ocrx_word' id='word_1_252' title='bbox 1873 2370 2034 2424; x_wconf 90' lang='lat' dir='ltr'><strong>totius</strong></span> <span class='ocrx_word' id='word_1_253' title='bbox 2080 2376 2235 2426; x_wconf 86' lang='lat' dir='ltr'><strong>linem</strong></span> 
     </span>
    </p>
   </div>
   <div class='ocr_carea' id='block_1_42' title="bbox 658 2449 2235 2531">
    <p class='ocr_par' dir='ltr' id='par_1_42' title="bbox 658 2449 2235 2531">
     <span class='ocr_line' id='line_1_42' title="bbox 658 2449 2235 2531; baseline 0.011 -29"><span class='ocrx_word' id='word_1_254' title='bbox 658 2449 992 2505; x_wconf 88' lang='lat' dir='ltr'><strong>crudelitatis</strong></span> <span class='ocrx_word' id='word_1_255' title='bbox 1019 2455 1272 2517; x_wconf 76' lang='lat' dir='ltr'><strong>excessit,</strong></span> <span class='ocrx_word' id='word_1_256' title='bbox 1316 2472 1354 2509; x_wconf 83' lang='lat' dir='ltr'><strong>r.</strong></span> <span class='ocrx_word' id='word_1_257' title='bbox 1378 2456 1550 2524; x_wconf 85' lang='lat' dir='ltr'><strong>ligiusi</strong></span> <span class='ocrx_word' id='word_1_258' title='bbox 1580 2459 1674 2512; x_wconf 92' lang='lat' dir='ltr'><strong>viri</strong></span> <span class='ocrx_word' id='word_1_259' title='bbox 1713 2460 1912 2514; x_wconf 61' lang='lat' dir='ltr'><strong>caedem</strong></span> <span class='ocrx_word' id='word_1_260' title='bbox 1956 2464 2093 2517; x_wconf 87' lang='lat' dir='ltr'><strong>inter</strong></span> <span class='ocrx_word' id='word_1_261' title='bbox 2124 2466 2235 2531; x_wconf 86' lang='lat' dir='ltr'><strong>ipsa</strong></span> 
     </span>
    </p>
   </div>
   <div class='ocr_carea' id='block_1_43' title="bbox 658 2542 2237 2620">
    <p class='ocr_par' dir='ltr' id='par_1_43' title="bbox 658 2542 2237 2620">
     <span class='ocr_line' id='line_1_43' title="bbox 658 2542 2237 2620; baseline 0.011 -28"><span class='ocrx_word' id='word_1_262' title='bbox 658 2550 913 2606; x_wconf 81' lang='lat' dir='ltr'><strong>Operatus</strong></span> <span class='ocrx_word' id='word_1_263' title='bbox 943 2542 1153 2607; x_wconf 89' lang='lat' dir='ltr'><strong>altaria,</strong></span> <span class='ocrx_word' id='word_1_264' title='bbox 1178 2543 1263 2596; x_wconf 84' lang='lat' dir='ltr'><strong>vix</strong></span> <span class='ocrx_word' id='word_1_265' title='bbox 1295 2544 1535 2601; x_wconf 76' lang='lat' dir='ltr'><strong>faucibus</strong></span> <span class='ocrx_word' id='word_1_266' title='bbox 1567 2549 1677 2602; x_wconf 87' lang='lat' dir='ltr'><strong>suis</strong></span> <span class='ocrx_word' id='word_1_267' title='bbox 1706 2549 1775 2603; x_wconf 86' lang='lat' dir='ltr'><strong>ab</strong></span> <span class='ocrx_word' id='word_1_268' title='bbox 1808 2552 1896 2606; x_wconf 91' lang='lat' dir='ltr'><strong>illo</strong></span> <span class='ocrx_word' id='word_1_269' title='bbox 1936 2556 2021 2620; x_wconf 90' lang='lat' dir='ltr'><strong>pio</strong></span> <span class='ocrx_word' id='word_1_270' title='bbox 2046 2569 2237 2610; x_wconf 81' lang='lat' dir='ltr'><strong>cruore</strong></span> 
     </span>
    </p>
   </div>
   <div class='ocr_carea' id='block_1_44' title="bbox 659 2631 2232 2709">
    <p class='ocr_par' dir='ltr' id='par_1_44' title="bbox 659 2631 2232 2709">
     <span class='ocr_line' id='line_1_44' title="bbox 659 2631 2232 2709; baseline 0.011 -25"><span class='ocrx_word' id='word_1_271' title='bbox 659 2631 959 2698; x_wconf 68' lang='lat' dir='ltr'><strong>suspensis.</strong></span> <span class='ocrx_word' id='word_1_272' title='bbox 1017 2631 1168 2687; x_wconf 87' lang='lat' dir='ltr'><strong>Tunc</strong></span> <span class='ocrx_word' id='word_1_273' title='bbox 1213 2636 1441 2689; x_wconf 81' lang='lat' dir='ltr'><strong>excitata</strong></span> <span class='ocrx_word' id='word_1_274' title='bbox 1496 2638 1809 2694; x_wconf 79' lang='lat' dir='ltr'><strong>universalis</strong></span> <span class='ocrx_word' id='word_1_275' title='bbox 1857 2642 2126 2709; x_wconf 77' lang='lat' dir='ltr'><strong>Eeeiesia,</strong></span> <span class='ocrx_word' id='word_1_276' title='bbox 2177 2646 2232 2701; x_wconf 90' lang='lat' dir='ltr'><strong>in</strong></span> 
     </span>
    </p>
   </div>
   <div class='ocr_carea' id='block_1_45' title="bbox 659 2722 2233 2794">
    <p class='ocr_par' dir='ltr' id='par_1_45' title="bbox 659 2722 2233 2794">
     <span class='ocr_line' id='line_1_45' title="bbox 659 2722 2233 2794; baseline 0.011 -17"><span class='ocrx_word' id='word_1_277' title='bbox 659 2722 840 2777; x_wconf 80' lang='lat' dir='ltr'><strong>odium</strong></span> <span class='ocrx_word' id='word_1_278' title='bbox 864 2726 1163 2793; x_wconf 64' lang='lat' dir='ltr'><strong>parricidae,</strong></span> <span class='ocrx_word' id='word_1_279' title='bbox 1195 2742 1469 2785; x_wconf 88' lang='lat' dir='ltr'><strong>auctorem</strong></span> <span class='ocrx_word' id='word_1_280' title='bbox 1505 2730 1756 2788; x_wconf 76' lang='lat' dir='ltr'><strong>facinoris</strong></span> <span class='ocrx_word' id='word_1_281' title='bbox 1778 2737 1907 2790; x_wconf 89' lang='lat' dir='ltr'><strong>tanti</strong></span> <span class='ocrx_word' id='word_1_282' title='bbox 1938 2753 2040 2791; x_wconf 78' lang='lat' dir='ltr'><strong>no.t</strong></span> <span class='ocrx_word' id='word_1_283' title='bbox 2062 2740 2233 2794; x_wconf 88' lang='lat' dir='ltr'><strong>solum</strong></span> 
     </span>
    </p>
   </div>
   <div class='ocr_carea' id='block_1_46' title="bbox 656 2818 2236 2895">
    <p class='ocr_par' dir='ltr' id='par_1_46' title="bbox 656 2818 2236 2895">
     <span class='ocr_line' id='line_1_46' title="bbox 656 2818 2236 2895; baseline 0.011 -28"><span class='ocrx_word' id='word_1_284' title='bbox 656 2818 1055 2883; x_wconf 88' lang='lat' dir='ltr'><strong>communione,</strong></span> <span class='ocrx_word' id='word_1_285' title='bbox 1107 2833 1291 2873; x_wconf 88' lang='lat' dir='ltr'><strong>verum</strong></span> <span class='ocrx_word' id='word_1_286' title='bbox 1336 2826 1494 2875; x_wconf 91' lang='lat' dir='ltr'><strong>etiam</strong></span> <span class='ocrx_word' id='word_1_287' title='bbox 1527 2824 1641 2890; x_wconf 89' lang='lat' dir='ltr'><strong>ipso</strong></span> <span class='ocrx_word' id='word_1_288' title='bbox 1670 2842 1882 2895; x_wconf 90' lang='lat' dir='ltr'><strong>quoque</strong></span> <span class='ocrx_word' id='word_1_289' title='bbox 1931 2829 2236 2886; x_wconf 87' lang='lat' dir='ltr'><strong>Christiano</strong></span> 
     </span>
    </p>
   </div>
   <div class='ocr_carea' id='block_1_47' title="bbox 656 2907 2234 2987">
    <p class='ocr_par' dir='ltr' id='par_1_47' title="bbox 656 2907 2234 2987">
     <span class='ocr_line' id='line_1_47' title="bbox 656 2907 2234 2987; baseline 0.01 -27"><span class='ocrx_word' id='word_1_290' title='bbox 656 2907 871 2961; x_wconf 86' lang='lat' dir='ltr'><strong>nomine</strong></span> <span class='ocrx_word' id='word_1_291' title='bbox 917 2909 1182 2976; x_wconf 71' lang='lat' dir='ltr'><strong>spoliavit,</strong></span> <span class='ocrx_word' id='word_1_292' title='bbox 1224 2920 1277 2964; x_wconf 86' lang='lat' dir='ltr'><strong>et</strong></span> <span class='ocrx_word' id='word_1_293' title='bbox 1322 2913 1559 2966; x_wconf 90' lang='lat' dir='ltr'><strong>omnium</strong></span> <span class='ocrx_word' id='word_1_294' title='bbox 1593 2928 1800 2971; x_wconf 89' lang='lat' dir='ltr'><strong>mentes</strong></span> <span class='ocrx_word' id='word_1_295' title='bbox 1843 2932 1976 2971; x_wconf 88' lang='lat' dir='ltr'><strong>nova</strong></span> <span class='ocrx_word' id='word_1_296' title='bbox 2007 2922 2234 2987; x_wconf 62' lang='lat' dir='ltr'><strong>quadam</strong></span> 
     </span>
    </p>
   </div>
   <div class='ocr_carea' id='block_1_48' title="bbox 654 2995 2234 3072">
    <p class='ocr_par' dir='ltr' id='par_1_48' title="bbox 654 2995 2234 3072">
     <span class='ocr_line' id='line_1_48' title="bbox 654 2995 2234 3072; baseline 0.013 -26"><span class='ocrx_word' id='word_1_297' title='bbox 654 2995 1011 3050; x_wconf 85' lang='lat' dir='ltr'><strong>admiratione</strong></span> <span class='ocrx_word' id='word_1_298' title='bbox 1040 3009 1212 3062; x_wconf 52' lang='lat' dir='ltr'><strong>stupu.</strong></span> <span class='ocrx_word' id='word_1_299' title='bbox 1237 3008 1359 3051; x_wconf 88' lang='lat' dir='ltr'><strong>runt</strong></span> <span class='ocrx_word' id='word_1_300' title='bbox 1400 3011 1560 3056; x_wconf 74' lang='lat' dir='ltr'><strong>tantztc</strong></span> <span class='ocrx_word' id='word_1_301' title='bbox 1608 3006 2037 3072; x_wconf 75' lang='lat' dir='ltr'><strong>prtesumptionis</strong></span> <span class='ocrx_word' id='word_1_302' title='bbox 2068 3025 2133 3063; x_wconf 90' lang='lat' dir='ltr'><strong>au</strong></span> <span class='ocrx_word' id='word_1_303' title='bbox 2158 3024 2234 3065; x_wconf 72' lang='lat' dir='ltr'><strong>ta-</strong></span> 
     </span>
    </p>
   </div>
   <div class='ocr_carea' id='block_1_49' title="bbox 653 3083 2235 3158">
    <p class='ocr_par' dir='ltr' id='par_1_49' title="bbox 653 3083 2235 3158">
     <span class='ocr_line' id='line_1_49' title="bbox 653 3083 2235 3158; baseline 0.008 -22"><span class='ocrx_word' id='word_1_304' title='bbox 653 3085 817 3136; x_wconf 86' lang='lat' dir='ltr'><strong>ciam.</strong></span> <span class='ocrx_word' id='word_1_305' title='bbox 835 3083 983 3137; x_wconf 78' lang='lat' dir='ltr'><strong>Tttttt&#39;.</strong></span> <span class='ocrx_word' id='word_1_306' title='bbox 1004 3088 1190 3139; x_wconf 83' lang='lat' dir='ltr'><strong>beatus</strong></span> <span class='ocrx_word' id='word_1_307' title='bbox 1210 3085 1475 3155; x_wconf 77' lang='lat' dir='ltr'><strong>Eugenitts</strong></span> <span class='ocrx_word' id='word_1_308' title='bbox 1506 3107 1564 3158; x_wconf 87' lang='lat' dir='ltr'><strong>pa</strong></span> <span class='ocrx_word' id='word_1_309' title='bbox 1575 3094 1750 3147; x_wconf 69' lang='lat' dir='ltr'><strong>uncia:</strong></span> <span class='ocrx_word' id='word_1_310' title='bbox 1774 3104 1966 3149; x_wconf 68' lang='lat' dir='ltr'><strong>vestrm</strong></span> <span class='ocrx_word' id='word_1_311' title='bbox 1992 3099 2235 3156; x_wconf 80' lang='lat' dir='ltr'><strong>obtinens</strong></span> 
     </span>
    </p>
   </div>
   <div class='ocr_carea' id='block_1_50' title="bbox 2343 1909 3917 1990">
    <p class='ocr_par' dir='ltr' id='par_1_50' title="bbox 2343 1909 3917 1990">
     <span class='ocr_line' id='line_1_50' title="bbox 2343 1909 3917 1990; baseline 0.018 -30"><span class='ocrx_word' id='word_1_312' title='bbox 2343 1922 2496 1961; x_wconf 85' lang='lat' dir='ltr'><strong>nens.</strong></span> <span class='ocrx_word' id='word_1_313' title='bbox 2545 1909 2767 1976; x_wconf 81' lang='lat' dir='ltr'><strong>PrOpter</strong></span> <span class='ocrx_word' id='word_1_314' title='bbox 2809 1928 2948 1978; x_wconf 72' lang='lat' dir='ltr'><strong>qlltP,</strong></span> <span class='ocrx_word' id='word_1_315' title='bbox 2996 1914 3325 1973; x_wconf 70' lang='lat' dir='ltr'><strong>dilectissimi</strong></span> <span class='ocrx_word' id='word_1_316' title='bbox 3370 1922 3581 1990; x_wconf 76' lang='lat' dir='ltr'><strong>fratres,</strong></span> <span class='ocrx_word' id='word_1_317' title='bbox 3626 1928 3694 1981; x_wconf 89' lang='lat' dir='ltr'><strong>ab</strong></span> <span class='ocrx_word' id='word_1_318' title='bbox 3731 1945 3917 1988; x_wconf 78' lang='lat' dir='ltr'><strong>eorum</strong></span> 
     </span>
    </p>
   </div>
   <div class='ocr_carea' id='block_1_51' title="bbox 2341 1995 3916 2085">
    <p class='ocr_par' dir='ltr' id='par_1_51' title="bbox 2341 1995 3916 2085">
     <span class='ocr_line' id='line_1_51' title="bbox 2341 1995 3916 2085; baseline 0.017 -35"><span class='ocrx_word' id='word_1_319' title='bbox 2341 1995 2686 2052; x_wconf 70' lang='lat' dir='ltr'><strong>innoda&#39;ione</strong></span> <span class='ocrx_word' id='word_1_320' title='bbox 2736 2004 3038 2069; x_wconf 84' lang='lat' dir='ltr'><strong>solventes,</strong></span> <span class='ocrx_word' id='word_1_321' title='bbox 3092 2008 3237 2062; x_wconf 80' lang='lat' dir='ltr'><strong>velut</strong></span> <span class='ocrx_word' id='word_1_322' title='bbox 3290 2013 3594 2081; x_wconf 80' lang='lat' dir='ltr'><strong>religionem</strong></span> <span class='ocrx_word' id='word_1_323' title='bbox 3632 2019 3916 2085; x_wconf 88' lang='lat' dir='ltr'><strong>quamdam</strong></span> 
     </span>
    </p>
   </div>
   <div class='ocr_carea' id='block_1_52' title="bbox 2340 2086 3915 2167">
    <p class='ocr_par' dir='ltr' id='par_1_52' title="bbox 2340 2086 3915 2167">
     <span class='ocr_line' id='line_1_52' title="bbox 2340 2086 3915 2167; baseline 0.016 -30"><span class='ocrx_word' id='word_1_324' title='bbox 2340 2086 2642 2155; x_wconf 77' lang='lat' dir='ltr'><strong>pestifcram</strong></span> <span class='ocrx_word' id='word_1_325' title='bbox 2674 2088 3033 2158; x_wconf 87' lang='lat' dir='ltr'><strong>relinquentes</strong></span> <span class='ocrx_word' id='word_1_326' title='bbox 3054 2134 3070 2159; x_wconf 97' lang='lat'><strong>,</strong></span> <span class='ocrx_word' id='word_1_327' title='bbox 3103 2109 3381 2153; x_wconf 80' lang='lat' dir='ltr'><strong>Servemus</strong></span> <span class='ocrx_word' id='word_1_328' title='bbox 3417 2106 3765 2167; x_wconf 83' lang='lat' dir='ltr'><strong>apostolicam</strong></span> <span class='ocrx_word' id='word_1_329' title='bbox 3794 2107 3915 2162; x_wconf 77' lang='lat' dir='ltr'><strong>uis-</strong></span> 
     </span>
    </p>
   </div>
   <div class='ocr_carea' id='block_1_53' title="bbox 2338 2176 3914 2259">
    <p class='ocr_par' dir='ltr' id='par_1_53' title="bbox 2338 2176 3914 2259">
     <span class='ocr_line' id='line_1_53' title="bbox 2338 2176 3914 2259; baseline 0.016 -32"><span class='ocrx_word' id='word_1_330' title='bbox 2338 2176 2618 2244; x_wconf 85' lang='lat' dir='ltr'><strong>cipliuam,</strong></span> <span class='ocrx_word' id='word_1_331' title='bbox 2674 2180 2832 2233; x_wconf 90' lang='lat' dir='ltr'><strong>saluti</strong></span> <span class='ocrx_word' id='word_1_332' title='bbox 2884 2192 3085 2237; x_wconf 67' lang='lat' dir='ltr'><strong>nostrae</strong></span> <span class='ocrx_word' id='word_1_333' title='bbox 3132 2188 3277 2241; x_wconf 88' lang='lat' dir='ltr'><strong>omni</strong></span> <span class='ocrx_word' id='word_1_334' title='bbox 3330 2191 3600 2259; x_wconf 78' lang='lat' dir='ltr'><strong>diligentia</strong></span> <span class='ocrx_word' id='word_1_335' title='bbox 3651 2206 3706 2249; x_wconf 90' lang='lat' dir='ltr'><strong>et</strong></span> <span class='ocrx_word' id='word_1_336' title='bbox 3761 2198 3914 2251; x_wconf 88' lang='lat' dir='ltr'><strong>solli-</strong></span> 
     </span>
    </p>
   </div>
   <div class='ocr_carea' id='block_1_54' title="bbox 2340 2268 3914 2344">
    <p class='ocr_par' dir='ltr' id='par_1_54' title="bbox 2340 2268 3914 2344">
     <span class='ocr_line' id='line_1_54' title="bbox 2340 2268 3914 2344; baseline 0.014 -22"><span class='ocrx_word' id='word_1_337' title='bbox 2340 2268 2577 2324; x_wconf 86' lang='lat' dir='ltr'><strong>citudine</strong></span> <span class='ocrx_word' id='word_1_338' title='bbox 2606 2271 2942 2338; x_wconf 89' lang='lat' dir='ltr'><strong>providentes</strong></span> <span class='ocrx_word' id='word_1_339' title='bbox 2962 2317 2975 2338; x_wconf 90' lang='lat'><strong>,</strong></span> <span class='ocrx_word' id='word_1_340' title='bbox 3007 2292 3068 2329; x_wconf 85' lang='lat' dir='ltr'><strong>ea</strong></span> <span class='ocrx_word' id='word_1_341' title='bbox 3091 2292 3217 2331; x_wconf 88' lang='lat' dir='ltr'><strong>cura</strong></span> <span class='ocrx_word' id='word_1_342' title='bbox 3251 2282 3462 2336; x_wconf 80' lang='lat' dir='ltr'><strong>nefandi</strong></span> <span class='ocrx_word' id='word_1_343' title='bbox 3494 2285 3721 2342; x_wconf 81' lang='lat' dir='ltr'><strong>NestOrii</strong></span> <span class='ocrx_word' id='word_1_344' title='bbox 3749 2289 3914 2344; x_wconf 85' lang='lat' dir='ltr'><strong>decli-</strong></span> 
     </span>
    </p>
   </div>
   <div class='ocr_carea' id='block_1_55' title="bbox 2340 2366 3913 2449">
    <p class='ocr_par' dir='ltr' id='par_1_55' title="bbox 2340 2366 3913 2449">
     <span class='ocr_line' id='line_1_55' title="bbox 2340 2366 3913 2449; baseline 0.017 -37"><span class='ocrx_word' id='word_1_345' title='bbox 2340 2374 2528 2414; x_wconf 88' lang='lat' dir='ltr'><strong>nemus</strong></span> <span class='ocrx_word' id='word_1_346' title='bbox 2557 2376 2797 2429; x_wconf 86' lang='lat' dir='ltr'><strong>errores,</strong></span> <span class='ocrx_word' id='word_1_347' title='bbox 2825 2380 2928 2433; x_wconf 86' lang='lat' dir='ltr'><strong>qua</strong></span> <span class='ocrx_word' id='word_1_348' title='bbox 2955 2366 3265 2439; x_wconf 83' lang='lat' dir='ltr'><strong>Eutychetis</strong></span> <span class='ocrx_word' id='word_1_349' title='bbox 3290 2373 3450 2443; x_wconf 89' lang='lat' dir='ltr'><strong>impia</strong></span> <span class='ocrx_word' id='word_1_350' title='bbox 3488 2376 3702 2433; x_wconf 64' lang='lat' dir='ltr'><strong>lllVﬁola</strong></span> <span class='ocrx_word' id='word_1_351' title='bbox 3733 2395 3913 2449; x_wconf 73' lang='lat' dir='ltr'><strong>perse-</strong></span> 
     </span>
    </p>
   </div>
   <div class='ocr_carea' id='block_1_56' title="bbox 2337 2453 2575 2520">
    <p class='ocr_par' dir='ltr' id='par_1_56' title="bbox 2337 2453 2575 2520">
     <span class='ocr_line' id='line_1_56' title="bbox 2337 2453 2575 2520; baseline 0.013 -14"><span class='ocrx_word' id='word_1_352' title='bbox 2337 2453 2575 2520; x_wconf 84' lang='lat' dir='ltr'><strong>quitnur.</strong></span> 
     </span>
    </p>
   </div>
   <div class='ocr_carea' id='block_1_57' title="bbox 2410 2542 3910 2628">
    <p class='ocr_par' dir='ltr' id='par_1_57' title="bbox 2410 2542 3910 2628">
     <span class='ocr_line' id='line_1_57' title="bbox 2410 2542 3910 2628; baseline 0.017 -35"><span class='ocrx_word' id='word_1_353' title='bbox 2410 2542 2637 2595; x_wconf 74' lang='lat' dir='ltr'><strong>Maxime</strong></span> <span class='ocrx_word' id='word_1_354' title='bbox 2660 2546 2803 2598; x_wconf 87' lang='lat' dir='ltr'><strong>enim</strong></span> <span class='ocrx_word' id='word_1_355' title='bbox 2834 2563 2973 2603; x_wconf 90' lang='lat' dir='ltr'><strong>nunc</strong></span> <span class='ocrx_word' id='word_1_356' title='bbox 2997 2552 3239 2620; x_wconf 84' lang='lat' dir='ltr'><strong>religiosa</strong></span> <span class='ocrx_word' id='word_1_357' title='bbox 3274 2556 3394 2611; x_wconf 87' lang='lat' dir='ltr'><strong>lidei</strong></span> <span class='ocrx_word' id='word_1_358' title='bbox 3423 2559 3666 2628; x_wconf 78' lang='lat' dir='ltr'><strong>dogmata</strong></span> <span class='ocrx_word' id='word_1_359' title='bbox 3696 2564 3910 2620; x_wconf 87' lang='lat' dir='ltr'><strong>diverso</strong></span> 
     </span>
    </p>
   </div>
   <div class='ocr_carea' id='block_1_58' title="bbox 2339 2629 3913 2709">
    <p class='ocr_par' dir='ltr' id='par_1_58' title="bbox 2339 2629 3913 2709">
     <span class='ocr_line' id='line_1_58' title="bbox 2339 2629 3913 2709; baseline 0.017 -27"><span class='ocrx_word' id='word_1_360' title='bbox 2339 2629 2554 2684; x_wconf 86' lang='lat' dir='ltr'><strong>incursu</strong></span> <span class='ocrx_word' id='word_1_361' title='bbox 2586 2633 2778 2689; x_wconf 89' lang='lat' dir='ltr'><strong>horum</strong></span> <span class='ocrx_word' id='word_1_362' title='bbox 2830 2640 2919 2707; x_wconf 93' lang='lat' dir='ltr'><strong>qui</strong></span> <span class='ocrx_word' id='word_1_363' title='bbox 2966 2643 3203 2709; x_wconf 80' lang='lat' dir='ltr'><strong>praedicti</strong></span> <span class='ocrx_word' id='word_1_364' title='bbox 3234 2658 3359 2700; x_wconf 91' lang='lat' dir='ltr'><strong>sunt</strong></span> <span class='ocrx_word' id='word_1_365' title='bbox 3398 2649 3741 2708; x_wconf 72' lang='lat' dir='ltr'><strong>inentsautur</strong></span> <span class='ocrx_word' id='word_1_366' title='bbox 3784 2654 3913 2708; x_wconf 86' lang='lat' dir='ltr'><strong>insi-</strong></span> 
     </span>
    </p>
   </div>
   <div class='ocr_carea' id='block_1_59' title="bbox 2336 2718 3912 2809">
    <p class='ocr_par' dir='ltr' id='par_1_59' title="bbox 2336 2718 3912 2809">
     <span class='ocr_line' id='line_1_59' title="bbox 2336 2718 3912 2809; baseline 0.018 -36"><span class='ocrx_word' id='word_1_367' title='bbox 2336 2718 2459 2783; x_wconf 74' lang='lat' dir='ltr'><strong>diis,</strong></span> <span class='ocrx_word' id='word_1_368' title='bbox 2494 2724 2736 2778; x_wconf 81' lang='lat' dir='ltr'><strong>scelestis</strong></span> <span class='ocrx_word' id='word_1_369' title='bbox 2784 2742 2877 2791; x_wconf 85' lang='lat' dir='ltr'><strong>pro</strong></span> <span class='ocrx_word' id='word_1_370' title='bbox 2927 2734 3132 2785; x_wconf 78' lang='lat' dir='ltr'><strong>ratione</strong></span> <span class='ocrx_word' id='word_1_371' title='bbox 3183 2739 3435 2802; x_wconf 84' lang='lat' dir='ltr'><strong>temporis</strong></span> <span class='ocrx_word' id='word_1_372' title='bbox 3479 2752 3573 2792; x_wconf 85' lang='lat' dir='ltr'><strong>sua</strong></span> <span class='ocrx_word' id='word_1_373' title='bbox 3605 2755 3912 2809; x_wconf 74' lang='lat' dir='ltr'><strong>argumenta</strong></span> 
     </span>
    </p>
   </div>
   <div class='ocr_carea' id='block_1_60' title="bbox 2339 2815 3913 2890">
    <p class='ocr_par' dir='ltr' id='par_1_60' title="bbox 2339 2815 3913 2890">
     <span class='ocr_line' id='line_1_60' title="bbox 2339 2815 3913 2890; baseline 0.018 -28"><span class='ocrx_word' id='word_1_374' title='bbox 2339 2815 2694 2876; x_wconf 81' lang='lat' dir='ltr'><strong>nectantihus,</strong></span> <span class='ocrx_word' id='word_1_375' title='bbox 2716 2820 2984 2883; x_wconf 85' lang='lat' dir='ltr'><strong>quomodo</strong></span> <span class='ocrx_word' id='word_1_376' title='bbox 3017 2824 3219 2889; x_wconf 84' lang='lat' dir='ltr'><strong>possint</strong></span> <span class='ocrx_word' id='word_1_377' title='bbox 3251 2825 3609 2884; x_wconf 77' lang='lat' dir='ltr'><strong>innocentium</strong></span> <span class='ocrx_word' id='word_1_378' title='bbox 3644 2834 3739 2888; x_wconf 71' lang='lat' dir='ltr'><strong>viis</strong></span> <span class='ocrx_word' id='word_1_379' title='bbox 3763 2835 3913 2890; x_wconf 80' lang='lat' dir='ltr'><strong>frau-</strong></span> 
     </span>
    </p>
   </div>
   <div class='ocr_carea' id='block_1_61' title="bbox 2337 2901 3913 2987">
    <p class='ocr_par' dir='ltr' id='par_1_61' title="bbox 2337 2901 3913 2987">
     <span class='ocr_line' id='line_1_61' title="bbox 2337 2901 3913 2987; baseline 0.022 -34"><span class='ocrx_word' id='word_1_380' title='bbox 2337 2901 2457 2956; x_wconf 86' lang='lat' dir='ltr'><strong>dem</strong></span> <span class='ocrx_word' id='word_1_381' title='bbox 2487 2922 2596 2957; x_wconf 69' lang='lat' dir='ltr'><strong>sua:</strong></span> <span class='ocrx_word' id='word_1_382' title='bbox 2629 2908 2917 2974; x_wconf 81' lang='lat' dir='ltr'><strong>impietatis</strong></span> <span class='ocrx_word' id='word_1_383' title='bbox 2944 2912 3204 2968; x_wconf 76' lang='lat' dir='ltr'><strong>inserere.</strong></span> <span class='ocrx_word' id='word_1_384' title='bbox 3236 2918 3409 2987; x_wconf 82' lang='lat' dir='ltr'><strong>Atque</strong></span> <span class='ocrx_word' id='word_1_385' title='bbox 3439 2922 3559 2976; x_wconf 86' lang='lat' dir='ltr'><strong>ideo</strong></span> <span class='ocrx_word' id='word_1_386' title='bbox 3593 2926 3732 2979; x_wconf 82' lang='lat' dir='ltr'><strong>siettt</strong></span> <span class='ocrx_word' id='word_1_387' title='bbox 3771 2928 3913 2987; x_wconf 77' lang='lat' dir='ltr'><strong>docti</strong></span> 
     </span>
    </p>
   </div>
   <div class='ocr_carea' id='block_1_62' title="bbox 2339 2996 3912 3083">
    <p class='ocr_par' dir='ltr' id='par_1_62' title="bbox 2339 2996 3912 3083">
     <span class='ocr_line' id='line_1_62' title="bbox 2339 2996 3912 3083; baseline 0.018 -39"><span class='ocrx_word' id='word_1_388' title='bbox 2339 2996 2648 3061; x_wconf 85' lang='lat' dir='ltr'><strong>nnmularii,</strong></span> <span class='ocrx_word' id='word_1_389' title='bbox 2690 3009 2744 3051; x_wconf 88' lang='lat' dir='ltr'><strong>et</strong></span> <span class='ocrx_word' id='word_1_390' title='bbox 2786 3004 3080 3068; x_wconf 81' lang='lat' dir='ltr'><strong>prudenter</strong></span> <span class='ocrx_word' id='word_1_391' title='bbox 3118 3005 3382 3074; x_wconf 74' lang='lat' dir='ltr'><strong>in~tructi,</strong></span> <span class='ocrx_word' id='word_1_392' title='bbox 3430 3012 3499 3065; x_wconf 86' lang='lat' dir='ltr'><strong>ab</strong></span> <span class='ocrx_word' id='word_1_393' title='bbox 3547 3014 3912 3083; x_wconf 82' lang='lat' dir='ltr'><strong>improbandis</strong></span> 
     </span>
    </p>
   </div>
   <div class='ocr_carea' id='block_1_63' title="bbox 2338 3083 3911 3172">
    <p class='ocr_par' dir='ltr' id='par_1_63' title="bbox 2338 3083 3911 3172">
     <span class='ocr_line' id='line_1_63' title="bbox 2338 3083 3911 3172; baseline 0.016 -35"><span class='ocrx_word' id='word_1_394' title='bbox 2338 3083 2597 3139; x_wconf 84' lang='lat' dir='ltr'><strong>laudanda</strong></span> <span class='ocrx_word' id='word_1_395' title='bbox 2646 3103 2977 3157; x_wconf 71' lang='lat' dir='ltr'><strong>separantis,</strong></span> <span class='ocrx_word' id='word_1_396' title='bbox 3032 3096 3213 3149; x_wconf 84' lang='lat' dir='ltr'><strong>talenti</strong></span> <span class='ocrx_word' id='word_1_397' title='bbox 3260 3103 3412 3153; x_wconf 81' lang='lat' dir='ltr'><strong>vobis</strong></span> <span class='ocrx_word' id='word_1_398' title='bbox 3452 3103 3639 3157; x_wconf 84' lang='lat' dir='ltr'><strong>crediti</strong></span> <span class='ocrx_word' id='word_1_399' title='bbox 3671 3107 3911 3172; x_wconf 83' lang='lat' dir='ltr'><strong>poteritis</strong></span> 
     </span>
    </p>
   </div>
   <div class='ocr_carea' id='block_1_64' title="bbox 654 3159 3909 3260">
    <p class='ocr_par' dir='ltr' id='par_1_64' title="bbox 654 3159 3909 3260">
     <span class='ocr_line' id='line_1_64' title="bbox 654 3159 3909 3260; baseline 0.016 -57"><span class='ocrx_word' id='word_1_400' title='bbox 654 3173 1030 3240; x_wconf 47' lang='lat' dir='ltr'><strong>principamuh</strong></span> <span class='ocrx_word' id='word_1_401' title='bbox 1070 3188 1190 3228; x_wconf 71' lang='lat' dir='ltr'><strong>cum</strong></span> <span class='ocrx_word' id='word_1_402' title='bbox 1226 3177 1464 3245; x_wconf 48' lang='lat' dir='ltr'><strong>subjecta</strong></span> <span class='ocrx_word' id='word_1_403' title='bbox 1515 3180 1615 3234; x_wconf 68' lang='lat' dir='ltr'><strong>sibi</strong></span> <span class='ocrx_word' id='word_1_404' title='bbox 1660 3194 1842 3239; x_wconf 59' lang='grc' dir='ltr'><strong>εηηριε</strong></span> <span class='ocrx_word' id='word_1_405' title='bbox 1884 3188 2108 3255; x_wconf 53' lang='grc' dir='ltr'><strong>δμωαί)⁹</strong></span> <span class='ocrx_word' id='word_1_406' title='bbox 2140 3206 2231 3245; x_wconf 62' lang='grc' dir='ltr'><strong>τε,</strong></span> <span class='ocrx_word' id='word_1_407' title='bbox 2260 3159 2305 3219; x_wconf 80' lang='lat' dir='ltr'><strong>C</strong></span> <span class='ocrx_word' id='word_1_408' title='bbox 2339 3177 2693 3245; x_wconf 88' lang='lat' dir='ltr'><strong>multiplicare</strong></span> <span class='ocrx_word' id='word_1_409' title='bbox 2724 3182 3097 3238; x_wconf 82' lang='lat' dir='ltr'><strong>substantiam.</strong></span> <span class='ocrx_word' id='word_1_410' title='bbox 3131 3187 3273 3253; x_wconf 59' lang='lat' dir='ltr'><strong>lla&#39;e,</strong></span> <span class='ocrx_word' id='word_1_411' title='bbox 3319 3191 3651 3248; x_wconf 68' lang='lat' dir='ltr'><strong>dilectissimi</strong></span> <span class='ocrx_word' id='word_1_412' title='bbox 3696 3194 3909 3260; x_wconf 74' lang='lat' dir='ltr'><strong>fratri-8.</strong></span> 
     </span>
    </p>
   </div>
   <div class='ocr_carea' id='block_1_65' title="bbox 653 3257 2232 3335">
    <p class='ocr_par' dir='ltr' id='par_1_65' title="bbox 653 3257 2232 3335">
     <span class='ocr_line' id='line_1_65' title="bbox 653 3257 2232 3335; baseline 0.013 -23"><span class='ocrx_word' id='word_1_413' title='bbox 653 3257 763 3312; x_wconf 82' lang='lat' dir='ltr'><strong>lunt</strong></span> <span class='ocrx_word' id='word_1_414' title='bbox 808 3262 1113 3327; x_wconf 63' lang='lat' dir='ltr'><strong>quemdam,</strong></span> <span class='ocrx_word' id='word_1_415' title='bbox 1161 3265 1302 3331; x_wconf 87' lang='lat' dir='ltr'><strong>quali</strong></span> <span class='ocrx_word' id='word_1_416' title='bbox 1355 3268 1458 3320; x_wconf 87' lang='lat' dir='ltr'><strong>lide</strong></span> <span class='ocrx_word' id='word_1_417' title='bbox 1500 3284 1638 3335; x_wconf 86' lang='lat' dir='ltr'><strong>esse,</strong></span> <span class='ocrx_word' id='word_1_418' title='bbox 1689 3271 1795 3326; x_wconf 90' lang='lat' dir='ltr'><strong>Deo</strong></span> <span class='ocrx_word' id='word_1_419' title='bbox 1830 3281 2232 3335; x_wconf 85' lang='lat' dir='ltr'><strong>conuuendattts</strong></span> 
     </span>
    </p>
   </div>
   <div class='ocr_carea' id='block_1_66' title="bbox 652 3349 2232 3436">
    <p class='ocr_par' dir='ltr' id='par_1_66' title="bbox 652 3349 2232 3436">
     <span class='ocr_line' id='line_1_66' title="bbox 652 3349 2232 3436; baseline 0.015 -37"><span class='ocrx_word' id='word_1_420' title='bbox 652 3351 906 3404; x_wconf 83' lang='lat' dir='ltr'><strong>ostendit.</strong></span> <span class='ocrx_word' id='word_1_421' title='bbox 936 3349 1101 3417; x_wconf 86' lang='lat' dir='ltr'><strong>Cujus</strong></span> <span class='ocrx_word' id='word_1_422' title='bbox 1132 3353 1205 3404; x_wconf 87' lang='lat' dir='ltr'><strong>rei</strong></span> <span class='ocrx_word' id='word_1_423' title='bbox 1236 3358 1545 3410; x_wconf 87' lang='lat' dir='ltr'><strong>memoriam</strong></span> <span class='ocrx_word' id='word_1_424' title='bbox 1578 3374 1682 3413; x_wconf 91' lang='lat' dir='ltr'><strong>non</strong></span> <span class='ocrx_word' id='word_1_425' title='bbox 1720 3363 1895 3416; x_wconf 87' lang='lat' dir='ltr'><strong>solum</strong></span> <span class='ocrx_word' id='word_1_426' title='bbox 1926 3381 2030 3419; x_wconf 93' lang='lat' dir='ltr'><strong>non</strong></span> <span class='ocrx_word' id='word_1_427' title='bbox 2059 3379 2232 3436; x_wconf 87' lang='lat' dir='ltr'><strong>potest</strong></span> 
     </span>
    </p>
   </div>
   <div class='ocr_carea' id='block_1_67' title="bbox 654 3439 2228 3512">
    <p class='ocr_par' dir='ltr' id='par_1_67' title="bbox 654 3439 2228 3512">
     <span class='ocr_line' id='line_1_67' title="bbox 654 3439 2228 3512; baseline 0.014 -22"><span class='ocrx_word' id='word_1_428' title='bbox 654 3449 864 3506; x_wconf 78' lang='lat' dir='ltr'><strong>tempus</strong></span> <span class='ocrx_word' id='word_1_429' title='bbox 909 3439 1261 3506; x_wconf 68' lang='lat' dir='ltr'><strong>abscondere,</strong></span> <span class='ocrx_word' id='word_1_430' title='bbox 1310 3457 1490 3498; x_wconf 87' lang='lat' dir='ltr'><strong>verum</strong></span> <span class='ocrx_word' id='word_1_431' title='bbox 1540 3447 1702 3501; x_wconf 91' lang='lat' dir='ltr'><strong>etiam</strong></span> <span class='ocrx_word' id='word_1_432' title='bbox 1745 3452 1814 3505; x_wconf 90' lang='lat' dir='ltr'><strong>de</strong></span> <span class='ocrx_word' id='word_1_433' title='bbox 1860 3452 1947 3506; x_wconf 89' lang='lat' dir='ltr'><strong>die</strong></span> <span class='ocrx_word' id='word_1_434' title='bbox 2000 3458 2051 3509; x_wconf 90' lang='lat' dir='ltr'><strong>in</strong></span> <span class='ocrx_word' id='word_1_435' title='bbox 2089 3458 2228 3512; x_wconf 87' lang='lat' dir='ltr'><strong>diem</strong></span> 
     </span>
    </p>
   </div>
   <div class='ocr_carea' id='block_1_68' title="bbox 652 3530 2228 3609">
    <p class='ocr_par' dir='ltr' id='par_1_68' title="bbox 652 3530 2228 3609">
     <span class='ocr_line' id='line_1_68' title="bbox 652 3530 2228 3609; baseline 0.014 -28"><span class='ocrx_word' id='word_1_436' title='bbox 652 3543 842 3597; x_wconf 74' lang='lat' dir='ltr'><strong>magna</strong></span> <span class='ocrx_word' id='word_1_437' title='bbox 890 3530 1028 3598; x_wconf 87' lang='lat' dir='ltr'><strong>apud</strong></span> <span class='ocrx_word' id='word_1_438' title='bbox 1079 3532 1406 3587; x_wconf 83' lang='lat' dir='ltr'><strong>orthodoxos</strong></span> <span class='ocrx_word' id='word_1_439' title='bbox 1457 3536 1593 3590; x_wconf 80' lang='lat' dir='ltr'><strong>fama</strong></span> <span class='ocrx_word' id='word_1_440' title='bbox 1643 3541 1976 3609; x_wconf 49' lang='lat' dir='ltr'><strong>multiplicat.</strong></span> <span class='ocrx_word' id='word_1_441' title='bbox 2032 3546 2228 3603; x_wconf 77' lang='lat' dir='ltr'><strong>ilorutn</strong></span> 
     </span>
    </p>
   </div>
   <div class='ocr_carea' id='block_1_69' title="bbox 650 3616 2225 3704">
    <p class='ocr_par' dir='ltr' id='par_1_69' title="bbox 650 3616 2225 3704">
     <span class='ocr_line' id='line_1_69' title="bbox 650 3616 2225 3704; baseline 0.015 -34"><span class='ocrx_word' id='word_1_442' title='bbox 650 3617 827 3670; x_wconf 71' lang='lat' dir='ltr'><strong>Studia</strong></span> <span class='ocrx_word' id='word_1_443' title='bbox 850 3616 927 3671; x_wconf 89' lang='lat' dir='ltr'><strong>sic</strong></span> <span class='ocrx_word' id='word_1_444' title='bbox 952 3620 1165 3685; x_wconf 87' lang='lat' dir='ltr'><strong>probata</strong></span> <span class='ocrx_word' id='word_1_445' title='bbox 1190 3621 1480 3689; x_wconf 82' lang='lat' dir='ltr'><strong>negligere,</strong></span> <span class='ocrx_word' id='word_1_446' title='bbox 1503 3636 1555 3678; x_wconf 88' lang='lat' dir='ltr'><strong>et</strong></span> <span class='ocrx_word' id='word_1_447' title='bbox 1582 3632 1874 3685; x_wconf 89' lang='lat' dir='ltr'><strong>sententias</strong></span> <span class='ocrx_word' id='word_1_448' title='bbox 1898 3650 2001 3689; x_wconf 92' lang='lat' dir='ltr'><strong>non</strong></span> <span class='ocrx_word' id='word_1_449' title='bbox 2025 3653 2225 3704; x_wconf 74' lang='lat' dir='ltr'><strong>amare,</strong></span> 
     </span>
    </p>
   </div>
   <div class='ocr_carea' id='block_1_70' title="bbox 650 3703 2227 3782">
    <p class='ocr_par' dir='ltr' id='par_1_70' title="bbox 650 3703 2227 3782">
     <span class='ocr_line' id='line_1_70' title="bbox 650 3703 2227 3782; baseline 0.016 -25"><span class='ocrx_word' id='word_1_450' title='bbox 650 3703 792 3758; x_wconf 87' lang='lat' dir='ltr'><strong>idem</strong></span> <span class='ocrx_word' id='word_1_451' title='bbox 832 3715 917 3759; x_wconf 88' lang='lat' dir='ltr'><strong>est</strong></span> <span class='ocrx_word' id='word_1_452' title='bbox 964 3707 1014 3759; x_wconf 92' lang='lat' dir='ltr'><strong>in</strong></span> <span class='ocrx_word' id='word_1_453' title='bbox 1069 3708 1180 3777; x_wconf 77' lang='lat' dir='ltr'><strong>ipsa</strong></span> <span class='ocrx_word' id='word_1_454' title='bbox 1235 3710 1442 3767; x_wconf 88' lang='lat' dir='ltr'><strong>Domini</strong></span> <span class='ocrx_word' id='word_1_455' title='bbox 1485 3718 1651 3770; x_wconf 89' lang='lat' dir='ltr'><strong>nostri</strong></span> <span class='ocrx_word' id='word_1_456' title='bbox 1689 3721 2025 3779; x_wconf 67' lang='lat' dir='ltr'><strong>confessione</strong></span> <span class='ocrx_word' id='word_1_457' title='bbox 2054 3726 2227 3782; x_wconf 86' lang='lat' dir='ltr'><strong>deliu-</strong></span> 
     </span>
    </p>
   </div>
   <div class='ocr_carea' id='block_1_71' title="bbox 649 3800 2228 3879">
    <p class='ocr_par' dir='ltr' id='par_1_71' title="bbox 649 3800 2228 3879">
     <span class='ocr_line' id='line_1_71' title="bbox 649 3800 2228 3879; baseline 0.017 -30"><span class='ocrx_word' id='word_1_458' title='bbox 649 3812 835 3867; x_wconf 87' lang='lat' dir='ltr'><strong>quere.</strong></span> <span class='ocrx_word' id='word_1_459' title='bbox 883 3800 946 3853; x_wconf 79' lang='lat' dir='ltr'><strong>Et</strong></span> <span class='ocrx_word' id='word_1_460' title='bbox 990 3802 1143 3854; x_wconf 87' lang='lat' dir='ltr'><strong>nobis</strong></span> <span class='ocrx_word' id='word_1_461' title='bbox 1184 3804 1395 3871; x_wconf 84' lang='lat' dir='ltr'><strong>quidem</strong></span> <span class='ocrx_word' id='word_1_462' title='bbox 1430 3822 1568 3860; x_wconf 85' lang='lat' dir='ltr'><strong>nunc</strong></span> <span class='ocrx_word' id='word_1_463' title='bbox 1602 3821 1719 3878; x_wconf 91' lang='lat' dir='ltr'><strong>post</strong></span> <span class='ocrx_word' id='word_1_464' title='bbox 1758 3814 2137 3879; x_wconf 82' lang='lat' dir='ltr'><strong>professionem</strong></span> <span class='ocrx_word' id='word_1_465' title='bbox 2165 3836 2228 3876; x_wconf 91' lang='lat' dir='ltr'><strong>ac</strong></span> 
     </span>
    </p>
   </div>
   <div class='ocr_carea' id='block_1_72' title="bbox 651 3889 2226 3969">
    <p class='ocr_par' dir='ltr' id='par_1_72' title="bbox 651 3889 2226 3969">
     <span class='ocr_line' id='line_1_72' title="bbox 651 3889 2226 3969; baseline 0.014 -25"><span class='ocrx_word' id='word_1_466' title='bbox 651 3889 855 3945; x_wconf 88' lang='lat' dir='ltr'><strong>litteras</strong></span> <span class='ocrx_word' id='word_1_467' title='bbox 884 3901 1109 3957; x_wconf 84' lang='lat' dir='ltr'><strong>vestras,</strong></span> <span class='ocrx_word' id='word_1_468' title='bbox 1147 3897 1325 3949; x_wconf 85' lang='lat' dir='ltr'><strong>omnia</strong></span> <span class='ocrx_word' id='word_1_469' title='bbox 1351 3897 1417 3950; x_wconf 79' lang='grc' dir='ltr'>[ιιι</span> <span class='ocrx_word' id='word_1_470' title='bbox 1456 3899 1468 3951; x_wconf 92' lang='lat' dir='ltr'><strong>i</strong></span> <span class='ocrx_word' id='word_1_471' title='bbox 1495 3900 1767 3969; x_wconf 82' lang='lat' dir='ltr'><strong>dogmata,</strong></span> <span class='ocrx_word' id='word_1_472' title='bbox 1809 3906 1915 3960; x_wconf 89' lang='lat' dir='ltr'><strong>Deo</strong></span> <span class='ocrx_word' id='word_1_473' title='bbox 1942 3922 2068 3964; x_wconf 83' lang='lat' dir='ltr'><strong>suos</strong></span> <span class='ocrx_word' id='word_1_474' title='bbox 2094 3926 2226 3966; x_wconf 84' lang='lat' dir='ltr'><strong>con-</strong></span> 
     </span>
    </p>
   </div>
   <div class='ocr_carea' id='block_1_73' title="bbox 645 3981 2229 4058">
    <p class='ocr_par' dir='ltr' id='par_1_73' title="bbox 645 3981 2229 4058">
     <span class='ocr_line' id='line_1_73' title="bbox 645 3981 2229 4058; baseline 0.016 -24"><span class='ocrx_word' id='word_1_475' title='bbox 645 3981 925 4052; x_wconf 77' lang='lat' dir='ltr'><strong>iungente,</strong></span> <span class='ocrx_word' id='word_1_476' title='bbox 958 3985 1153 4040; x_wconf 85' lang='lat' dir='ltr'><strong>similia</strong></span> <span class='ocrx_word' id='word_1_477' title='bbox 1183 3990 1440 4042; x_wconf 88' lang='lat' dir='ltr'><strong>orandum</strong></span> <span class='ocrx_word' id='word_1_478' title='bbox 1471 4008 1574 4058; x_wconf 78' lang='lat' dir='ltr'><strong>es&#39;,</strong></span> <span class='ocrx_word' id='word_1_479' title='bbox 1609 4005 1663 4048; x_wconf 92' lang='lat' dir='ltr'><strong>ut</strong></span> <span class='ocrx_word' id='word_1_480' title='bbox 1696 3999 1745 4048; x_wconf 91' lang='lat' dir='ltr'><strong>in</strong></span> <span class='ocrx_word' id='word_1_481' title='bbox 1782 4012 1842 4052; x_wconf 87' lang='lat' dir='ltr'><strong>ea</strong></span> <span class='ocrx_word' id='word_1_482' title='bbox 1870 4003 2114 4055; x_wconf 83' lang='lat' dir='ltr'><strong>voluntas</strong></span> <span class='ocrx_word' id='word_1_483' title='bbox 2138 4019 2229 4058; x_wconf 87' lang='lat' dir='ltr'><strong>ve-</strong></span> 
     </span>
    </p>
   </div>
   <div class='ocr_carea' id='block_1_74' title="bbox 646 4082 2227 4162">
    <p class='ocr_par' dir='ltr' id='par_1_74' title="bbox 646 4082 2227 4162">
     <span class='ocr_line' id='line_1_74' title="bbox 646 4082 2227 4162; baseline 0.015 -37"><span class='ocrx_word' id='word_1_484' title='bbox 646 4082 779 4137; x_wconf 86' lang='lat' dir='ltr'><strong>stra,</strong></span> <span class='ocrx_word' id='word_1_485' title='bbox 812 4089 916 4144; x_wconf 89' lang='lat' dir='ltr'><strong>qua</strong></span> <span class='ocrx_word' id='word_1_486' title='bbox 962 4087 1175 4131; x_wconf 89' lang='lat' dir='ltr'><strong>nostros</strong></span> <span class='ocrx_word' id='word_1_487' title='bbox 1204 4082 1413 4134; x_wconf 90' lang='lat' dir='ltr'><strong>auirnos</strong></span> <span class='ocrx_word' id='word_1_488' title='bbox 1435 4084 1708 4151; x_wconf 68' lang='lat' dir='ltr'><strong>relevat-it,</strong></span> <span class='ocrx_word' id='word_1_489' title='bbox 1741 4091 1953 4144; x_wconf 82' lang='lat' dir='ltr'><strong>cool‘ess</strong></span> <span class='ocrx_word' id='word_1_490' title='bbox 1976 4109 2078 4146; x_wconf 82' lang='lat' dir='ltr'><strong>one</strong></span> <span class='ocrx_word' id='word_1_491' title='bbox 2104 4109 2227 4162; x_wconf 83' lang='lat' dir='ltr'><strong>per-</strong></span> 
     </span>
    </p>
   </div>
   <div class='ocr_carea' id='block_1_75' title="bbox 646 4165 2227 4243">
    <p class='ocr_par' dir='ltr' id='par_1_75' title="bbox 646 4165 2227 4243">
     <span class='ocr_line' id='line_1_75' title="bbox 646 4165 2227 4243; baseline 0.016 -27"><span class='ocrx_word' id='word_1_492' title='bbox 646 4172 875 4217; x_wconf 89' lang='lat' dir='ltr'><strong>maneat.</strong></span> <span class='ocrx_word' id='word_1_493' title='bbox 907 4165 1011 4220; x_wconf 90' lang='lat' dir='ltr'><strong>Sed</strong></span> <span class='ocrx_word' id='word_1_494' title='bbox 1043 4182 1175 4236; x_wconf 85' lang='lat' dir='ltr'><strong>Opus</strong></span> <span class='ocrx_word' id='word_1_495' title='bbox 1205 4179 1291 4224; x_wconf 91' lang='lat' dir='ltr'><strong>est</strong></span> <span class='ocrx_word' id='word_1_496' title='bbox 1320 4171 1455 4225; x_wconf 90' lang='lat' dir='ltr'><strong>citra</strong></span> <span class='ocrx_word' id='word_1_497' title='bbox 1484 4187 1782 4243; x_wconf 78' lang='lat' dir='ltr'><strong>re~pectttm</strong></span> <span class='ocrx_word' id='word_1_498' title='bbox 1824 4181 2029 4239; x_wconf 89' lang='lat' dir='ltr'><strong>timoris</strong></span> <span class='ocrx_word' id='word_1_499' title='bbox 2052 4186 2227 4241; x_wconf 89' lang='lat' dir='ltr'><strong>insec-</strong></span> 
     </span>
    </p>
   </div>
   <div class='ocr_carea' id='block_1_76' title="bbox 645 4256 2227 4344">
    <p class='ocr_par' dir='ltr' id='par_1_76' title="bbox 645 4256 2227 4344">
     <span class='ocr_line' id='line_1_76' title="bbox 645 4256 2227 4344; baseline 0.016 -36"><span class='ocrx_word' id='word_1_500' title='bbox 645 4256 743 4308; x_wconf 88' lang='lat' dir='ltr'><strong>tari</strong></span> <span class='ocrx_word' id='word_1_501' title='bbox 787 4272 972 4311; x_wconf 90' lang='lat' dir='ltr'><strong>eorum</strong></span> <span class='ocrx_word' id='word_1_502' title='bbox 1000 4260 1200 4314; x_wconf 85' lang='lat' dir='ltr'><strong>rabiem</strong></span> <span class='ocrx_word' id='word_1_503' title='bbox 1231 4264 1323 4331; x_wconf 88' lang='lat' dir='ltr'><strong>qui</strong></span> <span class='ocrx_word' id='word_1_504' title='bbox 1365 4263 1467 4319; x_wconf 79' lang='lat' dir='ltr'><strong>[ide</strong></span> <span class='ocrx_word' id='word_1_505' title='bbox 1494 4266 1702 4324; x_wconf 81' lang='lat' dir='ltr'><strong>diversa</strong></span> <span class='ocrx_word' id='word_1_506' title='bbox 1736 4272 1990 4328; x_wconf 88' lang='lat' dir='ltr'><strong>nituntur.</strong></span> <span class='ocrx_word' id='word_1_507' title='bbox 2019 4278 2227 4344; x_wconf 75' lang='lat' dir='ltr'><strong>Quanto</strong></span> 
     </span>
    </p>
   </div>
   <div class='ocr_carea' id='block_1_77' title="bbox 642 4346 2225 4434">
    <p class='ocr_par' dir='ltr' id='par_1_77' title="bbox 642 4346 2225 4434">
     <span class='ocr_line' id='line_1_77' title="bbox 642 4346 2225 4434; baseline 0.015 -35"><span class='ocrx_word' id='word_1_508' title='bbox 642 4346 786 4399; x_wconf 87' lang='lat' dir='ltr'><strong>enim</strong></span> <span class='ocrx_word' id='word_1_509' title='bbox 818 4347 1111 4401; x_wconf 80' lang='lat' dir='ltr'><strong>inﬁdelium</strong></span> <span class='ocrx_word' id='word_1_510' title='bbox 1142 4367 1293 4405; x_wconf 91' lang='lat' dir='ltr'><strong>error</strong></span> <span class='ocrx_word' id='word_1_511' title='bbox 1330 4368 1608 4422; x_wconf 68' lang='lat' dir='ltr'><strong>exmsmal,</strong></span> <span class='ocrx_word' id='word_1_512' title='bbox 1657 4370 1802 4416; x_wconf 89' lang='lat' dir='ltr'><strong>tanto</strong></span> <span class='ocrx_word' id='word_1_513' title='bbox 1854 4366 2019 4433; x_wconf 86' lang='lat' dir='ltr'><strong>magis</strong></span> <span class='ocrx_word' id='word_1_514' title='bbox 2062 4382 2141 4434; x_wconf 86' lang='lat' dir='ltr'><strong>se,</strong></span> <span class='ocrx_word' id='word_1_515' title='bbox 2180 4369 2225 4422; x_wconf 90' lang='lat' dir='ltr'><strong>si</strong></span> 
     </span>
    </p>
   </div>
   <div class='ocr_carea' id='block_1_78' title="bbox 644 4438 2220 4526">
    <p class='ocr_par' dir='ltr' id='par_1_78' title="bbox 644 4438 2220 4526">
     <span class='ocr_line' id='line_1_78' title="bbox 644 4438 2220 4526; baseline 0.017 -38"><span class='ocrx_word' id='word_1_516' title='bbox 644 4438 880 4499; x_wconf 88' lang='lat' dir='ltr'><strong>resistat,</strong></span> <span class='ocrx_word' id='word_1_517' title='bbox 924 4440 1185 4493; x_wconf 89' lang='lat' dir='ltr'><strong>securitas</strong></span> <span class='ocrx_word' id='word_1_518' title='bbox 1230 4452 1413 4497; x_wconf 87' lang='lat' dir='ltr'><strong>nostra</strong></span> <span class='ocrx_word' id='word_1_519' title='bbox 1461 4453 1820 4507; x_wconf 89' lang='lat' dir='ltr'><strong>commendat.</strong></span> <span class='ocrx_word' id='word_1_520' title='bbox 1870 4456 2052 4526; x_wconf 86' lang='lat' dir='ltr'><strong>Neque</strong></span> <span class='ocrx_word' id='word_1_521' title='bbox 2081 4460 2220 4514; x_wconf 85' lang='lat' dir='ltr'><strong>enim</strong></span> 
     </span>
    </p>
   </div>
   <div class='ocr_carea' id='block_1_79' title="bbox 642 4526 2218 4613">
    <p class='ocr_par' dir='ltr' id='par_1_79' title="bbox 642 4526 2218 4613">
     <span class='ocr_line' id='line_1_79' title="bbox 642 4526 2218 4613; baseline 0.015 -33"><span class='ocrx_word' id='word_1_522' title='bbox 642 4526 756 4581; x_wconf 74' lang='lat' dir='ltr'><strong>lucc</strong></span> <span class='ocrx_word' id='word_1_523' title='bbox 784 4536 910 4582; x_wconf 89' lang='lat' dir='ltr'><strong>sunt</strong></span> <span class='ocrx_word' id='word_1_524' title='bbox 939 4546 1032 4598; x_wconf 89' lang='lat' dir='ltr'><strong>per</strong></span> <span class='ocrx_word' id='word_1_525' title='bbox 1059 4535 1369 4600; x_wconf 88' lang='lat' dir='ltr'><strong>patientiam</strong></span> <span class='ocrx_word' id='word_1_526' title='bbox 1401 4539 1744 4608; x_wconf 84' lang='lat' dir='ltr'><strong>negligenda;</strong></span> <span class='ocrx_word' id='word_1_527' title='bbox 1771 4548 1988 4613; x_wconf 87' lang='lat' dir='ltr'><strong>quando</strong></span> <span class='ocrx_word' id='word_1_528' title='bbox 2020 4552 2218 4605; x_wconf 91' lang='lat' dir='ltr'><strong>malum</strong></span> 
     </span>
    </p>
   </div>
   <div class='ocr_carea' id='block_1_80' title="bbox 642 4616 2225 4708">
    <p class='ocr_par' dir='ltr' id='par_1_80' title="bbox 642 4616 2225 4708">
     <span class='ocr_line' id='line_1_80' title="bbox 642 4616 2225 4708; baseline 0.017 -39"><span class='ocrx_word' id='word_1_529' title='bbox 642 4616 743 4671; x_wconf 92' lang='lat' dir='ltr'><strong>hoc</strong></span> <span class='ocrx_word' id='word_1_530' title='bbox 771 4618 899 4672; x_wconf 90' lang='lat' dir='ltr'><strong>vitio</strong></span> <span class='ocrx_word' id='word_1_531' title='bbox 927 4636 1103 4688; x_wconf 76' lang='lat' dir='ltr'><strong>prava:</strong></span> <span class='ocrx_word' id='word_1_532' title='bbox 1128 4626 1531 4681; x_wconf 83' lang='lat' dir='ltr'><strong>consuetudinis</strong></span> <span class='ocrx_word' id='word_1_533' title='bbox 1557 4632 1848 4687; x_wconf 88' lang='lat' dir='ltr'><strong>animatum</strong></span> <span class='ocrx_word' id='word_1_534' title='bbox 1880 4640 2017 4704; x_wconf 85' lang='lat' dir='ltr'><strong>apud</strong></span> <span class='ocrx_word' id='word_1_535' title='bbox 2044 4642 2225 4708; x_wconf 82' lang='lat' dir='ltr'><strong>plures</strong></span> 
     </span>
    </p>
   </div>
   <div class='ocr_carea' id='block_1_81' title="bbox 640 4707 2221 4794">
    <p class='ocr_par' dir='ltr' id='par_1_81' title="bbox 640 4707 2221 4794">
     <span class='ocr_line' id='line_1_81' title="bbox 640 4707 2221 4794; baseline 0.016 -36"><span class='ocrx_word' id='word_1_536' title='bbox 640 4707 738 4758; x_wconf 87' lang='lat' dir='ltr'><strong>sub</strong></span> <span class='ocrx_word' id='word_1_537' title='bbox 761 4709 987 4776; x_wconf 87' lang='lat' dir='ltr'><strong>quodam</strong></span> <span class='ocrx_word' id='word_1_538' title='bbox 1016 4712 1196 4765; x_wconf 88' lang='lat' dir='ltr'><strong>colore</strong></span> <span class='ocrx_word' id='word_1_539' title='bbox 1229 4714 1361 4778; x_wconf 74' lang='lat' dir='ltr'><strong>legis</strong></span> <span class='ocrx_word' id='word_1_540' title='bbox 1391 4716 1635 4782; x_wconf 83' lang='lat' dir='ltr'><strong>inolevit,</strong></span> <span class='ocrx_word' id='word_1_541' title='bbox 1660 4721 1783 4775; x_wconf 90' lang='lat' dir='ltr'><strong>dum</strong></span> <span class='ocrx_word' id='word_1_542' title='bbox 1815 4735 1904 4778; x_wconf 88' lang='lat' dir='ltr'><strong>aut</strong></span> <span class='ocrx_word' id='word_1_543' title='bbox 1934 4744 2090 4794; x_wconf 86' lang='lat' dir='ltr'><strong>prava</strong></span> <span class='ocrx_word' id='word_1_544' title='bbox 2119 4739 2221 4784; x_wconf 89' lang='lat' dir='ltr'><strong>stu-</strong></span> 
     </span>
    </p>
   </div>
   <div class='ocr_carea' id='block_1_82' title="bbox 638 4797 2221 4877">
    <p class='ocr_par' dir='ltr' id='par_1_82' title="bbox 638 4797 2221 4877">
     <span class='ocr_line' id='line_1_82' title="bbox 638 4797 2221 4877; baseline 0.016 -27"><span class='ocrx_word' id='word_1_545' title='bbox 638 4797 724 4851; x_wconf 88' lang='lat' dir='ltr'><strong>tlia</strong></span> <span class='ocrx_word' id='word_1_546' title='bbox 749 4799 799 4851; x_wconf 88' lang='lat' dir='ltr'><strong>itt</strong></span> <span class='ocrx_word' id='word_1_547' title='bbox 828 4815 988 4853; x_wconf 90' lang='lat' dir='ltr'><strong>uuttm</strong></span> <span class='ocrx_word' id='word_1_548' title='bbox 1019 4812 1336 4869; x_wconf 88' lang='lat' dir='ltr'><strong>congruunt,</strong></span> <span class='ocrx_word' id='word_1_549' title='bbox 1361 4815 1449 4859; x_wconf 93' lang='lat' dir='ltr'><strong>aut</strong></span> <span class='ocrx_word' id='word_1_550' title='bbox 1473 4822 1614 4862; x_wconf 91' lang='lat' dir='ltr'><strong>recta</strong></span> <span class='ocrx_word' id='word_1_551' title='bbox 1637 4826 1695 4865; x_wconf 86' lang='lat' dir='ltr'><strong>se</strong></span> <span class='ocrx_word' id='word_1_552' title='bbox 1717 4816 2054 4871; x_wconf 88' lang='lat' dir='ltr'><strong>subtrahunt.</strong></span> <span class='ocrx_word' id='word_1_553' title='bbox 2088 4820 2221 4877; x_wconf 81' lang='lat' dir='ltr'><strong>Nam</strong></span> 
     </span>
    </p>
   </div>
   <div class='ocr_carea' id='block_1_83' title="bbox 641 4890 2211 4977">
    <p class='ocr_par' dir='ltr' id='par_1_83' title="bbox 641 4890 2211 4977">
     <span class='ocr_line' id='line_1_83' title="bbox 641 4890 2211 4977; baseline 0.018 -38"><span class='ocrx_word' id='word_1_554' title='bbox 641 4897 697 4940; x_wconf 91' lang='lat' dir='ltr'><strong>ttt</strong></span> <span class='ocrx_word' id='word_1_555' title='bbox 722 4903 839 4941; x_wconf 89' lang='lat' dir='ltr'><strong>eam</strong></span> <span class='ocrx_word' id='word_1_556' title='bbox 870 4906 987 4957; x_wconf 71' lang='lat' dir='ltr'><strong>qua:</strong></span> <span class='ocrx_word' id='word_1_557' title='bbox 1019 4890 1259 4947; x_wconf 89' lang='lat' dir='ltr'><strong>imminet</strong></span> <span class='ocrx_word' id='word_1_558' title='bbox 1282 4909 1394 4949; x_wconf 83' lang='lat' dir='ltr'><strong>rem</strong></span> <span class='ocrx_word' id='word_1_559' title='bbox 1420 4898 1715 4966; x_wconf 86' lang='lat' dir='ltr'><strong>loquamur,</strong></span> <span class='ocrx_word' id='word_1_560' title='bbox 1756 4907 2024 4977; x_wconf 74' lang='lat' dir='ltr'><strong>Entycltes</strong></span> <span class='ocrx_word' id='word_1_561' title='bbox 2049 4922 2103 4965; x_wconf 92' lang='lat' dir='ltr'><strong>ut</strong></span> <span class='ocrx_word' id='word_1_562' title='bbox 2123 4930 2211 4968; x_wconf 82' lang='lat' dir='ltr'><strong>ne-</strong></span> 
     </span>
    </p>
   </div>
   <div class='ocr_carea' id='block_1_84' title="bbox 641 4973 2217 5058">
    <p class='ocr_par' dir='ltr' id='par_1_84' title="bbox 641 4973 2217 5058">
     <span class='ocr_line' id='line_1_84' title="bbox 641 4973 2217 5058; baseline 0.02 -32"><span class='ocrx_word' id='word_1_563' title='bbox 641 4973 814 5027; x_wconf 72' lang='lat' dir='ltr'><strong>fanda:</strong></span> <span class='ocrx_word' id='word_1_564' title='bbox 857 4977 1075 5032; x_wconf 64' lang='lat' dir='ltr'><strong>haeresis</strong></span> <span class='ocrx_word' id='word_1_565' title='bbox 1118 4981 1363 5037; x_wconf 79' lang='lat' dir='ltr'><strong>inventor</strong></span> <span class='ocrx_word' id='word_1_566' title='bbox 1407 4989 1711 5045; x_wconf 81' lang='lat' dir='ltr'><strong>excluditur</strong></span> <span class='ocrx_word' id='word_1_567' title='bbox 1759 4973 1919 5049; x_wconf 68' lang='lat' dir='ltr'><strong>etiam</strong></span> <span class='ocrx_word' id='word_1_568' title='bbox 1979 5001 2046 5052; x_wconf 88' lang='lat' dir='ltr'><strong>ab</strong></span> <span class='ocrx_word' id='word_1_569' title='bbox 2077 5003 2158 5057; x_wconf 86' lang='lat' dir='ltr'><strong>his</strong></span> <span class='ocrx_word' id='word_1_570' title='bbox 2189 5020 2217 5058; x_wconf 84' lang='lat' dir='ltr'><strong>a</strong></span> 
     </span>
    </p>
   </div>
   <div class='ocr_carea' id='block_1_85' title="bbox 638 5065 2218 5154">
    <p class='ocr_par' dir='ltr' id='par_1_85' title="bbox 638 5065 2218 5154">
     <span class='ocr_line' id='line_1_85' title="bbox 638 5065 2218 5154; baseline 0.021 -41"><span class='ocrx_word' id='word_1_571' title='bbox 638 5065 830 5131; x_wconf 89' lang='lat' dir='ltr'><strong>quibus</strong></span> <span class='ocrx_word' id='word_1_572' title='bbox 858 5065 974 5132; x_wconf 89' lang='lat' dir='ltr'><strong>ejus</strong></span> <span class='ocrx_word' id='word_1_573' title='bbox 999 5068 1245 5135; x_wconf 85' lang='lat' dir='ltr'><strong>dogmata</strong></span> <span class='ocrx_word' id='word_1_574' title='bbox 1277 5073 1589 5145; x_wconf 82' lang='lat' dir='ltr'><strong>diliguntur,</strong></span> <span class='ocrx_word' id='word_1_575' title='bbox 1631 5081 1771 5149; x_wconf 88' lang='lat' dir='ltr'><strong>apud</strong></span> <span class='ocrx_word' id='word_1_576' title='bbox 1817 5098 1912 5139; x_wconf 90' lang='lat' dir='ltr'><strong>eos</strong></span> <span class='ocrx_word' id='word_1_577' title='bbox 1957 5088 2099 5154; x_wconf 90' lang='lat' dir='ltr'><strong>ipsos</strong></span> <span class='ocrx_word' id='word_1_578' title='bbox 2147 5094 2218 5146; x_wconf 88' lang='lat' dir='ltr'><strong>ita</strong></span> 
     </span>
    </p>
   </div>
   <div class='ocr_carea' id='block_1_86' title="bbox 638 5157 2220 5248">
    <p class='ocr_par' dir='ltr' id='par_1_86' title="bbox 638 5157 2220 5248">
     <span class='ocr_line' id='line_1_86' title="bbox 638 5157 2220 5248; baseline 0.022 -46"><span class='ocrx_word' id='word_1_579' title='bbox 638 5167 833 5205; x_wconf 66' lang='lat' dir='ltr'><strong>exosus</strong></span> <span class='ocrx_word' id='word_1_580' title='bbox 877 5164 1035 5222; x_wconf 85' lang='lat' dir='ltr'><strong>atque</strong></span> <span class='ocrx_word' id='word_1_581' title='bbox 1083 5157 1385 5230; x_wconf 72' lang='lat' dir='ltr'><strong>fingendus,</strong></span> <span class='ocrx_word' id='word_1_582' title='bbox 1437 5179 1492 5222; x_wconf 91' lang='lat' dir='ltr'><strong>ut</strong></span> <span class='ocrx_word' id='word_1_583' title='bbox 1536 5175 1766 5227; x_wconf 87' lang='lat' dir='ltr'><strong>nominis</strong></span> <span class='ocrx_word' id='word_1_584' title='bbox 1812 5191 2022 5245; x_wconf 87' lang='lat' dir='ltr'><strong>quoque</strong></span> <span class='ocrx_word' id='word_1_585' title='bbox 2055 5181 2220 5248; x_wconf 86' lang='lat' dir='ltr'><strong>ipsius</strong></span> 
     </span>
    </p>
   </div>
   <div class='ocr_carea' id='block_1_87' title="bbox 638 5243 2218 5335">
    <p class='ocr_par' dir='ltr' id='par_1_87' title="bbox 638 5243 2218 5335">
     <span class='ocr_line' id='line_1_87' title="bbox 638 5243 2218 5335; baseline 0.018 -38"><span class='ocrx_word' id='word_1_586' title='bbox 638 5243 849 5298; x_wconf 88' lang='lat' dir='ltr'><strong>oderint</strong></span> <span class='ocrx_word' id='word_1_587' title='bbox 874 5247 1218 5304; x_wconf 82' lang='lat' dir='ltr'><strong>mentionem.</strong></span> <span class='ocrx_word' id='word_1_588' title='bbox 1246 5254 1350 5309; x_wconf 88' lang='lat' dir='ltr'><strong>Sed</strong></span> <span class='ocrx_word' id='word_1_589' title='bbox 1385 5265 1621 5325; x_wconf 86' lang='lat' dir='ltr'><strong>perversi</strong></span> <span class='ocrx_word' id='word_1_590' title='bbox 1664 5243 2030 5335; x_wconf 80' lang='lat' dir='ltr'><strong>religiosarotn</strong></span> <span class='ocrx_word' id='word_1_591' title='bbox 2063 5243 2218 5325; x_wconf 82' lang='lat' dir='ltr'><strong>insti-</strong></span> 
     </span>
    </p>
   </div>
   <div class='ocr_carea' id='block_1_88' title="bbox 638 5333 2214 5419">
    <p class='ocr_par' dir='ltr' id='par_1_88' title="bbox 638 5333 2214 5419">
     <span class='ocr_line' id='line_1_88' title="bbox 638 5333 2214 5419; baseline 0.019 -32"><span class='ocrx_word' id='word_1_592' title='bbox 638 5333 899 5388; x_wconf 89' lang='lat' dir='ltr'><strong>tutionum</strong></span> <span class='ocrx_word' id='word_1_593' title='bbox 948 5337 1196 5404; x_wconf 78' lang='lat' dir='ltr'><strong>ntiniStri,</strong></span> <span class='ocrx_word' id='word_1_594' title='bbox 1245 5358 1402 5412; x_wconf 89' lang='lat' dir='ltr'><strong>quem</strong></span> <span class='ocrx_word' id='word_1_595' title='bbox 1456 5350 1598 5405; x_wconf 83' lang='lat' dir='ltr'><strong>sicut</strong></span> <span class='ocrx_word' id='word_1_596' title='bbox 1643 5333 1823 5411; x_wconf 81' lang='lat' dir='ltr'><strong>verum</strong></span> <span class='ocrx_word' id='word_1_597' title='bbox 1880 5358 2214 5419; x_wconf 72' lang='lat' dir='ltr'><strong>detestantur</strong></span> 
     </span>
    </p>
   </div>
   <div class='ocr_carea' id='block_1_89' title="bbox 636 5420 2211 5517">
    <p class='ocr_par' dir='ltr' id='par_1_89' title="bbox 636 5420 2211 5517">
     <span class='ocr_line' id='line_1_89' title="bbox 636 5420 2211 5517; baseline 0.021 -44"><span class='ocrx_word' id='word_1_598' title='bbox 636 5420 803 5477; x_wconf 78' lang='lat' dir='ltr'><strong>lueret</strong></span> <span class='ocrx_word' id='word_1_599' title='bbox 823 5437 966 5486; x_wconf 93' lang='lat' dir='ltr'><strong>eum,</strong></span> <span class='ocrx_word' id='word_1_600' title='bbox 1000 5423 1140 5481; x_wconf 91' lang='lat' dir='ltr'><strong>hunc</strong></span> <span class='ocrx_word' id='word_1_601' title='bbox 1160 5428 1261 5483; x_wconf 89' lang='lat' dir='ltr'><strong>alia</strong></span> <span class='ocrx_word' id='word_1_602' title='bbox 1291 5447 1371 5485; x_wconf 74' lang='lat' dir='ltr'><strong>vna</strong></span> <span class='ocrx_word' id='word_1_603' title='bbox 1403 5444 1653 5506; x_wconf 71' lang='lat' dir='ltr'><strong>tanquam</strong></span> <span class='ocrx_word' id='word_1_604' title='bbox 1681 5459 1865 5499; x_wconf 85' lang='lat' dir='ltr'><strong>verum</strong></span> <span class='ocrx_word' id='word_1_605' title='bbox 1890 5450 2211 5517; x_wconf 61' lang='lat' dir='ltr'><strong>amplexari.</strong></span> 
     </span>
    </p>
   </div>
   <div class='ocr_carea' id='block_1_90' title="bbox 637 5511 2210 5599">
    <p class='ocr_par' dir='ltr' id='par_1_90' title="bbox 637 5511 2210 5599">
     <span class='ocr_line' id='line_1_90' title="bbox 637 5511 2210 5599; baseline 0.023 -35"><span class='ocrx_word' id='word_1_606' title='bbox 637 5518 721 5564; x_wconf 84' lang='lat' dir='ltr'><strong>tur</strong></span> <span class='ocrx_word' id='word_1_607' title='bbox 753 5511 1126 5571; x_wconf 80' lang='lat' dir='ltr'><strong>orthodoxum.</strong></span> <span class='ocrx_word' id='word_1_608' title='bbox 1160 5519 1431 5591; x_wconf 83' lang='lat' dir='ltr'><strong>Siquidem</strong></span> <span class='ocrx_word' id='word_1_609' title='bbox 1468 5529 1516 5580; x_wconf 92' lang='lat' dir='ltr'><strong>in</strong></span> <span class='ocrx_word' id='word_1_610' title='bbox 1558 5541 1739 5586; x_wconf 75' lang='lat' dir='ltr'><strong>sant-ta</strong></span> <span class='ocrx_word' id='word_1_611' title='bbox 1779 5511 2210 5599; x_wconf 78' lang='lat' dir='ltr'><strong>Chalcedonensi</strong></span> 
     </span>
    </p>
   </div>
   <div class='ocr_carea' id='block_1_91' title="bbox 631 5605 2210 5693">
    <p class='ocr_par' dir='ltr' id='par_1_91' title="bbox 631 5605 2210 5693">
     <span class='ocr_line' id='line_1_91' title="bbox 631 5605 2210 5693; baseline 0.023 -39"><span class='ocrx_word' id='word_1_612' title='bbox 631 5606 838 5672; x_wconf 73' lang='lat' dir='ltr'><strong>synodo</strong></span> <span class='ocrx_word' id='word_1_613' title='bbox 860 5605 1144 5666; x_wconf 72' lang='lat' dir='ltr'><strong>Dioswt‘us</strong></span> <span class='ocrx_word' id='word_1_614' title='bbox 1169 5614 1353 5671; x_wconf 79' lang='lat' dir='ltr'><strong>eadem</strong></span> <span class='ocrx_word' id='word_1_615' title='bbox 1383 5622 1618 5677; x_wconf 80' lang='lat' dir='ltr'><strong>sentiens</strong></span> <span class='ocrx_word' id='word_1_616' title='bbox 1655 5626 1766 5693; x_wconf 83' lang='lat' dir='ltr'><strong>pari</strong></span> <span class='ocrx_word' id='word_1_617' title='bbox 1812 5629 2019 5687; x_wconf 88' lang='lat' dir='ltr'><strong>ratione</strong></span> <span class='ocrx_word' id='word_1_618' title='bbox 2060 5635 2210 5689; x_wconf 83' lang='lat' dir='ltr'><strong>dam-</strong></span> 
     </span>
    </p>
   </div>
   <div class='ocr_carea' id='block_1_92' title="bbox 639 5706 2211 5790">
    <p class='ocr_par' dir='ltr' id='par_1_92' title="bbox 639 5706 2211 5790">
     <span class='ocr_line' id='line_1_92' title="bbox 639 5706 2211 5790; baseline 0.024 -45"><span class='ocrx_word' id='word_1_619' title='bbox 639 5706 788 5749; x_wconf 74' lang='lat' dir='ltr'><strong>tatus</strong></span> <span class='ocrx_word' id='word_1_620' title='bbox 819 5709 931 5754; x_wconf 86' lang='lat' dir='ltr'><strong>est:</strong></span> <span class='ocrx_word' id='word_1_621' title='bbox 956 5709 1142 5759; x_wconf 84' lang='lat' dir='ltr'><strong>etcum</strong></span> <span class='ocrx_word' id='word_1_622' title='bbox 1167 5722 1265 5761; x_wconf 79' lang='lat' dir='ltr'><strong>una</strong></span> <span class='ocrx_word' id='word_1_623' title='bbox 1288 5724 1562 5776; x_wconf 87' lang='lat' dir='ltr'><strong>persecuta</strong></span> <span class='ocrx_word' id='word_1_624' title='bbox 1586 5717 1675 5781; x_wconf 81' lang='lat' dir='ltr'><strong>(al.</strong></span> <span class='ocrx_word' id='word_1_625' title='bbox 1694 5734 1981 5784; x_wconf 73' lang='lat' dir='ltr'><strong>prosemta.</strong></span> <span class='ocrx_word' id='word_1_626' title='bbox 2004 5726 2211 5790; x_wconf 68' lang='lat' dir='ltr'><strong>litim.)</strong></span> 
     </span>
    </p>
   </div>
   <div class='ocr_carea' id='block_1_93' title="bbox 2334 3268 3909 3353">
    <p class='ocr_par' dir='ltr' id='par_1_93' title="bbox 2334 3268 3909 3353">
     <span class='ocr_line' id='line_1_93' title="bbox 2334 3268 3909 3353; baseline 0.015 -34"><span class='ocrx_word' id='word_1_627' title='bbox 2334 3268 2644 3334; x_wconf 89' lang='lat' dir='ltr'><strong>scripsimus</strong></span> <span class='ocrx_word' id='word_1_628' title='bbox 2686 3271 2854 3339; x_wconf 74' lang='lat' dir='ltr'><strong>plena:</strong></span> <span class='ocrx_word' id='word_1_629' title='bbox 2884 3275 3124 3330; x_wconf 73' lang='lat' dir='ltr'><strong>caritatis</strong></span> <span class='ocrx_word' id='word_1_630' title='bbox 3158 3278 3408 3345; x_wconf 86' lang='lat' dir='ltr'><strong>impulsu,</strong></span> <span class='ocrx_word' id='word_1_631' title='bbox 3439 3283 3561 3350; x_wconf 87' lang='lat' dir='ltr'><strong>quia</strong></span> <span class='ocrx_word' id='word_1_632' title='bbox 3602 3299 3751 3353; x_wconf 65' lang='lat' dir='ltr'><strong>spi-m</strong></span> <span class='ocrx_word' id='word_1_633' title='bbox 3782 3289 3909 3343; x_wconf 90' lang='lat' dir='ltr'><strong>lidei</strong></span> 
     </span>
    </p>
   </div>
   <div class='ocr_carea' id='block_1_94' title="bbox 2334 3361 3908 3432">
    <p class='ocr_par' dir='ltr' id='par_1_94' title="bbox 2334 3361 3908 3432">
     <span class='ocr_line' id='line_1_94' title="bbox 2334 3361 3908 3432; baseline 0.013 -21"><span class='ocrx_word' id='word_1_634' title='bbox 2334 3367 2525 3413; x_wconf 70' lang='lat' dir='ltr'><strong>Vestrae</strong></span> <span class='ocrx_word' id='word_1_635' title='bbox 2573 3361 2803 3429; x_wconf 90' lang='lat' dir='ltr'><strong>primum</strong></span> <span class='ocrx_word' id='word_1_636' title='bbox 2849 3365 2941 3417; x_wconf 86' lang='lat' dir='ltr'><strong>Dei</strong></span> <span class='ocrx_word' id='word_1_637' title='bbox 2982 3366 3145 3428; x_wconf 83' lang='lat' dir='ltr'><strong>dono.</strong></span> <span class='ocrx_word' id='word_1_638' title='bbox 3184 3368 3384 3424; x_wconf 89' lang='lat' dir='ltr'><strong>deinde</strong></span> <span class='ocrx_word' id='word_1_639' title='bbox 3433 3382 3487 3426; x_wconf 89' lang='lat' dir='ltr'><strong>et</strong></span> <span class='ocrx_word' id='word_1_640' title='bbox 3533 3375 3711 3430; x_wconf 78' lang='lat' dir='ltr'><strong>fratris</strong></span> <span class='ocrx_word' id='word_1_641' title='bbox 3742 3379 3908 3432; x_wconf 89' lang='lat' dir='ltr'><strong>nostri</strong></span> 
     </span>
    </p>
   </div>
   <div class='ocr_carea' id='block_1_95' title="bbox 2332 3448 3909 3535">
    <p class='ocr_par' dir='ltr' id='par_1_95' title="bbox 2332 3448 3909 3535">
     <span class='ocr_line' id='line_1_95' title="bbox 2332 3448 3909 3535; baseline 0.012 -33"><span class='ocrx_word' id='word_1_642' title='bbox 2332 3448 2579 3516; x_wconf 80' lang='lat' dir='ltr'><strong>Joannis,</strong></span> <span class='ocrx_word' id='word_1_643' title='bbox 2613 3466 2699 3519; x_wconf 90' lang='lat' dir='ltr'><strong>qu.</strong></span> <span class='ocrx_word' id='word_1_644' title='bbox 2735 3453 2885 3507; x_wconf 78' lang='lat' dir='ltr'><strong>Vobis</strong></span> <span class='ocrx_word' id='word_1_645' title='bbox 2916 3457 3179 3523; x_wconf 61' lang='lat' dir='ltr'><strong>prasidi-t,</strong></span> <span class='ocrx_word' id='word_1_646' title='bbox 3214 3460 3543 3526; x_wconf 59' lang='lat' dir='ltr'><strong>professione</strong></span> <span class='ocrx_word' id='word_1_647' title='bbox 3576 3467 3909 3535; x_wconf 42' lang='lat' dir='ltr'><strong>praisumpsic</strong></span> 
     </span>
    </p>
   </div>
   <div class='ocr_carea' id='block_1_96' title="bbox 2334 3536 3909 3625">
    <p class='ocr_par' dir='ltr' id='par_1_96' title="bbox 2334 3536 3909 3625">
     <span class='ocr_line' id='line_1_96' title="bbox 2334 3536 3909 3625; baseline 0.014 -35"><span class='ocrx_word' id='word_1_648' title='bbox 2334 3552 2489 3603; x_wconf 87' lang='lat' dir='ltr'><strong>mus;</strong></span> <span class='ocrx_word' id='word_1_649' title='bbox 2519 3556 2617 3606; x_wconf 88' lang='lat' dir='ltr'><strong>qua</strong></span> <span class='ocrx_word' id='word_1_650' title='bbox 2644 3555 2766 3594; x_wconf 89' lang='lat' dir='ltr'><strong>nom</strong></span> <span class='ocrx_word' id='word_1_651' title='bbox 2794 3542 2957 3595; x_wconf 89' lang='lat' dir='ltr'><strong>natim</strong></span> <span class='ocrx_word' id='word_1_652' title='bbox 2989 3558 3093 3598; x_wconf 67' lang='lat' dir='ltr'><strong>omo</strong></span> <span class='ocrx_word' id='word_1_653' title='bbox 3118 3561 3199 3615; x_wconf 86' lang='lat' dir='ltr'><strong>es,</strong></span> <span class='ocrx_word' id='word_1_654' title='bbox 3243 3563 3380 3617; x_wconf 89' lang='lat' dir='ltr'><strong>quos</strong></span> <span class='ocrx_word' id='word_1_655' title='bbox 3409 3554 3699 3620; x_wconf 87' lang='lat' dir='ltr'><strong>apostolica</strong></span> <span class='ocrx_word' id='word_1_656' title='bbox 3729 3536 3792 3611; x_wconf 62' lang='grc' dir='ltr'><strong>ἕο</strong></span> <span class='ocrx_word' id='word_1_657' title='bbox 3817 3572 3909 3625; x_wconf 83' lang='lat' dir='ltr'><strong>ge-</strong></span> 
     </span>
    </p>
   </div>
   <div class='ocr_carea' id='block_1_97' title="bbox 2334 3629 3908 3705">
    <p class='ocr_par' dir='ltr' id='par_1_97' title="bbox 2334 3629 3908 3705">
     <span class='ocr_line' id='line_1_97' title="bbox 2334 3629 3908 3705; baseline 0.013 -24"><span class='ocrx_word' id='word_1_658' title='bbox 2334 3629 2529 3682; x_wconf 89' lang='lat' dir='ltr'><strong>neralis</strong></span> <span class='ocrx_word' id='word_1_659' title='bbox 2544 3629 2930 3687; x_wconf 78' lang='lat' dir='ltr'><strong>catholicorum</strong></span> <span class='ocrx_word' id='word_1_660' title='bbox 2949 3635 3270 3691; x_wconf 61' lang='lat' dir='ltr'><strong>condemnat</strong></span> <span class='ocrx_word' id='word_1_661' title='bbox 3288 3639 3908 3705; x_wconf 71' lang='lat' dir='ltr'><strong>Ecclesia,exs~crabiles</strong></span> 
     </span>
    </p>
   </div>
   <div class='ocr_carea' id='block_1_98' title="bbox 2330 3718 3903 3800">
    <p class='ocr_par' dir='ltr' id='par_1_98' title="bbox 2330 3718 3903 3800">
     <span class='ocr_line' id='line_1_98' title="bbox 2330 3718 3903 3800; baseline 0.013 -29"><span class='ocrx_word' id='word_1_662' title='bbox 2330 3718 2428 3774; x_wconf 84' lang='lat' dir='ltr'><strong>sibi</strong></span> <span class='ocrx_word' id='word_1_663' title='bbox 2456 3733 2576 3773; x_wconf 86' lang='lat' dir='ltr'><strong>esse</strong></span> <span class='ocrx_word' id='word_1_664' title='bbox 2608 3720 2928 3787; x_wconf 73' lang='lat' dir='ltr'><strong>declaravit;</strong></span> <span class='ocrx_word' id='word_1_665' title='bbox 2956 3740 3088 3794; x_wconf 60' lang='lat' dir='ltr'><strong>quas</strong></span> <span class='ocrx_word' id='word_1_666' title='bbox 3126 3741 3219 3781; x_wconf 59' lang='grc' dir='ltr'><strong>κο.</strong></span> <span class='ocrx_word' id='word_1_667' title='bbox 3250 3746 3459 3800; x_wconf 85' lang='lat' dir='ltr'><strong>quoque</strong></span> <span class='ocrx_word' id='word_1_668' title='bbox 3489 3734 3538 3785; x_wconf 92' lang='lat' dir='ltr'><strong>in</strong></span> <span class='ocrx_word' id='word_1_669' title='bbox 3583 3734 3777 3789; x_wconf 77' lang='lat' dir='ltr'><strong>litteris</strong></span> <span class='ocrx_word' id='word_1_670' title='bbox 3809 3753 3903 3790; x_wconf 87' lang='lat' dir='ltr'><strong>ve-</strong></span> 
     </span>
    </p>
   </div>
   <div class='ocr_carea' id='block_1_99' title="bbox 2326 3810 3905 3894">
    <p class='ocr_par' dir='ltr' id='par_1_99' title="bbox 2326 3810 3905 3894">
     <span class='ocr_line' id='line_1_99' title="bbox 2326 3810 3905 3894; baseline 0.011 -30"><span class='ocrx_word' id='word_1_671' title='bbox 2326 3810 2454 3864; x_wconf 90' lang='lat' dir='ltr'><strong>stris</strong></span> <span class='ocrx_word' id='word_1_672' title='bbox 2470 3815 2705 3879; x_wconf 90' lang='lat' dir='ltr'><strong>oportuit</strong></span> <span class='ocrx_word' id='word_1_673' title='bbox 2721 3815 2995 3870; x_wconf 87' lang='lat' dir='ltr'><strong>evidenter</strong></span> <span class='ocrx_word' id='word_1_674' title='bbox 3016 3832 3077 3870; x_wconf 79' lang='lat' dir='ltr'><strong>ex</strong></span> <span class='ocrx_word' id='word_1_675' title='bbox 3088 3822 3335 3885; x_wconf 84' lang='lat' dir='ltr'><strong>primere,</strong></span> <span class='ocrx_word' id='word_1_676' title='bbox 3364 3838 3458 3877; x_wconf 90' lang='lat' dir='ltr'><strong>nec</strong></span> <span class='ocrx_word' id='word_1_677' title='bbox 3476 3826 3722 3879; x_wconf 88' lang='lat' dir='ltr'><strong>arbitrari</strong></span> <span class='ocrx_word' id='word_1_678' title='bbox 3746 3842 3905 3894; x_wconf 57' lang='lat' dir='ltr'><strong>posse</strong></span> 
     </span>
    </p>
   </div>
   <div class='ocr_carea' id='block_1_100' title="bbox 2329 3898 3904 3983">
    <p class='ocr_par' dir='ltr' id='par_1_100' title="bbox 2329 3898 3904 3983">
     <span class='ocr_line' id='line_1_100' title="bbox 2329 3898 3904 3983; baseline 0.011 -32"><span class='ocrx_word' id='word_1_679' title='bbox 2329 3898 2572 3953; x_wconf 83' lang='lat' dir='ltr'><strong>sullicere</strong></span> <span class='ocrx_word' id='word_1_680' title='bbox 2610 3900 2733 3967; x_wconf 86' lang='lat' dir='ltr'><strong>sibi,</strong></span> <span class='ocrx_word' id='word_1_681' title='bbox 2768 3904 2928 3956; x_wconf 88' lang='lat' dir='ltr'><strong>tantis</strong></span> <span class='ocrx_word' id='word_1_682' title='bbox 2971 3910 3263 3972; x_wconf 68' lang='lat' dir='ltr'><strong>prmsertim</strong></span> <span class='ocrx_word' id='word_1_683' title='bbox 3315 3911 3521 3967; x_wconf 90' lang='lat' dir='ltr'><strong>insidiis</strong></span> <span class='ocrx_word' id='word_1_684' title='bbox 3562 3915 3904 3983; x_wconf 85' lang='lat' dir='ltr'><strong>callidorum,</strong></span> 
     </span>
    </p>
   </div>
   <div class='ocr_carea' id='block_1_101' title="bbox 2328 3990 3901 4075">
    <p class='ocr_par' dir='ltr' id='par_1_101' title="bbox 2328 3990 3901 4075">
     <span class='ocr_line' id='line_1_101' title="bbox 2328 3990 3901 4075; baseline 0.012 -34"><span class='ocrx_word' id='word_1_685' title='bbox 2328 4003 2462 4057; x_wconf 87' lang='lat' dir='ltr'><strong>quos</strong></span> <span class='ocrx_word' id='word_1_686' title='bbox 2502 3990 2697 4044; x_wconf 85' lang='lat' dir='ltr'><strong>viritim</strong></span> <span class='ocrx_word' id='word_1_687' title='bbox 2737 4001 2786 4047; x_wconf 89' lang='lat' dir='ltr'><strong>et</strong></span> <span class='ocrx_word' id='word_1_688' title='bbox 2836 3994 3073 4064; x_wconf 87' lang='lat' dir='ltr'><strong>singulos</strong></span> <span class='ocrx_word' id='word_1_689' title='bbox 3122 3997 3372 4054; x_wconf 72' lang='lat' dir='ltr'><strong>ins‘ectari</strong></span> <span class='ocrx_word' id='word_1_690' title='bbox 3422 4014 3691 4069; x_wconf 88' lang='lat' dir='ltr'><strong>convent,</strong></span> <span class='ocrx_word' id='word_1_691' title='bbox 3740 4018 3901 4075; x_wconf 84' lang='lat' dir='ltr'><strong>atque</strong></span> 
     </span>
    </p>
   </div>
   <div class='ocr_carea' id='block_1_102' title="bbox 2329 4083 3902 4157">
    <p class='ocr_par' dir='ltr' id='par_1_102' title="bbox 2329 4083 3902 4157">
     <span class='ocr_line' id='line_1_102' title="bbox 2329 4083 3902 4157; baseline 0.011 -23"><span class='ocrx_word' id='word_1_692' title='bbox 2329 4083 2605 4145; x_wconf 86' lang='lat' dir='ltr'><strong>damnare,</strong></span> <span class='ocrx_word' id='word_1_693' title='bbox 2634 4083 2734 4137; x_wconf 89' lang='lat' dir='ltr'><strong>sub</strong></span> <span class='ocrx_word' id='word_1_694' title='bbox 2755 4086 2982 4152; x_wconf 87' lang='lat' dir='ltr'><strong>quadam</strong></span> <span class='ocrx_word' id='word_1_695' title='bbox 3012 4103 3106 4142; x_wconf 85' lang='lat' dir='ltr'><strong>eos</strong></span> <span class='ocrx_word' id='word_1_696' title='bbox 3132 4093 3366 4157; x_wconf 83' lang='lat' dir='ltr'><strong>generali</strong></span> <span class='ocrx_word' id='word_1_697' title='bbox 3401 4093 3740 4150; x_wconf 89' lang='lat' dir='ltr'><strong>damnatione</strong></span> <span class='ocrx_word' id='word_1_698' title='bbox 3766 4114 3902 4151; x_wconf 90' lang='lat' dir='ltr'><strong>con-</strong></span> 
     </span>
    </p>
   </div>
   <div class='ocr_carea' id='block_1_103' title="bbox 2333 4173 3906 4254">
    <p class='ocr_par' dir='ltr' id='par_1_103' title="bbox 2333 4173 3906 4254">
     <span class='ocr_line' id='line_1_103' title="bbox 2333 4173 3906 4254; baseline 0.01 -27"><span class='ocrx_word' id='word_1_699' title='bbox 2333 4173 2571 4229; x_wconf 79' lang='lat' dir='ltr'><strong>eludeie.</strong></span> <span class='ocrx_word' id='word_1_700' title='bbox 2610 4173 2923 4237; x_wconf 64' lang='lat' dir='ltr'><strong>Diligentem</strong></span> <span class='ocrx_word' id='word_1_701' title='bbox 2965 4190 3207 4243; x_wconf 65' lang='lat' dir='ltr'><strong>quan-unt</strong></span> <span class='ocrx_word' id='word_1_702' title='bbox 3248 4183 3464 4236; x_wconf 81' lang='lat' dir='ltr'><strong>vulnera</strong></span> <span class='ocrx_word' id='word_1_703' title='bbox 3498 4188 3709 4254; x_wconf 89' lang='lat' dir='ltr'><strong>antiqua</strong></span> <span class='ocrx_word' id='word_1_704' title='bbox 3740 4190 3906 4241; x_wconf 88' lang='lat' dir='ltr'><strong>medi-</strong></span> 
     </span>
    </p>
   </div>
   <div class='ocr_carea' id='block_1_104' title="bbox 2328 4264 3897 4347">
    <p class='ocr_par' dir='ltr' id='par_1_104' title="bbox 2328 4264 3897 4347">
     <span class='ocr_line' id='line_1_104' title="bbox 2328 4264 3897 4347; baseline 0.008 -29"><span class='ocrx_word' id='word_1_705' title='bbox 2328 4266 2535 4328; x_wconf 82' lang='lat' dir='ltr'><strong>cinam;</strong></span> <span class='ocrx_word' id='word_1_706' title='bbox 2560 4280 2659 4319; x_wconf 52' lang='lat' dir='ltr'><strong>nz-c</strong></span> <span class='ocrx_word' id='word_1_707' title='bbox 2687 4264 2964 4323; x_wconf 88' lang='lat' dir='ltr'><strong>abundans</strong></span> <span class='ocrx_word' id='word_1_708' title='bbox 2990 4284 3109 4325; x_wconf 88' lang='lat' dir='ltr'><strong>esse</strong></span> <span class='ocrx_word' id='word_1_709' title='bbox 3138 4272 3263 4325; x_wconf 87' lang='lat' dir='ltr'><strong>cred</strong></span> <span class='ocrx_word' id='word_1_710' title='bbox 3295 4282 3376 4326; x_wconf 92' lang='lat' dir='ltr'><strong>tur</strong></span> <span class='ocrx_word' id='word_1_711' title='bbox 3402 4276 3655 4343; x_wconf 84' lang='lat' dir='ltr'><strong>quidquid</strong></span> <span class='ocrx_word' id='word_1_712' title='bbox 3690 4295 3785 4347; x_wconf 90' lang='lat' dir='ltr'><strong>pro</strong></span> <span class='ocrx_word' id='word_1_713' title='bbox 3815 4279 3897 4331; x_wconf 89' lang='lat' dir='ltr'><strong>in-</strong></span> 
     </span>
    </p>
   </div>
   <div class='ocr_carea' id='block_1_105' title="bbox 2330 4356 3900 4431">
    <p class='ocr_par' dir='ltr' id='par_1_105' title="bbox 2330 4356 3900 4431">
     <span class='ocr_line' id='line_1_105' title="bbox 2330 4356 3900 4431; baseline 0.013 -24"><span class='ocrx_word' id='word_1_714' title='bbox 2330 4356 2576 4421; x_wconf 72' lang='lat' dir='ltr'><strong>tegritate</strong></span> <span class='ocrx_word' id='word_1_715' title='bbox 2594 4357 2713 4410; x_wconf 89' lang='lat' dir='ltr'><strong>lidei</strong></span> <span class='ocrx_word' id='word_1_716' title='bbox 2741 4367 2795 4411; x_wconf 87' lang='lat' dir='ltr'><strong>et</strong></span> <span class='ocrx_word' id='word_1_717' title='bbox 2810 4361 3098 4415; x_wconf 84' lang='lat' dir='ltr'><strong>stabilitate</strong></span> <span class='ocrx_word' id='word_1_718' title='bbox 3121 4364 3395 4431; x_wconf 61' lang='lat' dir='ltr'><strong>religionis</strong></span> <span class='ocrx_word' id='word_1_719' title='bbox 3422 4368 3723 4425; x_wconf 86' lang='lat' dir='ltr'><strong>adhibetur.</strong></span> <span class='ocrx_word' id='word_1_720' title='bbox 3748 4370 3900 4427; x_wconf 85' lang='lat' dir='ltr'><strong>Unde</strong></span> 
     </span>
    </p>
   </div>
   <div class='ocr_carea' id='block_1_106' title="bbox 2328 4444 3902 4527">
    <p class='ocr_par' dir='ltr' id='par_1_106' title="bbox 2328 4444 3902 4527">
     <span class='ocr_line' id='line_1_106' title="bbox 2328 4444 3902 4527; baseline 0.011 -30"><span class='ocrx_word' id='word_1_721' title='bbox 2328 4444 2563 4499; x_wconf 91' lang='lat' dir='ltr'><strong>libellum</strong></span> <span class='ocrx_word' id='word_1_722' title='bbox 2596 4462 2714 4499; x_wconf 88' lang='lat' dir='ltr'><strong>cum</strong></span> <span class='ocrx_word' id='word_1_723' title='bbox 2748 4450 2936 4503; x_wconf 88' lang='lat' dir='ltr'><strong>litteris</strong></span> <span class='ocrx_word' id='word_1_724' title='bbox 2966 4450 3328 4516; x_wconf 88' lang='lat' dir='ltr'><strong>tnisitnus,cui</strong></span> <span class='ocrx_word' id='word_1_725' title='bbox 3354 4474 3447 4509; x_wconf 87' lang='lat' dir='ltr'><strong>vos</strong></span> <span class='ocrx_word' id='word_1_726' title='bbox 3482 4458 3902 4527; x_wconf 88' lang='lat' dir='ltr'><strong>subscriptiones</strong></span> 
     </span>
    </p>
   </div>
   <div class='ocr_carea' id='block_1_107' title="bbox 2332 4538 3903 4616">
    <p class='ocr_par' dir='ltr' id='par_1_107' title="bbox 2332 4538 3903 4616">
     <span class='ocr_line' id='line_1_107' title="bbox 2332 4538 3903 4616; baseline 0.01 -28"><span class='ocrx_word' id='word_1_727' title='bbox 2332 4538 2575 4604; x_wconf 72' lang='lat' dir='ltr'><strong>proprias</strong></span> <span class='ocrx_word' id='word_1_728' title='bbox 2605 4539 2843 4603; x_wconf 82' lang='lat' dir='ltr'><strong>inserite,</strong></span> <span class='ocrx_word' id='word_1_729' title='bbox 2881 4552 2931 4591; x_wconf 93' lang='lat' dir='ltr'><strong>ut</strong></span> <span class='ocrx_word' id='word_1_730' title='bbox 2959 4539 3093 4595; x_wconf 78' lang='lat' dir='ltr'><strong>lites</strong></span> <span class='ocrx_word' id='word_1_731' title='bbox 3125 4555 3319 4608; x_wconf 84' lang='lat' dir='ltr'><strong>vestra,</strong></span> <span class='ocrx_word' id='word_1_732' title='bbox 3351 4562 3506 4612; x_wconf 88' lang='lat' dir='ltr'><strong>quam</strong></span> <span class='ocrx_word' id='word_1_733' title='bbox 3556 4548 3757 4601; x_wconf 66' lang='lat' dir='ltr'><strong>directa</strong></span> <span class='ocrx_word' id='word_1_734' title='bbox 3809 4566 3903 4616; x_wconf 88' lang='lat' dir='ltr'><strong>per</strong></span> 
     </span>
    </p>
   </div>
   <div class='ocr_carea' id='block_1_108' title="bbox 2332 4625 3904 4706">
    <p class='ocr_par' dir='ltr' id='par_1_108' title="bbox 2332 4625 3904 4706">
     <span class='ocr_line' id='line_1_108' title="bbox 2332 4625 3904 4706; baseline 0.011 -28"><span class='ocrx_word' id='word_1_735' title='bbox 2332 4625 2574 4679; x_wconf 76' lang='lat' dir='ltr'><strong>Ruﬁnum</strong></span> <span class='ocrx_word' id='word_1_736' title='bbox 2620 4628 2904 4683; x_wconf 72' lang='lat' dir='ltr'><strong>(IiJCOIIUIII</strong></span> <span class='ocrx_word' id='word_1_737' title='bbox 2953 4633 3149 4700; x_wconf 83' lang='lat' dir='ltr'><strong>serip&#39;a</strong></span> <span class='ocrx_word' id='word_1_738' title='bbox 3201 4644 3482 4701; x_wconf 42' lang='lat' dir='ltr'><strong>testantur,</strong></span> <span class='ocrx_word' id='word_1_739' title='bbox 3519 4640 3656 4706; x_wconf 88' lang='lat' dir='ltr'><strong>apud</strong></span> <span class='ocrx_word' id='word_1_740' title='bbox 3689 4656 3785 4693; x_wconf 91' lang='lat' dir='ltr'><strong>nos</strong></span> <span class='ocrx_word' id='word_1_741' title='bbox 3815 4641 3904 4696; x_wconf 83' lang='lat' dir='ltr'><strong>ﬁat</strong></span> 
     </span>
    </p>
   </div>
   <div class='ocr_carea' id='block_1_109' title="bbox 2331 4716 3899 4794">
    <p class='ocr_par' dir='ltr' id='par_1_109' title="bbox 2331 4716 3899 4794">
     <span class='ocr_line' id='line_1_109' title="bbox 2331 4716 3899 4794; baseline 0.011 -25"><span class='ocrx_word' id='word_1_742' title='bbox 2331 4716 2487 4783; x_wconf 84' lang='lat' dir='ltr'><strong>hujus</strong></span> <span class='ocrx_word' id='word_1_743' title='bbox 2537 4733 2747 4785; x_wconf 87' lang='lat' dir='ltr'><strong>quoque</strong></span> <span class='ocrx_word' id='word_1_744' title='bbox 2805 4724 3138 4789; x_wconf 88' lang='lat' dir='ltr'><strong>repetitionis</strong></span> <span class='ocrx_word' id='word_1_745' title='bbox 3193 4728 3495 4794; x_wconf 66' lang='lat' dir='ltr'><strong>adjeczinne</strong></span> <span class='ocrx_word' id='word_1_746' title='bbox 3548 4733 3899 4786; x_wconf 77' lang='lat' dir='ltr'><strong>mauileStior.</strong></span> 
     </span>
    </p>
   </div>
   <div class='ocr_carea' id='block_1_110' title="bbox 2329 4808 3898 4892">
    <p class='ocr_par' dir='ltr' id='par_1_110' title="bbox 2329 4808 3898 4892">
     <span class='ocr_line' id='line_1_110' title="bbox 2329 4808 3898 4892; baseline 0.013 -32"><span class='ocrx_word' id='word_1_747' title='bbox 2329 4808 2447 4863; x_wconf 89' lang='lat' dir='ltr'><strong>Dat.</strong></span> <span class='ocrx_word' id='word_1_748' title='bbox 2497 4825 2583 4862; x_wconf 63' lang='lat' dir='ltr'><strong>ita</strong></span> <span class='ocrx_word' id='word_1_749' title='bbox 2614 4812 2716 4865; x_wconf 88' lang='lat' dir='ltr'><strong>cal.</strong></span> <span class='ocrx_word' id='word_1_750' title='bbox 2749 4812 2874 4867; x_wconf 87' lang='lat' dir='ltr'><strong>Dec.</strong></span> <span class='ocrx_word' id='word_1_751' title='bbox 2921 4818 3083 4884; x_wconf 84' lang='lat' dir='ltr'><strong>(anno</strong></span> <span class='ocrx_word' id='word_1_752' title='bbox 3134 4818 3341 4875; x_wconf 82' lang='lat' dir='ltr'><strong>Dotni..i</strong></span> <span class='ocrx_word' id='word_1_753' title='bbox 3390 4822 3516 4892; x_wconf 81' lang='grc'><strong>516)</strong></span> <span class='ocrx_word' id='word_1_754' title='bbox 3560 4824 3717 4880; x_wconf 77' lang='lat' dir='ltr'><strong>I‘etro</strong></span> <span class='ocrx_word' id='word_1_755' title='bbox 3756 4842 3807 4879; x_wconf 84' lang='lat' dir='ltr'><strong>v.</strong></span> <span class='ocrx_word' id='word_1_756' title='bbox 3848 4844 3898 4881; x_wconf 91' lang='lat' dir='ltr'><strong>c.</strong></span> 
     </span>
    </p>
   </div>
   <div class='ocr_carea' id='block_1_111' title="bbox 2325 4900 2565 4954">
    <p class='ocr_par' dir='ltr' id='par_1_111' title="bbox 2325 4900 2565 4954">
     <span class='ocr_line' id='line_1_111' title="bbox 2325 4900 2565 4954; baseline 0.004 -1"><span class='ocrx_word' id='word_1_757' title='bbox 2325 4900 2565 4954; x_wconf 89' lang='lat' dir='ltr'><strong>consule.</strong></span> 
     </span>
    </p>
   </div>
   <div class='ocr_carea' id='block_1_112' title="bbox 2886 4996 3340 5057">
    <p class='ocr_par' dir='ltr' id='par_1_112' title="bbox 2886 4996 3340 5057">
     <span class='ocr_line' id='line_1_112' title="bbox 2886 4996 3340 5057; baseline 0.015 -7"><span class='ocrx_word' id='word_1_758' title='bbox 2886 4996 3217 5056; x_wconf 78' lang='lat' dir='ltr'><strong>EPISTOLA</strong></span> <span class='ocrx_word' id='word_1_759' title='bbox 3248 5001 3340 5057; x_wconf 82' lang='lat' dir='ltr'><strong>IX.</strong></span> 
     </span>
    </p>
   </div>
   <div class='ocr_carea' id='block_1_113' title="bbox 2563 5099 3665 5151">
    <p class='ocr_par' dir='ltr' id='par_1_113' title="bbox 2563 5099 3665 5151">
     <span class='ocr_line' id='line_1_113' title="bbox 2563 5099 3665 5151; baseline 0.013 -14"><span class='ocrx_word' id='word_1_760' title='bbox 2563 5100 2625 5137; x_wconf 73' lang='lat' dir='ltr'><strong>to</strong></span> <span class='ocrx_word' id='word_1_761' title='bbox 2651 5100 2885 5140; x_wconf 68' lang='lat' dir='ltr'><strong>IOANNEM</strong></span> <span class='ocrx_word' id='word_1_762' title='bbox 2910 5099 3329 5147; x_wconf 65' lang='lat' dir='ltr'><strong>meorumnam</strong></span> <span class='ocrx_word' id='word_1_763' title='bbox 3360 5111 3665 5151; x_wconf 58' lang='lat' dir='ltr'><strong>Et&#39;tsconon.</strong></span> 
     </span>
    </p>
   </div>
   <div class='ocr_carea' id='block_1_114' title="bbox 2331 5189 3903 5270">
    <p class='ocr_par' dir='ltr' id='par_1_114' title="bbox 2331 5189 3903 5270">
     <span class='ocr_line' id='line_1_114' title="bbox 2331 5189 3903 5270; baseline 0.011 -28"><span class='ocrx_word' id='word_1_764' title='bbox 2331 5189 2457 5243; x_wconf 80' lang='lat' dir='ltr'><strong>Cum</strong></span> <span class='ocrx_word' id='word_1_765' title='bbox 2486 5207 2575 5261; x_wconf 84' lang='lat' dir='ltr'><strong>per</strong></span> <span class='ocrx_word' id='word_1_766' title='bbox 2597 5194 2652 5246; x_wconf 86' lang='lat' dir='ltr'><strong>lit</strong></span> <span class='ocrx_word' id='word_1_767' title='bbox 2678 5211 2789 5270; x_wconf 73' lang='lat' dir='ltr'><strong>eros</strong></span> <span class='ocrx_word' id='word_1_768' title='bbox 2820 5196 2966 5267; x_wconf 74' lang='lat' dir='ltr'><strong>Epiri</strong></span> <span class='ocrx_word' id='word_1_769' title='bbox 3000 5202 3179 5255; x_wconf 78' lang='lat' dir='ltr'><strong>veteris</strong></span> <span class='ocrx_word' id='word_1_770' title='bbox 3220 5205 3445 5270; x_wconf 81' lang='lat' dir='ltr'><strong>episcopi</strong></span> <span class='ocrx_word' id='word_1_771' title='bbox 3472 5208 3768 5258; x_wconf 72' lang='lat' dir='ltr'><strong>nominatim</strong></span> <span class='ocrx_word' id='word_1_772' title='bbox 3793 5208 3903 5259; x_wconf 79' lang='lat' dir='ltr'><strong>lue-</strong></span> 
     </span>
    </p>
   </div>
   <div class='ocr_carea' id='block_1_115' title="bbox 2398 5265 3899 5384">
    <p class='ocr_par' dir='ltr' id='par_1_115' title="bbox 2398 5265 3899 5384">
     <span class='ocr_line' id='line_1_115' title="bbox 2398 5265 3899 5384; baseline 0.011 -72"><span class='ocrx_word' id='word_1_773' title='bbox 2398 5265 2699 5384; x_wconf 59' lang='grc' dir='ltr'><strong>τεῗεοεῗοη</strong></span> <span class='ocrx_word' id='word_1_774' title='bbox 2721 5265 3066 5336; x_wconf 74' lang='lat' dir='ltr'><strong>damnassent,</strong></span> <span class='ocrx_word' id='word_1_775' title='bbox 3092 5273 3304 5325; x_wconf 81' lang='lat' dir='ltr'><strong>mittitur</strong></span> <span class='ocrx_word' id='word_1_776' title='bbox 3332 5265 3550 5340; x_wconf 57' lang='lat' dir='ltr'><strong>libellus,</strong></span> <span class='ocrx_word' id='word_1_777' title='bbox 3573 5277 3653 5328; x_wconf 83' lang='lat' dir='ltr'><strong>cui</strong></span> <span class='ocrx_word' id='word_1_778' title='bbox 3686 5277 3899 5329; x_wconf 70' lang='lat' dir='ltr'><strong>debeant</strong></span> 
     </span>
     <span class='ocr_line' id='line_1_116' title="bbox 2398 5348 2726 5384; baseline 0.003 -1"><span class='ocrx_word' id='word_1_779' title='bbox 2398 5348 2452 5383; x_wconf 79' lang='lat' dir='ltr'><strong>su</strong></span> <span class='ocrx_word' id='word_1_780' title='bbox 2491 5348 2587 5384; x_wconf 74' lang='lat' dir='ltr'><strong>scr:</strong></span> <span class='ocrx_word' id='word_1_781' title='bbox 2624 5350 2726 5384; x_wconf 78' lang='lat' dir='ltr'><strong>ere.</strong></span> 
     </span>
    </p>
   </div>
   <div class='ocr_carea' id='block_1_116' title="bbox 2397 5348 2726 5387">
    <p class='ocr_par' dir='ltr' id='par_1_116' title="bbox 2397 5348 2726 5387">
     <span class='ocr_line' id='line_1_117' title="bbox 2397 5348 2726 5387; baseline 0.012 -4"><span class='ocrx_word' id='word_1_782' title='bbox 2397 5348 2726 5387; x_wconf 69' lang='grc' dir='ltr'><strong>δυοδεηοενρ.</strong></span> 
     </span>
    </p>
   </div>
   <div class='ocr_carea' id='block_1_117' title="bbox 2402 5440 3901 5526">
    <p class='ocr_par' dir='ltr' id='par_1_117' title="bbox 2402 5440 3901 5526">
     <span class='ocr_line' id='line_1_118' title="bbox 2402 5440 3901 5526; baseline 0.013 -34"><span class='ocrx_word' id='word_1_783' title='bbox 2402 5440 2684 5498; x_wconf 91' lang='lat' dir='ltr'><strong>llormisda</strong></span> <span class='ocrx_word' id='word_1_784' title='bbox 2722 5445 2917 5503; x_wconf 83' lang='lat' dir='ltr'><strong>Joanni</strong></span> <span class='ocrx_word' id='word_1_785' title='bbox 2966 5450 3219 5522; x_wconf 84' lang='lat' dir='ltr'><strong>episcopo</strong></span> <span class='ocrx_word' id='word_1_786' title='bbox 3257 5451 3623 5523; x_wconf 76' lang='lat' dir='ltr'><strong>Nieopulitano</strong></span> <span class='ocrx_word' id='word_1_787' title='bbox 3668 5471 3763 5526; x_wconf 92' lang='lat' dir='ltr'><strong>per</strong></span> <span class='ocrx_word' id='word_1_788' title='bbox 3795 5457 3901 5511; x_wconf 82' lang='lat' dir='ltr'><strong>Pu-</strong></span> 
     </span>
    </p>
   </div>
   <div class='ocr_carea' id='block_1_118' title="bbox 2327 5530 2542 5587">
    <p class='ocr_par' dir='ltr' id='par_1_118' title="bbox 2327 5530 2542 5587">
     <span class='ocr_line' id='line_1_119' title="bbox 2327 5530 2542 5587; baseline 0.014 -3"><span class='ocrx_word' id='word_1_789' title='bbox 2327 5530 2542 5587; x_wconf 86' lang='lat' dir='ltr'><strong>lionetn.</strong></span> 
     </span>
    </p>
   </div>
   <div class='ocr_carea' id='block_1_119' title="bbox 2397 5642 3895 5729">
    <p class='ocr_par' dir='ltr' id='par_1_119' title="bbox 2397 5642 3895 5729">
     <span class='ocr_line' id='line_1_120' title="bbox 2397 5642 3895 5729; baseline 0.013 -34"><span class='ocrx_word' id='word_1_790' title='bbox 2397 5642 2709 5701; x_wconf 86' lang='lat' dir='ltr'><strong>Litterarum</strong></span> <span class='ocrx_word' id='word_1_791' title='bbox 2740 5663 2872 5716; x_wconf 83' lang='lat' dir='ltr'><strong>quas</strong></span> <span class='ocrx_word' id='word_1_792' title='bbox 2900 5649 3141 5708; x_wconf 79' lang='lat' dir='ltr'><strong>direxisti</strong></span> <span class='ocrx_word' id='word_1_793' title='bbox 3173 5655 3360 5721; x_wconf 84' lang='lat' dir='ltr'><strong>series,</strong></span> <span class='ocrx_word' id='word_1_794' title='bbox 3389 5665 3443 5712; x_wconf 92' lang='lat' dir='ltr'><strong>et</strong></span> <span class='ocrx_word' id='word_1_795' title='bbox 3480 5660 3750 5729; x_wconf 76' lang='lat' dir='ltr'><strong>expositio</strong></span> <span class='ocrx_word' id='word_1_796' title='bbox 3793 5671 3895 5714; x_wconf 85' lang='lat' dir='ltr'><strong>tu.e</strong></span> 
     </span>
    </p>
   </div>
   <div class='ocr_carea' id='block_1_120' title="bbox 2320 5733 3890 5818">
    <p class='ocr_par' dir='ltr' id='par_1_120' title="bbox 2320 5733 3890 5818">
     <span class='ocr_line' id='line_1_121' title="bbox 2320 5733 3890 5818; baseline 0.013 -33"><span class='ocrx_word' id='word_1_797' title='bbox 2320 5733 2435 5787; x_wconf 84' lang='lat' dir='ltr'><strong>lidei</strong></span> <span class='ocrx_word' id='word_1_798' title='bbox 2481 5738 2802 5793; x_wconf 73' lang='lat' dir='ltr'><strong>conveniens</strong></span> <span class='ocrx_word' id='word_1_799' title='bbox 2847 5739 2991 5796; x_wconf 78' lang='lat' dir='ltr'><strong>sedis</strong></span> <span class='ocrx_word' id='word_1_800' title='bbox 3027 5745 3332 5812; x_wconf 62' lang='lat' dir='ltr'><strong>apostolica:</strong></span> <span class='ocrx_word' id='word_1_801' title='bbox 3372 5747 3612 5818; x_wconf 74' lang='lat' dir='ltr'><strong>iudiciis,</strong></span> <span class='ocrx_word' id='word_1_802' title='bbox 3666 5759 3890 5807; x_wconf 84' lang='lat' dir='ltr'><strong>nostros</strong></span> 
     </span>
    </p>
   </div>
  </div>
