4262 6264
374 315 480 370 395

1581 301 1938 361 EPISTOLIE
1977 300 2067 360 er
2107 280 2451 359 occasu;

3548 293 3655 351 39a

372 426 584 481 annuos
619 421 897 480 relcvavit.
930 420 1034 478 τοι
1060 419 1267 476 incitati
1308 416 1520 488 gaudiis
1567 416 1806 472 contenti
1854 429 1961 471 non
1988 414 2044 480 Α
2069 413 2264 468 tientes
2311 410 2426 466 sedi
2476 410 2805 479 apostolicae,
2852 423 3037 467 eorum
3071 409 3285 465 nomina
3329 407 3471 462 inter
3501 422 3654 463 sacra

373 520 592 581 luimus.
629 518 729 571 nisi
756 532 850 587 per
883 516 1157 571 l‘ulionem
1196 511 1545 584 (Polionem),
1577 511 1965 568 subdiaconum

376 612 632 668 Ecclesia:
666 610 922 664 Romanae
943 650 957 673 ,
992 608 1119 679 quid
1170 606 1381 677 plenius
1403 606 1545 661 circa
1577 620 1674 661 vos
1700 610 1965 675 ageretur

373 716 698 772 cupercmus
726 714 1053 770 agnoscere;
1088 712 1415 771 magnopere
1452 697 1575 766 quia
1616 696 1669 751 in
1701 696 1966 751 relatione

372 797 751 865 episcoporum
798 792 900 847 sub
938 791 1275 846 ordinatione
1316 790 1555 846 caritatis
1609 789 1965 861 tuteIdegen-

373 891 531 955 tium,
566 902 672 941 non
713 886 960 940 universa
1008 898 1126 953 qua:
1176 883 1244 939 ad
1274 882 1639 937 ecclesiastica
1670 882 1964 937 constituta

370 981 668 1054 pertinent,
710 978 850 1033 sicut
891 976 943 1031 in
988 985 1187 1041 vestra,
1239 976 1491 1045 leguntur
1539 974 1819 1030 evidenter
1866 989 1960 1030 ex-

369 1088 581 1146 pressa.
615 1069 770 1126 Unde
807 1075 863 1124 et
906 1081 1002 1137 pro
1030 1075 1212 1122 nostra
1242 1065 1631 1130 sollicitudine,
1660 1075 1714 1120 et
1744 1065 1961 1119 illorum

369 1164 577 1234 integra
597 1162 878 1218 nobiseum
907 1158 1315 1228 conjunctione,
1334 1166 1361 1196 ι
1381 1157 1619 1213 libellum
1643 1156 1959 1219 direximus.

368 1256 424 1312 in
455 1270 563 1326 quo
588 1269 683 1309 eos
712 1260 927 1322 oportet
954 1250 1154 1307 debere
1179 1248 1679 1320 subscribere,quia
1698 1257 1750 1303 et
1775 1262 1964 1304 omnes

368 1336 686 1403 sacerdotes
706 1352 1009 1400 vestrarum
1042 1343 1295 1414 partium,
1336 1341 1427 1412 qui
1467 1342 1532 1395 ad
1564 1341 1707 1395 sedis
1746 1349 1965 1407 aposto-

371 1438 493 1495 lica:
532 1435 972 1491 communionem
997 1431 1211 1505 :rcversi
1257 1441 1400 1499 sunt,
1436 1431 1488 1486 in
1516 1431 1704 1487 eadem
1753 1429 1962 1499 proles-

369 1514 525 1586 sione
546 1529 1004 1597 s:.bscripserunt.
1031 1526 1135 1581 Ista
1164 1524 1383 1590 caritas,
1412 1524 1509 1578 ista
1537 1522 1838 1579 communis
1877 1536 1964 1576 sa-

370 1626 498 1682 Iutts
524 1623 778 1678 excitavit
817 1620 1062 1685 ambitio,
1096 1617 1241 1689 quod
1292 1616 1455 1672 credo
1482 1623 1537 1670 et
1567 1614 1959 1670 fraternitatem

370 1734 607 1777 veStratn
638 1727 914 1788 gratanter
954 1715 1218 1784 accipere,
1259 1712 1382 1782 quia
1434 1710 1523 1765 ubi
1560 1710 1628 1764 de
1660 1709 1960 1763 animarum

372 1817 545 1869 salute
594 1828 681 1867 res
728 1813 938 1882 agitur,
988 1808 1153 1866 studii
1204 1808 1280 1863 tui
1326 1806 1408 1861 vel
1451 1804 1766 1860 intentionis
1795 1804 1961 1860 debes
1992 1800 2043 1862 Β

372 1922 594 1974 operam
623 1902 989 1968 commodare,
1018 1912 1077 1957 ut
1102 1899 1472 1957 antecedendo
1501 1898 1731 1954 fructum
1774 1898 1840 1953 de
1870 1897 1962 1953 tali

374 1999 553 2069 possis
584 1982 738 2052 laude
764 1997 1060 2065 percipere.
1086 1994 1363 2049 Pulionem
1393 1993 1705 2064 praedictum
1738 2008 1861 2048 cum
1884 2006 1966 2047 re-

374 2089 589 2158 scriptis
632 2088 871 2143 caritatis
910 2093 1105 2142 vestra:
1153 2085 1218 2141 ad
1266 2101 1388 2154 nos,
1427 2085 1646 2154 iuvante
1689 2085 1821 2151 Deo,
1864 2085 1966 2140 sub

376 2180 653 2235 celeritate
696 2178 970 2243 remittite,
1026 2187 1291 2247 quatenus
1334 2176 1602 2232 desideria
1645 2184 1827 2231 nostra
1871 2177 1964 2231 ditt

298 2284 301 2287 ‘
376 2286 640 2339 suspensa
680 2286 798 2325 esse
843 2285 949 2325 non
996 2269 1223 2340 possint.
1259 2268 1389 2324 Data
1429 2284 1523 2324 xui
1568 2269 1672 2324 cal.
1708 2268 1961 2325 Decemb.

376 2363 552 2434 (anno
610 2362 816 2417 Domini
871 2362 1033 2431 516),
1095 2361 1256 2417 Petro
1306 2361 1427 2416 viro
1480 2360 1785 2418 clarissimo
1832 2374 1964 2416 con-

376 2455 512 2509 su'e.

900 2543 1185 2603 REGULA
1228 2544 1433 2602 FIDE].

449 2639 626 2694 Prima
653 2639 801 2694 salus
830 2646 915 2693 est
935 2640 1174 2709 regulam
1204 2647 1367 2693 rectae
1392 2636 1515 2693 tidei
1538 2636 1831 2703 custodire,
1856 2646 1909 2693 et
1935 2652 1964 2693 a

373 2732 683 2787 constitutis
732 2732 946 2786 Patrum
996 2731 1304 2787 nullatenus
1348 2731 1583 2786 deviare.
1616 2730 1681 2785 Et
1707 2731 1830 2799 quia
1859 2745 1965 2785 non

377 2834 558 2894 potest
600 2823 806 2878 Domini
868 2824 1034 2879 nostri
1065 2822 1192 2878 Iesu
1220 2822 1421 2878 Christi
1452 2822 1795 2891 praetermitti
1840 2838 1967 2877 sen-

378 2918 546 2972 tentia
600 2917 828 2972 dicentis
856 2935 868 2970 :
901 2915 979 2970 Tu
1008 2933 1059 2970 es
1088 2914 1295 2980 Petrus,
1327 2925 1372 2970 et
1400 2933 1550 2985 super
1597 2915 1731 2968 hanc
1771 2925 1967 2987 petram

376 3010 643 3073 wdiﬁcabo
675 3007 957 3063 Ecclesium
986 3024 1169 3071 meam,
1201 3018 1332 3071 etc.,
1360 3006 1477 3061 haec
1510 3022 1629 3076 qua:
1666 3007 1805 3061 dicta
1842 3014 1969 3063 sunt

376 3118 556 3157 rerum
588 3102 885 3172 probantur
913 3100 1216 3167 elfectihus,
1251 3100 1372 3170 quia
1405 3101 1457 3154 in
1499 3099 1628 3154 sede
1671 3099 1963 3169 apostolica

374 3170 715 3252 immaculata
747 3204 829 3249 est
851 3208 1065 3263 semper
1092 3202 1308 3247 servata
1340 3191 1551 3262 religio.
1596 3191 1676 3246 Ab
1708 3191 1807 3245 hac
1837 3206 1965 3261 ergo
1990 3170 2039 3234 θ

375 3304 474 3357 5pc
502 3300 554 3342 et
579 3286 685 3342 lide
708 3286 948 3355 separari
979 3284 1196 3338 minime
1226 3283 1528 3351 cupientes,
1559 3289 1613 3337 et
1644 3280 1858 3336 Patrum
1886 3296 1969 3337 se-

375 3389 602 3451 quentes
654 3381 708 3433 in
758 3377 1007 3433 omnibus
1064 3375 1392 3446 constituta,
1450 3376 1968 3431 anathematizamus

373 3488 566 3528 omnes
615 3472 920 3540 haereticos,
972 3469 1243 3539 prazcipue
1280 3468 1583 3524 Nestorium
1630 3471 1964 3534 haereticum,

374 3568 467 3636 qui
496 3565 769 3636 quondam
815 3563 1426 3636 Constantinopolitanae
1455 3562 1551 3616 fuit
1583 3562 1730 3618 urbis
1758 3563 1971 3633 episco-

374 3672 497 3729 pus,
520 3656 807 3710 damnatus
836 3656 887 3709 in
915 3654 1146 3710 concilio
1177 3653 1497 3726 Ephesinoa
1514 3654 1810 3710 Caelestino
1833 3669 1967 3725 papa

375 3750 522 3804 urbis
542 3750 755 3814 Romae,
778 3756 833 3803 et
851 3761 881 3802 a
903 3758 1091 3803 sancto
1107 3744 1309 3815 Cyrillo
1332 3746 1709 3802 Alexandrina:
1735 3748 1969 3804 civitatis

376 3841 637 3895 antistite.
686 3838 802 3895 Una
833 3854 953 3894 cum
984 3840 1104 3908 ipso
1133 3837 1648 3894 auathematizantes
1692 3838 1966 3909 Eutyche-

373 3942 482 3988 tem
508 3942 565 3986 et
587 3932 897 3987 Dioscorum
932 3930 1374 3995 Alexandrinum,
1417 3929 1470 3984 in
1516 3942 1700 3985 sancta
1732 3930 1966 4001 synodo,

372 4038 536 4097 quam
554 4024 833 4094 sequimur
853 4031 907 4078 et
936 4022 1331 4094 amplectimur,
1358 4019 1791 4078 Chalcedonensi
1812 4021 1970 4076 dam-

372 4127 556 4173 natos.
588 4115 683 4171 His
712 4114 1057 4170 Timotheum
1086 4113 1405 4183 adjicientes
1437 4112 1784 4184 parricidam,
1814 4114 1969 4170 Ᾱέιιιο

374 4222 495 4265 rum
527 4216 911 4277 cognomento,
940 4216 995 4263 et
1021 4206 1343 4276 discipulum
1387 4220 1602 4276 quoque
1642 4206 1759 4277 ejus
1806 4215 1970 4277 atque

376 4282 665 4370 sequacem
703 4297 943 4366 Petrum,
977 4298 1068 4353 vel
1099 4298 1379 4365 Acacium,
1409 4297 1501 4368 qui
1527 4298 1581 4352 in
1603 4311 1789 4352 eorum
1820 4312 1971 4352 com-

376 4393 652 4449 munionis
683 4392 944 4447 societate
974 4390 1300 4462 permansit;
1329 4389 1453 4461 quia
1474 4404 1701 4461 quorum
1732 4406 1972 4447 se.eom-

376 4488 620 4544 munioni
652 4488 885 4555 miscuit,
913 4488 1126 4543 illorum
1154 4485 1386 4542 similem
1430 4487 1628 4542 meruit
1664 4486 1718 4541 in
1746 4486 1970 4541 damna-

376 4583 529 4637 tione
556 4582 901 4638 sententiam.
946 4581 1165 4637 Petrum
1197 4579 1549 4635 nihilominus
1575 4579 1966 4636 Antiochenam

375 4675 697 4729 damnantes
740 4689 863 4730 cum
905 4673 1225 4746 sequacibus
1257 4672 1392 4739 suis,
1426 4680 1481 4728 et
1514 4672 1752 4729 omnium
1774 4686 1967 4743 supra-

374 4767 724 4837 scriptorum.

446 4860 787 4930 Quapropter
814 4859 1137 4928 suscipimus
1179 4868 1234 4915 et
1263 4857 1619 4929 approbamus
1641 4870 1829 4912 omnes
1857 4857 1969 4926 epi-

374 4952 543 5006 stolas
588 4952 784 5007 Leonis
836 4966 1017 5021 papae,
1066 4952 1344 5007 universas
1399 4966 1531 5022 quas
1585 4950 1653 5005 de
1707 4949 1970 5020 religione

372 5043 681 5098 Christiana
708 5043 1053 5113 conscripsit.
1087 5043 1258 5108 Unde,
1305 5042 1446 5097 sicut
1476 5032 1849 5112 praedixnmus,
1879 5054 1967 5096 se-

372 5144 606 5205 quentes
648 5137 700 5190 in
744 5137 996 5192 omnibus
1041 5137 1390 5206 apostolicam
1433 5135 1640 5201 sedem,
1675 5143 1729 5190 et
1772 5132 1968 5204 praedi-

373 5238 565 5282 cantes
607 5228 724 5297 ejus
766 5228 946 5282 omnia
977 5229 1289 5299 constituta,
1323 5242 1484 5299 spero
1513 5236 1572 5282 ut
1595 5225 1649 5281 in
1681 5240 1784 5281 una
1812 5240 1965 5282 com-

373 5319 633 5374 munione
662 5320 962 5384 vobiscum,
995 5335 1153 5389 quam
1180 5321 1340 5376 sedes
1368 5319 1661 5390 apostolica
1689 5319 1964 5389 pradicat,

375 5426 501 5467 esse
536 5427 767 5477 merear,
802 5413 856 5466 in
884 5427 987 5482 qua
1016 5421 1101 5467 est
1130 5413 1334 5483 integra
1369 5420 1420 5466 et
1451 5425 1617 5466 verax
1644 5410 1967 5467 Christianas

373 5503 660 5572 religionis
687 5503 953 5559 soliditas.
992 5503 1317 5559 Promittens
1345 5503 1507 5558 etiam
1548 5511 1917 5574 sequestratos
1936 5518 1966 5559 a

370 5597 761 5653 communione
779 5597 1037 5653 Ecclesiae
1060 5598 1362 5666 catholicae,
1393 5597 1445 5653 id
1465 5605 1570 5665 est,
1596 5611 1702 5653 non
1733 5612 1969 5654 consen-

366 5750 367 5753 η
395 5780 409 5783 ᾼ
450 5718 479 5747 ι
510 5708 663 5764 Hunc
692 5710 928 5765 libellum
960 5710 1050 5779 qni
1093 5711 1175 5767 his
1217 5712 1412 5767 litteris
1439 5712 1785 5783 iungebatur,
1817 5729 1970 5769 eum-

373 5780 505 5837 dem
535 5796 658 5837 esse
687 5789 943 5851 putamus
971 5796 1128 5851 quem
1162 5798 1228 5837 xv
1260 5780 1511 5840 calendas
1558 5785 1756 5853 Aprilis
1784 5784 1968 5843 datum

715 5874 971 5939 ΡΑτιιοι.
986 5917 1000 5934 .
1048 5873 1270 5939 LXIII.

1995 4545 2050 4606 D

2071 521 2178 561 non
2206 519 2327 560 esse
2357 503 2627 559 recitanda
2661 505 2933 575 mysteria,
2968 503 3116 558 Hanc
3155 510 3333 555 autem
3365 499 3654 567 professio-

2072 611 2191 652 nem
2215 611 2388 650 meam
2408 610 2569 649 manu
2592 594 2801 665 propria
2831 594 3144 662 subscripsi,
3159 601 3212 647 et
3235 590 3329 645 tibi
3352 589 3654 649 Hormisdc

2069 698 2255 744 saneto
2295 698 2348 745 et
2396 688 2685 744 venerabili
2716 703 2866 758 papae
2900 687 3049 742 urbis
3085 686 3268 740 Roma:
3294 684 3482 740 obtuli.
3520 685 3654 737 Data

2069 796 2141 835 xv
2170 780 2273 835 cal.
2311 778 2511 849 Aprilis
2541 777 2703 852 (anno
2731 778 2938 832 Domini
2964 777 3115 846 517),
3148 776 3372 845 Agapito
3395 773 3514 830 viro
3540 773 3655 829 cla-

2070 872 2288 929 rissimo
2316 872 2557 928 consule.

2689 960 3051 1016 INDICULUS

2457 1071 2557 1109 PER
2586 1069 2847 1109 PULIONEM
2871 1065 3252 1107 SUBDIACONUI.

2224 1170 2360 1237 Quid
2389 1169 2443 1223 in
2475 1168 2845 1240 Nicopolitana
2871 1166 3104 1221 Ecclesia
3123 1166 3188 1219 sit
3218 1164 3493 1235 agendum.

2138 1284 2271 1339 Cum
2303 1282 2398 1338 Dei
2426 1282 2696 1351 adjutorio
2740 1290 2794 1337 et
2825 1280 3159 1335 orationibus
3189 1288 3497 1335 sanctorum
3520 1292 3651 1349 apo-

2066 1376 2327 1431 stolorum
2360 1374 2502 1430 Petri
2524 1381 2581 1432 et
2603 1373 2753 1429 Pauli
2777 1374 3000 1428 veniens
3037 1372 3353 1442 Nicopolim,
3380 1371 3461 1427 sic
3484 1369 3651 1427 debes

2065 1484 2248 1540 agere,
2280 1477 2342 1525 ut
2361 1477 2645 1539 postquam
2675 1467 2965 1537 episcopus
2990 1466 3395 1536 Nicopolitanus
3429 1479 3653 1536 accepe-

2065 1565 2137 1619 rit
2168 1564 2375 1620 litteras
2404 1572 2643 1630 nostras,
2672 1563 2976 1632 episcopos,
3026 1574 3161 1630 quos
3201 1560 3254 1615 in
3284 1573 3380 1613 sua
3418 1560 3653 1629 parmcia

2067 1655 2251 1721 habet,
2300 1655 2537 1725 colligat,
2572 1663 2627 1711 et
2654 1653 2815 1709 faciat
2842 1651 3182 1708 subscribere
3214 1649 3454 1706 libellum
3491 1666 3653 1721 quem

2068 1750 2122 1805 in
2143 1750 2388 1821 epistolis
2432 1750 2547 1805 suis
2594 1747 2758 1804 habet
2784 1760 3075 1802 annexum.
3129 1745 3188 1802 Si
3237 1754 3413 1800 tamen
3460 1743 3655 1799 dixerit

2071 1843 2361 1914 praedictus
2383 1842 2675 1913 episcopus
2696 1856 2819 1897 esse
2846 1839 3174 1896 laboriosum
3206 1839 3486 1909 episcopos
3512 1837 3655 1893 colli—

2066 1951 2219 2007 gere,
2245 1935 2438 2006 dirigat
2470 1943 2647 1991 tecum
2680 1948 2940 2005 personas
2960 1946 3058 2004 per
3088 1933 3327 2003 singulos
3349 1932 3653 2001 episcopos,

2070 2038 2130 2083 ut
2162 2036 2214 2082 te
2242 2034 2507 2097 prasente
2530 2026 2877 2083 subscribant
2903 2025 3217 2096 praedictum
3265 2024 3528 2079 libellum.
3561 2023 3655 2078 Sic

2070 2129 2247 2174 tamen
2267 2134 2389 2174 cum
2410 2119 2509 2175 Dei
2528 2118 2896 2179 misericordia
2924 2119 3101 2175 facere
3125 2116 3315 2181 debes,
3341 2126 3399 2171 ut
3413 2116 3656 2186 epistolas

2068 2228 2190 2284 quas
2217 2229 2244 2268 a
2273 2212 2428 2269 nobis
2471 2213 2651 2269 missa
2680 2222 2807 2269 sunt
2836 2212 3045 2283 publice
3077 2212 3355 2283 legantur;
3387 2221 3473 2266 aut
3504 2213 3546 2265 si
3577 2211 3655 2264 vi-

2069 2305 2214 2360 deris
2242 2319 2351 2375 pra:
2375 2304 2573 2361 timore
2602 2304 2707 2360 hoc
2744 2305 3033 2375 episcopos
3063 2304 3240 2360 facere
3272 2303 3435 2367 nolle,
3467 2304 3655 2357 saltem

2069 2397 2283 2453 clericis
2311 2397 2424 2453 suis
2458 2396 2577 2453 haec
2607 2397 2892 2468 relegant:
2924 2412 3046 2467 quae
3088 2404 3267 2451 tamen
3318 2396 3372 2450 in
3417 2395 3654 2465 ipsorum

2069 2490 2280 2547 dimitte
2312 2498 2656 2561 potestatem,
2687 2499 2741 2546 et
2766 2489 2967 2559 scripta
3008 2489 3401 2560 episcOporum,
3431 2499 3484 2542 et
3515 2488 3659 2544 illius

2069 2582 2335 2652 episcopi,
2365 2582 2468 2638 hoc
2499 2591 2583 2638 est
2613 2582 2837 2637 Joannis
2868 2579 3287 2651 metropolitani,
3321 2579 3385 2633 ad
3409 2594 3507 2634 nos
3536 2594 3657 2634 eum

2070 2677 2166 2733 Dei
2221 2676 2590 2733 misericordia
2643 2685 2878 2747 reporta.
2925 2676 3055 2732 Post
3100 2678 3201 2731 hoc
3247 2672 3439 2729 factum
3481 2674 3657 2730 nullas

2069 2784 2252 2826 moras
2300 2781 2351 2826 te
2394 2771 2643 2827 volumus
2673 2770 2872 2826 ibidem
2913 2769 3123 2837 facere,
3172 2777 3390 2840 propter
3434 2768 3657 2824 insidias

2068 2874 2125 2919 et
2172 2863 2494 2919 calliditates
2545 2863 2908 2920 inimicorum.
2940 2861 3045 2917 Per
3091 2860 3346 2916 Joannem
3381 2860 3655 2915 diaconum

2068 2972 2203 3027 ’Μ’
2699 3026 3030 3084 EPISTULA

2166 3134 2310 3191 um
2338 3133 2571 3177 EPISCOPI
2600 3133 2909 3178 vtsnnensts
2935 3136 3004 3176 so
3033 3124 3339 3176 scalisaut
3365 3135 3557 3177 PAPAI.

2077 3229 2379 3286 Gratulatur
2418 3232 2483 3286 de
2518 3233 2844 3288 conversione
2888 3233 3267 3302 provinciarum
3302 3233 3585 3289 Dardania:
3608 3246 3658 3293 et

2145 3322 2370 3395 Illyrici,
2401 3326 2623 3395 petitque
2643 3335 2698 3380 ut
2719 3326 2901 3380 certior
2926 3326 3018 3395 ﬁat
3045 3325 3110 3381 de
3128 3341 3363 3383 successu
3385 3327 3654 3400 legationis

2144 3415 2637 3488 ConstantinOpolim
2666 3418 2851 3472 missce.

2148 3510 2376 3566 Domino
2390 3513 2589 3567 sanctis
2606 3510 2810 3566 meritis
2829 3506 3346 3582 prazcellentissimo,
3369 3512 3420 3566 in
3442 3509 3660 3567 Christo

2072 3601 2568 3671 gloriosissimoet
2618 3604 2911 3673 apostolica
2964 3604 3093 3660 sede
3137 3604 3451 3674 dignissimo
3507 3618 3659 3674 papas

2073 3690 2373 3747 Hormisdae
2394 3696 2604 3749 Avitus.

2148 3782 2283 3840 Dum
2317 3786 2591 3855 religionis
2627 3787 2893 3855 (lIabctur
2942 3788 3058 3842 ord.
3101 3788 3168 3842 87
3208 3790 3263 3843 in
3316 3789 3448 3844 edit.
3490 3789 3656 3848 Sirm.

2072 3889 2215 3931 anno
2244 3876 2601 3947 1645)statui
2656 3890 2710 3934 et
2758 3880 2930 3949 plenis
2979 3880 3257 3935 catholica:
3301 3882 3425 3937 ﬁdei
3460 3884 3658 3953 regulis

2071 3969 2380 4038 perspicitis
2404 3970 2718 4038 convenire,
2754 3979 2811 4026 ut
2836 3987 3049 4042 gregem
3093 3988 3189 4042 per
3221 3980 3329 4029 tota
3362 3975 3513 4030 vobis
3542 3977 3658 4032 uni-

2071 4059 2301 4117 versalis
2322 4060 2577 4118 Ecclesiae
2616 4063 2857 4119 membra
2895 4067 3241 4121 commissum
3283 4066 3503 4137 pervigil
3532 4083 3657 4123 cura

2071 4163 2271 4208 vestra:
2300 4152 2693 4211 adhortationis
2720 4156 2999 4226 informet,
3026 4168 3131 4215 etc.
3170 4159 3340 4232 (Hanc
3378 4160 3656 4230 epistolam

2072 4243 2252 4314 legere
2282 4253 2366 4300 est
2394 4254 2540 4301 tomo
2579 4245 2719 4313 LIX,
2766 4250 2873 4304 col.
2917 4252 3044 4315 288,
3083 4264 3281 4307 nostrae
3320 4252 3656 4323 Patrologite,

2071 4336 2214 4392 inter
2241 4353 2405 4407 opera
2438 4338 2582 4394 Aviti
2607 4340 2848 4411 episcopi
2886 4342 3250 4413 Viennensis.)

2638 4472 2969 4530 EPISTULA
3018 4477 3086 4531 Χ.

2359 4577 2426 4617 ΑΙ)
2465 4574 2662 4618 AVITUII
2700 4579 3029 4621 VIENNENSEI
3070 4581 3370 4625 εριεοορωι.

2072 4675 2277 4731 Laudat
2305 4678 2360 4732 in
2389 4694 2449 4733 eo
2497 4679 2729 4736 studium
2777 4685 3111 4753 cognoscendi
3146 4684 3210 4736 de
3254 4692 3391 4737 statu
3416 4684 3659 4741 Ecclesia

2149 4767 2457 4838 Orientalis,
2489 4787 2521 4824 a
2551 4772 2731 4842 legatis
2754 4784 2923 4826 autem
2962 4774 3022 4827 ob
3069 4773 3338 4843 perﬁdiam
3368 4773 3659 4833 Graecorum

2148 4859 2281 4915 nihil
2309 4866 2587 4933 perfectum
2610 4862 2769 4931 fuisse
2794 4864 3001 4928 scribit;
3021 4865 3073 4917 in
3097 4864 3266 4918 animo
3286 4866 3380 4919 sibi
3406 4882 3511 4921 esse
3530 4869 3659 4923 alte-

2150 4968 2260 5005 ram
2280 4954 2348 5005 ad
2374 4953 2490 5008 illos
2514 4954 2816 5028 legationem
2836 4955 3109 5010 destinare.

2072 5080 2077 5081 κ
2150 5042 2431 5100 Hormisda
2459 5047 2746 5118 episcopus
2772 5046 2929 5101 Avito
2974 5049 3227 5119 episcopo
3288 5061 3342 5106 et
3393 5052 3662 5113 universis

2075 5133 2344 5208 episcopis
2374 5138 2660 5209 provinciae
2690 5138 3011 5197 Viennensis
3030 5182 3047 5209 ,
3080 5142 3161 5197 vel
3194 5143 3294 5200 sub
3324 5152 3411 5200 tua
3440 5146 3659 5204 dimcesi

2076 5226 2515 5299 consistentibus.
2694 5216 2717 5239 θ

2074 5360 2077 5363 -
2148 5321 2248 5389 Qui
2278 5321 2343 5376 de
2372 5321 2455 5377 bis
2483 5337 2605 5393 qua:
2645 5323 2711 5378 ad
2757 5323 3092 5396 disciplinam
3135 5327 3454 5383 catholicam
3500 5332 3659 5399 perti-

2078 5422 2210 5470 ucnt
2244 5413 2474 5468 maxime
2504 5414 2679 5469 sciens
2728 5414 2917 5473 instrui
2946 5418 3119 5488 cupit,
3151 5419 3279 5489 quid
3318 5420 3477 5473 studii
3520 5420 3659 5476 circa

2077 5507 2327 5564 mandata
2353 5504 2531 5562 divina
2559 5506 2755 5565 habent
2784 5509 3061 5566 evidenter
3087 5510 3340 5566 ostendit.
3374 5510 3490 5566 Non
3519 5514 3657 5573 enim

2080 5607 2256 5671 potest
2290 5614 2415 5656 esse
2450 5598 2761 5670 huiusmodi
2788 5617 2912 5660 cura
2932 5645 2947 5670 ,
2978 5604 3078 5659 nisi
3120 5604 3208 5658 ubi
3234 5602 3366 5659 ﬁdes
3398 5605 3559 5661 fuerit
3587 5607 3651 5663 in-

2072 5722 2148 5798 dex
2176 5739 2365 5801 codice
2386 5740 2647 5827 Vaticano
2676 5742 2764 5798 hic
2807 5741 2900 5795 tibi
2930 5741 3265 5798 exhibemus.
3300 5743 3427 5798 Ssv.
3464 5745 3641 5801 Btstcs

3310 5878 3384 5937 l3
