4262 6264
584 349 687 404 595

1924 326 2293 396 HOR'MISDE
2333 328 2536 394 ΡΑΡᾸΞ

2395 247 2423 254 -
2559 237 2778 265 57"-..

3752 326 3856 385 596

582 455 779 512 fucata.
813 453 989 527 Atque
1011 452 1133 512 ideo
1157 456 1489 512 exsultamus
1518 452 1569 507 in
1605 452 1828 507 Domino
1858 450 1925 505 de
1947 451 2170 507 sinceri-
2196 453 2251 516 Α
2279 459 2387 509 tate
2408 460 2624 523 quaeest
2652 449 2706 505 in
2740 446 2956 505 Christo
2983 448 3129 505 Je’su.
3156 438 3469 504 {Perniciosa
3502 457 3624 503 sunt
3653 462 3855 505 omnm.

582 556 692 603 tate
723 546 979 616 propositi
1003 548 1073 600 tui
1096 587 1111 613 ,
1141 546 1486 601 dilectissime
1524 542 1707 610 frater,
1740 544 1864 597 dum
1892 552 1943 597 te
1964 558 2166 597 secun-

582 638 706 694 dum
736 638 970 695 directas
1017 652 1112 707 per
1151 637 1398 692 Alexium
1434 638 1799 707 presbyterum
1849 647 2008 707 atque
2061 636 2169 691 Ve-

579 730 821 785 nantium
887 742 1166 781 meonum
1215 728 1420 782 litteras
1467 726 1755 793 intuemur,
1798 737 1849 781 ct
1879 727 1945 781 de
1988 727 2169 797 impiis

519 877 529 883 ,
582 818 1065 890 transgressoribus
1119 818 1414 889 Cutycltete
1483 828 1642 890 atque
1719 818 1964 873 Nestorio
2021 820 2166 873 sedis

582 912 888 983 apostolicrc
928 912 1211 965 constituta
1244 912 1513 976 recolere,
1556 922 1610 966 et
1653 912 1695 967 si
1738 910 1863 981 quid
1906 910 2164 964 adversus

581 1019 676 1056 cos
707 1003 1001 1057 admonitio
1041 1011 1221 1056 nostra
1270 1004 1624 1072 promoverit,
1679 1017 1777 1072 per
1818 1017 1953 1070 quos
1974 1003 2166 1055 Orien-

581 1096 712 1149 tales
746 1095 995 1149 Ecclesiae
1038 1092 1455 1157 confunduntur,
1488 1092 1777 1161 inquirere.
1813 1093 1975 1161 Digna
2007 1092 2165 1161 plane

581 1186 885 1242 sollicitudo
913 1186 1177 1253 fidelibus,
1212 1196 1267 1238 ut
1298 1185 1365 1240 de
1398 1188 1711 1237 miserorum
1743 1184 1983 1252 lapsibus
2012 1185 2166 1253 inge-

582 1280 837 1343 miscant,
889 1285 941 1332 et
989 1276 1089 1344 ipsi
1145 1290 1213 1330 ne
1260 1275 1433 1329 aliena
1487 1275 1795 1343 polluantur
1850 1274 2169 1343 contagione

581 1369 912 1438 provideant.
936 1368 1041 1423 Sed
1067 1383 1133 1421 ne
1162 1382 1261 1421 nos
1286 1366 1501 1434 quidem
1528 1365 1631 1420 hoc
1658 1365 2029 1434 supersedissc
2049 1379 2166 1417 cre-

582 1463 747 1529 datis,
775 1469 833 1513 ot
856 1459 924 1513 ad
956 1458 1196 1513 notitiam
1229 1468 1460 1512 vestram
1479 1496 1496 1521 ,
1530 1456 1575 1510 si
1603 1455 1728 1525 quid
1756 1466 1929 1509 actum
1958 1454 2166 1521 fuisset,

581 1562 896 1622 competens
940 1551 1201 1621 perferret
1242 1551 1543 1604 instructio.
1588 1549 1780 1604 Verum
1828 1549 2066 1602 breviter
2094 1548 2167 1601 si-

579 1644 800 1699 icntium
833 1652 1106 1705 nostrum,
1154 1642 1294 1711 quod
1323 1641 1538 1695 dilectio
1568 1641 1776 1695 mordet
1800 1648 1974 1694 vestra
1994 1680 2009 1704 ,
2043 1654 2170 1708 pur-

579 1748 786 1805 gamus.
818 1733 950 1787 Nam
978 1731 1117 1801 quod
1148 1747 1251 1785 non
1288 1732 1482 1800 satpius
1522 1740 1708 1784 nostra
1741 1730 2043 1785 admonitio
2071 1744 2168 1783 vos

2275 564 2451 611 menta
2486 553 2816 617 nocentium,
2848 560 3007 620 atque
3051 549 3172 605 ideo
3211 549 3434 619 vigilare
3463 563 3560 603 vos
3581 549 3858 613 convenit,

2273 650 2398 717 quia
2441 646 2783 701 adversarius
2813 644 3002 698 salutis
3051 642 3333 706 humanas,
3366 652 3615 710 tanquam
3659 644 3743 695 leo
3776 656 3862 693 ru-

2272 741 2452 810 giens,
2486 739 2679 792 circuit
2708 750 2955 805 qua-rens
2998 750 3153 805 quem
3198 734 3452 801 devoret,
3492 734 3577 789 cui
3630 733 3862 788 resistite

2275 834 2439 887 fortes
2471 832 2519 883 in
2554 830 2694 884 fide:
2728 829 2853 899 quia
2892 827 2994 881 hoe
3047 814 3282 896 speciale
3335 827 3535 881 habent
3579 827 3742 896 patris
3780 826 3861 880 sui

2275 924 2343 979 de
2374 921 2493 977 eteli
2524 936 2647 976 arce
2675 921 2901 989 deiecti,
2939 918 3027 988 qui
3058 919 3280 988 vesﬁgia
3328 917 3444 987 ejus
3488 928 3783 986 sequuntur
3807 924 3863 976 et

2274 1016 2536 1086 diligunt,
2570 1025 2625 1068 ut
2655 1014 2743 1067 illa
2772 1012 3011 1066 veritatis
3043 1011 3159 1065 luce
3203 1011 3425 1081 privati,
3468 1020 3521 1065 et
3559 1012 3694 1065 alios
3732 1026 3864 1081 gau-

2274 1112 2436 1165 deant
2466 1124 2560 1162 sna
2584 1107 2917 1164 obscuritate
2961 1103 3191 1168 fuscari;
3237 1112 3291 1157 et
3330 1118 3450 1157 cum
3497 1102 3864 1171 perversitatis

2273 1216 2386 1255 sum
2421 1214 2604 1268 poenas
2636 1198 2861 1251 inituros
2892 1210 3014 1249 csse
3045 1210 3105 1249 se
3133 1195 3331 1259 sciant,
3363 1193 3633 1248 exsultent
3672 1195 3713 1248 si
3761 1194 3863 1249 mi-

2272 1306 2425 1346 seros
2454 1307 2572 1344 cum
2626 1306 2721 1343 sua
2750 1289 3094 1341 damnatione
3124 1286 3478 1356 conjungant.
3534 1285 3666 1338 Nam
3719 1285 3864 1343 unde

2274 1398 2355 1442 est
2382 1387 2526 1457 quod
2558 1401 2678 1441 cum
2725 1400 2822 1453 pro
2869 1398 3059 1453 magna
3104 1394 3256 1453 parte
3310 1396 3338 1433 a
3377 1380 3726 1435 conterminis
3751 1381 3863 1438 suis

2273 1464 2617 1547 Thracibus;
2651 1476 2942 1542 Dardanis,
2992 1473 3238 1546 lllyricis,
3291 1471 3499 1542 cegnita
3528 1486 3712 1526 eorum
3745 1487 3861 1540 per.

2235 1613 2239 1618 .
2273 1575 2526 1629 versitate
2552 1573 2892 1635 deserantur,
2927 1569 3108 1639 procul
3144 1566 3350 1637 positos
3393 1564 3706 1635 ignorantia:
3732 1578 3861 1631 Spe,
3900 1614 3921 1637 ,ε

2272 1666 2553 1720 fraudibus
2598 1672 2653 1718 et
2698 1663 2861 1717 vat-iis
2885 1662 3087 1715 artibus
3119 1661 3360 1714 nituntur
3398 1657 3638 1722 allicere,
3670 1656 3773 1711 nisi
3806 1665 3862 1716 ut

2273 1760 2481 1827 lucem,
2507 1773 2665 1828 quatit
2694 1757 2792 1826 ipsi
2841 1772 2946 1810 non
2988 1755 3214 1820 habent,
3249 1754 3299 1806 in
3327 1752 3447 1805 aliis
3470 1767 3681 1821 quoque
3702 1750 3860 1818 impia

579 1824 1015 1922 ’feq.l'_°_"‘e"“,’_e
1036 1825 1378 1922 Sof'sciewa
1407 1832 1585 1922 vos?”
1612 1831 1675 1922 Ῡί
1699 1822 1839 1922 and“
1874 1822 2169 1922 stabili?”
2199 1826 2249 1892 Β
2275 1822 2593 1922 contagione
2625 1822 3055 1903 commaculent?
3088 1845 3149 1901 Ut
3199 1855 3375 1900 autem
3416 1860 3534 1915 qua:
3586 1846 3692 1898 sint
3744 1860 3863 1914 par-

579 1918 915 1973 confidimns.
955 1914 1269 1969 Sollicitudo
1310 1914 1662 1984 impendenda
1696 1914 1925 1969 fortasse
1969 1913 2038 1967 sit
2069 1914 2169 1967 du-

578 2009 715 2073 biis;
745 2009 876 2062 satis
905 2016 988 2061 est
1018 2006 1230 2060 vitanda
1258 2005 1523 2060 indirasse
1556 2004 1826 2074 perfectis.
1862 2004 2168 2073 Legationis

580 2115 712 2154 vero
740 2109 968 2161 nostrae,
996 2112 1154 2167 quam
1201 2097 1399 2161 semel,
1448 2112 1550 2150 non
1582 2095 1841 2159 secundo,
1868 2096 2008 2149 sicut
2033 2095 2170 2149 scri-

578 2192 724 2256 bitis,
773 2193 1045 2255 misimus,
1078 2190 1126 2244 si
1153 2190 1359 2244 votivus
1393 2189 1704 2257 contigisset
1746 2196 2004 2255 eventus,
2056 2186 2170 2241 ala-

580 2298 697 2337 cres
741 2282 883 2336 illico
926 2282 1201 2336 vobiscum
1248 2279 1520 2334 fueramus
1550 2278 1852 2333 desiderata
1887 2277 2166 2347 portitori;

580 2376 813 2430 scientes
837 2374 939 2429 hoc
970 2372 1194 2435 rationi,
1219 2371 1321 2424 hoc
1352 2381 1539 2425 nostro
1558 2369 1835 2439 proposito
1856 2368 2169 2430 convenire,

580 2476 643 2520 ut
673 2480 805 2533 quos
834 2462 1122 2533 participes
1152 2460 1524 2514 sollicitudinis
1552 2459 1798 2524 fecimus,
1828 2476 1950 2514 cum
1984 2460 2067 2513 his
2097 2460 2166 2517 de

580 2555 883 2626 integritate
910 2553 1126 2609 unitatis
1153 2552 1350 2623 gaudia
1372 2552 1742 2621 iungeremns.
1773 2536 1877 2608 Sed
1908 2562 2171 2621 quantum

580 2650 645 2705 Id
673 2647 921 2710 Graecos,
964 2639 1060 2700 ore
1109 2646 1289 2717 potius
1335 2646 1625 2717 prreferunt
1656 2648 1800 2714 pztcTs
1829 2656 1974 2709 vota,
2008 2658 2169 2711 quam

579 2751 824 2815 pectore,
866 2748 922 2794 et
962 2741 1251 2808 loquuntur
1298 2738 1467 2806 magis
1512 2736 1679 2805 jnsta,
1721 2752 1877 2806 quam
1925 2721 2167 2790 faciunt:

584 2834 912 2893 verbiSVelle
934 2833 1231 2901 sejactant,
1253 2830 1393 2901 quod
1417 2830 1669 2898 operibus
1697 2829 1840 2883 nolle
1858 2827 2165 2882 declarant:

582 2944 700 2999 quae
740 2929 935 2981 fuerint
979 2923 1235 2995 professi,
1290 2924 1591 2993 negligunt;
1626 2930 1681 2976 et
1728 2938 1845 2990 qua:
1874 2922 2169 2976 damnave-

582 3024 727 3091 rint,
759 3023 874 3083 haec
902 3030 1223 3091 sequuntur.
1257 3017 1390 3072 Nam
1410 3017 1561 3072 unde
1590 3027 1673 3071 est
1707 3016 1883 3086 quod,
1924 3031 2044 3071 cum
2075 3030 2172 3084 per

585 3116 886 3170 Ennodium
932 3113 1150 3168 fratrem
1180 3123 1232 3167 et
1264 3110 1661 3185 coepiscopum
1696 3122 1940 3164 nostrum
1982 3124 2170 3163 sacer-

586 3208 792 3266 dotales
819 3208 966 3262 viros
990 3206 1059 3261 ad
1089 3204 1455 3261 confirmanda
1505 3219 1567 3257 ea
1611 3218 1729 3273 qua:
1761 3204 1919 3258 sedes
1958 3213 2173 3273 aposto-
2200 3203 2248 3268 C

587 3300 687 3357 lica
722 3310 1037 3369 poposcerat
1061 3300 1365 3353 dirccturos
1386 3312 1445 3351 se
1463 3312 1583 3350 esse
1611 3295 2011 3365 promisissent,
2036 3295 2173 3350 mul-

589 3401 641 3444 ta
671 3405 885 3461 quoque
920 3404 1037 3457 quae
1085 3389 1154 3442 ad
1209 3387 1599 3443 correctionem
1653 3388 1933 3456 pravitatis
1987 3402 2099 3443 suae
2142 3403 2172 3443 a

590 3484 744 3539 nobis
768 3480 993 3552 quaesita
1047 3478 1257 3535 fuerant
1300 3478 1651 3548 pollicentes,
1697 3493 1804 3533 non
1848 3478 2022 3533 solum
2066 3493 2172 3533 non

591 3576 869 3646 religiosos
898 3574 1061 3638 viros,
1098 3586 1264 3641 penes
1295 3585 1428 3639 quos
1475 3586 1650 3626 causae
1696 3571 1838 3627 illius
1872 3572 2025 3638 plena
2052 3584 2176 3626 esse

595 3674 778 3736 p0530l
825 3663 1140 3728 instructio,
1165 3661 1455 3716 secundum
1492 3662 1779 3716 constituta
1811 3663 2025 3729 propria
2067 3676 2173 3715 non

592 3762 886 3824 miserunt;
915 3772 1099 3811 verum
1142 3754 1338 3819 etiam,
1370 3752 1525 3824 quasi
1563 3767 1648 3807 res
1680 3766 1839 3823 parva
1858 3762 2169 3823 gereretur,

592 3855 762 3909 laicos
790 3860 845 3907 et
864 3850 1068 3906 alienos
1094 3849 1164 3903 ab
1192 3847 1557 3903 ecclesiastico
1578 3860 1804 3915 corpore
1846 3844 2177 3911 dominantes

594 3949 1020 4019 (Theopompum
1070 3944 1323 3999 comitem
1358 3941 1776 3995 domesticorum
1827 3946 1884 3993 et
1924 3937 2175 3993 Severia-

595 4056 722 4095 num
751 4039 1001 4093 contitem
1027 4035 1168 4091 sacri
1195 4030 1526 4099 consistorii)
1548 4045 1651 4083 non
1675 4044 1735 4084 se
1764 4029 2087 4083 studuerunt
2108 4028 2177 4083 de

519 4194 531 4204 _
593 4145 770 4196 cteno,
803 4143 907 4197 quo
936 4124 1171 4181 immersi
1198 4130 1468 4186 tenentur,
1493 4121 1741 4175 evolvere
1760 4160 1774 4183 ,
1800 4134 1984 4175 verum
2014 4121 2176 4175 etiam

595 4219 874 4277 catholica:
925 4216 1047 4271 fidei
1095 4215 1389 4291 claritatem
1424 4212 1714 4281 fulgentem
1744 4225 1837 4265 sua
1858 4255 1873 4280 ,
1907 4210 2049 4281 quod
2083 4210 2179 4265 ab-

595 4314 699 4377 sit,
727 4327 786 4367 se
815 4323 970 4379 po-se
1007 4307 1354 4363 crediderunt
1397 4304 1726 4359 obscuritate
1776 4301 2023 4357 fuscare?
2055 4301 2180 4356 llaec

594 4403 694 4460 fuit
721 4401 885 4459 nostri
917 4413 1077 4454 causa
1105 4396 1335 4461 silentii,
1368 4411 1524 4463 quam
1574 4410 1670 4448 vos
1696 4407 1912 4462 quoque
1952 4393 2179 4463 Spiritali

594 4496 749 4552 vobis
774 4491 1055 4564 prudentia
1079 4488 1349 4543 revelante
1374 4485 1603 4539 vidistis.
1633 4484 1769 4549 Quid
1798 4485 1943 4538 enim
1978 4484 2046 4537 de
2077 4482 2178 4536 hac

595 4602 755 4644 causa
800 4592 1039 4655 poteram
1076 4580 1292 4634 directs
1344 4576 1535 4631 litteris
1586 4575 1863 4637 indicare,
1916 4588 2075 4640 quam
2126 4574 2177 4626 in
2206 4576 2261 4637 1)

594 4692 736 4737 statu
762 4694 861 4733 suo
888 4677 1131 4731 videbam
1162 4674 1351 4727 duram
1384 4669 1732 4742 pertinaciter
1759 4668 2030 4722 custodire
2061 4681 2183 4734 per-

595 4770 814 4826 fidiam?
842 4768 976 4823 Novi
1022 4766 1199 4819 exitus
1241 4762 1483 4816 sollicita:
1522 4759 1857 4829 diligentiam
1901 4756 2181 4812 relationis

597 4863 897 4932 inquirunt.
921 4860 1019 4926 Qui
1045 4857 1111 4912 de
1140 4857 1301 4911 rebus
1333 4854 1564 4923 cognitis
1594 4852 1723 4905 nihil
1754 4850 1953 4906 indicat
1972 4888 1987 4914 ,
2012 4850 2181 4903 abun-

597 4958 664 5010 de
694 4955 747 5008 in
779 4962 918 5006 statu
943 4965 1040 5005 suo
1071 4962 1287 5003 manere
1327 4949 1502 5016 priora
1529 4945 1785 5000 declarat.
1815 4943 2174 5011 Quapropter,

596 5044 945 5101 dilectissime
971 5040 1153 5106 frater,
1170 5051 1227 5093 et
1256 5048 1350 5093 vos
1369 5037 1725 5108 pra-sentibus
1749 5035 2025 5090 hortamur
2044 5034 2177 5089 allo-

597 5145 738 5216 quiis
760 5185 774 5209 ,
800 5150 856 5197 ct
886 5157 977 5209 per
998 5154 1093 5194 vos
1118 5153 1353 5209 quoque,
1382 5139 1505 5209 quia
1524 5134 1747 5233 pensio
1760 5132 1883 5187 data
1904 5141 2016 5193 est.
2042 5132 2177 5185 alios

600 5257 695 5310 per
717 5239 944 5301 Gallias,
972 5250 1107 5305 quos
1138 5233 1269 5288 fides
1298 5233 1480 5285 eadem
1516 5225 1790 5283 iiobiscum
1814 5225 2172 5303 amplectitur,

598 5332 969 5396 admonemus,
1016 5326 1332 5396 promissam
1350 5330 1404 5377 et
1432 5321 1711 5374 amabilem
1750 5315 2005 5371 Deolidei
2056 5328 2175 5371 ser-

601 5439 729 5479 vare
766 5420 1155 5486 constantiam,
1195 5426 1249 5471 et
1290 5423 1746 5483 transgressorum
1798 5410 2059 5464 societate
2084 5408 2181 5463 de-

597 5519 823 5581 clinatt,
878 5512 1232 5570 constantiam
1293 5517 1523 5563 vestram
1594 5504 1685 5558 nni
1739 5504 1859 5557 viro
1915 5501 2177 5570 virginem

601 5618 834 5671 castam,
862 5600 1397 5672 sicntspopondistjs,
1431 5595 1687 5651 exhibere
1706 5594 1946 5647 Christe.
1987 5592 2054 5646 Et
2089 5606 2183 5646 ca-

601 5709 724 5754 vete
752 5715 817 5753 nc
840 5740 854 5762 ,
886 5699 1021 5751 sicut
1052 5708 1271 5763 serpens
1297 5678 1463 5745 Evam
1491 5686 1702 5741 seduxit
1731 5687 1922 5753 astutia
1951 5698 2076 5749 sua,
2106 5682 2179 5735 ita

600 5805 762 5848 sensu
783 5791 1080 5853 aliquorum
1106 5792 1511 5853 corrumpantur
1536 5795 1563 5833 a
1592 5778 1934 5846 simplicitate
1953 5785 2004 5829 et
2022 5772 2181 5829 casti-

2278 1946 2407 1998 tium
2435 1958 2618 1999 earum
2667 1940 2840 1995 studia
2875 1940 3091 2008 possitis
3122 1954 3442 2008 agno-cere;
3490 1937 3666 2006 plures
3692 1938 3861 1993 Thra-

2278 2053 2432 2100 cum,
2480 2037 2605 2090 licet
2646 2030 3079 2104 persi~quentium
3128 2030 3428 2085 incursibus
3458 2039 3774 2093 attcrantur,
3807 2029 3860 2084 in

2276 2139 2459 2184 nostra
2489 2140 2663 2185 tamen
2691 2126 3070 2182 communione
3110 2124 3431 2193 persistunt,
3479 2124 3710 2176 scientes
3743 2121 3861 2176 fieri

2278 2224 2436 2279 fidem
2468 2239 2561 2291 per
2595 2212 2824 2277 adversa
2875 2220 3180 2275 clariorem.
3229 2216 3491 2271 Dardania
3541 2224 3593 2270 et
3624 2213 3862 2285 lllyricus

2274 2318 2452 2371 vLcina
2476 2315 2763 2369 Pannonia)
2786 2329 2815 2367 a
2849 2313 3023 2381 nobis,
3049 2310 3186 2381 quod
3217 2309 3327 2378 jam
3373 2308 3595 2362 fecimus
3639 2306 3727 2359 ubi
3771 2321 3862 2360 nc-

2273 2411 2565 2466 cessatium
2598 2412 2715 2473 fuit,
2744 2418 2800 2462 ut
2831 2407 2929 2462 sibi
2958 2404 3194 2475 episcopi
3218 2402 3771 2468 ordinarenturexpet
3793 2400 3862 2465 it;

2274 2503 2328 2557 in
2347 2512 2549 2556 tantum
2573 2515 2632 2555 se
2658 2515 2686 2553 a
2717 2497 3092 2554 communione
3117 2494 3441 2562 perditorum
3471 2506 3719 2560 separare
3736 2506 3861 2560 gau-

2275 2595 2499 2661 dentes,
2522 2601 2581 2647 ut
2617 2592 2854 2647 remedia
2897 2598 3220 2657 quaererent,
3251 2582 3539 2641 dummodo
3576 2596 3863 2638 commune

2275 2701 2397 2740 cum
2439 2682 2924 2754 transgressoribus
2943 2681 3073 2735 nihil
3104 2680 3381 2734 haberent.
3416 2676 3560 2745 Epiri
3593 2686 3862 2744 metropo-

2276 2776 2496 2844 litanus,
2516 2764 2619 2831 hoc
2638 2786 2718 2829 est
2749 2774 3149 2842 Nicopolitanus
3175 2770 3479 2842 episcopus,
3507 2784 3627 2823 cum
3661 2767 3862 2841 synodo

2276 2884 2373 2925 sua
2399 2885 2570 2938 nupcr
2595 2881 2902 2938 segregatus
2941 2867 3009 2920 ab
3034 2866 3233 2935 impiis,
3261 2863 3325 2917 ad
3353 2862 3698 2932 apostolicmn
3722 2876 3863 2915 com~

2277 2964 2584 3018 tnunionem
2635 2947 2949 3032 deprompta
3000 2975 3117 3029 qua:
3160 2956 3390 3012 efﬁceret
3426 2954 3755 3024 professione
3806 2969 3864 3009 se

2277 3057 2525 3112 contulit.
2571 3056 2699 3123 Qun
2752 3054 2873 3110 ideo
2927 3053 3140 3123 scriptis
3200 3050 3583 3106 aestimavitnus
3635 3048 3866 3103 indenda

2280 3150 2658 3222 prtesentibus,
2711 3158 2778 3203 ut.
2816 3150 2959 3203 sicut
3003 3157 3203 3203 sortem
3250 3160 3347 3198 nos
3389 3140 3641 3197 convenit
3684 3141 3865 3199 dolere

2286 3241 2647 3312 pereuntium,
2696 3240 2768 3294 ita
2798 3239 3040 3295 lmtemur
3085 3240 3282 3307 pariter
3318 3234 3384 3289 de
3423 3234 3592 3287 Salute
3625 3247 3867 3287 remean-

2283 3334 2445 3400 tium;
2471 3345 2525 3388 et
2551 3344 2609 3387 ut
2636 3333 2821 3387 ﬁdeles
2859 3331 3134 3387 conSIituli
3162 3331 3233 3384 ab
3260 3332 3335 3384 eis
3364 3327 3573 3397 longius
3604 3328 3867 3379 instruan-

2283 3437 2388 3495 tur,
2418 3444 2519 3498 qua
2548 3428 2694 3481 virus
2715 3442 2897 3482 eorum
2923 3425 3286 3479 sollicitudine
3311 3423 3503 3477 debeat
3525 3420 3680 3490 elingi
3698 3462 3711 3484 ,
3735 3433 3867 3490 quos

2280 3532 2334 3577 et
2362 3536 2391 3576 a
2422 3522 2535 3576 suis
2560 3521 2777 3575 videant
2800 3532 2906 3575 tam
2928 3519 3068 3589 justa
3097 3517 3453 3573 detestatione
3471 3515 3650 3571 vitari.
3684 3514 3747 3568 Et
3773 3527 3867 3567 nos

2281 3613 2495 3683 quidem
2526 3611 2944 3683 dispensationis
2969 3621 3164 3665 nostra:
3197 3623 3463 3664 memores
3485 3649 3499 3671 ,
3534 3620 3752 3661 necesse
3788 3610 3868 3659 est

2281 3718 2377 3759 eos
2396 3705 2635 3773 repetita:
2668 3705 2946 3775 legationis
2976 3703 3150 3758 officio
3181 3701 3473 3757 convenire
3504 3718 3514 3751 :
3546 3714 3652 3769 quo
3678 3697 3868 3753 affectu

2283 3796 2598 3851 salvationis
2629 3812 2769 3860 sum,
2803 3797 2848 3851 si
2879 3807 3125 3865 respectu
3176 3794 3304 3860 Dei,
3351 3794 3396 3848 si
3427 3792 3644 3846 rationis
3676 3791 3868 3849 intuitu

2284 3904 2391 3943 non
2417 3898 2720 3954 moventur,
2752 3889 2942 3943 saltem
2982 3886 3316 3957 pulsantibus
3337 3886 3638 3955 importune
3665 3891 3720 3938 ct
3749 3897 3869 3951 per-

2282 3984 2531 4038 tinaciter
2556 3983 2930 4053 acquiescant;
2962 3992 3016 4037 et
3060 3990 3152 4036 aut
3186 3979 3253 4034 ad
3286 3988 3485 4034 rectam
3525 3978 3662 4030 viam
3702 3974 3870 4031 decli-

2283 4079 2423 4134 natis
2451 4077 2725 4132 erroribus
2752 4061 3118 4140 revertantur,
3147 4084 3239 4128 aut
3280 4080 3498 4142 propter
3525 4068 3870 4141 impmnitens

2282 4187 2377 4227 cor
2412 4171 2480 4226 ab
2508 4172 2757 4227 omnibus
2791 4168 3184 4225 inexcusabiles
3208 4166 3540 4236 judicentur,
3562 4165 3729 4235 quiet
3758 4177 3871 4225 mo—

2284 4265 2382 4321 niti
2413 4266 2570 4320 toties
2610 4265 2665 4319 in
2704 4261 2944 4331 perfidiae
2990 4259 3351 4315 obstinatione
3399 4258 3711 4327 persistunt.
3766 4255 3870 4313 "as

2283 4371 2454 4424 orate,
2485 4371 2538 4412 et
2570 4355 2846 4413 nobi'cnm
2873 4355 2938 4408 ad
2975 4355 3138 4409 Deum
3188 4366 3372 4420 preces
3398 4359 3455 4405 et
3490 4358 3611 4404 vota
3650 4362 3731 4403 cui
3749 4336 3873 4418 5m.

2284 4430 2507 4517 gite,‘ut
2534 4462 2630 4517 per
2652 4462 2811 4513 Opem
2845 4443 3231 4500 misericordiae
3270 4442 3385 4513 eius
3415 4450 3599 4496 nostra
3631 4462 3647 4493 ά
3672 4441 3769 4494 stin
3794 4439 3873 4503 ia-

2286 4542 2481 4596 borans
2508 4555 2605 4609 pro
2631 4538 2908 4594 catholica:
2933 4536 3056 4592 fidei
3082 4535 3374 4591 stabilitate
3405 4542 3741 4603 promereat,
3772 4530 3873 4595 im:-

2286 4631 2577 4687 macnlatos
2616 4646 2711 4685 vos
2738 4641 2793 4684 et
2852 4630 3088 4700 integros
3118 4628 3184 4682 ab
3216 4627 3363 4682 omni
3416 4635 3873 4696 transgressaque:

2284 4724 2541 4777 societate
2581 4731 2889 4785 servantes;
2943 4730 3000 4775 ut
3028 4729 3118 4772 aut
3149 4732 3272 4772 cum
3311 4719 3572 4772 correctis
3601 4730 3791 4772 senats
3818 4698 3873 4774 et

2285 4812 2444 4878 corda
2462 4814 2749 4883 jungamus
2769 4852 2783 4875 ,
2810 4819 2904 4865 aut
2947 4810 3017 4865 ab
3054 4824 3243 4866 eorum
3271 4807 3493 4864 venenis
3542 4807 3724 4862 intacti
3754 4820 3874 4863 esse

2284 4919 2609 4980 mereamur.
2639 4901 2769 4956 Nam
2804 4902 2891 4972 qui
2910 4941 2924 4967 ,
2954 4902 3091 4956 sicut
3122 4915 3219 4954 vos
3245 4914 3457 4970 quoque
3486 4898 3727 4954 conscio:
3747 4897 3874 4952 tiam

2285 5006 2516 5051 vestram
2556 5009 2665 5049 non
2690 4994 2857 5049 latere
2888 4992 3188 5060 testamini,
3236 4991 3483 5047 novimus
3523 4989 3875 5061 Eutychetem

2282 5100 2440 5159 atque
2484 5088 2787 5144 Nestorium
2819 5088 3162 5157 apostolicae,
3218 5086 3267 5140 id
3298 5095 3380 5139 est
3432 5083 3711 5139 catholica:
3750 5097 3875 5137 sen~

2283 5194 2466 5245 tentia:
2512 5192 2830 5246 auctoritate
2870 5190 3182 5252 damnatos;
3245 5182 3692 5254 quemadmodum
3740 5181 3873 5236 salvi

2284 5310 2404 5350 esse
2434 5294 2745 5363 poterimus,
2796 5293 2838 5346 si
2886 5306 3072 5347 eorum
3131 5287 3487 5345 sectatoribus
3535 5280 3601 5340 ac
3643 5287 3873 5354 posteris

2281 5394 2517 5464 qualibet
2548 5402 2704 5462 parte
2732 5389 3129 5445 communionis
3159 5387 3459 5441 ltmreamus
3478 5424 3493 5448 ,
3546 5399 3669 5439 cum
3708 5383 3874 5441 Belial

2288 5508 2412 5550 cum
2448 5490 2665 5546 Christo
2706 5500 2890 5543 nostro
2928 5490 3227 5557 portionem
3287 5486 3485 5539 habere
3534 5500 3641 5539 non
3674 5484 3873 5554 possit!

2294 5593 2661 5649 lnstructionis
2689 5601 2864 5643 autem
2898 5570 3092 5642 vestrae
3124 5590 3384 5642 interesse
3404 5587 3697 5650 credimus,
3721 5595 3783 5640 ut
3811 5599 3874 5643 ea

2288 5712 2411 5766 qua:
2436 5693 2574 5764 apud
2614 5708 2713 5748 nos
2732 5691 3116 5759 Nicopolitanis
3146 5689 3233 5745 vel
3277 5688 3541 5742 Dardanis
3568 5697 3685 5743 acta
3717 5695 3873 5753 sunt,

2294 5799 2378 5855 vel
2404 5810 2510 5861 auo
2539 5795 2594 5854 in
2628 5792 3055 5851 communionem
3084 5790 3274 5847 ordine
3296 5797 3420 5845 sunt
3457 5787 3662 5857 recepti
3680 5825 3696 5851 ,
3723 5783 3872 5843 vobis
