4262 6264
367 373 474 430 59³1

1580 357 1940 440 celerem
1977 371 2072 435 E'r
2111 373 2452 440 DECRETA.

3567 395 3674 447 5ῗὲδῖ

366 506 495 554 nota
538 495 838 552 faceremus
889 508 1128 566 ipsarum
1169 495 1400 552 lectione
1448 497 1780 554 chartarum.
1842 500 1969 553 Data
1997 489 2050 560 Α
2078 497 2327 564 Aeacius,
2377 503 2469 570 qui
2520 515 2676 556 coeno
2724 492 2903 574 Petri,
2964 503 3207 562 Dioscori
3256 515 3310 561 et
3355 505 3674 580 Eutychetis

366 605 437 645 xv
463 587 715 644 calendas
745 587 981 654 Martias,
1015 587 1239 656 Agapito
1259 589 1500 645 consule.

945 679 1281 736 EPISTULA
1303 679 1396 736 XI.

367 793 437 831 AD
458 785 782 830 ANASTASIUI
805 787 1108 837 Διταυετωι,
1125 789 1224 826 PER
1253 787 1524 828 ENNODIUII
1549 788 1886 837 TICINENSEM,
1905 790 1974 829 ετ

441 881 781 922 PEBEGRINUI
812 878 1094 919 IISENATIS
1116 879 1388 920 εοοιεευε
1407 873 1457 920 ΙΝ
1480 879 1744 921 (ΞᾹΙΙΡΔΝΙΛ
1769 879 1977 920 περιεσο-

443 973 556 1024 ρος»,
591 971 842 1012 εεουιωδ
872 970 1190 1010 ιεολτιοκιε
1217 972 1286 1011 AD
1313 971 1645 1011 ANASTASIUII
1663 972 1973 1012 θεετιΜτΑε

441 1064 658 1104 ιιυκεκε
689 1061 1020 1112 FUNGEN’I’ES,
1053 1059 1400 1103 TRANSMISSA.

373 1140 565 1196 Pacem
632 1135 881 1193 Ecclesia:
931 1151 1034 1193 non
1101 1139 1202 1192 nisi
1263 1140 1509 1192 damnato
1573 1139 1758 1193 Acacio
1825 1155 1974 1208 posse

1062 1229 1289 1284 restitui.

449 1320 733 1378 Hormisda
763 1319 1050 1376 Anastasio
1080 1323 1322 1390 Augusto
1349 1335 1443 1389 per
1472 1319 1776 1375 Ennodium
1799 1328 1855 1375 et
1874 1319 1973 1375 Pe-

367 1417 640 1486 regrinum
664 1411 964 1482 episcopos.

443 1506 653 1562 Dudum
687 1504 878 1575 legatis
908 1503 1338 1558 mansuetudinis“
1362 1503 1558 1560 vestrm
1583 1505 1970 1570 remeantibus,

371 1597 440 1652 ad
473 1597 679 1651 litteras
706 1601 918 1649 veStras
948 1601 1003 1649 et
1031 1591 1280 1647 mandata
1314 1593 1593 1662 respondi,
1618 1608 1722 1648 non
1757 1591 1972 1663 quidem

370 1691 619 1745 universa
649 1688 834 1756 plene,
864 1685 1004 1741 sicut
1045 1686 1361 1755 magnitudo
1389 1686 1467 1741 rei
1510 1686 1838 1756 postulabat,
1869 1701 1972 1740 ex-

370 1781 616 1853 pediens,
667 1789 718 1834 et
749 1785 929 1834 tamen
957 1791 1055 1848 pro
1106 1787 1348 1848 tempore
1394 1789 1539 1834 certa
1581 1779 1969 1849 perstringens.

2083 591 2331 661 dogmate
2368 602 2422 648 et
2475 595 2850 649 communione
2902 597 3159 666 pollutus,
3208 599 3332 653 dum
3364 603 3672 670 copulatur,

2082 682 2367 738 immersus
2389 683 2504 738 est?
2531 684 2672 738 illius
2703 685 2973 741 sustinens
2996 688 3047 741 in
3071 689 3521 746 condemnatione
3543 708 3672 762 sup-

2083 774 2332 840 plicium,
2378 777 2530 846 cujus
2572 777 2735 846 elegit
2772 780 2825 831 in
2874 783 3254 837 communione
3304 787 3682 842 consortium?

2081 861 2180 931 Qui
2215 865 2412 920 viritim
2443 876 2665 936 propter
2691 869 2996 938 impietates
3023 888 3149 928 suas
3191 875 3380 929 bormn
3432 880 3672 948 singulos

2081 955 2226 1022 odit,
2259 967 2313 1012 et
2341 961 2392 1012 in
2423 959 2528 1013 illis
2552 961 2803 1015 Acacium
2835 978 3058 1019 necesse
3088 975 3170 1020 est
3198 967 3390 1031 oderit,
3416 978 3676 1025 ctomnes

2081 1048 2132 1102 in
2163 1049 2357 1104 Acacio
2401 1065 2506 1104 non
2545 1053 2756 1106 amarit.
2791 1053 2873 1107 Ab
2905 1054 2998 1108 illo
3045 1072 3136 1124 per
3163 1056 3463 1114 Orientales
3498 1062 3678 1115 Eccle-

2081 1139 2189 1192 sias
2255 1141 2573 1196 fermentum
2634 1143 2847 1198 nefandi
2932 1148 3132 1201 erroris
3215 1150 3459 1205 inolevit.
3546 1153 3678 1208 Indo

2081 1229 2457 1286 Alexandrina:
2505 1227 2764 1300 periidize
2791 1249 3029 1306 eousque
3077 1241 3273 1294 nutrita
3312 1245 3583 1312 superbia,
3619 1254 3677 1300 ut

2082 1337 2185 1376 non
2217 1324 2552 1392 acquiescat,
2599 1327 2737 1381 sicut
2777 1327 3091 1398 scripsistis,
3127 1335 3394 1390 mandatis
3424 1338 3674 1393 salutari-

2081 1412 2202 1476 bus,
2252 1415 2407 1483 cujus
2441 1415 2729 1472 famulatur
2784 1419 3053 1488 imperiis;
3111 1433 3165 1477 et
3197 1425 3247 1478 in
3296 1442 3481 1482 errore
3507 1429 3675 1484 decli—

2082 1504 2280 1568 nando,
2315 1521 2420 1560 non
2445 1518 2700 1575 sequatur
2721 1510 3180 1578 admonitionem,
3206 1516 3357 1584 cujus
3380 1518 3430 1572 in
3454 1522 3680 1589 agendis

2083 1597 2242 1651 rebus
2273 1603 2549 1667 experitur
2578 1599 2680 1655 sibi
2715 1603 2897 1657 utilem
2930 1615 3269 1672 potesmtem.
3303 1608 3452 1666 Unde
3475 1624 3525 1666 et
3556 1631 3675 1669 ma-

2075 1688 2198 1757 jore
2232 1689 2537 1758 hujusmodi
2569 1693 2813 1747 homines
2836 1698 3089 1751 convenit
3115 1699 3472 1758 detestatione
3495 1706 3676 1773 vitari,

2081 1782 2204 1849 quia
2251 1796 2371 1850 quae
2420 1783 2614 1837 dorere
2647 1784 2980 1852 debuerunt,
3016 1804 3114 1843 nec
3143 1790 3270 1845 dum
3318 1795 3385 1846 ab
3437 1795 3551 1849 aliis
3592 1799 3676 1851 in-

378 1873 576 1927 Verum
618 1871 722 1926 etsi
771 1868 1110 1924 sufﬁcienter
1137 1881 1226 1925 me
1252 1870 1487 1939 allegare
1517 1872 1696 1925 omnia
1725 1870 1979 1942 comigis-
2006 1877 2058 1943 Β
2083 1883 2382 1938 struuntur,
2416 1889 2726 1943 assumunt;
2770 1889 3092 1949 spernentes
3136 1885 3185 1938 in
3239 1883 3320 1939 his
3359 1886 3676 1958 imperantis

373 1974 494 2030 set;
526 1964 767 2034 nunquid
807 1975 973 2032 agens
999 1962 1140 2032 apud
1180 1963 1524 2019 clementiam
1571 1973 1803 2020 vestram
1845 1979 1974 2019 cau-

373 2068 487 2110 sam
519 2056 681 2124 ﬁdei,
713 2063 957 2124 poteram
987 2051 1234 2124 repetitis
1261 2053 1511 2123 precibus
1551 2053 1973 2125 importunitatis

373 2149 611 2205 incessi!
639 2148 885 2203 Timeant
914 2156 1096 2202 notam
1138 2147 1297 2216 hujus
1328 2147 1745 2215 ingratitu'dinis,
1778 2151 1971 2221 quibus

374 2257 505 2298 cura
562 2248 644 2296 est
689 2237 924 2295 studium
977 2240 1206 2310 negotiis
1236 2255 1435 2295 navare
1478 2241 1786 2296 mundanis.
1826 2242 1972 2309 Opus

372 2347 480 2390 non
506 2331 690 2402 implet
717 2329 1018 2402 Evangelii,
1050 2332 1142 2399 qui
1174 2345 1203 2385 a
1232 2330 1612 2400 praedicatione
1637 2332 1755 2402 ejus
1789 2334 1978 2388 venia-5

371 2427 494 2480 liter
521 2433 683 2495 putat
712 2433 874 2492 posse
903 2423 1124 2478 cessari.
1155 2421 1477 2493 Pervitigem
1502 2431 1776 2493 pastorum
1809 2441 1974 2495 opor-

371 2527 443 2572 tet
466 2529 588 2572 esse
616 2515 946 2580 custodiam,
974 2521 1029 2569 et
1076 2514 1288 2570 lumbos
1314 2514 1437 2571 sine
1480 2515 1813 2572 relaxatione
1834 2531 1990 2586 μναμ-

369 2610 603 2662 cinctos.
661 2605 829 2661 Bome
873 2604 1258 2660 admonitionis
1317 2605 1455 2661 sicut
1502 2615 1716 2664 constat
1759 2608 1970 2664 dulcem

371 2699 630 2762 fructum,
655 2696 730 2751 ita
757 2696 874 2766 ejus
911 2711 1018 2750 non
1049 2695 1206 2751 decet
1237 2707 1359 2752 esse
1389 2694 1684 2752 fastidium.
1719 2699 1784 2754 Et
1811 2699 1988 2766 alias,
2027 2702 2032 2706 ’

371 2805 467 2845 cur
488 2790 866 2859 postulationis
879 2804 1014 2844 meae
1034 2789 1320 2844 molestam
1350 2793 1754 2847 mansuetudini
1776 2802 1972 2849 vestrae

372 2885 659 2953 quisquam
689 2883 831 2938 dicat
879 2897 1003 2938 esse
1051 2882 1443 2953 frequentiam,
1495 2899 1616 2939 cum
1647 2899 1742 2953 per
1768 2901 1829 2940 ea
1855 2899 1976 2955 qua:

371 2976 510 3030 fiunt
537 2987 605 3030 ea
634 2975 812 3030 ofﬁcio
848 2985 993 3042 meo,
1022 2985 1116 3046 per
1137 2975 1374 3030 remedia
1407 2976 1529 3032 fidei
1569 2987 1753 3032 vestro
1784 2990 1976 3032 consu-

370 3067 514 3122 latur
545 3067 810 3136 imperio?
841 3067 1050 3122 Etenim
1081 3077 1200 3137 quae
1230 3081 1317 3122 me
1346 3075 1536 3123 onerat
1565 3081 1716 3134 cura,
1760 3084 1856 3123 vos
1883 3083 1996 3125 re-'

370 3163 512 3216 levat
544 3175 558 3213 :
587 3161 718 3214 mihi
767 3161 1058 3226 incumbit,
1090 3161 1185 3216 sed
1211 3161 1366 3218 vobis
1414 3163 1697 3231 proficiet;
1733 3165 1860 3219 licet
1905 3177 1972 3221 ex

2079 1969 2300 2035 munita,
2333 1969 2385 2023 in
2439 1969 2631 2039 quibus
2671 1979 2876 2027 tantum
2909 1990 3013 2029 non
3065 1976 3244 2032 timeri
3270 1977 3528 2047 jubenlur
3571 1983 3674 2036 im-

2078 2059 2258 2127 peria;
2323 2069 2374 2114 et
2439 2059 2786 2117 immemores
2851 2063 3155 2120 devotionis
3205 2079 3388 2122 contra
3447 2070 3674 2128 salutem

2079 2149 2294 2214 animm,
2338 2165 2474 2219 quos
2503 2162 2846 2210 contumaces
2894 2171 3015 2212 esse
3057 2159 3296 2226 oportuit
3337 2176 3433 2230 pro
3480 2164 3677 2222 salute.

2081 2241 2187 2297 lies
2228 2243 2495 2299 mentibus
2555 2246 2778 2316 perditis
2829 2261 2988 2304 ausus
3042 2252 3268 2307 nutrivit
3317 2255 3497 2311 Acacii
3549 2273 3673 2313 cum

2081 2335 2296 2403 perfidis
2338 2338 2521 2404 juncta
2569 2343 2919 2396 communio:
2955 2350 3114 2413 atque
3147 2345 3268 2400 ideo
3317 2349 3668 2404 mstimandus

2077 2429 2159 2479 est
2184 2430 2415 2482 auctoris
2449 2430 2592 2493 loco,
2649 2431 2801 2499 cujus
2840 2435 3051 2502 gravius
3100 2448 3352 2504 peccatur
3395 2443 3668 2510 exemplo.

2078 2519 2220 2574 Nihil
2278 2521 2418 2574 enim
2470 2523 2595 2577 vitia
2651 2526 2816 2594 magis
2871 2543 3028 2597 quam
3063 2529 3289 2586 imitatio
3338 2531 3508 2600 fovet,
3551 2539 3673 2592 dum

2078 2614 2371 2667 creduntur
2400 2631 2504 2669 non
2541 2617 2889 2685 improbanda
2935 2636 3076 2686 esse,
3103 2623 3166 2675 ad
3199 2639 3319 2692 qua:
3343 2625 3432 2680 alii
3461 2643 3673 2698 quoque

2079 2706 2328 2760 videntur
2357 2708 2634 2762 accedere.
2675 2708 2897 2777 Fragilis
2920 2721 2998 2764 est
3022 2721 3074 2764 et
3103 2713 3300 2768 caduca
3334 2718 3631 2772 mortalitas
3657 2735 3673 2772 :

2080 2797 2167 2849 vix
2225 2795 2442 2850 nefariae
2484 2799 2837 2867 cogitationes
2887 2801 3012 2855 dum
3056 2807 3478 2870 comprimuntur
3535 2813 3675 2864 inte-

2079 2896 2256 2943 reunt.
2291 2887 2436 2942 Jacet
2469 2903 2655 2943 semen
2687 2892 2904 2945 noxium
2940 2894 3040 2946 sub
3079 2910 3280 2959 errore,
3315 2914 3411 2952 nec
3451 2901 3631 2955 deficit
3655 2905 3691 2958 :4

2079 2979 2242 3032 latum
2274 2980 2455 3048 pandit
2478 2980 2975 3050 derelinquentibus
3006 2986 3207 3038 aditum
3235 2988 3324 3054 qui
3347 2989 3524 3058 jungit
3552 3007 3672 3048 cum

2078 3069 2418 3137 improbitate
2443 3085 2789 3126 consensum.
2824 3073 3058 3139 Utinam,
3111 3078 3461 3137 invictissime
3500 3085 3672 3158 impe.

2077 3170 2246 3227 rator,
2280 3163 2422 3217 inter
2452 3165 2565 3230 ipsa
2597 3167 2908 3234 apostolicae
2929 3168 3278 3226 districtionis
3309 3174 3456 3228 iniria
3481 3177 3672 3234 Orien-

370 3252 584 3307 diverso
613 3251 822 3306 semine
851 3262 991 3307 unus
1015 3251 1226 3308 fruetus
1261 3254 1545 3309 amborum
1586 3263 1691 3310 est.
1732 3255 1864 3311 Nam
1896 3257 1974 3311 si-
2002 3255 2051 3324 ο
2082 3252 2218 3306 tales
2265 3254 2522 3309 Ecclesia:
2560 3255 2738 3310 Aeacii
2787 3261 3030 3330 contagia
3077 3262 3304 3318 nefanda
3361 3268 3621 3327 vitassent
3653 3292 3672 3330 :

374 3353 468 3400 cut
495 3357 655 3415 pretia
687 3353 770 3401 est
795 3359 895 3402 nec
923 3345 1104 3401 dicere
1135 3346 1247 3402 Deo
1273 3356 1512 3417 accepta,
1538 3362 1639 3404 nec.
1672 3349 1870 3418 facere,
1903 3352 1975 3406 ita

377 3446 529 3494 certa
556 3439 928 3496 remuneratio
957 3440 1040 3494 vel
1067 3439 1146 3494 illi
1175 3439 1264 3510 qui
1294 3439 1553 3511 spiritalia
1579 3443 1973 3514 pradicaverit,

370 3534 455 3588 vel
504 3533 584 3590 illi
612 3533 702 3604 qui
749 3532 928 3589 audita
951 3548 1056 3589 non
1085 3533 1374 3603 spreverit.
1419 3533 1572 3589 Dedit
1603 3533 1817 3605 quidem
1866 3538 1980 3592 cle-

377 3628 584 3683 mentia
602 3635 779 3681 vestra
809 3625 975 3682 veluti
1003 3626 1248 3682 obsidem
1279 3627 1538 3698 propositi
1567 3628 1649 3682 sui
1674 3629 1777 3682 sub
1816 3631 1974 3686 testi-

373 3725 873 3797 monioimpcrlalis
913 3726 1167 3798 alloquii,
1213 3736 1265 3783 et
1302 3742 1362 3783 se
1395 3728 1550 3797 quasi
1588 3725 1813 3796 pignore
1842 3740 1974 3794 quo-

374 3817 497 3872 dam
545 3818 700 3873 bona:
729 3817 1028 3872 voluntatis
1070 3817 1358 3873 astrinxit?
1385 3816 1478 3872 sed
1506 3829 1641 3886 opus
1670 3823 1755 3872 est
1783 3815 1976 3886 coeptis

373 3907 608 3979 adjicere
651 3909 1002 3965 ﬁrmitatem:
1035 3919 1251 3966 sumant
1283 3912 1498 3981 plenum
1542 3911 1793 3966 decorem
1831 3910 1997 3979 jacta'

374 4002 686 4059 fundamina
724 4019 873 4059 :non
906 4007 1255 4061 remittantur
1283 4013 1678 4076 propugnantes
1720 4018 1819 4074 pro
1878 4002 1974 4058 Dei

377 4097 639 4154 Ecclesiis
664 4113 876 4154 manus.
901 4097 1090 4154 Toties
1112 4096 1437 4154 lsraeliticus
1459 4099 1631 4153 hostis
1653 4095 1970 4162 intercedit,

375 4189 586 4260 quoties
633 4190 842 4261 Moyses
869 4188 1086 4244 brachia
1116 4203 1223 4244 non
1267 4189 1493 4244 remisit.
1519 4187 1755 4244 Effectus
1781 4201 1968 4257 opera,

377 4281 500 4336 finis
541 4280 883 4336 commendat
913 4280 1085 4336 initia.
1125 4279 1245 4335 Non
1290 4279 1511 4351 prodest
1536 4281 1767 4349 coepisse
1818 4277 1974 4333 dese-

376 4379 624 4437 rentem,
655 4372 776 4441 quia
819 4372 934 4427 sola
971 4373 1372 4442 perseverantia
1426 4370 1552 4426 ﬁdei
1603 4370 1694 4426 dat
1723 4371 1970 4425 salutem.

379 4463 760 4519 lienedicimus
789 4464 958 4519 Deum
983 4507 998 4531 ,
1035 4463 1188 4534 cujus
1241 4464 1358 4520 zelo
1385 4464 1562 4535 pictas
1591 4473 1767 4520 vestra
1800 4471 1976 4518 trans-

377 4565 658 4626 gressores
699 4556 890 4625 impios
915 4555 1221 4612 Nestorium
1253 4564 1309 4612 et
1340 4555 1692 4628 Eotychetem
1711 4598 1724 4620 ,
1766 4555 1850 4610 vel
1879 4569 1972 4610 eos

2084 3357 2190 3398 non
2225 3358 2322 3412 per
2371 3347 2566 3399 multos
2591 3361 2746 3402 error
2776 3350 2862 3402 ille
2895 3353 3052 3406 noxia
3084 3368 3289 3408 venena
3315 3356 3672 3431 diffunderet;

2083 3437 2194 3506 ipsa
2222 3451 2436 3507 quoque
2483 3444 2660 3494 erecta
2713 3449 2838 3497 tunc
2870 3442 3112 3500 fortassis
3162 3448 3539 3508 Alexandrinae
3573 3435 3690 3511 Ec-I

2080 3527 2262 3588 clesite
2294 3537 2422 3583 tunc
2469 3531 2606 3586 colla
2639 3533 2989 3600 cecidissent,
3023 3537 3148 3592 dum
3184 3546 3481 3608 percu'sam
3515 3547 3674 3614 perﬁ-

2081 3620 2225 3675 diam
2257 3635 2407 3676 suam
2437 3624 2489 3677 in
2522 3623 2869 3683 damnatione
2900 3629 3184 3686 imitatoris
3213 3649 3588 3706 agnoscerent,
3619 3653 3675 3699 et

2082 3712 2369 3783 displicere
2400 3715 2452 3770 in
2484 3718 2835 3787 complicibus
2865 3737 2924 3776 se
2953 3724 3218 3780 viderent.
3243 3728 3349 3783 Sed
3377 3730 3500 3785 dum
3534 3737 3674 3792 male

2082 3806 2268 3861 nutriti
2305 3806 2556 3864 fovemur
2581 3826 2812 3880 errores,
2839 3821 2894 3868 et
2923 3831 3205 3883 pravorum
3237 3836 3531 3880 consensus
3556 3828 3675 3884 inu-

2082 3897 2191 3951 tilis
2223 3898 2474 3967 aequitate
2504 3903 2819 3963 corrigenda
2874 3903 3264 3979 dissimulatur,
3319 3928 3411 3980 per
3441 3915 3675 3984 impuni-

2082 3997 2246 4044 tatem
2278 3991 2588 4059 sequacium
2637 3994 2775 4047 mala
2799 3993 3046 4064 dogmata
3078 4001 3449 4071 multiplicavit
3491 4017 3675 4065 aucto-

2080 4101 2219 4138 rum.
2257 4086 2319 4142 Et
2353 4102 2447 4142 vos
2488 4089 2730 4158 quidem,
2760 4092 2802 4144 si
2830 4092 3023 4160 placet,
3070 4110 3096 4146 a
3134 4097 3239 4150 Deo
3274 4097 3454 4169 (adeo)
3493 4103 3674 4160 efficao

2080 4177 2214 4230 citer
2239 4177 2561 4247 impetretis,
2595 4189 2653 4234 ut
2699 4183 3071 4239 condemnetis
3113 4199 3348 4244 vestrum
3393 4193 3458 4247 de
3497 4195 3674 4254 alieno

2079 4282 2264 4324 errore
2294 4271 2650 4338 pr0positum.
2687 4274 2791 4327 Sed
2823 4278 3167 4343 cogitandum
3220 4291 3333 4348 est,
3368 4286 3675 4344 clementis-

2077 4359 2214 4412 sime
2243 4359 2551 4428 imperalor.
2583 4363 2626 4416 si
2649 4364 2696 4416 ei
2726 4367 2864 4433 apud
2899 4366 3062 4422 Deum
3091 4371 3320 4426 sufficiat
3348 4387 3524 4431 errata
3549 4380 3666 4436 cul-

2079 4464 2236 4518 passe
2256 4491 2270 4516 ,
2303 4453 2388 4504 cui
2420 4453 2566 4507 dedit
2596 4468 2752 4523 pOSSe
2783 4458 3053 4527 corrigere
3083 4477 3094 4511 :
3123 4477 3228 4515 non
3261 4471 3344 4518 est
3374 4467 3672 4528 differenda

2077 4546 2324 4598 curatio:
2358 4547 2745 4604 admoveantur
2784 4552 3004 4607 medica:
3038 4556 3315 4621 profundis
3358 4563 3673 4621 vulneribus

378 4648 741 4720 persequitur,
780 4649 869 4716 qui
915 4662 1034 4701 cum
1083 4647 1340 4703 nefandis
1371 4655 1425 4702 et
1463 4646 1737 4718 sacrilegis
1765 4647 1978 4716 dogma-

2091 4653 2297 4694 manus.
2329 4641 2449 4696 Sola
2495 4652 2618 4697 ante
2658 4643 2908 4700 Acacium
2939 4647 3262 4704 Alexandria
3297 4654 3529 4720 perfidia:
3563 4671 3675 4713 sua!

381 4741 522 4795 tibus
555 4741 900 4810 proﬁtentur.
942 4739 1141 4794 Probat
1171 4739 1350 4794 odisse
1398 4751 1461 4795 se
1509 4739 1668 4807 vitia,
1714 4737 1804 4808 qui
1846 4751 1980 4793 eon-

381 4836 606 4888 demnat
633 4841 900 4898 errantes,
929 4848 1027 4888 nec
1054 4833 1310 4903 relinquit
1354 4831 1455 4888 sibi
1487 4832 1664 4887 locum
1695 4830 1971 4898 deviaudi,

381 4926 470 4996 qui
528 4937 636 4979 non
685 4923 988 4994 pepercerit
1031 4923 1333 4979 excedenti.
1389 4923 1603 4978 Primus
1651 4923 1975 4979 innocentiae

381 5017 585 5089 gradus
617 5027 731 5082 est,
761 5017 943 5074 odisse
983 5015 1249 5084 culpanda
1284 5035 1297 5070 :
1329 5018 1422 5072 sed
1454 5017 1697 5071 veritatis
1728 5015 1973 5081 interest,

382 5109 602 5166 domine
643 5109 755 5177 ﬁli,
805 5119 860 5165 et
908 5107 1188 5166 catholicae
1233 5108 1553 5178 disciplima,
1585 5113 1642 5162 ut
1680 5115 1975 5161 sectatores

383 5200 547 5256 etiam
577 5211 762 5255 eorum
785 5209 945 5272 atque
976 5201 1262 5272 participes
1290 5198 1532 5264 oderitis,
1557 5213 1784 5270 quorum
1818 5209 1976 5253 exse-

384 5293 616 5365 crandos
641 5294 910 5364 principes
946 5293 1222 5362 judicatis.
1256 5293 1374 5348 Non
1403 5291 1454 5346 in
1486 5290 1806 5347 damnandis
1826 5289 1972 5360 sola,

384 5386 440 5441 id
464 5394 552 5442 est
575 5395 722 5441 certa
744 5389 986 5452 nomina,
1019 5383 1113 5440 sed
1153 5384 1206 5438 in
1254 5383 1340 5438 his
1384 5384 1544 5438 etiam
1576 5384 1665 5453 qui
1693 5382 1976 5436 damnatos

386 5487 708 5549 sequuntur,
746 5488 869 5532 sunt
896 5477 1120 5532 crimina
1147 5474 1543 5546 persequenda.
1576 5474 1792 5528 Frustra
1823 5484 1977 5528 aver-

385 5567 496 5625 sari
537 5580 598 5623 se
641 5568 822 5637 plures
847 5568 1062 5633 asserit,
1095 5568 1181 5637 qui
1210 5581 1375 5622 unum
1405 5566 1474 5622 de
1510 5565 1589 5620 his
1623 5565 1713 5635 qui
1738 5565 1975 5620 detesta-

387 5661 541 5716 tione
567 5659 712 5729 digni
748 5659 1055 5730 judicnntur
1075 5659 1347 5729 exceperit
1372 5673 1387 5710 :
1412 5673 1516 5712 non
1540 5659 1682 5712 enim
1723 5672 1978 5713 numerus

384 5753 684 5810 errantium
714 5753 1022 5815 hominum.
1075 5753 1168 5808 sed
1214 5753 1464 5808 meritum
1507 5750 1879 5807 consideratur
1901 5767 1981 5807 er-

383 5857 593 5902 rorum.
649 5844 760 5900 Hoc
800 5845 954 5912 ideo,
990 5858 1060 5900 ne
1103 5843 1258 5900 facile
1291 5852 1439 5914 putet
1479 5852 1656 5900 vestra
1695 5843 1980 5901 clementia

387 5920 1024 6018 Aeaciiprattei'eundam
1059 5949 1179 5994 esse
1222 5949 1532 6007 personam.
1564 5934 1751 5993 Nonne
1775 5935 1866 5993 ille
1895 5942 1979 5994 est

2087 4729 2329 4786 fmditate
2381 4733 2654 4788 sordebat.
2710 4735 2977 4806 Respicite
3043 4749 3270 4807 quantas
3324 4741 3433 4812 jam
3493 4756 3674 4814 partes

2086 4827 2393 4881 emendatio
2449 4829 2685 4896 neglecta
2748 4831 3019 4899 polluerit.
3077 4833 3363 4906 Quousque
3432 4843 3674 4908 pateris,

2085 4917 2302 4972 domine
2333 4919 2434 4984 fili,
2473 4921 2764 4975 Ecclesiam
2799 4924 2888 4977 Dei
2931 4924 3248 4982 divisionem
3282 4946 3499 4987 suorum
3535 4951 3674 4992 mm-

2085 5025 2206 5065 rere
2244 5013 2956 5086 membrorumianticipent
3001 5018 3256 5075 beneficia
3291 5035 3378 5078 tua
3410 5025 3474 5081 ad
3510 5029 3675 5087 Deum

2085 5112 2408 5172 perventura
2436 5107 2665 5174 suspiria
2699 5123 2712 5160 :
2746 5123 2960 5166 assume
3008 5113 3129 5168 fidei
3161 5131 3342 5170 curam
3374 5131 3392 5174 :
3424 5128 3478 5174 et
3507 5125 3676 5177 vexil-

2087 5195 2196 5250 lum
2231 5199 2422 5253 salutis
2449 5202 2734 5266 attollens;
2767 5201 2833 5255 ad
2864 5210 3076 5262 errores
3106 5207 3173 5262 ab
3199 5211 3358 5266 Israel
3393 5229 3675 5271 removen-

2085 5285 2183 5340 dos
2209 5289 2354 5342 velut
2381 5289 2636 5344 Ezechias
2673 5291 2812 5345 alter
2840 5307 3075 5365 exsurge
3107 5316 3119 5349 :
3155 5299 3235 5354 fas
3269 5301 3361 5356 tibi
3394 5303 3549 5357 laude
3577 5321 3648 5358 no

2085 5392 2274 5432 vorum
2304 5395 2525 5448 operum
2558 5381 2740 5436 titulos
2771 5395 2985 5453 aequare
3021 5388 3343 5457 priscorum.
3391 5393 3485 5446 ille
3519 5397 3674 5451 dissi-

2088 5471 2232 5540 pavit
2261 5470 2494 5537 excelsa,
2519 5481 2572 5525 tu
2589 5475 2894 5543 superbiam
2917 5490 3111 5535 erecta:
3129 5481 3415 5548 impietatis
3441 5483 3633 5544 inclina.
3656 5507 3670 5544 :

2088 5563 2177 5618 ille
2217 5563 2500 5618 simulacra
2543 5568 2825 5638 contrivit,
2868 5579 2923 5623 tu
2975 5571 3108 5626 dura
3156 5571 3448 5627 infidelium
3506 5577 3671 5636 corda

2086 5655 2363 5724 confringe
2389 5672 2402 5709 :
2429 5656 2517 5711 ille
2547 5661 2860 5715 memoriam
2889 5663 3155 5730 serpentis
3184 5664 3316 5718 :enei
3347 5667 3582 5735 sustulit,
3615 5679 3671 5727 tu

2087 5748 2234 5803 virus
2261 5752 2540 5818 prasentis
2567 5751 2801 5808 effunde.
2839 5752 2986 5807 Oﬁ‘er
3032 5755 3140 5809 Deo
3179 5764 3323 5813 recta
3346 5774 3464 5830 qua:
3508 5761 3669 5830 fecit;

2087 5854 2141 5898 et
2167 5856 2320 5911 spera
2351 5841 2488 5896 dona
2517 5857 2636 5908 quin
2685 5845 2895 5898 meruit.
2923 5843 3120 5900 Fidelis
3147 5858 3219 5900 est
3247 5852 3378 5904 enim
3400 5852 3669 5926 Dominus,

2086 5937 2174 6008 qui
2195 5934 2360 5992 reddit
2388 5935 2604 6008 singulis
2629 5937 2906 5994 secundum
2933 5955 3086 6013 Opera
3108 5958 3281 5998 eorum
3301 5943 3513 6018 (Matth.
3530 5949 3669 6022 xw).
