4262 6264
567 337 770 395 599·

1912 323 2283 388 HOBMISDE
2323 327 2528 386 ΡᾹΡᾹΞ

3754 330 3856 397 ωυ

565 450 627 508 In
652 455 842 521 aperto
865 455 950 508 est
974 458 1168 520 quanta
1199 450 1269 506 sit
1295 447 1626 520 exspectatio
1665 446 1903 503 fidelium
1923 490 1937 514 ,
1964 452 2160 517 quanta
2187 439 2242 501 Α
2267 443 2371 498 acti
2416 445 2674 514 temporis
2707 451 2869 500 rectze
2899 452 3040 517 tegat
3064 445 3323 503 sedulitas
3353 447 3602 506 actionis.
3632 451 3856 514 Prmstat

565 543 857 616 trepidatio
888 544 1234 614 perfidorum.
1269 541 1348 596 llli
1376 540 1616 595 ambiunt
1647 541 1881 612 gaudere
1917 555 2037 596 eum
2070 556 2167 594 an-

565 641 702 712 gelis
726 639 795 695 de
824 638 1055 707 receptis
1080 655 1092 690 :
1124 636 1207 691 isti
1241 642 1518 700 metuunt,
1553 649 1620 688 ne
1651 634 1716 686 ab
1740 634 1822 687 his
1845 648 1978 702 quos
2005 633 2165 688 dece-

563 739 760 802 perant
800 728 1075 793 destituti,
1105 726 1276 797 poenis
1307 736 1619 781 remaneant
1654 727 1990 797 praeparatis.
2022 726 2163 781 Pen-

565 824 696 879 dent
749 821 907 876 anxia
968 820 1131 874 corda
1189 829 1525 873 cunctorum.
1581 819 1661 873 Ab
1701 819 1904 873 ultimis
1944 818 2009 872 ad
2061 833 2161 873 nos

565 915 752 973 Galliis
796 915 998 969 directa
1029 914 1244 984 legatio,
1268 913 1312 967 si
1338 914 1462 984 quid
1486 913 1554 968 de
1580 913 1784 968 unitate
1824 912 2158 982 redintegra-

565 1007 726 1062 tionis
769 1006 1074 1061 sollicitudo
1105 1015 1286 1062 nostra
1319 1005 1708 1075 promovisset,
1751 1004 1891 1058 fama
1934 1014 2118 1059 secuta
2141 1044 2157 1069 ,

564 1098 854 1155 consuluit.
879 1098 986 1153 Nec
1001 1098 1215 1152 difficile
1240 1112 1376 1168 opus
1401 1097 1706 1152 clementia:
1731 1106 1857 1151 ture.
1884 1097 1997 1151 Scit
2017 1096 2158 1152 Deus

566 1207 788 1248 suorum
819 1189 1093 1246 laboribus
1121 1189 1426 1244 subvenire.
1462 1189 1516 1243 ln
1550 1204 1649 1242 usu
1679 1196 1762 1243 est
1789 1188 1856 1242 ad
1888 1188 2159 1257 principes

565 1301 694 1342 suos
721 1295 1040 1340 convertere
1054 1283 1189 1338 colla
1217 1283 1506 1353 subjectos.
1533 1283 1633 1337 Dat
1653 1282 1834 1353 specie
1865 1282 2157 1336 maximum

564 1379 775 1450 signum
817 1393 1009 1434 recens
1039 1378 1306 1449 religiosa:
1334 1379 1610 1432 memoria:
1637 1376 1890 1432 Marciani
1920 1377 2158 1446 impera-

566 1472 700 1526 toris
729 1471 1059 1539 exemplum.
1087 1471 1224 1538 Quid
1249 1471 1358 1541 egit
1378 1478 1505 1524 tunc
1529 1470 1738 1539 vulgus,
1770 1480 1861 1523 aut
1892 1469 2156 1540 populus?

563 1562 682 1617 Non
706 1577 840 1632 opus
864 1572 988 1615 nota
1020 1563 1318 1617 revolvere.
1355 1562 1550 1616 Adulta
1579 1572 1659 1617 est
1692 1562 1912 1630 perfidia
1936 1563 2033 1616 ista
2064 1577 2159 1631 per

564 1654 771 1721 devios,
807 1655 978 1723 sopita
1011 1669 1108 1722 per
1130 1653 1324 1723 justos.
1360 1654 1574 1708 Imitare
1595 1652 1829 1724 religiosi
1874 1654 2157 1725 integrita-

565 1757 673 1805 tem
705 1749 992 1819 propositi,
1052 1763 1210 1818 quam
1248 1747 1426 1800 studio
1473 1747 1742 1800 civilitatis
1784 1748 2028 1816 a-quasti.
2073 1747 2156 1801 Ad

2270 539 2484 610 quidem
2517 540 2710 594 anima:
2763 555 2904 604 suae,
2961 556 3056 610 per
3113 557 3270 611 quem
3326 543 3614 600 universali
3662 547 3857 619 aliquid

2271 632 2478 686 confert
2501 630 2779 685 Ecclesize.
2808 631 2873 685 Et
2903 632 2971 688 ita
2999 647 3058 688 se
3089 648 3176 688 res
3201 633 3376 697 habet,
3407 645 3461 689 ut
3489 636 3533 690 si
3566 638 3855 708 studiosus,

2271 724 2314 777 si
2350 723 2648 778 indefessus
2678 723 2964 790 institeris,
2992 725 3081 780 fiet
3111 725 3205 780 tibi
3245 727 3387 782 utilis
3429 741 3589 784 causa
3622 745 3853 788 commu-

2270 818 2372 871 nis.
2407 817 2538 872 Data
2567 827 2622 870 ut
2652 830 2812 887 supra
2844 816 3009 887 (anno
3037 818 3248 873 Domini
3279 818 3424 889 517).

2806 908 3140 965 EPISTOLA
3181 910 3318 965 XIII.

2267 1019 2664 1060 COIIIONITOBIA
2725 1020 2792 1058 AD
2856 1019 3142 1060 UNIVERSOS
3207 1021 3515 1061 ῐιΑειιετιεοε
3583 1024 3854 1065 EPISCOPOS

2339 1112 2586 1152 οηιεΝτιε
2626 1111 2726 1150 PER
2764 1110 3040 1151 εεουΝυΑειι
3081 1111 3414 1152 ιεολτιοκεδι
3447 1114 3781 1155 TRANSMISSA.

2555 1189 2736 1243 Unitas
2761 1187 3028 1242 catholica:
3051 1189 3174 1258 ﬁdei
3200 1192 3551 1245 custodienda.

2340 1281 2624 1336 Hormisda
2670 1280 2939 1336 universis
2973 1280 3240 1352 episcopis
3270 1282 3322 1336 in
3351 1282 3586 1338 Orientis
3623 1286 3854 1354 partibus

2265 1373 2591 1429 constitutis.

2337 1468 2451 1523 Etsi
2481 1466 2864 1524 admonitionis
2894 1482 3028 1523 mea:
3053 1483 3179 1524 cura
3226 1468 3529 1536 desideret,
3559 1487 3653 1528 vos
3681 1480 3852 1532 tamen

2264 1561 2468 1631 proprii
2517 1574 2787 1615 memores
2826 1560 3141 1616 conveniret
3165 1561 3357 1627 officii,
3389 1577 3497 1617 non
3531 1564 3853 1635 negligenter

2265 1656 2516 1711 omittere
2544 1670 2664 1724 qua:
2687 1655 2848 1711 enixe
2875 1670 3064 1710 omnes
3095 1654 3251 1711 decet
3275 1671 3370 1725 pro
3401 1657 3593 1712 anima:
3624 1673 3734 1714 sua:
3765 1674 3852 1714 sa-

2267 1747 2378 1802 lute
2403 1761 2642 1813 servare,
2676 1755 2734 1801 ut
2767 1746 3141 1802 mandatorum
3191 1747 3492 1804 emlestium
3535 1749 3852 1822 disciplina,

563 1844 686 1898 hace
727 1842 928 1896 nostris
973 1841 1243 1912 lacrymis,
1289 1839 1485 1894 nostris
1533 1839 1781 1908 precibus
1837 1839 2113 1909 alleganda
2134 1881 2152 1907 ,
2182 1827 2233 1890 Β
2262 1855 2369 1896 non
2401 1839 2574 1895 alieno
2600 1838 2797 1904 studio,
2829 1839 2925 1894 sed
2953 1840 3070 1909 ipso
3093 1840 3243 1896 vobis
3265 1841 3495 1898 clareret
3527 1843 3700 1899 inesse
3732 1859 3853 1914 pro~

566 1934 866 1989 Ennodium
899 1941 1060 2008 atque
1105 1931 1454 2001 Peregrinum
1505 1931 1699 1986 fratres
1725 1941 1780 1986 et
1805 1933 2158 2002 coepiscopos

564 2037 777 2081 nostros
806 2025 923 2079 vice
969 2033 1150 2078 nostra
1181 2038 1279 2093 pro
1305 2022 1607 2078 exhibenda
1651 2023 1809 2078 etiam
1863 2022 2156 2078 honorifica

562 2115 885 2170 salutatione
928 2114 1257 2180 direximus;
1307 2113 1427 2169 ideo
1469 2115 1702 2168 maxime
1731 2114 2014 2183 designato
2042 2115 2158 2170 viro

563 2206 710 2262 fasce
738 2205 986 2261 secundae
1015 2205 1296 2276 legationis
1325 2205 1600 2276 imposito,
1637 2213 1694 2259 ut
1724 2205 1813 2274 qui
1855 2204 2010 2259 nobis
2039 2205 2157 2273 spei

561 2299 719 2354 bonae
741 2298 928 2352 detulit
958 2299 1198 2363 initium,
1231 2312 1376 2352 nunc
1405 2297 1652 2366 adjutore
1681 2296 1791 2352 Deo
1817 2296 2029 2365 plemun
2074 2311 2160 2352 re-

562 2400 738 2460 portet
753 2391 1023 2445 effectum.
1053 2391 1408 2460 Acquieseite,
1428 2404 1730 2460 precamur,
1765 2388 2010 2442 fidelibus
2036 2403 2155 2442 mo-

562 2484 708 2550 nitis,
732 2484 886 2553 cujus
912 2499 1009 2538 vos
1040 2483 1335 2539 delectatos
1370 2483 1569 2538 dudum
1607 2484 1830 2554 legimus
1873 2482 2150 2537 institutis.

563 2580 690 2634 Data
730 2595 785 2633 ιιι
815 2593 983 2634 nonas
1007 2579 1230 2648 Aprilis,
1263 2579 1488 2649 Agapito
1534 2579 1650 2634 viro
1686 2577 1987 2632 clarissimo
2026 2591 2156 2632 cono

560 2671 675 2726 sule
703 2671 866 2742 (anno
892 2670 1102 2724 Domini
1131 2669 1280 2741 517).

1111 2762 1449 2817 EPISTOLA
1493 2761 1606 2816 XII.

562 2870 626 2911 ΑΒ
657 2868 968 2908 τιδιοτηευω
1004 2867 1666 2910 οοΝδτΑΝτικοροωτΑΝυκ
1708 2868 1998 2909 ΕΡΙΞΟΟΡΗΜ
2037 2869 2153 2907 ΗΕ-

608 2960 844 2999 ιιετιουλι
874 2960 1267 3000 COMIONITURIA
1287 2987 1301 3011 ,
1332 2961 1429 2999 PER
1468 2959 1823 3000 SUPRADICTOS
1847 2959 2102 3000 LEGATOS.

871 3034 976 3089 Pro
1003 3037 1196 3089 unitate
1227 3035 1468 3089 Ecclesia:
1497 3037 1851 3090 laborandum.

634 3129 918 3186 Iiormisda
986 3129 1272 3184 Timotheo
1336 3128 1590 3197 episcopo
1662 3127 2151 3197 Constantinopoli-

557 3231 702 3280 lano.

627 3323 743 3377 Non
767 3319 1048 3375 mirabitur
1079 3318 1296 3373 dilectio
1346 3325 1435 3371 tua
1485 3316 1748 3370 rationem
1789 3316 2044 3385 praeteriti
2076 3316 2150 3371 si-

556 3412 708 3469 lentii
732 3411 868 3476 mei,
897 3411 1084 3478 siquae
1112 3410 1488 3478 praecesserint
1515 3409 1761 3462 universa
1795 3410 2100 3465 consideret
2132 3428 2146 3463 :

556 3521 664 3561 non
698 3502 982 3559 mirabitur
1007 3516 1247 3573 praesens
1281 3502 1610 3572 alloquium,
1645 3501 1691 3555 si
1718 3515 1839 3571 quat
1865 3504 1932 3555 sit
1959 3501 2037 3556 vis
2067 3517 2150 3557 ea-

556 3598 734 3656 ritatis
771 3594 1058 3665 expendat.
1117 3594 1396 3650 Sustinere
1445 3592 1590 3648 enim
1633 3593 1809 3648 omnia
1844 3594 2143 3662 caritatem,

555 3691 818 3760 magistro
845 3685 1082 3756 gentium
1108 3685 1341 3739 docente
1364 3682 1417 3755 (1
1444 3683 1564 3738 Cor.
1593 3684 1733 3755 xm),
1765 3687 2146 3755 cognovimus;

555 3798 675 3853 quae
703 3781 747 3834 si
774 3796 891 3844 sua,
921 3779 1060 3833 sicut
1087 3778 1327 3832 continet
1359 3777 1602 3831 doctrina
1633 3779 1770 3846 ipsa,
1801 3792 1906 3832 non
1930 3778 2142 3848 quaerit,

554 3889 620 3929 an
655 3872 946 3942 incongrue
984 3873 1182 3925 abusus
1210 3869 1488 3940 privilegio
1511 3883 1650 3935 meo,
1681 3869 1822 3939 quod
1851 3869 1944 3924 tibi
1970 3870 2146 3939 potius

553 3965 812 4037 prodesse
842 3965 1026 4034 possit,
1061 3963 1326 4018 exhibeo?
1356 3964 1682 4033 Exspectare
1720 3965 1861 4019 enim
1911 3979 1998 4020 me
2047 3966 2148 4020 dc-

554 4061 666 4116 cuit
694 4058 762 4113 ab
795 4057 1087 4113 errantium
1137 4056 1511 4124 conjunctione
1562 4065 1615 4110 te
1662 4055 1925 4122 liberum,
1976 4065 2032 4110 et
2068 4056 2146 4110 sic

554 4168 740 4208 amare
789 4161 1088 4207 correctum
1136 4149 1365 4206 :videre
1414 4151 1480 4204 ab
1529 4152 1895 4221 improbandis
1945 4152 2142 4217 dividi,

553 4258 716 4318 atque
765 4248 836 4301 ita
891 4245 1150 4301 litterario
1192 4259 1442 4300 sermone
1485 4246 1793 4314 complecti.
1848 4245 1952 4302 Sed
1985 4262 2142 4316 quem

553 4349 736 4413 optem
764 4339 1011 4395 reducem
1031 4379 1047 4404 ,
1075 4353 1170 4392 cur
1191 4335 1428 4392 differam
1457 4352 1649 4394 vocare
1681 4339 2015 4394 tardantem?
2037 4339 2144 4394 Cur

552 4451 660 4491 non
694 4434 850 4489 detur
879 4432 1027 4487 locus
1079 4429 1469 4498 moderationi,
1518 4446 1637 4486 cum
1673 4431 1801 4486 nihil
1845 4433 2143 4487 detrahitur

553 4527 832 4600 aequitati?
865 4525 1228 4595 lmpendenda
1270 4534 1392 4579 sunt
1442 4541 1561 4595 quae
1601 4526 1968 4581 laborantibus
2021 4545 2143 4595 pro-

553 4623 778 4692 sunt,_si
808 4636 905 4676 nos
931 4621 1203 4676 societatis
1233 4620 1552 4689 contagione
1585 4634 1688 4673 non
1720 4621 1984 4688 polluunt.
2017 4622 2141 4676 llaec

551 4732 711 4772 causa
745 4715 874 4770 mihi
908 4713 1005 4769 fuit
1037 4715 1377 4784 prtesentium
1412 4714 1733 4777 litterarum,
1768 4722 1824 4767 ut
1857 4715 2057 4778 horter,
2085 4724 2141 4767 ut

479 4813 482 4816 ’
551 4823 829 4873 moneam,
872 4822 938 4862 ne
970 4815 1165 4860 terram
1201 4813 1437 4860 nostram
1467 4804 1648 4874 jacere
1678 4808 1940 4874 patiamur
1969 4808 2138 4876 negli-

548 4902 762 4968 gentius
791 4899 1148 4954 infecundam.
1196 4898 1310 4953 Non
1353 4898 1440 4952 diu
1481 4899 1861 4953 infructuosam
1893 4901 2138 4954 arborem

549 5005 816 5059 occupare
844 4991 1014 5045 solum
1047 4991 1274 5060 diligens
1314 4991 1576 5060 permittit
1627 4991 1857 5060 agricola
1890 5009 1901 5044 :
1933 4994 2141 5061 patien-

547 5093 632 5138 ter
662 5088 970 5151 chpectat;
1003 5081 1099 5138 sed
1130 5081 1368 5152 nunquid
1395 5083 1495 5138 sub
1524 5083 1921 5137 continuatione
1947 5083 2138 5151 perdu-

548 5179 666 5234 rat?
700 5175 934 5232 Vocatus
981 5177 1048 5232 ad
1090 5178 1377 5248 salutaria,
1426 5193 1532 5234 non
1570 5178 1815 5232 moreris.
1871 5177 2042 5245 Prope
2071 5178 2138 5233 ab

547 5271 857 5329 innocentia
884 5285 992 5326 non
1024 5270 1248 5339 recedit,
1275 5270 1366 5342 qui
1395 5271 1461 5324 ad
1485 5285 1606 5327 eam
1633 5271 1750 5324 sine
1775 5269 2024 5325 tarditate
2053 5285 2138 5325 re-

546 5367 726 5422 vertit.
759 5365 974 5422 Movere
1003 5356 1222 5421 Patrum
1250 5365 1487 5431 monitis,
1517 5373 1570 5419 et
1608 5365 1862 5419 insistens
1893 5363 2137 5421 fidelibus

546 5459 666 5512 sine
697 5458 848 5528 lapsu
869 5466 963 5514 aut
991 5473 1177 5514 errore
1205 5456 1460 5527 vestigiis,
1486 5455 1842 5524 praecedentia
1872 5457 2017 5512 dilue
2041 5473 2138 5528 per

546 5549 744 5606 futura.
778 5551 1002 5620 Adjacet
1028 5551 1121 5605 tibi
1145 5548 1304 5603 modo
1331 5549 1398 5602 ad
1417 5547 1558 5616 justa
1588 5548 1818 5617 populos
1840 5549 2136 5617 incitando,

547 5644 710 5698 modo
761 5658 859 5712 pro
906 5643 1011 5698 fide
1039 5641 1422 5712 principalibus
1464 5641 1700 5710 vestigiis
1743 5643 2096 5712 supplicando
2121 5686 2136 5710 ,

548 5734 782 5802 dirigere
821 5733 961 5802 quod
1012 5734 1224 5788 devium
1268 5742 1378 5799 est,
1411 5732 1646 5787 solidare
1695 5733 1837 5801 quod
1881 5735 2136 5789 dubium:

546 5837 742 5893 magno
765 5833 815 5879 te
844 5826 1094 5879 convenit
1120 5825 1301 5879 labore
1322 5822 1630 5893 providere,
1654 5833 1710 5880 ut
1739 5839 1926 5880 causas
1960 5838 2139 5882 trans-

2265 1934 2463 2003 posito.
2509 1934 2639 1987 Nam
2687 1933 2813 1988 licet
2851 1932 3009 1988 laude
3035 1949 3142 1989 non
3173 1944 3354 1990 careat
3383 1936 3472 2006 qui
3501 1936 3656 1993 bonis
3678 1939 3852 1994 censi-

2263 2024 2348 2079 liis
2378 2023 2751 2090 obseeundat,
2792 2034 2941 2080 tanto
2987 2034 3070 2080 est
3099 2034 3277 2082 tamen
3324 2028 3502 2096 potior
3543 2029 3594 2083 in
3648 2031 3851 2089 honore

2263 2116 2544 2187 sapientiae
2591 2116 2679 2186 qui
2740 2116 2999 2185 praevenit
3047 2127 3225 2184 recta,
3277 2133 3434 2188 quam
3481 2120 3567 2189 qui
3614 2121 3850 2191 sequitur

2264 2207 2506 2261 instituta
2527 2248 2541 2272 ,
2570 2215 2769 2276 quanto
2794 2216 2877 2261 est
2908 2207 3169 2263 illustrius
3209 2208 3406 2265 docere
3435 2226 3593 2281 quam
3623 2212 3850 2268 discere.

2271 2299 2608 2354 Recordetur
2640 2301 3006 2370 unusquisque
3036 2300 3088 2355 in
3129 2317 3232 2372 qua
3261 2304 3541 2359 voeatidue
3568 2320 3597 2360 a
3624 2305 3848 2363 Domino

2261 2392 2332 2446 sit
2357 2402 2596 2458 vocatus,
2628 2403 2682 2448 et
2707 2392 2833 2462 quid
2859 2393 2926 2450 ab
2948 2409 3014 2449 eo
3039 2405 3379 2465 exspectetur
3397 2397 3660 2452 advertat.
3692 2399 3847 2455 Mise-

2259 2497 2376 2538 rum
2409 2483 2642 2539 estintra
2673 2486 2924 2540 meritum
2943 2487 3126 2555 jacere
3157 2487 3417 2556 propositi
3438 2529 3451 2553 ,
3475 2503 3598 2544 eum
3623 2489 3675 2544 id
3702 2491 3846 2560 quod

2260 2577 2546 2646 praefertur
2595 2582 2839 2645 nomine,
2884 2596 2988 2635 non
3047 2581 3348 2637 ostenditur
3390 2585 3620 2638 actione.
3662 2583 3846 2656 Magna

2259 2671 2577 2737 meruimus,
2603 2673 2645 2725 si
2673 2672 2812 2743 quod
2841 2671 3040 2728 indulta
3065 2674 3308 2746 (indicta)
3339 2676 3608 2745 postulant
3627 2677 3845 2746 implea~

2259 2778 2399 2818 mus.
2427 2765 2526 2830 Qui
2569 2778 2628 2819 se
2655 2764 2721 2819 ad
2745 2766 3040 2835 pascendas
3070 2766 3323 2822 dominici
3353 2767 3532 2837 gregis
3556 2782 3685 2822 oves
3709 2783 3846 2838 gau-

2257 2858 2345 2915 det
2369 2859 2658 2925 adscitum,
2695 2862 2893 2927 cogitet
2923 2861 2991 2916 de
3017 2862 3303 2916 commissa
3331 2861 3431 2916 sibi
3458 2863 3844 2931 gubernatione

2253 2951 2538 3020 judicium.
2576 2952 2802 3021 Pervigil
2832 2951 3130 3006 adhibenda
3165 2951 3327 3006 tutela
3358 2961 3460 3019 est,
3483 2954 3844 3009 eontlnuanda

2256 3045 2500 3099 custodia
2536 3063 2547 3097 :
2577 3058 2683 3099 non
2729 3044 2936 3098 dandus
2993 3043 3133 3113 lupis
3181 3039 3463 3113 iapaeibus
3505 3044 3687 3110 locus,
3733 3059 3841 3099 non

2257 3137 2422 3192 ullius
2477 3136 2689 3190 casibus
2739 3136 3160 3207 relinquendus:
3203 3137 3323 3204 quia
3373 3135 3646 3205 neglectus
3689 3149 3841 3190 error

2179 3197 2228 3265 θ
2259 3232 2460 3296 ovium,
2485 3229 2637 3298 culpa
2670 3238 2943 3298 pastorum
2975 3238 3078 3285 est.
3115 3227 3302 3283 Veniet
3331 3227 3418 3297 qui
3460 3230 3696 3283 rationes
3721 3243 3840 3283 cre-

2258 3325 2385 3379 dita:
2417 3324 2830 3394 dispensationis
2861 3323 3148 3378 examinet.
3181 3321 3428 3377 Omnium
3466 3323 3681 3393 quidem
3712 3337 3842 3378 eon~

2254 3428 2363 3474 stat
2391 3434 2511 3475 esse
2533 3418 2792 3489 justitiam
2814 3457 2829 3483 ,
2860 3433 2958 3472 nec
2988 3418 3080 3472 ulli
3105 3418 3419 3486 impunitam
3449 3417 3720 3473 licentiam
3748 3431 3840 3486 pa-

2257 3524 2370 3569 tere
2404 3512 2676 3582 peceandi.
2721 3511 2826 3567 Sed
2858 3511 2947 3581 qui
2979 3511 3178 3581 gradus
3223 3511 3430 3566 nesciat
3473 3524 3596 3565 esse
3623 3511 3838 3564 merito-

2254 3620 2408 3669 rum,
2435 3613 2489 3659 et
2533 3605 2673 3658 sicut
2720 3619 2822 3657 non
2855 3619 3006 3673 ach-e
3053 3603 3302 3672 prtemia,
3345 3603 3414 3658 ita
3463 3602 3670 3657 diversa
3721 3616 3838 3657 esse

2253 3698 2550 3769 supplicia?
2591 3697 3009 3768 Multiplicantur
3054 3697 3344 3752 scientibus
3391 3696 3558 3765 plaga:
3609 3713 3622 3748 :
3671 3709 3838 3764 pauca

2253 3792 2461 3863 ﬂagella
2494 3793 2743 3862 leguntur
2785 3792 3032 3846 inscitiae.
3058 3791 3208 3858 Quod
3232 3791 3273 3844 si
3308 3792 3376 3844 ita
3408 3799 3508 3858 est,
3534 3789 3689 3843 sicuti
3716 3803 3838 3843 esse

2253 3899 2361 3940 non
2411 3884 2631 3938 dubium
2665 3892 2780 3948 est,
2813 3882 3224 3938 existimandum
3271 3881 3396 3951 quid
3445 3881 3495 3935 in
3536 3894 3601 3935 eo
3647 3879 3836 3934 deceat

2253 3993 2372 4032 esse
2419 3978 2707 4048 propositi,
2751 3977 2838 4031 eui
2884 3978 3088 4032 alienos
3119 3991 3329 4046 quoque
3373 3988 3586 4031 errores
3616 3986 3836 4028 necesse

2253 4077 2336 4124 est
2358 4068 2853 4138 imputari.Clamat
2871 4078 3086 4124 sanctus
3111 4068 3340 4137 Spiritus
3371 4083 3463 4137 per
3487 4065 3835 4136 prophetam:

2256 4159 2300 4212 0
2333 4169 2560 4228 pastores
2605 4158 2772 4212 Israel
2797 4174 2816 4213 .°
2843 4161 3071 4226 nunquid
3102 4161 3391 4227 semetipsos
3424 4167 3638 4226 pascunt
3667 4165 3836 4228 pasto-

2250 4267 2331 4306 res
2365 4250 2578 4322 (Ezeclt.
2613 4250 2838 4320 xxxm)?
2889 4249 3104 4305 Certum
3137 4259 3219 4304 est
3255 4250 3370 4319 plus
3396 4249 3464 4304 ab
3485 4265 3574 4315 eo,
3601 4250 3686 4304 cui
3717 4248 3836 4318 plus

2250 4342 2506 4407 creditur,
2556 4342 2906 4412 exigendum;
2949 4353 3004 4397 et
3052 4353 3197 4397 tanto
3226 4343 3394 4413 magis
3426 4357 3526 4397 nos
3574 4343 3836 4397 obnoxios

2250 4435 2364 4492 ﬁeri
2383 4477 2398 4503 ,
2422 4445 2620 4504 quanto
2645 4435 2895 4490 effusiore
2924 4435 3091 4505 gratia
3120 4437 3400 4503 contigerit
3431 4434 3701 4490 honorari.
3724 4435 3833 4489 Ma.

2249 4529 2417 4593 gistcr
2444 4528 2633 4594 bonus,
2663 4537 2717 4582 et
2743 4527 2943 4582 docens
2972 4541 3064 4597 per
3084 4529 3310 4584 obscura
3341 4528 3514 4584 lucem
3531 4569 3547 4595 ,
3572 4542 3666 4597 per
3687 4529 3834 4582 sinti-

2253 4619 2536 4674 litudinum
2570 4619 2855 4689 :enigmata
2883 4621 3192 4688 veritatem,
3225 4636 3439 4675 servum
3489 4621 3671 4675 talenti
3701 4636 3731 4676 a
3775 4636 3835 4677 se

2250 4712 2464 4777 traditi,
2501 4723 2694 4781 praeter
2720 4722 3028 4782 augmenta,
3058 4713 3333 4767 custodem
3368 4727 3472 4768 non
3509 4715 3681 4782 arguit
3714 4713 3832 4768 infi-

2247 4807 2422 4863 delem
2444 4850 2456 4874 ,
2484 4806 2576 4860 sed
2600 4805 2980 4861 condemnavit
3003 4807 3244 4860 inutilem
3270 4805 3484 4875 (Matth.
3509 4806 3656 4877 xxv).
3682 4805 3833 4861 Unde

2248 4898 2300 4952 iu
2333 4910 2520 4968 aperto
2548 4908 2629 4954 est
2658 4899 2710 4953 in
2761 4914 2866 4968 quo
2909 4905 3053 4952 metu
3085 4912 3207 4953 esse
3252 4897 3443 4954 deceat
3470 4913 3592 4952 eum
3621 4900 3710 4968 qui
3738 4897 3834 4953 do-

2248 4990 2503 5046 minicum
2558 4990 2825 5044 numisma
2875 4988 3198 5059 perdiderit,
3257 4989 3302 5043 si
3346 4990 3593 5059 eulpatus
3635 4997 3718 5043 est
3745 4989 3834 5043 ille

2251 5081 2344 5148 qui
2371 5089 2648 5149 acceptum
2677 5081 2794 5134 sine
2830 5079 3200 5133 imminutione
3243 5081 3480 5134 servavit
3512 5079 3662 5150 (Luc.
3692 5080 3828 5149 xix).

2246 5170 2436 5226 Nullus
2455 5179 2740 5227 contentus
2763 5170 2833 5225 sit
2863 5171 3168 5226 innocentia
3198 5185 3293 5225 sua
3314 5212 3330 5238 ,
3361 5170 3486 5240 quia
3517 5171 3627 5225 Deo
3649 5179 3830 5225 nostro

2246 5267 2495 5322 universa
2525 5264 2800 5331 cernenti,
2857 5279 2952 5333 per
3001 5264 3400 5335 praedicationis
3427 5264 3829 5350 assiduitatem,

2248 5361 2507 5416 rationem
2537 5372 2748 5427 quoque
2774 5357 3031 5426 propositi
3077 5356 3336 5411 debemus
3384 5355 3565 5411 alieni.
3606 5357 3829 5428 Largam

2246 5455 2523 5511 scientiam
2553 5452 2706 5508 decet
2733 5465 2851 5506 esse
2875 5451 3174 5506 doctorum.
3204 5450 3319 5506 Non
3345 5458 3490 5504 amat
3521 5449 3656 5505 fides
3675 5449 3804 5504 Ctiri

2243 5552 2414 5605 stiana
2445 5558 2746 5612 secretum;
2787 5562 2944 5616 quam
2979 5545 3220 5615 quisquis
3267 5544 3319 5598 in
3350 5559 3479 5598 aure
3523 5553 3726 5599 tantum
3757 5544 3830 5600 ef-

2244 5643 2450 5705 fundit,
2483 5641 2785 5696 abscondit.
2821 5640 2920 5694 Per
2953 5641 3229 5693 universas
3255 5648 3443 5707 gentes
3469 5640 3616 5693 verbi
3644 5639 3830 5706 prmdi-

2241 5736 2384 5789 catio
2417 5731 2698 5786 mandatur
2743 5733 3032 5799 apostolis,
3086 5740 3140 5786 et
3191 5745 3350 5799 quam
3394 5730 3829 5788 inexeusabiliter

2246 5827 2346 5884 hoc
2394 5826 2672 5896 quisquam
2719 5832 2892 5894 potest
2923 5823 3024 5880 sibi
3075 5833 3250 5880 tacere
3295 5822 3664 5881 commissum.
3695 5820 3828 5888 Quid
