4248 6260
375 390 476 446 401

1614 378 1966 462 EPlS'l‘OLAE
2005 404 2092 462 ΕΤ
2131 399 2475 464 necesse.

3574 403 3688 470 402

376 505 604 575 prodest
633 507 857 564 cuilibet
883 515 1227 578 paternarum
1254 514 1610 571 reverentiam
1644 531 1864 574 servare
1893 534 1979 574 re-
2006 520 2062 584 Α
2086 521 2196 576 nali
2219 521 2597 578 adhortatione
2627 519 2980 589 conﬁrmem;
3019 530 3180 594 atque
3201 529 3272 580 tta
3304 522 3388 581 bis
3416 539 3539 581 cum
3563 527 3684 598 qui-

375 601 660 670 gularum,
708 602 756 658 si
807 605 1021 660 concuti
1069 605 1182 662 haec
1224 606 1291 662 ab
1319 603 1476 675 aliis,
1524 610 1571 664 si
1616 610 1734 666 sine
1777 613 1982 668 honore

383 697 608 752 tractari
642 699 912 767 patienter
939 701 1206 770 accipiat?
1252 701 1528 758 inﬁrmum
1558 706 1793 762 ostendit
1823 706 1984 762 allec-

378 803 494 846 tum
517 836 532 858 ,
555 793 646 862 qui
670 795 815 863 quod
850 795 1024 867 diligit
1049 813 1156 852 non
1187 808 1385 856 tuetur.
1410 801 1755 858 lncursantur
1786 807 1981 873 passim

378 897 567 941 sancta
608 902 638 941 a
679 888 902 956 perﬁdis
938 892 1261 958 constituta,
1311 902 1364 947 et
1395 895 1632 951 rediviva
1664 897 1889 952 subinde
1915 897 1984 952 de

378 980 714 1049 compressis
736 982 1048 1038 excessibus
1074 985 1308 1054 resurgit
1347 985 1683 1054 improbitas.
1715 988 1984 1056 Quemad-

383 1072 633 1138 modum,
655 1088 808 1143 rogo,
837 1075 1090 1143 pietatem
1121 1075 1174 1129 in
1202 1075 1369 1131 Deum
1399 1078 1610 1147 probat,
1637 1078 1725 1148 qui
1752 1081 1983 1133 tam‘ne-

380 1165 542 1220 fanda
573 1166 916 1221 dissimulat?
941 1167 1307 1224 Recordemur
1331 1185 1433 1240 qua
1464 1170 1850 1226 catholicorum
1877 1171 1986 1226 fre-

379 1259 606 1326 quentia
663 1257 1004 1312 sacerdotum
1053 1257 1146 1312 illa
1200 1259 1396 1328 quibus
1447 1259 1670 1314 nitimur
1715 1261 1983 1316 celebrata

383 1351 739 1407 didicerimus
765 1367 886 1408 esse
912 1350 1142 1407 concilia
1178 1369 1189 1405 :
1225 1362 1454 1422 quantos
1476 1369 1574 1410 nec
1599 1353 1848 1409 debilitas
1879 1355 1982 1408 im-

379 1445 621 1517 pedivit,
644 1460 746 1501 nec
795 1453 1045 1502 senectus
1071 1461 1300 1502 onerosa
1349 1447 1602 1503 tardavit.
1645 1448 1847 1518 Exigua
1873 1449 1984 1503 visa

383 1549 511 1592 sunt
537 1537 899 1608 spatiosarum
933 1538 1216 1593 intervalla
1239 1538 1543 1608 regionum,
1573 1547 1626 1594 et
1647 1540 1862 1595 labores
1883 1539 1986 1609 ipsi

382 1647 484 1704 pro
513 1632 747 1702 quadam
779 1619 1146 1690 consolatione
1169 1633 1390 1704 jucundi
1416 1677 1430 1700 ,
1461 1634 1586 1688 dum
1611 1633 1800 1703 spiritu
1830 1649 1982 1690 sanc-

385 1737 564 1783 tarum
595 1728 1071 1798 congregationum
1098 1738 1316 1796 regente
1340 1728 1677 1796 sapientiam.
1702 1742 1820 1782 sera
1852 1737 1984 1784 aetas

384 1819 804 1890 quod-servaret
833 1819 1118 1888 acciperet.
1150 1819 1216 1873 Et
1243 1819 1354 1873 haec
1386 1819 1772 1874 iusectantibus
1804 1817 1984 1888 impiis

2086 614 2187 668 bus
2228 615 2359 669 mibi
2405 622 2490 670 est
2525 615 2854 670 consortium
2890 627 3092 671 sancta:
3119 618 3554 686 communionis,
3593 618 3683 689 ju-

2089 707 2322 760 cundum
2374 705 2597 761 reddam
2641 707 3008 762 testimonium
3064 709 3327 766 caritatis.
3368 710 3483 765 Non
3538 711 3687 768 enim

2087 798 2286 853 sufticit
2306 799 2487 854 animo
2509 813 2629 854 meo
2655 799 2722 855 de
2744 800 2895 855 vobis
2916 814 3038 858 esse
3065 815 3336 868 securum,
3368 802 3473 857 nisi
3499 813 3687 859 osten-

2091 895 2223 949 dero
2263 894 2412 948 illum
2442 909 2689 964 quoque,
2740 909 2846 965 quo
2893 909 2988 950 vos
3035 895 3383 965 complector,
3409 895 3687 952 all'cctum.

2093 985 2370 1055 Siquidem
2404 986 2642 1040 declarat
2687 1001 2746 1041 se
2788 1001 2894 1041 non
2945 1001 3008 1042 ex
3049 986 3248 1056 judicio
3288 987 3467 1043 odisse
3510 1002 3540 1042 a
3588 987 3687 1044 Dei

2090 1077 2375 1132 dilectione
2404 1079 2631 1145 divisos,
2659 1078 2750 1149 qui
2787 1089 2967 1148 potest
2997 1095 3103 1134 non
3134 1095 3316 1134 amare
3345 1079 3684 1149 conjunctos.

2090 1168 2356 1224 Benedicu
2389 1169 2549 1238 igitur
2579 1171 2768 1235 Deum,
2798 1170 2922 1224 dum
2945 1170 3212 1228 fervorem
3236 1171 3359 1227 ﬁdei
3386 1181 3577 1226 vestrae
3604 1170 3692 1240 ins

2094 1271 2174 1315 ter
2205 1261 2464 1330 procellas
2497 1262 2690 1327 varias,
2727 1253 3106 1333 tempesiatum
3128 1264 3351 1319 adversa
3381 1264 3686 1321 considero.

2092 1355 2465 1424 Vosquoque,
2509 1365 2566 1409 ut
2595 1370 2756 1424 super
2787 1357 2870 1411 his
2913 1358 3167 1428 pietatem
3195 1357 3314 1426 ejus
3352 1356 3688 1426 gloriﬁcetis,

2092 1447 2344 1501 uberiore
2367 1448 2729 1502 exsultatione
2759 1448 2990 1512 suadeo;
3029 1450 3117 1518 qui
3148 1449 3440 1504 electorum
3467 1464 3690 1506 suorum

2093 1547 2301 1592 mentes
2351 1552 2457 1606 quo
2505 1537 2836 1607 acceptiores
2880 1538 2983 1592 sibi
3031 1539 3248 1607 reddat,
3303 1542 3603 1606 examinat;
3636 1551 3691 1596 et

2095 1632 2221 1687 licet
2268 1635 2514 1703 cognitos
2547 1634 2680 1700 sibi,
2710 1633 3027 1704 quibusdam
3073 1645 3252 1690 tamen
3282 1634 3691 1690 difficultatibus

2091 1724 2305 1792 probat,
2337 1733 2394 1778 ut
2417 1724 2679 1794 justitiam
2721 1740 2934 1795 quoque
2965 1727 3144 1781 inesse
3170 1728 3312 1782 dono
3353 1727 3494 1797 quod
3525 1726 3690 1797 largi-

2093 1825 2179 1869 tur
2199 1815 2471 1870 ostendat.
2510 1819 2684 1886 Atque
2715 1816 2837 1872 ideo
2863 1819 3212 1887 pertinaciter
3239 1819 3384 1874 bono
3422 1835 3516 1875 vos
3558 1836 3689 1876 con-

381 1923 506 1982 post
533 1912 842 1966 damnatam
889 1912 941 1965 in
991 1909 1167 1965 radice
1211 1911 1488 1980 perﬁdiam
1512 1951 1528 1976 ,
1561 1919 1733 1977 tacet,
1767 1911 1855 1979 qui
1885 1910 1987 1966 scit
2015 1908 2065 1970 B
2094 1909 2240 1962 venit
2270 1908 2555 1963 imminere
2581 1910 2886 1978 proposito,
2923 1925 3023 1965 nec
3069 1913 3122 1964 in
3174 1911 3257 1965 via
3298 1927 3417 1981 quae
3446 1912 3592 1967 ducit
3617 1913 3687 1968 ad

380 2004 482 2059 sibi
517 2020 640 2060 esse
680 2004 986 2059 mandatum
1021 2021 1035 2056 :
1067 2002 1260 2058 Exalta
1304 2020 1476 2058 vocem
1526 2014 1669 2057 tuam
1695 2005 1783 2072 qui
1828 2020 1982 2057 evan-

382 2097 578 2166 gelisas
634 2095 963 2150 Jerusalem:
999 2097 1204 2161 exaltu,
1258 2095 1367 2150 noli
1414 2096 1592 2149 timere
1643 2093 1824 2165 (Psal.
1862 2095 1979 2166 ιι).

391 2189 589 2245 Nonne
620 2189 718 2243 hoc
745 2199 867 2242 ante
898 2189 1085 2244 oculos
1114 2189 1347 2257 habens,
1373 2189 1692 2259 discipulum
1744 2190 1816 2246 ita
1849 2205 1982 2259 gen-

386 2283 524 2336 tium
551 2281 738 2336 doctor
769 2282 1028 2349 instituit,
1065 2291 1122 2336 ut
1151 2290 1453 2350 opportune
1479 2281 1851 2351 evangelizare
1873 2298 1981 2336 non

381 2373 922 2429 cesset‘iadmouens
951 2391 964 2426 :
1007 2374 1222 2427 Attende
1248 2373 1336 2427 tibi
1371 2384 1417 2426 et
1444 2374 1692 2427 doctrina:
1716 2389 1735 2427 :
1767 2374 1904 2427 insta
1928 2375 1982 2429 iis

382 2467 513 2521 illis.
553 2465 667 2519 Hoc
709 2468 844 2519 enim
872 2466 1089 2537 faciens,
1144 2475 1191 2520 et
1239 2465 1456 2533 teipsum
1504 2466 1700 2519 salvum
1730 2464 1907 2534 facies,
1931 2473 1983 2518 et

380 2575 467 2614 eos
495 2561 584 2628 qui
611 2569 659 2612 te
687 2559 902 2612 audiunt
931 2555 1019 2629 (II
1045 2556 1223 2613 Thess.
1255 2559 1355 2626 tv).
1385 2555 1524 2624 Ergo
1547 2557 1628 2611 vel
1656 2555 1983 2626 prOpbelicis

381 2651 619 2707 stimulis
648 2650 901 2716 excitati,
927 2649 1010 2705 vel
1050 2649 1251 2704 normis
1294 2649 1605 2718 apostolica";
1632 2647 1982 2705 institutionis

383 2744 670 2804 instructi.
730 2758 913 2798 curam
961 2743 1210 2797 salutaris
1251 2741 1648 2812 prmdicationis
1702 2741 1978 2796 assumite.

384 2834 599 2904 Diligite
627 2844 680 2889 et
707 2834 972 2889 vindicate
988 2834 1282 2890 sententias
1310 2834 1559 2903 probatas
1595 2832 1716 2903 piis,
1751 2831 1983 2887 inﬁdeli-

382 2928 485 2984 bus
506 2929 773 2983 inimicas.
800 2927 864 2982 Et
888 2926 954 2982 ad
983 2937 1187 2996 petram
1212 2967 1227 2992 ,
1256 2940 1414 2996 supra
1439 2940 1600 2996 quam
1631 2933 1715 2980 est
1758 2923 1980 2980 fundata

383 3019 631 3074 Ecclesia
653 3060 670 3084 ,
718 3028 1076 3086 revertentes,
1110 3018 1252 3088 apud
1284 3018 1497 3073 illorum
1527 3019 1689 3073 etiam
1734 3032 1833 3072 vos
1881 3016 1983 3072 Pa-

384 3122 528 3166 trum
562 3111 801 3182 spiritus,
833 3127 1060 3181 quorum
1091 3110 1396 3166 veneranda
1420 3111 1710 3167 constituta
1739 3109 1982 3178 improbe

385 3207 800 3277 labefactantur,
825 3207 1115 3272 absolvite;
1156 3208 1519 3271 aestimantes,
1557 3220 1678 3260 cum
1723 3204 1982 3259 Dominus

2088 1999 2211 2055 cmli
2255 2014 2417 2070 regna
2449 1999 2703 2056 deﬁcere.
2738 2003 2840 2067 Qui
2871 2001 3108 2057 intuetur
3149 2001 3421 2059 dominica
3461 2019 3690 2062 munera

2091 2107 2198 2146 non
2249 2093 2565 2148 aestimanda
2601 2095 2899 2162 promissa,
2939 2095 3139 2150 nullius
3165 2104 3345 2166 potest
3383 2106 3690 2167 respectum

2088 2183 2290 2240 habere
2318 2186 2563 2255 periculi.
2596 2185 2712 2241 Non
2741 2188 2883 2242 enim
2913 2186 3108 2255 frangit
3149 2188 3511 2245 consideratio
3548 2205 3686 2260 pras-

2085 2276 2321 2331 sentium
2355 2277 2641 2343 malorum,
2685 2278 2788 2333 nisi
2839 2278 3140 2337 futurorum
3189 2280 3454 2336 bonorum
3505 2282 3688 2337 vincat

2086 2368 2286 2424 oblivio
2321 2387 2332 2422 :
2369 2369 2582 2438 quando
2603 2385 2817 2426 omnem
2836 2371 3250 2426 amaritudinem
3275 2372 3473 2428 laboris
3501 2373 3686 2428 exclu-

2088 2463 2199 2530 dit,
2228 2463 2318 2533 qui
2361 2462 2701 2518 dulcedinem
2734 2464 2881 2534 spei,
2912 2479 3035 2534 quae
3079 2473 3451 2533 exspectatur,
3491 2465 3686 2520 amise-

2087 2560 2177 2611 rit.
2211 2557 2344 2625 Quae
2377 2556 2520 2612 enim
2567 2557 2854 2612 difﬁcultas
2903 2558 3219 2614 beatitudini
3279 2575 3374 2627 par
3422 2559 3540 2614 est?
3591 2568 3685 2615 aut

2085 2664 2207 2721 quae
2235 2649 2516 2719 condigna:
2544 2651 2781 2720 prtemiis
2813 2651 3090 2719 passiones
3117 2651 3184 2706 ad
3212 2651 3441 2706 futuram
3472 2652 3683 2708 scilicet

2086 2742 2331 2811 gloriam,
2366 2758 2485 2813 qua:
2515 2745 2565 2796 in
2598 2743 2755 2798 nobis
2797 2744 3061 2813 Apostolo
3090 2745 3442 2800 annuntiante
3477 2745 3684 2801 revela-

2086 2834 2232 2890 bitur
2255 2834 2620 2914 (Romnvm)?
2644 2835 2803 2890 Absit
2845 2851 2913 2890 ne
2939 2836 3230 2906 quidquam
3260 2851 3290 2890 a
3312 2835 3512 2891 Christi
3543 2835 3684 2890 cari-

2087 2937 2196 2984 tate
2223 2943 2323 2986 nos
2365 2938 2600 2999 separet.
2646 2927 2857 2997 Quanta
2887 2937 2971 2984 est
3012 2927 3311 2995 tribulatio,
3363 2929 3406 2982 si
3456 2928 3684 2997 gloriam

2088 3021 2266 3089 parit?
2301 3019 2521 3074 Materia
2550 3033 2930 3089 prosperorum
2961 3028 3044 3074 est
3061 3034 3178 3088 qua:
3203 3026 3418 3088 putatur
3444 3017 3684 3074 adversi-

2088 3120 2193 3167 tas.
2218 3112 2352 3166 Dum
2399 3110 2742 3178 inclinamur,
2776 3111 3051 3180 erigimur.
3079 3108 3250 3166 Nemo
3276 3108 3500 3164 haberet
3543 3108 3683 3165 futu-

2089 3220 2202 3259 ram
2235 3203 2762 3267 remunerationem,
2798 3201 2904 3257 nisi
2949 3201 3299 3257 necessitates
3338 3199 3686 3270 praesentium

387 3302 456 3355 ad
497 3301 629 3356 illud
659 3301 803 3372 quod
833 3310 1182 3370 exspectatur
1206 3315 1431 3356 examen
1456 3297 1738 3354 advenerit
1765 3316 1778 3363 ;
1808 3297 1984 3368 qualis
2013 3293 2059 3359 C
2090 3295 2398 3352 sustineret.
2457 3294 2649 3350 Videte
2693 3303 2894 3364 quanto
2943 3307 3111 3364 opere
3147 3292 3424 3348 hominum
3468 3300 3685 3354 terrena

387 3391 653 3462 apostolis
679 3391 938 3457 creditus,
968 3392 1140 3462 qualis
1161 3392 1466 3461 aliquorum
1491 3389 1810 3445 tentantium
1830 3388 1987 3443 dubi-

389 3484 598 3542 latione
624 3493 955 3554 compertus,
1003 3485 1179 3553 qualis
1211 3484 1402 3553 angelo
1442 3481 1836 3553 praenuntiante
1865 3495 1987 3551 pro.

389 3582 620 3645 missus;
650 3587 828 3633 utrum
858 3577 926 3632 ab
964 3577 1069 3632 illis
1101 3576 1293 3631 melius
1323 3575 1396 3631 sit
1424 3574 1610 3646 argui,
1641 3589 1708 3629 an
1736 3589 1857 3628 cum
1888 3589 1983 3628 eo-

392 3686 512 3725 rum
561 3674 786 3727 coborte
816 3670 1108 3739 conjungi?
1134 3680 1312 3724 utrum
1344 3669 1466 3724 talis
1491 3668 1664 3739 qualis
1694 3667 1984 3735 videbitur,

391 3770 484 3816 aut
508 3762 682 3832 qualis
703 3762 769 3818 ab
797 3762 979 3832 impiis
1004 3769 1247 3833 negatur,
1280 3760 1567 3816 Dominum
1598 3760 1874 3815 confiteri?
1901 3759 1987 3815 Nil

391 3868 488 3910 vos
533 3856 775 3910 retrahat
818 3870 846 3909 a
891 3855 1065 3910 salute
1113 3870 1127 3908 :
1176 3853 1451 3908 velocibus
1500 3853 1568 3908 ad
1626 3853 1765 3908 viam
1815 3853 1988 3908 redite

393 3948 655 4018 vestigiis.
689 3948 892 4018 Lapsus
934 3957 1177 4002 ruentem
1216 3962 1324 4001 non
1364 3957 1583 4015 gravat,
1635 3948 1678 4001 si
1722 3938 1988 4016 resurgat.

393 4043 569 4114 Larga
611 4053 688 4099 est
719 4043 1002 4098 dominicae
1032 4042 1276 4098 doctrina
1313 4042 1612 4096 clementiae
1638 4057 1651 4093 :
1678 4041 1831 4094 noxia
1863 4048 1990 4096 sunt

393 4137 600 4195 erroris
631 4138 876 4205 vincula,
905 4136 1031 4192 dum
1066 4137 1318 4192 retinent.
1354 4135 1478 4190 Odit
1504 4135 1711 4204 justitia
1752 4134 1991 4204 pertina-

395 4245 519 4294 ees,
572 4229 721 4286 fovet
777 4229 1064 4286 clementia
1118 4227 1470 4298 corrigentes.
1537 4225 1663 4280 Data
1714 4241 1773 4280 ιιι
1822 4239 1992 4281 nonas

403 4323 620 4394 Aprilis,
651 4322 880 4394 Agapito
907 4322 970 4377 V.
996 4322 1057 4377 C.
1086 4322 1310 4378 consule
1339 4321 1501 4392 (anno
1530 4319 1738 4374 Domini
1763 4320 1917 4388 5l7).

939 4417 1274 4474 EPISTOLA
1318 4416 1457 4474 XIV.

403 4527 469 4568 AD
499 4524 780 4567 EPISCOPOS
817 4523 1143 4565 ORIENTALES
1173 4523 1519 4564 ORTHODOXOS
1552 4523 1726 4562 EADEM
1757 4521 1994 4562 δεοιιΝυΑ

869 4615 1160 4656 LEGATIONE
1194 4613 1535 4654 TRANSMISSA.

2090 3387 2283 3442 messis
2313 3396 2580 3457 assurgat.
2614 3385 2830 3452 Quanto
2852 3394 2936 3440 est
2965 3385 3126 3455 igitur
3170 3384 3357 3440 labore
3398 3397 3688 3454 procuran-

2089 3478 2238 3545 dum,
2286 3486 2342 3532 ut
2384 3476 2624 3534 ctelestia
2655 3477 2794 3532 dona
2829 3492 2932 3532 non
2966 3475 3226 3546 pereant?
3252 3475 3443 3542 Quieta
3472 3482 3555 3529 est
3592 3488 3689 3530 ne.

2091 3570 2405 3640 gligentium
2447 3569 2581 3635 vita,
2617 3570 2714 3624 sed
2758 3583 2868 3624 non
2901 3569 3014 3623 voti
3053 3567 3309 3637 opulenta
3339 3566 3639 3624 substantia
3670 3581 3692 3622 :

2089 3663 2293 3735 Dignus
2336 3673 2410 3718 est
2442 3663 2748 3733 aperarius,
2796 3670 2852 3715 ut
2906 3662 3138 3732 fructum
3179 3659 3426 3715 mercedis
3473 3658 3693 3728 accipiat

2093 3756 2244 3828 (Luc.
2282 3758 2364 3825 χ).
2395 3755 2691 3810 indiscrete
2710 3753 2908 3824 passim
2932 3755 3103 3824 pietas
3129 3768 3254 3808 cum
3282 3749 3555 3822 impietate
3581 3751 3695 3806 lan-

2090 3859 2401 3919 guesceret,
2435 3849 2480 3903 si
2518 3849 2845 3905 examinatio
2869 3847 3040 3903 bonos
3066 3861 3098 3902 a
3122 3847 3279 3902 malis
3301 3845 3542 3902 divisura
3568 3857 3693 3901 ces-

2091 3950 2260 3997 saret.
2319 3940 2542 3996 Gratum
2595 3940 2884 3996 admodum
2939 3939 3304 4011 spectaculum
3361 3937 3590 3995 Domino
3637 3938 3697 3996 in

2092 4049 2263 4105 agone
2284 4036 2547 4104 iustorum
2575 4053 2587 4088 :
2622 4049 2720 4090 nec
2742 4031 3034 4105 quidquam
3060 4035 3132 4090 ita
3157 4048 3445 4104 supernam
3469 4032 3698 4104 gratiam

2095 4128 2348 4184 conciliat
2377 4128 2614 4193 homini,
2642 4131 2779 4193 sicut
2805 4127 3157 4184 adversorum
3177 4127 3407 4198 impetus
3430 4127 3700 4196 patienter

2096 4219 2328 4290 excepti.
2348 4219 2480 4286 Quis
2503 4219 2702 4274 milites
2733 4219 2832 4274 sub
2863 4221 3010 4287 pacis
3038 4220 3328 4275 securitate
3348 4218 3573 4273 miretur
3593 4212 3702 4287 (tt)?

2095 4312 2213 4367 Non
2241 4320 2325 4367 est
2351 4313 2575 4367 arduum
2610 4313 2664 4365 in
2695 4312 2840 4366 sicco
2871 4326 3062 4367 secura
3096 4309 3294 4366 ﬁxisse
3315 4309 3568 4379 vestigia;
3599 4321 3703 4364 nec

2097 4416 2270 4460 artem
2329 4386 2726 4474 gubernatoris
2757 4403 2994 4460 ostendit
3054 4405 3260 4457 marina
3313 4401 3702 4472 tranquillitas.

2099 4504 2238 4559 Satis
2266 4514 2348 4560 est
2389 4503 2712 4573 intrepidum
2762 4503 2903 4557 inter
2932 4503 3071 4556 bella
3100 4482 3421 4571 procedere,
3456 4501 3598 4554 inter
3627 4499 3704 4558 itt-

2102 4597 2254 4652 brica
2280 4612 2387 4650 non
2417 4595 2628 4661 labare,
2659 4594 2851 4650 fluctus
2895 4594 2949 4648 in
2977 4599 3296 4662 tempestate
3327 4598 3704 4646 contemnere.

406 4695 609 4751 Laudat
649 4709 824 4747 eorum
869 4693 921 4747 in
950 4693 1056 4762 ﬁde
1099 4693 1475 4759 constantiam,
1503 4702 1549 4746 et
1575 4692 1641 4744 ad
1662 4707 1837 4761 pacem
1877 4705 1999 4744 con-
2029 4684 2081 4745 D
2109 4689 2342 4752 Saeviat,
2391 4698 2444 4742 et
2472 4695 2650 4742 motus
2690 4700 2818 4741 suos
2853 4693 3104 4742 exerceat
3155 4682 3420 4738 mundana
3452 4679 3704 4750 tentatio,

480 4788 758 4842 ciliandam
787 4804 818 4838 a
850 4803 902 4840 se
933 4789 1124 4858 legatos
1159 4786 1326 4840 denuo
1357 4783 1855 4854 Constantinopolim
1888 4783 2010 4836 mis-

475 4901 558 4938 sos
588 4899 696 4937 esse
720 4882 914 4936 scribit.

478 4973 765 5028 llormisda
795 4972 1067 5043 episcopis
1094 4971 1428 5028 ortbodoxis.

480 5066 576 5121 Est
605 5067 818 5136 quidem
852 5065 1090 5121 ﬁdelium
1123 5064 1358 5134 speciale
1388 5064 1638 5118 solatium
1686 5062 1859 5127 Deus,
1906 5077 2005 5116 nec

405 5176 641 5229 unquam
671 5160 813 5214 inter
846 5158 1098 5228 quaelibet
1120 5157 1254 5212 dura
1277 5157 1563 5220 deﬁciunt,
1585 5157 1674 5226 qui
1699 5169 1757 5209 se
1781 5155 1847 5208 ad
1879 5169 2003 5209 eum

405 5263 524 5308 toto
574 5255 774 5310 mentis
829 5253 1008 5309 studio
1061 5253 1423 5308 contulerunt.
1470 5251 1854 5306 Verumtamen
1903 5250 2005 5305 hoc

407 5356 590 5400 votum
626 5346 906 5416 proposito
940 5355 1121 5400 vestro
1160 5345 1359 5400 debere
1391 5360 1477 5398 me
1527 5343 1716 5410 fateor,
1763 5352 1821 5397 ut
1869 5343 2008 5396 sicut

407 5438 621 5493 exsulto
658 5439 725 5492 de
770 5438 1080 5493 sinceritate
1124 5437 1246 5492 ﬁdei
1294 5445 1517 5500 vestrm,
1549 5436 1618 5489 ita
1659 5434 1724 5489 de
1755 5434 2006 5486 ﬁrmitate

409 5547 620 5586 merear
641 5530 878 5600 gaudere
903 5529 1239 5585 constantiae.
1261 5528 1413 5584 Unde
1434 5539 1488 5583 et
1508 5536 1724 5595 aspectu
1748 5526 2005 5580 interiore

406 5638 505 5677 vos
559 5623 804 5688 intuens,
850 5622 915 5675 ad
955 5621 1281 5676 desiderium
1333 5618 1669 5688 colloquendi
1727 5617 2001 5671 Vobiscum

409 5723 690 5785 promptus
738 5729 999 5783 assurgo,
1061 5723 1118 5768 ut
1166 5721 1216 5766 et
1263 5711 1604 5766 dilectionem
1644 5711 1782 5763 circa
1833 5709 1999 5763 Deum

408 5821 647 5864 vestram
678 5809 942 5864 litterario
963 5821 1216 5880 sermone
1246 5813 1576 5868 remuneret,
1609 5812 1660 5858 et
1685 5818 1832 5872 spem
1857 5803 2001 5872 pagi-

2113 4783 2238 4838 dum
2261 4778 2533 4835 manifesti
2549 4788 2844 4848 appareant
2860 4777 2950 4846 qui
2969 4775 3282 4846 probantur.
3299 4774 3426 4828 Haec
3445 4772 3704 4842 scientes,

2114 4872 2375 4928 carissimi
2407 4873 2630 4938 fratres,
2662 4869 2783 4924 ﬁdei
2818 4879 3009 4925 vestrae
3038 4876 3219 4924 tenete
3247 4865 3626 4932 constantiam,
3651 4875 3706 4925 et

2113 4966 2229 5036 ipsa
2264 4963 2458 5032 etiam,
2501 4965 2544 5019 si
2576 4961 2882 5030 inciderint,
2934 4959 3215 5015 militantia
3259 4959 3466 5016 meritis
3509 4961 3706 5016 vestris

2111 5066 2291 5112 amate
2322 5055 2584 5126 pericula.
2632 5053 2960 5109 Annuntiate
2987 5067 3106 5121 qua:
3156 5050 3365 5119 colitis,
3412 5049 3709 5121 ctpartici-

2113 5161 2239 5222 pate
2275 5151 2435 5206 etiam
2462 5165 2556 5218 per
2589 5148 2892 5202 universum
2917 5147 3105 5200 orbem
3127 5144 3375 5201 mandata
3399 5143 3706 5215 evangelica

2111 5260 2231 5315 quae
2263 5242 2456 5298 tenetis
2488 5259 2499 5292 :
2527 5254 2685 5306 supra
2725 5237 2990 5306 stipendia
3037 5246 3247 5303 vestra,
3279 5237 3541 5292 correctio
3571 5244 3704 5302 quo-

2111 5354 2216 5407 que
2249 5337 2398 5389 vobis
2444 5332 2745 5387 ascribatur
2790 5331 2964 5387 aliena
3001 5351 3010 5384 :
3048 5333 3186 5387 inter
3215 5341 3531 5386 caeterorum
3572 5341 3704 5380 enu-

2112 5428 2502 5491 merationem,
2561 5425 2755 5496 quibus
2812 5426 2912 5480 sibi
2966 5424 3201 5479 divinam
3247 5422 3473 5491 gratiam
3514 5418 3704 5486 plenus

2111 5520 2302 5590 Spiritu
2330 5517 2425 5572 Dei
2449 5520 2708 5587 pmpbeta
2746 5517 3000 5574 conciliat
3027 5515 3200 5587 (Psal.
3231 5513 3306 5578 ι),
3335 5514 3471 5564 inter
3499 5523 3560 5562 ca
3587 5508 3706 5577 qui-

2114 5616 2212 5668 bus
2236 5609 2658 5664 misericordiam
2680 5651 2695 5676 ,
2721 5625 2822 5681 qua
2850 5615 3216 5670 conservetur,
3242 5611 3433 5659 exorat
3467 5618 3480 5654 :
3508 5599 3706 5656 docere

2110 5718 2170 5758 se
2203 5703 2416 5771 iniquos
2449 5703 2562 5756 vias
2592 5703 2801 5757 Domini
2826 5743 2837 5764 ,
2864 5709 2914 5753 et
2946 5699 3354 5752 conversionem
3381 5710 3475 5764 per
3501 5709 3558 5748 se
3588 5693 3705 5752 ﬁeri

2112 5793 2364 5865 praedicat
2415 5792 2720 5862 impiorum.
2781 5789 2923 5846 Beati
2974 5790 3169 5860 quibus
3220 5789 3330 5843 vita
3389 5787 3708 5844 innuat-nter

488 5924 569 5996 (ιι)
600 5922 740 5982 Edit.
769 5923 925 5980 Rom.
960 5921 1117 5980 habet
1143 5937 1154 5975 :
1186 5920 1310 5985 Quis
1341 5917 1482 5972 miles
1504 5918 1594 5971 sub
1633 5915 1770 5986 pacis
1799 5913 2065 5969 securitate
2092 5920 2317 5966 tueretur
