4262 6264
595 366 700 424 405

1935 381 2310 446 11031118ῡῶ
2347 379 2430 440 PA
2443 385 2549 448 ΡΒ

3767 385 3871 458 ιω

591 495 708 544 acta
731 487 820 541 dat
851 491 1146 558 praemium.
1182 492 1326 546 Beati
1354 507 1450 564 per
1497 507 1631 561 quos
1659 493 1778 548 aliis
1803 510 2014 566 quoque
2041 513 2174 566 prze-
2198 499 2254 568 Λ
2359 498 2417 557 Si
2451 501 2493 558 is
2517 500 2609 566 qui
2642 501 2860 560 calicem
2901 517 3051 574 aqua:
3089 504 3313 576 frigida,
3345 515 3596 568 annale
3641 519 3872 581 uanu—

587 588 760 634 statur
785 584 1112 652 exemplum.
1139 583 1206 638 Et
1233 600 1327 638 nos
1372 587 1610 655 quidem,
1645 598 1900 656 quantum
1934 593 1985 646 in
2015 594 2168 650 nobis

586 682 688 737 est,
715 689 810 726 nec
838 676 1218 740 sollicitudine,
1251 692 1350 732 nec
1379 678 1561 734 labore
1610 696 1885 740 cessamus
1912 725 1928 748 ,
1970 695 2026 742 ut
2073 686 2174 741 ltu-

587 768 884 830 militatem,
916 786 1072 837 quam
1099 785 1196 824 nos
1227 771 1482 828 Dominus
1505 785 1685 834 noster
1712 777 1922 846 docuit,
1955 782 2168 847 imitati,

583 873 700 926 qum
728 858 881 911 saluti
913 875 1096 914 eorum
1129 865 1450 918 conveniunt
1474 868 1808 935 postulemus
1834 887 1846 922 :
1872 879 1931 924 ut
1951 869 2172 940 dispen-

581 951 803 1002 sationis
836 951 964 1006 mihi
995 956 1244 1024 creditur,
1275 959 1398 1013 dum
1428 964 1738 1030 agnoscitur
1760 979 1908 1025 cura.
1939 967 2172 1034 proben-

583 1053 668 1096 tttr
694 1045 890 1099 officia.
926 1047 1056 1102 Nam
1087 1053 1312 1120 repetita
1345 1056 1461 1110 vice
1491 1055 1792 1114 EnnOtlium
1823 1067 1979 1128 atque
2010 1059 2168 1114 Pere-

583 1135 790 1204 grinum
827 1139 1020 1195 fratres
1059 1152 1113 1195 ct
1155 1147 1506 1215 COCpiSCOliOS
1539 1158 1750 1203 nostros
1773 1191 1788 1212 ,
1817 1151 2061 1206 mandata
2095 1154 2168 1206 le-

579 1231 810 1296 gatione,
843 1232 1156 1302 direximus,
1186 1239 1470 1304 rationem,
1499 1239 1920 1307 adhortationes,
1956 1259 2166 1311 preces,

584 1319 850 1390 lacrynias
909 1324 1242 1393 ingerentes,
1300 1337 1357 1382 ut
1409 1330 1477 1384 ab
1522 1330 1806 1402 impiorutn
1848 1334 2169 1404 coptagione

585 1411 844 1479 separati,
871 1414 934 1465 ad
971 1431 1149 1470 veram
1193 1418 1351 1474 fidem
1384 1421 1572 1476 iisdem
1616 1423 1806 1491 quibus
1837 1440 1930 1480 vos
1973 1426 2167 1490 modis,

581 1513 634 1554 et
666 1505 955 1572 apostolica
1002 1509 1102 1562 scit
1132 1511 1309 1577 sedes,
1340 1528 1396 1567 se
1420 1514 1730 1580 conferant,
1761 1527 1850 1570 aut
1881 1528 2028 1573 certe
2060 1534 2165 1576 non

577 1607 678 1646 nos
720 1595 955 1652 defuisse
987 1601 1390 1667 prmdicationi,
1444 1605 1539 1660 sed
1588 1608 1708 1662 illos
1739 1610 1969 1679 proptia:
2009 1611 2164 1666 saluti

578 1689 809 1744 mundus
848 1706 1098 1760 agnoscat
1129 1696 1225 1765 ta).
1274 1698 1400 1752 Data
1433 1702 1662 1769 Agapito
1710 1702 1822 1756 viro
1866 1703 2164 1765 clarissimo

577 1781 797 1836 consule
822 1784 985 1846 (anno
1016 1786 1223 1840 Domini
1255 1788 1402 1858 517).

1140 1877 1470 1934 EPISTOLA
1504 1881 1614 1936 XV.

950 1978 972 2003 "
1006 1987 1070 2022 ΔΙ)
1102 1986 1456 2028 Ροεεεεεοιιειι
1481 1990 1786 2032 εριεοοιδυιι.

896 2060 960 2114 In
985 2063 1087 2130 ﬁde
1113 2065 1363 2120 catholica
1389 2056 1833 2134 perseuerandum.

648 2151 928 2208 Hormisda
962 2154 1261 2211 Possessnri
1295 2159 1564 2230 episcopo.

646 2242 910 2310 Optimam
935 2254 1126 2300 vestrae
1152 2249 1386 2305 caritatis
1431 2251 1708 2310 audientes
1741 2253 2068 2320 instantiam.
2102 2266 2157 2312 et

573 2347 954 2404 cognoscentes
1006 2351 1164 2394 rectm
1198 2340 1276 2409 (ὁ)
1310 2342 1428 2396 vitae
1483 2346 1778 2408 tramitem,
1828 2362 1986 2416 quem
2036 2349 2154 2405 sine

575 2427 800 2494 strepitu
826 2428 1126 2498 vindicatis,
1155 2432 1265 2486 Deo
1289 2445 1471 2490 nostro
1494 2437 1690 2506 gratias
1715 2437 1833 2493 sine
1852 2441 2154 2499 ceSsatione

574 2523 931 2590 persolvimbs
959 2543 970 2578 :
1006 2535 1063 2580 ut
1106 2535 1160 2581 et
1192 2527 1242 2581 in
1295 2543 1356 2583 ea
1405 2529 1756 2599 dispositione
1786 2524 2065 2602 persistas,
2097 2549 2152 2593 et

569 2614 785 2668 ceteris
826 2617 966 2685 quod
1017 2629 1310 2689 sequantur
1357 2624 1590 2679 tribuere
1619 2624 1792 2693 possis
1823 2629 2145 2697 exemplum.

571 2703 675 2758 lsta
704 2715 827 2760 sunt
852 2707 988 2762 dona
1005 2711 1244 2766 cmleStia
1267 2731 1277 2764 :
1298 2713 1394 2767 ista
1417 2727 1540 2769 sunt
1563 2717 1756 2772 divina:
1785 2719 2149 2775 retributionis

568 2797 762 2850 inticia
797 2816 809 2851 :
842 2798 942 2858 ista
971 2813 1092 2856 sunt
1124 2801 1452 2874 Deijudicia,
1483 2824 1602 2884 quae
1634 2819 1686 2864 te
1715 2825 1745 2864 a
1772 2810 2036 2868 catholico
2064 2827 2150 2867 sa-

563 2886 842 2944 cerdotum
872 2891 1158 2948 noluerunt
1188 2899 1424 2963 separari
1457 2901 1747 2956 consortio.
1785 2901 1955 2972 Unde,
1983 2903 2146 2959 frater

563 2980 862 3045 carissime,
921 2987 1272 3051 praesentibus
1300 2987 1580 3045 hortamur
1605 2991 1871 3063 alloquiis,
1917 3007 1972 3050 ut
2002 2996 2053 3056 in
2082 3013 2144 3053 ea

563 3073 886 3138 constantia,
923 3091 1025 3143 qua
1058 3077 1260 3134 electus
1288 3095 1363 3145 es,
1417 3098 1748 3151 perseveres,
1779 3096 1833 3141 et
1863 3099 2142 3158 augmenta

561 3162 927 3230 probabilibus
960 3168 1122 3223 initiis
1153 3171 1526 3241 subministre's
1562 3194 1574 3228 :
1603 3178 1724 3246 quia
1757 3178 1957 3235 bonum
1986 3196 2140 3251 opus,

2282 590 2378 641 lica
2402 601 2637 658 secutus,
2658 591 2933 657 obtulerit,
2959 596 3263 654 mercedem
3289 597 3416 654 boni
3440 601 3728 670 propositi,
3751 602 3870 671 ipso

2281 681 2527 748 Domino,
2578 684 2666 752 qui
2718 684 2816 739 hoc
2848 685 3051 753 docuit,
3094 691 3428 761 restituente,
3476 694 3866 765 consequitur;

2281 790 2459 829 nonne
2482 776 2569 845 qui
2596 786 2744 830 tanto
2769 780 2962 847 pepqu
2992 779 3225 838 fidelium
3249 786 3526 842 veritatem
3548 789 3867 846 annuntiare

2275 869 2565 938 distulerit,
2606 872 2752 941 juste
2797 891 3012 945 pinnam
3045 879 3406 936 damnationis
3447 880 3705 936 incurrit?
3731 883 3866 940 Hinc

2275 972 2352 1015 est
2380 963 2522 1032 quod
2544 963 3038 1026 interminationem
3063 971 3298 1026 mandati
3319 972 3558 1030 centenis
3578 974 3858 1046 etfugie‘ns,

2265 1053 2438 1129 .tquod
2472 1055 2627 1110 decet
2650 1056 2979 1126 loquendum
3003 1071 3088 1114 est
3119 1062 3171 1116 in
3195 1061 3280 1120 his
3305 1078 3423 1132 quae
3451 1065 3516 1120 ad
3547 1065 3714 1128 Deum
3741 1083 3865 1136 per.

2275 1143 2464 1207 tinent,
2497 1160 2595 1200 nec
2622 1147 2927 1219 tacendum)
2960 1149 3165 1205 habens
3210 1167 3422 1222 quoque
3454 1164 3645 1216 vestra:
3673 1158 3860 1224 salutis

2263 1217 2542 1301 iaﬂ‘ectum,
2573 1237 2996 1296 admonitionem
3029 1257 3213 1300 eorum
3248 1259 3367 1313 quae
3395 1262 3637 1315 pra-sens
3669 1265 3856 1308 neces-

2267 1325 2405 1403 _sitas
2438 1330 2609 1396 poscit
2636 1336 2902 1405 assumpsi
2931 1350 2946 1399 ;
2979 1352 3188 1402 omnes,
3230 1339 3424 1407 quibus
3467 1355 3610 1400 cura:
3645 1352 3727 1398 est
3757 1343 3858 1404 (ide

2272 1419 2477 1490 integra
2505 1419 2863 1487 ChriStianam
2897 1427 3213 1497 religionem
3255 1446 3492 1499 servare,
3526 1443 3850 1508 contestans,

2271 1518 2330 1563 ut
2372 1526 2466 1566 eos
2510 1513 2598 1584 qui
2645 1529 2884 1574 sanetam
2950 1519 3442 1586 Chalcedonensetn
3487 1527 3753 1597 synodum
3795 1539 3855 1592 et

2269 1598 2411 1654 beati
2465 1603 2660 1661 Leonis
2687 1607 2754 1662 de
2800 1609 2902 1664 fide
2938 1612 3135 1668 catholi
3173 1629 3199 1666 a
3241 1616 3571 1688 conscriptas
3599 1619 3854 1686 epistolas

2268 1690 2567 1762 declinant,
2599 1697 2790 1764 quibus
2821 1713 3047 1771 possunt
3079 1703 3278 1758 viribus
3327 1721 3645 1766 aversentur
3685 1721 3738 1766 et
3767 1711 3851 1772 fu-

2267 1784 2416 1852 giant
2444 1802 2456 1839 :
2487 1789 2700 1857 quando
2730 1789 2828 1859 ipsi
2867 1802 3012 1860 sunt,
3051 1797 3139 1863 qui
3177 1796 3486 1867 Eutychetis
3520 1809 3575 1854 et
3609 1799 3846 1866 Dioscori

2185 1870 2236 1938 B
2264 1875 2634 1947 Alexandrini,
2665 1880 2747 1935 vel
2779 1884 2954 1952 potius
2985 1883 3216 1940 nefanda
3265 1887 3674 1942 Manichaeorum
3721 1905 3846 1946 oon-

2269 1968 2482 2036 tagione
2507 1969 2711 2037 polluti,
2737 1972 2902 2027 verbo
2924 1976 3138 2045 quidem
3165 1977 3418 2033 adversus
3441 1979 3722 2035 conetituta
3748 1980 3845 2038 Pa-

2266 2067 2405 2111 trum
2434 2057 2686 2115 videntur
2723 2062 2920 2120 habere
2942 2076 3233 2133 certamen,
3272 2069 3432 2124 rebus
3459 2078 3634 2126 autem
3657 2081 3842 2127 contra

2264 2150 2690 2207 incarnationem
2743 2153 2953 2210 Domini
3000 2159 3166 2212 nostri
3196 2158 3321 2214 Jesu
3345 2159 3538 2215 Citriin
3567 2161 3843 2218 evidenter

2262 2241 2562 2316 insurgunt.
2600 2245 2999 2320 Recordamini,
3033 2251 3320 2322 cariSsimi,
3351 2268 3470 2326 qua:
3498 2252 3718 2310 fuerunt
3743 2255 3841 2309 Ba-

2259 2334 2444 2390 silisco
2476 2337 2724 2406 palatina:
2745 2339 2882 2394 aulae
2906 2341 3186 2398 incnbante
3215 2352 3444 2412 tentata;
3467 2353 3522 2401 et
3543 2354 3839 2416 temporum

2259 2426 2476 2483 illorum
2509 2440 2624 2484 acta
2659 2429 2742 2485 vel
2770 2431 2882 2484 visa
2915 2433 2996 2487 vel
3024 2433 3202 2488 audita
3247 2435 3487 2492 recolite.
3523 2435 3691 2504 Quam
3724 2451 3840 2494 sce-

2257 2524 2391 2580 lesta
2428 2537 2550 2581 tunc
2580 2526 2743 2583 fuerit
2769 2525 3035 2585 Timothei
3077 2541 3433 2600 cognomento
3459 2530 3655 2598 IEluri,
3683 2547 3839 2605 quam

2259 2615 2547 2686 impudens
2576 2627 2630 2673 et
2655 2633 2991 2674 monSIruosa
3025 2618 3405 2691 praesumptio:
3435 2629 3664 2694 quantus
3681 2622 3837 2679 etiam

2259 2721 2356 2775 per
2379 2709 2683 2764 universum
2715 2712 2902 2766 orbem
2932 2711 3050 2766 fidei
3085 2726 3143 2766 se
3172 2721 3365 2767 vestrae
3394 2711 3572 2768 fervor
3593 2713 3840 2770 ostende-

2256 2799 2345 2853 rit.
2408 2799 2663 2854 Probat-it
2725 2812 2848 2856 tunc
2905 2801 3526 2874 Constantinopolitanus
3577 2806 3836 2876 populus,

2255 2905 2414 2958 quain
2446 2907 2576 2960 pure
2606 2893 2789 2948 deceat
2811 2893 3095 2948 crvdentes
3124 2894 3428 2951 Christiana
3457 2911 3676 2952 servare
3719 2911 3834 2969 my-

2253 2981 2439 3036 steria.
2469 2981 2574 3037 Sed
2622 2992 2885 3039 transacta
2917 2987 3118 3040 utinam
3147 2987 3320 3043 studia
3349 2986 3597 3054 fuissent,
3644 2998 3698 3044 et
3728 3004 3834 3044 non

2255 3088 2400 3127 nunc
2429 3075 2622 3129 similia
2665 3086 2877 3147 tempus
2917 3088 3210 3149 expeteret.
3247 3080 3474 3134 Rursum
3505 3082 3645 3136 enim
3672 3081 3831 3135 iident

2241 3166 2496 3236 haeretici
2527 3179 2687 3241 caput
2715 3173 3014 3242 improbum
3045 3173 3111 3228 de
3140 3172 3422 3242 profundo,
3455 3188 3560 3244 quo
3593 3173 3831 3229 immersi

557 3260 828 3334 prmipue
851 3261 990 3328 quod
1023 3263 1087 3316 ad
1121 3263 1416 3319 doctrinam
1451 3267 1572 3323 ﬁdei
1593 3272 1852 3339 ροτιίηει.
1878 3273 1979 3328 nisi
2002 3246 2146 3332 gem,
2173 3246 2222 3319 Ο
2254 3259 2595 3327 tenebantur,
2626 3262 2894 3317 attollunt.
2942 3263 3116 3332 Atque
3148 3263 3268 3320 ideo
3309 3280 3459 3333 rogo,
3493 3263 3701 3329 hortor,
3733 3266 3825 3317 ad-

562 3362 656 3410 per
685 3353 933 3415 creverit,
988 3352 1197 3408 videtur
1225 3355 1487 3413 imminui.
1527 3360 1660 3416 Etsi
1692 3362 1964 3420 tribulatio
1994 3381 2147 3421 mun-

559 3436 692 3489 dana
721 3441 1025 3510 contigerit,
1062 3453 1185 3498 ante
1212 3447 1398 3502 oculos
1439 3459 1668 3518 vestros,
1702 3452 1874 3509 futura
1923 3437 2143 3526 praemia

553 3538 841 3596 ponentes,
861 3532 1153 3598 apostolica
1180 3549 1274 3592 vos
1300 3537 1664 3596 admonitione
1687 3545 2038 3614 consulimus,
2063 3548 2145 3604 di-

557 3628 742 3672 centes
770 3637 784 3672 :
820 3619 942 3675 Non
972 3633 1092 3677 sunt
1121 3629 1389 3697 condigna:
1419 3629 1684 3700 passiones
1713 3636 1867 3704 huius
1905 3647 2085 3712 tempe:
2101 3642 2144 3697 is

558 3704 875 3776 adfuturam
904 3713 1150 3785 gloriam,
1179 3734 1296 3788 qua:
1315 3721 1618 3777 revelabitur
1642 3726 1694 3779 in
1729 3728 1872 3782 nobis
1899 3729 1986 3797 (Il
2005 3704 2139 3790 ⁷(λον.

556 3800 635 3869 x).
690 3800 908 3858 Meliora
954 3815 1129 3862 tamen
1177 3827 1479 3882 speramus,
1522 3817 1648 3888 quia
1703 3819 1866 3888 Deus,
1909 3825 2000 3893 qui
2046 3841 2142 3894 per

554 3890 770 3947 beatum
805 3894 1118 3964 Apostolum
1143 3901 1281 3957 dixit
1315 3921 1327 3957 :
1360 3906 1462 3973 Qui
1489 3925 1575 3962 vos
1605 3927 1706 3965 non
1737 3890 2144 3974 dimisitvtent-ari

553 3997 708 4053 super
733 3988 873 4054 quod
897 3992 1104 4058 potestis
1135 3992 1314 4061 (Rom.
1349 3999 1462 4069 vni)
1482 4015 1496 4064 ;
1518 4001 1646 4070 ipse
1677 4018 1773 4072 pro
1799 4021 1891 4061 sua
1918 4009 2137 4076 pietate,

553 4089 688 4142 quos
717 4091 842 4131 suos
869 4080 1032 4150 elegit
1060 4097 1201 4150 esse,
1235 4095 1291 4140 et
1317 4087 1386 4144 de
1435 4091 1638 4161 laqueis
1680 4093 2137 4168 adversariorum,

487 4221 490 4224 ,
539 4165 694 4250 sicut
745 4184 977 4240 semper,
1027 4176 1236 4246 eripiet.
1283 4178 1547 4237 Libellum
1597 4183 1895 4244 dilectionis
1928 4198 2031 4247 tute
2069 4165 2137 4249 de

553 4257 892 4318 confessione
921 4277 1080 4320 recta:
1100 4267 1220 4323 fidei
1243 4285 1340 4340 per
1367 4272 1570 4343 legatos
1599 4288 1812 4333 nostros
1833 4295 2138 4346 remeantes

549 4353 888 4422 accepimus,
931 4359 1003 4410 et'
1031 4359 1082 4412 in
1122 4375 1188 4415 eo
1227 4363 1588 4422 sinceritatem
1631 4378 1737 4426 tua:
1785 4370 2136 4434 fraternitatis

545 4445 865 4512 agnovimus
893 4457 916 4501 :‘
944 4456 1069 4518 quia
1097 4453 1239 4519 quod
1269 4464 1415 4512 recte
1441 4459 1631 4529 credit,
1665 4463 1763 4516 sub
1793 4470 2133 4524 attestatione

545 4534 753 4601 publica
788 4539 1077 4606 prmdicare
1099 4557 1204 4598 non
1229 4545 1450 4602 distulit.
1486 4550 1612 4605 Data
1639 4567 1695 4607 ιιι
1713 4570 1881 4610 nonas
1908 4557 2129 4626 Aprilis,

2252 3363 2448 3406 moneo
2490 3351 2830 3408 dilectionem
2863 3364 3115 3420 vt-stram,
3157 3354 3224 3408 ab
3253 3368 3440 3408 eorum
3471 3369 3566 3410 vos
3595 3355 3834 3410 conciliis

2249 3435 2306 3496 et
2333 3443 2709 3498 communione
2750 3446 3034 3500 secernite.
3065 3444 3444 3501 Recordamini
3483 3445 3580 3502 zeli
3613 3447 3838 3528 prioris,

2250 3537 2306 3584 et
2328 3532 2512 3587 vivere
2540 3533 2591 3586 in
2622 3533 2774 3588 vobis
2815 3535 3011 3604 lucem,
3057 3530 3340 3589 scintillam
3381 3534 3517 3605 igni;
3545 3535 3836 3604 spirituali's

2249 3621 2537 3687 ostendite,
2571 3637 2640 3678 ne
2692 3622 2988 3693 simplicem
3040 3626 3093 3680 in
3125 3624 3277 3680 vobis
3317 3626 3558 3682 veritatis
3583 3624 3832 3682 affectum

2249 3712 2580 3782 perditorum
2623 3716 2818 3770 astutia
2862 3732 3197 3789 expugnasse
3243 3733 3302 3773 se
3328 3717 3573 3788 gaudeat.
3625 3719 3689 3773 Et
3716 3719 3831 3774 haec

2248 3802 2490 3872 quidem,
2542 3814 2795 3874 quantum
2826 3809 2890 3862 ad
2939 3817 3258 3877 prmsentem
3309 3811 3719 3876 necessitatem,
3780 3823 3832 3867 et

2247 3898 2625 3957 assumendam
2655 3909 2840 3953 contra
2870 3899 3065 3968 impios
3097 3903 3418 3970 cautionem,
3447 3901 3649 3956 dixisse
3678 3903 3828 3956 suftio

2246 3983 2370 4038 ciat.
2396 3983 2566 4053 Spero
2591 3995 2767 4042 tamen
2817 3989 2958 4059 quod
2977 3989 3019 4042 si
3043 3989 3334 4044 admonitio
3356 3991 3456 4044 ista
3482 3995 3829 4061 promoverit,

2245 4081 2301 4127 et
2331 4075 2459 4130 mihi
2487 4085 2541 4130 et
2566 4078 2718 4131 vobis
2744 4079 2892 4135 utilis
2923 4081 3024 4134 erit
3045 4091 3060 4145 ;
3085 4079 3297 4150 quando
3323 4091 3377 4137 et
3399 4081 3539 4138 Deus
3567 4083 3621 4137 in
3651 4092 3829 4138 vestra

2247 4168 2422 4222 salute
2458 4169 2864 4238 glorificabitur,
2906 4183 2959 4226 et
2983 4171 3190 4228 fructus
3224 4163 3420 4229 nostra:
3453 4174 3831 4231 solticitndinis

2245 4260 2541 4326 apparebit.
2575 4260 2703 4315 Data
2728 4277 2782 4316 ιιι
2807 4269 2975 4316 nonas
3000 4263 3215 4332 Aprilis,
3245 4265 3473 4335 Agapito
3500 4268 3620 4322 viro
3645 4267 3829 4322 clarise

2244 4339 2388 4403 simo'
2409 4352 2630 4405 consule
2659 4352 2826 4421 (anno
2849 4353 3060 4408 Domini
3087 4354 3240 4424 517).

2762 4444 3094 4521 ιὲριδτοιηι
3138 4466 3299 4523 xvn.
3633 4537 3640 4542 ,

2456 4570 2520 4606 AD
2549 4569 2814 4610 ENNODIUH
2846 4571 2913 4610 ΕΤ
2943 4572 3277 4613 PEREGRINUH
3313 4573 3608 4616 EPISCOPOS.

535 4625 777 4694 ‘Agapito
809 4631 922 4686 viro
967 4631 1265 4689 clarissimo
1289 4640 1508 4694 consule
1541 4642 1708 4712 (anno
1743 4618 2129 4720 Domini-517),
2246 4646 2282 4695 Α
2305 4643 2507 4699 Joanne
2529 4645 2917 4716 Nicop‘otitano,
2940 4666 3056 4721 qua:
3080 4661 3256 4704 contra
3280 4667 3394 4705 eum
3412 4648 3827 4708 Thessalonicen-

1039 4721 1067 4760 ι’
1107 4725 1441 4786 EPISTOLA
1495 4731 1634 4788 XVI.

539 4823 610 4864 ID
631 4827 866 4867 POPULUII
895 4830 962 4868 ΕΤ
1002 4833 1278 4875 MONACIIOS
1308 4837 1990 4900 CONSTANTINOPOLITANOS,
2031 4850 2132 4889 PER

972 4922 1174 4962 EOSDEM
1198 4927 1434 4987 LEGATOS
1457 4931 1700 4971 DIRECTA.

535 4984 910 5045 Abstinendum
939 5011 970 5048 a
995 4985 1247 5054 consortio
1276 5001 1652 5074 Ittereticorum,
1695 5022 1742 5065 et
1788 5013 1840 5066 in
1879 5017 2128 5070 catholica

1043 5090 1144 5158 ﬁde
1171 5103 1610 5160 perseverandum.

610 5170 893 5227 Hormisda
934 5176 1103 5246 clero,
1159 5187 1354 5253 popqu
1406 5199 1459 5242 et
1487 5194 1764 5249 monachis
1808 5195 2124 5256 orthodoxis

533 5257 996 5334 Constantinopoli
1026 5271 1461 5332 consistentibus.

605 5386 632 5414 ι
658 5378 943 5462 Possessor
962 5384 1255 5462 episcopus
1287 5389 1567 5449 Africanus
1597 5415 1690 5462 pro
1723 5398 1828 5456 fide
1850 5403 2117 5461 catholica

528 5445 1330 5539 Constantinopolie‘xsulabat,
1365 5445 2114 5539 ninieai'iidiéiié"pi3ii£§§i3:

531 5531 652 5572 nem
682 5523 892 5611 tibidem
925 5526 1098 5611 edidit
1144 5523 1323 5611 coram
1369 5533 1533 5611 prima
1578 5523 2118 5611 legationefhlag-no

526 5603 647 5672 eum
675 5593 867 5672 fructu
888 5605 944 5672 et
971 5600 1256 5654 commodo
1291 5593 1527 5660 omnium
1556 5593 2113 5672 catholicorum—Eon:

526 5663 1007 5744 ilftlttitintiolibtte
1047 5679 1284 5744 tempore
1319 5675 1645 5736 morabatur.
1965 5663 2113 5744 avdito

526 5727 652 5798 517,
685 5727 828 5786 ιιιιιίι.
853 5736 942 5790 26.
976 5737 1102 5793 Ssv.
1139 5727 1338 5802 fimus.

599 5824 674 5888 (α)
707 5822 863 5881 Deest
890 5828 1010 5884 data
1037 5830 1088 5887 in
1115 5831 1245 5890 edit.
1277 5835 1432 5894 Rom.

2313 4736 2382 4790 sis
2429 4738 2708 4803 tentaverit,
2741 4755 2794 4794 se
2821 4741 3116 4811 coynovisse
3144 4741 3348 4809 scribit,
3391 4758 3667 4813 novamque
3709 4747 3828 4797 catt;

2316 4843 2425 4879 sam
2451 4829 2561 4881 sedi
2587 4831 2884 4896 apostolicae
2902 4831 3176 4903 ingestam,
3220 4833 3402 4889 iisdem
3432 4836 3828 4908 cegno‘scendam

2311 4933 2400 4986 per
2425 4919 2621 4974 litteras
2648 4923 2797 4977 hasce
2821 4915 3091 4981 commisit.

2310 5011 2592 5070 Hormisda
2624 5015 2870 5072 Ennodio
2901 5030 2955 5074 et
2980 5021 3272 5091 Peregrino
3298 5021 3586 5094 episcopis.

2309 5101 2660 5177 Posteaquam
2695 5110 2930 5178 profecta
2955 5125 3032 5167 est
3056 5115 3250 5168 caritas
3273 5123 3469 5180 vestra,
3492 5114 3825 5184 Nicopolim-6

2238 5207 2339 5250 nus
2359 5195 2638 5263 diaconus,
2663 5201 2751 5270 qui
2773 5202 2926 5258 vobis
2948 5203 3106 5258 etiam
3133 5207 3367 5259 occurrit
3397 5205 3450 5259 in
3479 5204 3690 5268 ttinere,
3717 5203 3822 5257 lto-

2235 5300 2377 5340 mam
2403 5291 2578 5353 venit;
2611 5305 2768 5360 quem
2800 5301 2994 5361 praeter
3014 5307 3220 5348 moram
3241 5293 3493 5360 vidimus,
3523 5292 3820 5364 cogitantes

2305 5397 2333 5435 δ
2368 5397 2460 5453 ﬂis
2486 5401 2734 5484 gmnibus
2785 5403 2974 5484 litteris
3005 5405 3141 5460 datis
3169 5404 3363 5474 adjecit
3389 5405 3626 5484 pontifex
3659 5406 3820 5484 _lihel-_

2232 5467 2343 5544 lum
2377 5471 2734 5544 confessionis
2755 5474 3052 5539 catholicae,
3077 5467 3422 5544 quem'sttpr'a
3453 5477 3817 5544 recitavimns,‘

2230 5538 2760 5611 cuisubscgibeodo,
2803 5538 3120 5611 quisquese
3155 5559 3283 5600 vere
3327 5538 3651 5604 cathoiicnm
3695 5538 3821 5603 esse

2227 5608 2481 5680 probare.
2513 5608 2876 5680 Romanaeque
2923 5613 3178 5670 Ecclesiae
3205 5616 3525 5676 catholicam
3575 5634 3822 5678 comma,

2224 5675 2436 5732 nionem
2463 5682 2714 5749 consequi
2747 5675 2946 5751 posset.
2976 5683 3102 5739 Sev.
3141 5675 3337 5742 Btutus.

2293 5783 2371 5924 (bi
2405 5851 2560 5922 lbid.,
2586 5853 2724 5927 ﬁdei.
