4262 6264
393 386 506 447 ωδ

1614 384 1969 452 EPISTOLE
2012 395 2113 453 31"
2140 395 2483 455 DEGBETA.

3584 397 3694 456 406

394 520 466 564 ne
492 506 631 563 forte
655 518 799 565 esset
828 510 970 580 quod
1001 510 1065 565 ad
1098 510 1501 566 instructionem
1534 512 1795 566 mandata:
1836 512 1990 565 vobis
2017 514 2081 575 Α,
2096 522 2147 567 et
2181 511 2596 589 praedecessoris
2623 510 2704 567 sui
2728 509 2926 568 bonum
2946 511 3255 581 exemplum
3273 524 3525 582 sequens,
3550 529 3685 575 con.

398 599 681 667 legationis
704 600 943 670 adjicere
963 602 1284 657 deberemus
1313 620 1325 655 :
1357 602 1496 671 quod
1530 611 1582 655 ct
1604 603 1989 657 rationabiliter

374 693 596 749 factum
629 697 741 758 ipsa
764 709 854 749 res
882 694 1161 749 evidenter
1187 696 1439 750 ostendit.
1474 695 1676 749 Obtulit
1717 695 1857 749 enim
1890 710 1990 749 no-

394 785 480 841 bis
524 786 809 854 epistolam
852 786 1074 841 Joannis
1105 788 1341 856 episeopi
1388 787 1490 856 sui,
1531 795 1586 842 et
1614 788 1771 842 aliam
1800 786 1990 858 synodi

395 880 500 934 sibi
528 880 859 949 subjacentis
893 880 1146 934 Ecclesia:
1183 880 1591 948 NicOpolitanzr,
1622 897 1720 950 qua
1749 896 1987 949 querun-

400 983 487 1027 tur
518 975 587 1027 ab
632 975 886 1041 episcopo
918 973 1384 1027 Thessalonicensi
1417 975 1673 1027 excitatas
1703 972 1987 1026 adversum

396 1081 456 1121 se
489 1079 593 1119 tam
621 1066 945 1134 principales
986 1081 1143 1135 quam
1166 1066 1474 1134 judiciarias
1505 1075 1794 1134 potestates
1820 1083 1831 1118 :
1857 1081 1990 1118 con-

395 1157 739 1213 cussionibus
770 1169 824 1212 et
853 1159 1149 1226 dispendiis
1193 1173 1251 1211 se
1284 1158 1630 1213 vehementer
1659 1156 1820 1226 afﬂigi
1870 1172 1991 1224 pro-

394 1258 516 1319 pter
546 1250 669 1313 hoc,
699 1251 819 1319 qttia
854 1252 920 1304 de
952 1249 1290 1305 ordinatione
1326 1264 1421 1304 sua
1456 1251 1519 1303 ad
1551 1266 1598 1315 e;
1623 1248 1863 1318 iscopum
1906 1264 1991 1303 re-

396 1341 652 1395 iationetn
683 1342 974 1396 secundum
1008 1344 1177 1412 prisca
1205 1344 1448 1411 exempla
1485 1360 1587 1396 non
1628 1343 1850 1397 miserit.
1885 1342 1990 1396 Pro

399 1446 506 1499 qua
531 1448 693 1486 causa
722 1444 1094 1499 Sperat-erunt,
1128 1445 1181 1486 ut
1212 1435 1279 1488 de
1310 1436 1546 1489 remedio
1574 1435 1808 1504 cogitare
1836 1434 1990 1489 debe-

400 1538 606 1582 remus.
636 1524 979 1578 consulentes
1006 1524 1168 1579 etiam
1201 1541 1316 1592 uos,
1348 1537 1404 1579 ut
1437 1528 1687 1580 daremus
1718 1525 1797 1580 eis
1830 1526 1990 1580 licen-

378 1613 530 1667 ‘tinnt
555 1614 869 1669 relationem
900 1615 963 1668 ad
988 1616 1317 1679 designatum
1349 1621 1655 1685 epierpum
1687 1618 1987 1672 secundum

399 1706 839 1760 consuetudinem
868 1706 1189 1761 de~tinandi.
1221 1708 1372 1762 Unde
1413 1710 1778 1774 tractavimus,
1804 1717 1857 1763 ct
1877 1710 1989 1776 epi-

398 1812 621 1866 sc0pum
650 1800 865 1865 quidem
895 1800 1320 1869 Nicopolitanum
1357 1803 1752 1867 admonuimus,
1785 1819 1852 1859 ne
1882 1804 1990 1859 tale

2098 607 2370 662 demnatis
2401 606 2674 664 haereticis
2700 606 2785 662 vel
2810 592 3294 677 traﬁsgresseribus
3320 606 3384 660 ad
3416 604 3689 665 sedem'B.

2097 697 2244 752 Petri
2296 699 2503 765 apostol
2570 697 2737 763 misit,
2781 707 2837 752 et
2885 706 3166 766 susceptus
3218 706 3303 753 est
3341 715 3354 752 :
3393 697 3517 753 huic
3543 716 3688 762 nunc

2097 786 2600 843 Thessalonicensis
2629 791 2915 858 episcopus
2945 789 3320 858 insidiatur,et
3344 805 3465 845 eum
3490 806 3687 850 Concu-

2098 880 2193 944 tit;
2229 880 2499 933 coutraria
2548 880 2631 933 his
2675 896 2795 950 qua:
2846 880 2973 937 fecit
3011 882 3078 937 ab
3116 898 3181 937 eo
3216 885 3428 952 exigere
3474 886 3682 940 volens.

2102 968 2236 1023 Hinc
2268 980 2423 1040 pater
2455 980 2649 1038 vester,
2687 980 2739 1026 ct
2762 986 2950 1027 omnes
2973 974 3257 1028 orthodoxi
3283 984 3470 1043 rogant
3497 986 3551 1029 ut
3573 976 3686 1043 jus.

2100 1061 2342 1115 siouibus
2374 1063 2566 1118 vestris
2593 1074 2931 1120 removeatur
2958 1065 3026 1121 ab
3052 1081 3117 1121 eo
3146 1065 3247 1120 ista
3291 1066 3565 1128 molestia;
3620 1082 3685 1119 ne

2098 1153 2345 1208 videatur
2377 1154 2683 1210 hominibus
2712 1167 2932 1226 propter
2953 1159 3054 1212 hoc
3077 1158 3227 1212 illum
3255 1159 3685 1228 persecutionem

2098 1245 2233 1313 pati,
2266 1246 2387 1316 quia
2418 1247 2485 1301 ad
2511 1250 2945 1304 communionem
2974 1251 3117 1305 sedis
3150 1251 3455 1320 apostolica:
3486 1250 3639 1304 rediit
3668 1265 3682 1313 ;

2080 1344 2154 1389 et
2180 1335 2270 1404 qui
2300 1348 2617 1407 exspectant
2647 1356 2738 1406 per
2766 1355 2859 1395 vos
2901 1342 3158 1395 unitatem
3193 1342 3337 1407 fieri,
3384 1339 3524 1394 aiiud
3556 1341 3686 1393 inci-

2097 1429 2248 1497 piant
2276 1432 2520 1495 credere,
2554 1431 2597 1484 si
2623 1432 2871 1499 pietatem
2906 1443 3135 1487 vestram
3176 1433 3409 1487 viderint
3454 1433 3553 1486 hoc
3584 1433 3685 1487 dis-

2097 1523 2375 1587 simulare,
2412 1523 2510 1577 huc
2548 1524 2878 1593 negligenter
2904 1527 3167 1596 accipere.
3208 1524 3391 1580 Visum
3422 1536 3503 1581 est
3533 1528 3684 1581 nobis

2097 1613 2380 1681 expedire,
2430 1624 2480 1668 ut
2530 1617 2732 1670 iitlcrtts
2779 1634 2911 1685 quas
2953 1620 3016 1672 ad
3050 1619 3580 1673 Tltessaiotdcensem
3633 1619 3685 1673 in

2100 1722 2261 1761 causa
2311 1708 2678 1776 Nicopolitana
2713 1711 3026 1773 direximus,
3074 1710 3317 1779 quolibet
3344 1711 3532 1765 ordine
3564 1727 3685 1779 pru-

2099 1796 2281 1851 dentia
2312 1810 2485 1852 vesmt
2532 1799 2760 1854 diversis
2810 1800 2861 1853 in
2906 1801 3038 1855 locis
3080 1801 3239 1855 faciat
3268 1801 3548 1869 publicari,
3583 1817 3684 1855 ma-

384 1890 596 1961 aliquid
623 1894 822 1947 audere
848 1883 1098 1959 tentaret,
1130 1895 1171 1947 si
1200 1895 1475 1949 nobiscum
1504 1896 1629 1950 velit
1661 1897 1713 1950 in
1746 1911 1987 1951 commu-
2018 1888 2069 1951 B
2094 1904 2330 1959 gnopcre
2378 1898 2555 1945 tamen
2606 1893 2656 1945 in
2687 1893 2902 1948 civitate
2944 1893 3529 1957 Tltessalonicensium,
3563 1893 3685 1961 quia

395 1983 556 2039 nione
577 1985 894 2053 persistere;
923 2001 988 2039 ne
1015 2001 1112 2055 per
1138 1987 1310 2051 illum,
1334 1989 1376 2041 si
1405 1988 1471 2041 ab
1493 2003 1558 2042 eo
1576 1988 1663 2057 qui
1694 2004 1725 2042 a
1747 2003 1986 2042 commu-

386 2076 562 2131 ‘nione
590 2084 775 2133 nostra
817 2078 1023 2133 alienus
1064 2088 1165 2144 est,
1217 2081 1681 2137 confirmationem
1721 2083 1985 2151 petiisset,

386 2174 589 2223 'nostra
615 2186 822 2241 quoque
854 2172 1162 2227 communio
1182 2175 1485 2242 contagium
1519 2176 1831 2230 sustineret.
1864 2176 1989 2231 ll;ec

402 2274 519 2326 vos,
554 2264 806 2318 ntomnia
836 2265 1069 2329 sciretis,
1093 2265 1465 2322 instruximus.
1500 2268 1634 2333 Quid
1665 2280 1841 2323 autem
1866 2283 1992 2337 pro-
2060 2324 2063 2329 ,

398 2353 530 2421 ρίιίο
560 2353 671 2409 Deo
700 2356 848 2410 vobis
875 2356 942 2410 de
986 2357 1083 2412 hac
1111 2359 1186 2427 (a)
1212 2361 1475 2427 agendum
1503 2360 1590 2422 sit,
1624 2360 1863 2430 subjecta
1890 2362 1988 2414 de-
2036 2414 2051 2426 ,

394 2445 624 2502 clarant.
661 2447 792 2503 Data
820 2449 993 2520 pridie
1026 2450 1145 2505 idus
1172 2454 1387 2518 Aprilis,
1423 2452 1648 2524 Agapito
1672 2454 1914 2510 consule.

920 2540 1249 2596 EPISTOLA
1275 2542 1459 2598 XVIII.

1034 2630 1102 2667 AD
1128 2627 1328 2668 EOSDEM
1340 2654 1353 2668 .

397 2700 535 2767 Quid
560 2704 615 2756 in
644 2719 804 2760 causa
829 2703 1197 2776 Nicepofitana
1226 2721 1341 2757 cum
1368 2707 1807 2765 Tltessolonicensi
1831 2726 1987 2781 agen-

921 2800 1046 2852 dum
1075 2802 1138 2853 sit
1164 2803 1462 2868 prtescribt't.

478 2886 755 2944 Hormisda
791 2889 1038 2945 Ennodio
1067 2900 1121 2946 et
1151 2892 1438 2962 Peregrino
1465 2894 1753 2964 episc0pis.

475 2978 531 3032 ln
563 2982 780 3037 nomine
804 2981 1001 3048 Patris,
1022 2992 1076 3037 et
1102 2983 1243 3049 Filii,
1275 2992 1331 3040 et
1358 2986 1588 3055 Spiritus
1610 2988 1802 3052 sancti,
1827 2988 1995 3042 inter-

389 3071 715 3129 cedentibus
744 3084 799 3130 et
829 3075 1208 3145 adjuvantibus
1241 3081 1461 3147 sanctis,
1487 3079 1612 3148 quid
1643 3080 1906 3148 agendum
1925 3080 1995 3134 sit

388 3164 467 3220 de
494 3180 658 3225 causa
689 3165 1075 3242 Nicppolitanze
1118 3169 1395 3225 Ecclesiae.
1432 3170 1667 3224 Primum
1699 3171 1786 3224 ubi
1825 3170 1995 3225 Thes-

2097 1983 2199 2038 hoc
2226 1984 2389 2048 facto,
2421 1995 2475 2039 et
2497 2002 2523 2040 a
2554 1989 2926 2055 persecutione
2953 1998 3264 2044 nostrorum
3300 1998 3473 2060 potest
3503 2004 3684 2043 cessa-

2092 2076 2162 2142 ri,
2197 2088 2252 2131 et
2276 2079 2340 2131 ad
2374 2078 2558 2144 ipsius,
2580 2079 2629 2133 ‘si
2660 2094 2717 2133 se
2745 2082 3065 2145 correxerit,
3099 2081 3369 2137 credimus
3405 2082 3673 2149 pertinere

2088 2168 2342 2224 salutem.

2641 2240 2972 2298 EPISTOLA
3000 2242 3141 2299 XIX.

2518 2348 2585 2385 Δυ
2611 2348 2938 2390 ΑΝΑδτΑΒιυιι
2967 2350 3266 2390 AUGUSTI”.

2310 2421 2564 2476 Joannem
2613 2422 3036 2492 Nicopolitanum
3066 2426 3111 2478 ei
3136 2427 3473 2482 commendat.

2172 2513 2455 2568 Horntisda
2497 2514 2783 2568 Anastasio
2837 2513 3095 2585 Augusto,
3144 2517 3585 2593 pet-’Ennodium
3632 2524 3685 2575 et

2100 2603 2449 2673 Peregrinum
2482 2605 2782 2673 episcopos.

2174 2696 2309 2749 Dum
2344 2697 2617 2763 sapientia:
2648 2706 2861 2759 vestrae,
2906 2698 3326 2753 clementissime
3368 2694 3684 2767 imperator,

2098 2787 2363 2857 profunda
2386 2786 2690 2848 considero,
2717 2787 3062 2855 providentes
3079 2790 3233 2843 saluti
3260 2791 3511 2857 propriae,
3535 2788 3686 2844 vobis

2100 2877 2390 2946 disp‘icere
2420 2894 2522 2931 non
2567 2879 2796 2933 testimo.
2848 2877 3031 2946 Neque
3060 2879 3206 2932 cnim
3237 2890 3329 2933 aut
3364 2876 3543 2935 divina
3574 2896 3689 2934 mo-

2100 2968 2350 3036 nita,‘aut
2372 2968 2602 3023 humana
2628 2970 2905 3025 continent
2950 2969 3216 3034 inStituta,
3254 2978 3311 3022 ttt
3334 2970 3423 3038 qui
3456 2970 3689 3025 consulit

2099 3060 2255 3113 bona:
2286 3060 2422 3127 spei,
2456 3061 2692 3128 qualibet
2738 3060 2929 3113 debeat
2976 3058 3398 3128 reprehensione
3440 3061 3685 3130 culpari:

2100 3166 2219 3205 cum
2252 3151 2481 3204 maxime
2515 3151 2680 3218 pietas
2711 3166 2925 3220 quoque
2950 3162 3124 3207 vestra
3156 3152 3349 3206 aiiectu
3382 3167 3440 3206 se
3473 3152 3689 3208 unitatis

397 3258 719 3325 salonicam,
752 3240 862 3315 Deo
888 3261 1130 3329 juvante,
1168 3264 1441 3327 veneritis,
1470 3262 1722 3329 epistolas
1753 3273 1985 3329 nostras,
2016 3256 2064 3320 ϐ
2100 3252 2155 3297 et
2204 3243 2347 3310 [meis
2380 3242 2605 3311 ﬂagrare
2640 3243 2890 3295 meam“
2930 3245 3061 3308 om”
3107 3258 3191 3297 res
3224 3258 3309 3297 me
3351 3257 3560 3311 q'mqne
3599 3240 3689 3296 vel

398 3363 533 3418 quas
566 3352 617 3404 in
647 3350 747 3406 liae
764 3366 927 3407 eausa
957 3354 1222 3423 misimus,
1251 3354 1502 3423 epiScopo
1520 3354 1989 3409 Thessalonicensi

399 3441 616 3507 tradite,
670 3444 818 3499 illum
862 3446 1076 3515 quidem
1122 3446 1365 3500 ordinem
1417 3448 1469 3501 in
1510 3447 1624 3516 ejus
1671 3448 1991 3503 salutatione

397 3546 702 3603 servantes,
737 3554 896 3606 quem
940 3540 1088 3594 scitis
1117 3554 1146 3591 a
1179 3541 1331 3594 nobis
1359 3554 1479 3595 esse
1514 3540 1817 3595 mandatum
1846 3543 1989 3597 circa

398 3644 499 3685 eos
523 3632 614 3701 qui
644 3647 765 3686 cum
789 3633 919 3688 sede
953 3633 1268 3701 apostolica,
1296 3634 1397 3688 hoc
1426 3645 1504 3689 est
1538 3635 1777 3693 Ecclesia
1807 3636 1992 3690 catho-

403 3719 507 3776 lica
535 3739 642 3778 non
672 3726 1090 3780 communicant.
1132 3726 1367 3781 Traditis
1394 3737 1572 3781 autem
1602 3728 1863 3796 epistolis,
1909 3728 1993 3782 in-

402 3823 614 3869 stanter
642 3832 803 3885 agere
829 3816 1037 3872 debetis
1062 3828 1120 3871 ut
1146 3834 1204 3873 se
1230 3822 1297 3872 ab
1334 3820 1449 3887 ejus
1476 3820 1733 3875 Ecclesia:
1764 3834 1993 3874 Concus-

402 3907 565 3962 sione-
586 3910 880 3977 suspendat
910 3925 923 3963 :
958 3910 1218 3964 rationem
1267 3910 1574 3974 reddentes,
1608 3912 1727 3979 quia
1762 3920 1866 3964 non
1894 3926 1992 3979 po-

404 3998 508 4053 tuit
531 4014 784 4056 reversus
807 4003 871 4056 ad
897 4003 1329 4059 communionem
1353 4014 1403 4058 et
1428 4004 1492 4057 ad
1516 4019 1708 4072 corpus
1736 4004 1991 4061 Ecclesia

406 4104 527 4144 cum
558 4091 663 4145 illis
694 4094 785 4161 qui
808 4094 1034 4148 necdum
1068 4095 1272 4149 reversi
1307 4102 1433 4148 sunt
1473 4096 1758 4165 quidquam
1791 4095 1991 4149 habere

405 4186 779 4251 coniunctum,
810 4202 907 4241 nos
934 4202 1042 4243 non
1075 4188 1287 4244 solvere
1315 4205 1341 4240 a
1376 4189 1859 4257 prmdecessoribus
1890 4206 1990 4245 no-

403 4273 534 4327 stris
551 4287 808 4330 concessa
838 4278 1136 4348 privilegia,
1166 4279 1209 4333 si
1233 4279 1345 4348 ipse
1367 4279 1727 4333 ecclesiasica
1750 4282 1992 4335 instituta

406 4377 517 4419 non
540 4366 774 4421 deserat.
809 4367 966 4423 Certe
1002 4370 1187 4424 redeat
1226 4371 1291 4423 ad
1335 4373 1615 4436 unitatem,
1662 4380 1716 4425 et
1750 4386 1844 4426 nos
1872 4370 2024 4427 eum'

404 4468 475 4509 eo
504 4456 837 4521 insistemus,
861 4469 915 4512 ut
936 4460 1113 4513 omnia
1146 4459 1419 4530 privilegia
1451 4476 1781 4531 quiecunque
1805 4478 1996 4518 conse-

404 4557 530 4599 cuta
580 4558 667 4601 est
702 4562 733 4600 a
772 4551 905 4603 sede
946 4550 1239 4616 apostolica
1290 4552 1707 4620 Ecclesia-cius.
1743 4554 1992 4607 inviolata

2100 3349 2199 3402 pro
2230 3334 2422 3388 ﬁducia
2455 3335 2800 3388 conscientize
2824 3345 3038 3401 νοείτω,
3066 3337 3148 3389 vel
3181 3352 3274 3404 pro
3304 3337 3523 3391 credita:
3553 3350 3686 3405 quo-

2100 3443 2202 3498 que
2232 3428 2363 3482 mihi
2393 3428 2808 3497 dispensationis
2839 3429 3042 3495 officio,
3078 3438 3387 3498 emergente
3426 3431 3689 3499 compulit

2100 3538 2209 3577 non
2236 3522 2589 3590 supersedere
2620 3521 2850 3591 negotio.
2880 3522 3113 3577 Joannes
3140 3523 3310 3577 frater
3337 3534 3390 3577 et
3411 3523 3689 3591 coepisco-

2100 3633 2201 3688 pus
2227 3631 2377 3672 meus
2399 3616 2783 3687 Nieopoiitauaa
2805 3616 3033 3672 civitatis
3054 3618 3298 3680 antistes,
3327 3617 3689 3687 praedecesso-

2101 3710 2175 3764 ris
2204 3710 2289 3765 sui
2320 3717 2519 3765 sancta:
2538 3710 2926 3765 recordationis
2949 3711 3231 3781 Alcysonis
3260 3720 3477 3766 secutus
3501 3724 3687 3765 exem-

2101 3799 2272 3871 plutn,
2294 3801 2437 3857 beati
2459 3802 2602 3857 Petri
2633 3802 2856 3871 apostoli
2882 3802 3315 3857 communionem
3337 3817 3458 3857 cum
3482 3801 3690 3873 synodo

2100 3910 2220 3959 sua,
2251 3896 2523 3949 damnatis
2550 3895 2635 3949 his
2656 3910 2791 3964 quos
2832 3895 3071 3949 Ecclesia
3094 3894 3409 3960 detestatur,
3442 3894 3688 3963 expetiit.

2102 3986 2153 4040 ls
2175 4003 2317 4042 nune
2349 3988 2597 4056 gravibus
2621 3988 2871 4057 fatigatur
2898 3988 3128 4045 insidiis.
3150 3988 3351 4045 Precor
3382 3997 3692 4044 mansuetos

2102 4076 2287 4132 dinem
2309 4090 2563 4144 vestram,
2594 4080 2771 4149 iniqua
2798 4080 3142 4136 molientibus
3171 4082 3408 4149 obviate,
3438 4090 3492 4136 et
3515 4095 3691 4137 remo-

2102 4182 2228 4226 vete
2270 4174 2565 4242 molestias,
2601 4183 2653 4228 et
2676 4185 2971 4234 correctum
3002 4175 3207 4241 fovete,
3239 4176 3347 4240 cui,
3378 4175 3693 4245 ut'Corrige-

2104 4273 2274 4327 retur,
2305 4265 2579 4319 debuisset
2608 4268 2801 4321 insisti.
2833 4268 3015 4322 Scient
3043 4269 3187 4323 enim
3220 4270 3312 4338 qui
3339 4269 3691 4335 tardaverint,

2102 4369 2166 4406 se
2189 4370 2310 4408 reos
2347 4354 2578 4417 futuros,
2611 4372 2730 4409 cum
2755 4372 2782 4409 a
2811 4358 2961 4411 vobis
2991 4358 3157 4413 foveri
3198 4358 3429 4413 viderint
3451 4360 3562 4428 jam
3604 4376 3692 4415 re-

2103 4460 2310 4501 versos.
2337 4448 2548 4511 F'ateor,
2576 4449 2993 4503 clementissime
3016 4450 3333 4518 imperator,
3362 4451 3526 4505 miror
3558 4452 3692 4506 insi-

2104 4535 2370 4590 diantium
2401 4539 2744 4605 pertinaciam
2780 4555 2952 4607 neque
2980 4539 3071 4594 Dei
3102 4554 3278 4608 neque
3296 4549 3476 4594 vestro
3500 4541 3692 4596 intuitu

406 4648 717 4691 serventur.
752 4638 924 4694 Dicite
953 4645 1115 4695 etiam
1154 4652 1338 4709 aperte
1386 4642 1535 4697 illum
1580 4647 1867 4699 ostendere
1897 4645 1999 4700 ini-

2110 4631 2433 4695 permoveri.
2474 4631 2602 4683 Nam
2644 4632 2729 4699 qui
2762 4632 2991 4687 oderunt
3013 4634 3064 4686 in
3094 4631 3313 4687 homine
3342 4633 3575 4686 studium
3601 4632 3670 4689 de

408 4732 610 4787 micam
662 4749 723 4789 se
758 4748 879 4789 esse
920 4735 1064 4801 ﬂdei,
1105 4736 1149 4790 si
1199 4736 1501 4807 insequitur
1547 4756 1682 4808 quos
1714 4741 1906 4796 viderit
1933 4742 1997 4796 ad

406 4830 733 4885 catholicam
793 4834 1224 4887 communionem
1280 4835 1499 4888 reverti.
1552 4834 1701 4901 Quod
1760 4837 2003 4905 poteritis

406 4938 631 4979 causam
664 4924 737 4978 ibi
767 4925 877 4979 Deo
901 4927 1132 4994 propitio
1162 4942 1509 4997 componere,
1555 4929 1773 4997 scriptis
1801 4929 1866 4982 ad
1892 4933 2004 4997 epi-

408 5031 636 5085 scopum
660 5016 1089 5087 Nieopolitanum
1118 5022 1328 5085 litteris,
1362 5022 1486 5091 quid
1520 5033 1696 5076 vestra
1724 5030 2007 5090 prombve-

410 5111 483 5164 tit
508 5124 673 5178 Opera
704 5111 968 5167 nuntiate.
999 5111 1054 5167 Si
1083 5129 1212 5167 vero
1243 5114 1548 5168 obstinatus
1588 5115 1765 5183 fuerit,
1799 5128 1897 5169 nec
1936 5114 2004 5170 ab

410 5201 754 5260 insecutione
779 5204 895 5275 ejus
923 5220 1138 5261 cessare
1169 5208 1430 5271 voluerit,
1465 5207 1757 5261 secundum
1798 5208 2006 5264 litteras

416 5308 546 5363 quas
572 5296 639 5351 ad
666 5298 1146 5353 clementissimum
1173 5299 1550 5368 imperatorem
1576 5301 1842 5366 misimus,
1866 5301 2007 5369 apud

418 5386 720 5455 principem
770 5404 987 5444 causam
1021 5390 1271 5445 Ecclesizc
1304 5389 1687 5459 Nicopolitante
1734 5394 1812 5446 sic
1842 5392 2003 5460 agite,

424 5488 479 5532 nt
497 5481 690 5536 dicatis
716 5496 733 5535 :
765 5482 995 5553 Alcyson
1015 5484 1299 5553 episcopus
1324 5484 1723 5552 Nicopolttanus
1747 5484 2006 5539 satisfecit

422 5570 683 5629 Ecclesiae
712 5574 1014 5640 catholicte,
1050 5585 1330 5645 susceptus
1368 5588 1473 5642 est,
1504 5587 1556 5632 et
1582 5580 1646 5631 ad
1674 5578 2012 5634 communio-

424 5678 546 5718 nem
577 5665 831 5721 reductus
863 5683 885 5729 :_
901 5666 1065 5733 huius
1088 5682 1368 5722 successor
1394 5668 1631 5723 Joannes
1652 5668 1938 5736 epist‘Opus
1960 5677 2017 5725 et

426 5758 594 5811 Denn.
624 5768 751 5811 ante
779 5773 964 5814 oetnos
1003 5760 1226 5827 habens,
1255 5770 1308 5815 et
1338 5761 1404 5816 de
1435 5761 1608 5817 salute
1632 5777 1727 5819 sua
1750 5760 2015 5834 cogitans,

501 5868 578 5941 (a)
608 5868 731 5923 Edit
783 5868 937 5925 Rom.
971 5872 1133 5939 addit,
1173 5889 1344 5949 causa.

2109 4721 2293 4775 siderii
2324 4723 2470 4787 boui,
2500 4725 2637 4792 quod
2662 4725 2727 4777 de
2756 4740 2815 4779 se
2842 4740 2915 4779 aes
2943 4727 3110 4779 imant
3131 4724 3387 4793 jndicari,
3411 4724 3673 4794 insequun

2110 4826 2219 4881 tur,
2255 4814 2317 4867 ad
2346 4826 2485 4868 recto
2520 4818 2776 4879 reduces;
2803 4816 2923 4883 jure
2952 4817 3224 4884 culpandi,
3248 4818 3294 4872 si
3327 4832 3433 4871 non
3467 4831 3701 4873 conver~

2115 4906 2281 4959 tcrint
2310 4905 2607 4960 deviames.
2642 4906 2770 4959 Date
2804 4906 2926 4961 fidei
2957 4916 3149 4963 vestra:
3178 4908 3321 4963 clara
3352 4907 3698 4975 documenta,

2114 4998 2159 5050 si
2182 4996 2373 5051 adfore
2401 4998 2609 5051 cunctis
2633 4999 2694 5049 ad
2728 4998 2985 5054 unitatem
3024 4999 3257 5058 reductis
3282 5010 3336 5058 et
3355 5001 3532 5061 officio
3552 5005 3698 5063 omni

2118 5096 2175 5141 et
2202 5088 2574 5143 adhortatione
2604 5088 2869 5155 cogitetis.
3690 5093 3695 5103 ‘

2669 5176 2995 5232 EPtSTOLA
3022 5178 3141 5235 XX;

2346 5285 2414 5322 AD
2436 5284 2669 5323 JUANNEBI
2704 5283 2988 5323 EPISChHJI
3018 5286 3463 5329 NlCO’OLITANUI.

2116 5358 2298 5427 Equo
2342 5361 2516 5411 animo
2544 5376 2797 5413 rerunmas
2836 5378 2929 5431 pro
2970 5362 3071 5429 ﬁde
3109 5366 3449 5430 sustinendos,
3494 5372 3541 5417 et
3583 5363 3697 5418 ideo

2186 5431 2520 5567 ἔνουὶηιὲαηε
2564 5431 2823 5501 episcopos
2862 5433 2931 5485 ut!
2976 5434 3097 5501 ﬁdei
3127 5436 3374 5489 unitatem
3400 5434 3462 5487 ob
3490 5449 3551 5488 eo
3576 5449 3702 5489 σοι·
3760 5474 3777 5517 4η

2226 5516 2367 5552 rman
2412 5516 2483 5553 os.
3770 5527 3777 5535 -

2226 5516 2483 5553 rmauaos.
3768 5516 3783 5535 μ

2192 5588 2474 5643 llormisda
2504 5574 2695 5644 Joanni
2722 5593 2973 5661 episeopo
3002 5593 3391 5661 Nicopolitano.

2190 5678 2486 5733 Remeaute
2517 5680 2735 5738 Pulione
2767 5683 3096 5737 subdiacono
3127 5693 3334 5750 nosuo,
3379 5683 3587 5740 litteras
3613 5698 3703 5741 ca

2121 5770 2291 5827 ritatis
2322 5779 2513 5826 vestrae
2545 5773 2900 5845 suscepimus,
2925 5772 2992 5829 de
3013 5773 3321 5832 constantia
3345 5773 3492 5844 fidei.
3519 5790 3608 5836 ve.
3633 5775 3703 5839 de
