4248 6260
551 371 643 433 ΜΠ

1891 363 2260 423 HORMISD/E
2281 362 2503 419 ,ΡΑΡᾹΞ

3729 363 3840 420 ωε

552 472 869 538 intentione,
894 483 1054 541 quam
1085 468 1226 524 circa
1265 464 1700 521 communionem
1749 461 1900 517 sedis
1922 470 2137 530 aposto-
2163 463 2214 519 Α
2249 466 2419 512 vestra
2454 455 2794 510 tribulatione
2827 453 3098 518 remediis,
3123 462 3380 523 quantum
3404 452 3454 507 in
3475 453 3694 511 homine
3711 472 3836 511 esse

553 567 670 622 lica:
693 564 900 636 geritis,
923 562 1256 632 gratulantes
1282 556 1406 612 ased
1431 554 1734 612 contristati
1765 569 1971 618 sumus,
1996 550 2138 622 quod

553 676 647 713 vos
676 660 880 728 aliquas
903 653 1170 710 sustinere
1193 650 1468 706 molestias
1492 645 1803 718 perhibetis.
1837 645 1936 699 Ista
1962 654 2136 698 tamen

553 753 856 806 diuturnam
881 763 988 801 non
1022 750 1246 815 possunt
1268 741 1469 796 habere
1501 738 1852 795 substantiam
1871 753 1885 802 ;
1904 736 2026 805 quia
2047 733 2139 789 ubi

555 846 693 901 Dens
724 858 855 913 pure
892 841 1105 905 colitur,
1151 839 1251 894 etsi
1283 837 1503 891 adversa
1535 833 1888 904 contigerint,
1923 833 1975 886 in
2016 845 2141 900 pro-

552 955 706 1008 spera
733 944 1150 999 commutantur,
1168 931 1461 989 secundum
1480 928 1799 997 Apostolum
1828 926 2095 981 dicentem
2122 941 2136 980 :

554 1035 684 1102 Spes
735 1047 835 1084 non
884 1030 1072 1096 decipit
1127 1028 1303 1098 (llam.
1335 1027 1409 1093 v).
1466 1023 1725 1078 Dubitans
1771 1020 2142 1090 apostolorum

554 1125 801 1193 princeps
823 1120 1080 1175 incedens
1106 1134 1202 1189 per
1229 1117 1449 1187 pelagus
1472 1113 1736 1170 laboravit
1755 1112 1966 1182 (Matth.
1991 1111 2100 1178 xlv)
2125 1127 2140 1162 :

555 1232 674 1272 mox
729 1227 905 1269 tamen
950 1213 1198 1268 invocato
1239 1210 1469 1262 Domino
1507 1222 1629 1273 suo,
1663 1214 1905 1276 paratum
1959 1202 2145 1256 habuit

553 1312 644 1380 qui
672 1292 795 1365 eum
829 1318 1078 1378 porreeta
1109 1320 1267 1360 manu
1300 1319 1407 1358 non
1435 1309 1706 1371 pateretur
1739 1299 2006 1353 sustinere
2030 1295 2144 1350 dis-

554 1404 777 1455 crimen.
803 1399 945 1469 Ergo
968 1406 1246 1452 auctorum
1293 1403 1600 1448 nostrorum
1638 1399 1926 1460 sequentes
1962 1402 2146 1442 exem-

554 1496 664 1562 pla,
695 1503 747 1548 et
773 1492 824 1546 in
853 1493 1091 1561 ipsorum
1121 1488 1225 1542 ﬂde
1256 1494 1655 1554 permanentes,
1686 1484 1831 1561 illius
1862 1492 2146 1550 poscamus

555 1585 836 1648 auxilium,
866 1582 934 1638 de
960 1597 1067 1651 quo
1115 1581 1371 1649 scriptum
1398 1587 1480 1632 est
1513 1594 1525 1629 :
1561 1576 1660 1642 Qui
1692 1591 1781 1628 nos
1806 1591 1906 1626 non
1937 1572 2146 1625 dimittit

554 1682 735 1736 tentari
763 1696 923 1750 supra
948 1693 1063 1748 qua:
1089 1691 1354 1746 possumus
1379 1673 1424 1744 (l
1459 1672 1576 1752 ρον.
1605 1669 1682 1740 x).
1718 1669 1880 1738 Igitur
1910 1668 2147 1721 salutan-

555 1787 635 1830 tes
653 1775 931 1829 caritatem
961 1782 1104 1825 tuam
1135 1769 1411 1822 hortamur
1438 1774 1514 1830 ut,
1541 1759 1988 1833 quemadmodum
2011 1773 2143 1827 pra:-

2246 552 2437 620 potuit,
2471 566 2572 604 non
2596 551 2799 621 quievi.
2831 548 2964 602 Nam
2988 563 3081 616 per
3111 547 3314 615 legatos
3337 547 3401 599 ad
3431 548 3663 603 Orientis
3687 548 3836 619 prin-

2246 644 2419 711 cipem
2465 642 2783 707 destinatos,
2832 651 2886 696 et
2916 640 3452 696 Thessalonicensem
3501 639 3839 710 episc0pum.

2248 744 2306 788 ut
2334 735 2400 786 ah
2433 734 2772 789 inlestatione
2805 741 2977 787 vestra
3009 741 3269 795 cessaret,
3312 733 3601 798 admonui;
3632 743 3686 788 et
3707 746 3848 802 pto—

2247 825 2447 893 rogatis
2505 824 2734 894 paginis,
2793 832 2849 877 ut
2906 824 3216 892 imperatori
3270 824 3682 893 supplicaretur,
3743 829 3842 880 ad-

2241 917 2416 987 junxL

2324 1010 2448 1064 llmc
2471 1020 2724 1080 quantum
2770 1009 2834 1064 ad
2877 1010 3161 1079 pnesentia
3191 1021 3314 1064 sunt
3343 1010 3554 1079 provisa
3590 1027 3603 1063 :
3635 1011 3726 1064 sed
3756 1011 3841 1063 ilia

2247 1116 2368 1169 qua:
2415 1100 2481 1154 ad
2525 1116 2672 1170 Spem
2725 1100 2960 1153 futuram
2994 1101 3284 1169 pertinent,
3333 1101 3448 1155 btec
3497 1111 3620 1154 sunt
3665 1103 3843 1168 potius

2250 1191 2519 1246 mentibus
2551 1190 2773 1245 intuend
2795 1212 2827 1244 ι.
2857 1190 3000 1246 Sane
3029 1191 3127 1244 hoc
3162 1207 3248 1245 me
3277 1190 3447 1245 fateor
3478 1192 3640 1246 fuisse
3682 1193 3843 1244 mira-

2253 1294 2383 1348 tum,
2411 1283 2553 1353 quod
2587 1283 2727 1339 inter
2778 1284 3128 1352 allegationes
3175 1283 3541 1353 angustiarum
3577 1284 3843 1353 religiosae

2253 1376 2553 1447 prudentia:
2592 1386 2783 1430 vestrae
2820 1375 2933 1430 haec
2974 1375 3145 1444 potuit
3185 1391 3310 1430 cura
3345 1375 3666 1444 subrepere,
3710 1385 3766 1427 ut
3811 1387 3841 1427 ι

2252 1485 2337 1523 me
2369 1469 2470 1523 sub
2495 1457 2877 1524 consolationis
2930 1471 3111 1525 colore
3141 1470 3404 1539 dirigendi
3447 1468 3513 1523 ad
3555 1468 3841 1523 Thessalo-

2254 1561 2526 1615 nicensem
2558 1562 2868 1630 episcopum
2892 1561 3092 1616 solidas
3121 1562 3323 1616 litteras
3354 1561 3565 1616 licentia
3595 1575 3842 1629 poscere-

2254 1663 2358 1707 tur.
2413 1654 2593 1723 Egone
2624 1653 2781 1724 hujus
2827 1655 2901 1709 rei
2931 1665 3114 1710 auctor
3142 1656 3457 1720 existerem,
3490 1669 3646 1722 quam
3675 1655 3716 1707 si
3761 1655 3841 1707 in-

2253 1749 2367 1800 scio
2391 1762 2474 1801 me
2505 1763 2886 1816 cognoscerem
2933 1748 3123 1802 iactam
3153 1763 3292 1813 esse,
3341 1747 3656 1816 culparem?
3689 1746 3840 1802 Absit

554 1869 808 1924 diximus.
839 1866 894 1920 in
924 1864 1006 1918 his
1031 1877 1149 1931 quae
1180 1861 1316 1915 bene
1347 1858 1598 1912 inchoata
1634 1863 1759 1908 sunt
1787 1864 2102 1923 perseveres
2129 1866 2140 1900 :
2175 1844 2226 1905 B
2252 1843 2351 1897 ista
2386 1843 2727 1913 perversitas.
2758 1842 2950 1898 Audite
2975 1843 3324 1912 apostolicam
3357 1855 3565 1905 vocem,
3597 1840 3690 1894 sed
3722 1854 3840 1909 per-

555 1961 675 2030 quia
726 1960 812 2027 qui
861 1954 1131 2026 perstiterit
1179 1967 1340 2021 usque
1369 1951 1421 2003 in
1467 1948 1640 2018 ﬁnem,
1696 1946 1778 1999 hic
1830 1944 2003 1997 salvus
2048 1941 2145 1995 erit

556 2049 768 2116 (Matth.
800 2047 877 2117 x).
906 2047 1240 2114 Frequenter
1271 2041 1517 2110 alloquiis
1546 2039 1653 2093 tuis
1675 2047 1914 2092 nostram
1945 2033 2147 2089 sollici-

557 2141 794 2196 tudinem
822 2138 1062 2194 relevare
1085 2151 1191 2189 non
1214 2135 1452 2188 desinas.
1477 2131 1804 2186 Parmciales
1826 2142 2036 2198 quoque
2061 2141 2147 2182 sa-

557 2233 807 2289 cerdotes
828 2240 948 2286 tuos
970 2229 1297 2298 competenti
1325 2226 1700 2280 adhortatione
1717 2223 1998 2285 confirma,
2021 2220 2146 2290 quia

559 2327 658 2380 ista
693 2324 958 2388 faciendo,
1011 2321 1270 2375 talentum
1305 2318 1399 2372 tibi
1429 2316 1694 2371 creditum
1739 2313 1941 2383 poteris
1970 2310 2168 2366 multi-'

560 2418 762 2487 plicare
789 2414 1046 2485 quotidie.
1079 2413 1155 2466 De
1183 2411 1272 2466 illa
1303 2423 1514 2480 quoque
1536 2417 1707 2477 parte,
1739 2423 1897 2477 quam
1927 2407 2148 2462 dilectio

559 2521 648 2564 tua
678 2509 932 2579 postulat,
959 2507 1286 2575 cogitamus,
1319 2513 1378 2558 ut
1407 2504 1472 2558 ad
1505 2505 1884 2573 imperatorem
1907 2502 2179 2578 clemen-.

560 2603 823 2657 tissimum
849 2615 944 2667 pro
973 2596 1343 2667 generalitatis
1375 2595 1554 2664 quiete
1583 2609 1770 2664 preces
1801 2601 2000 2648 nostra:
2028 2607 2148 2662 per-

560 2696 792 2750 veniant.
826 2693 1054 2746 Tantum
1096 2699 1179 2745 est
1209 2699 1266 2743 ut
1311 2698 1490 2744 votum
1522 2687 1867 2756 studiumque
1907 2695 2149 2741 nostrum

559 2788 812 2858 congruis
841 2784 1176 2840 orationibus
1213 2782 1402 2850 juvare
1430 2795 1537 2834 non
1576 2793 1776 2844 cesses,
1810 2778 1934 2848 quia
1965 2791 2064 2832 nos
2095 2778 2151 2831 in

565 2883 647 2935 his
675 2882 782 2934 Deo
809 2889 1028 2933 auctore
1060 2873 1405 2945 perficiendis
1431 2888 1620 2927 vacare
1651 2872 1876 2926 minime
1908 2871 2148 2940 potueri-

560 2991 700 3030 mus.
734 2973 862 3028 Data
894 2987 925 3025 v
967 2984 1136 3026 nonas
1177 2968 1414 3035 Martias,
1446 2965 1672 3036 Agapito
1703 2966 1821 3020 viro
1849 2962 2150 3018 clarissimo

560 3067 777 3123 consule
802 3066 965 3136 (anno
991 3062 1202 3119 Domini
1230 3061 1380 3128 517).

1100 3151 1432 3209 EPISTOLA
1465 3151 1580 3205 XXI
1593 3189 1608 3204 .

1055 3241 1120 3278 AD
1151 3239 1367 3278 EUMDEII
1396 3237 1654 3276 JOANNEM.

635 3317 914 3376 l-lormisda
957 3315 1149 3371 Joanni
1205 3315 1458 3384 episcopo
1496 3313 1876 3383 Nicopolitano
1906 3327 2026 3368 cum
2058 3326 2152 3384 sy-

560 3410 720 3465 nodo.

630 3501 970 3569 Optaremus,
1022 3493 1354 3552 dilectissimi
1401 3492 1615 3560 fratres,
1657 3494 1724 3548 ab
1766 3493 2015 3549 omnibus
2058 3510 2152 3551 vos

558 3591 931 3648 molestiarum
971 3587 1220 3642 ﬂuctibus
1249 3586 1477 3651 alienos,
1511 3587 1676 3640 vitam
1709 3587 1809 3642 sub
1851 3587 2153 3657 tranquilli-

559 3684 686 3737 tatis
733 3680 1023 3736 serenitate
1074 3678 1391 3748 transigere,
1442 3688 1496 3731 et
1539 3678 1649 3733 Deo
1693 3687 1900 3745 nostro,
1943 3689 2150 3735 remota

556 3774 950 3832 mundanarum
986 3781 1365 3841 tempestatum
1395 3770 1590 3826 mentis
1621 3770 2143 3841 perturbatione.....

557 3879 878 3925 moverunt:
912 3868 1036 3938 quia
1075 3881 1194 3937 quae
1221 3866 1337 3921 fieri
1372 3865 1641 3935 nolumus,
1690 3879 1914 3920 necesse
1943 3872 2046 3930 est,
2091 3874 2149 3920 ut

557 3964 699 4019 facta
726 3963 1022 4018 doleamus.
1059 3959 1165 4016 Sed
1195 3959 1429 4016 abundat
1459 3958 1689 4013 mundus
1719 3957 2073 4013 incommodis
2093 3966 2149 4013 et

560 4053 945 4110 tentationibus
978 4071 989 4106 :
1015 4052 1271 4107 sarculum
1304 4050 1469 4116 istud,
1496 4051 1548 4104 in
1579 4065 1683 4120 quo
1712 4051 2142 4120 peregrinamur,

556 4146 861 4203 expositum
887 4154 971 4198 est
996 4144 1218 4212 passim,
1241 4143 1405 4197 veluti
1429 4155 1616 4211 magna
1645 4141 1836 4208 moles,
1863 4150 2146 4196 ventorum

555 4238 829 4306 procellis.
859 4237 934 4290 lta
957 4235 1193 4290 fidelium
1216 4245 1422 4291 mentes
1451 4233 1735 4289 diabolicis
1763 4234 2040 4304 pulsantur
2064 4235 2149 4289 in-

555 4330 729 4393 sidiis,
752 4340 826 4395 et,
843 4328 981 4382 sicut
1000 4328 1201 4381 dictum
1216 4335 1320 4394 est,
1335 4327 1420 4397 qui
1444 4327 1616 4380 volunt
1638 4327 1719 4397 pie
1738 4327 1897 4380 vivere
1919 4327 1970 4379 in
1997 4324 2149 4380 Chri-

555 4436 654 4490 sto,
689 4424 1058 4493 persecutiones
1088 4421 1351 4490 patiuntur
1376 4418 1462 4491 (II
1510 4418 1643 4473 Tim.
1679 4419 1781 4489 ιιι).
1815 4418 1919 4475 Sed
1955 4433 2148 4473 conso-

553 4518 697 4571 latur
725 4529 848 4584 spes
876 4529 906 4567 a
929 4514 1075 4582 justo
1113 4513 1437 4567 retributore
1465 4513 1729 4580 promissa
1767 4529 1779 4566 :
1812 4512 1933 4575 quia
1974 4511 2147 4565 beatus

554 4616 648 4671 est,
677 4608 761 4676 qui
793 4623 893 4660 non
917 4605 1068 4675 fuerit
1089 4603 1462 4656 scandalizatus
1486 4603 1539 4656 in
1557 4601 1779 4655 Domino
1805 4602 2016 4671 (Matth.
2043 4602 2142 4670 ιιι).
2172 4632 2230 4694 D

554 4699 669 4754 Non
702 4697 957 4769 dejiciant
987 4697 1185 4752 milites
1215 4697 1308 4750 Dei
1349 4696 1580 4765 impetus
1607 4695 1820 4765 fragiles
1852 4705 1908 4750 et
1933 4695 2142 4750 caduci.

554 4792 654 4857 Qui
685 4794 890 4848 assistit
917 4791 1172 4857 strenuis,
1215 4805 1319 4845 non
1362 4789 1661 4845 delectatur
1702 4789 1928 4859 ignavis.
1967 4789 2148 4846 Facile

554 4891 970 4938 contemnuntur
1001 4886 1102 4938 ista
1132 4898 1253 4953 quae
1300 4892 1599 4948 transeunt,
1647 4883 1691 4936 si
1727 4883 1815 4937 illa
1857 4897 1979 4952 quae
2020 4891 2146 4937 sunt

554 4987 807 5027 mansura
837 4976 1160 5042 cogitentur.
1185 4974 1570 5044 Amplectenda
1599 4982 1681 5028 est
1704 4973 2032 5040 probationis
2053 4988 2146 5029 oc-

554 5065 702 5119 casio
736 5084 747 5116 :
782 5066 904 5134 quia
934 5066 1060 5120 licet
1096 5067 1205 5119 sint
1230 5067 1362 5120 dura
1386 5081 1565 5134 _onera
1611 5064 1880 5129 laborum,
1923 5065 2144 5133 praemia

554 5168 731 5210 tamen
765 5157 967 5224 majora
1006 5158 1282 5211 virtutum.
1332 5156 1790 5224 Quemadmodum
1833 5170 1926 5224 par
1957 5158 2060 5211 erit
2092 5157 2144 5212 ci

553 5248 940 5313 remuneratio,
975 5247 1066 5316 qui
1094 5262 1153 5302 se
1186 5250 1444 5316 imparem
1475 5257 1738 5304 monstrat
1767 5248 1999 5302 examini
2028 5249 2052 5301 ?

629 5340 744 5395 Non
775 5342 945 5393 simus
975 5352 1169 5407 segnes
1191 5338 1257 5391 ad
1288 5338 1469 5405 fortia,
1515 5342 1558 5395 si
1592 5342 1872 5410 pervenire
1899 5335 2146 5409 cupimus

552 5437 620 5490 ad
654 5433 939 5504 promissa.
971 5430 1100 5497 Quis
1131 5443 1293 5497 super
1325 5428 1424 5483 hoc
1454 5442 1735 5500 eXSpectet
1760 5447 1947 5487 vocem
1979 5432 2148 5487 homi-

553 5529 657 5587 nis,
690 5542 810 5580 cum
846 5522 1084 5593 quotidie
1115 5519 1271 5575 nobis
1316 5519 1528 5575 insonet
1568 5523 1833 5578 sententia
1868 5525 2144 5579 veritatis:

553 5620 698 5674 Beati
729 5623 814 5690 qui
845 5622 1105 5689 passiones
1134 5620 1402 5690 patiuntur
1423 5631 1628 5689 prapter
1641 5623 1900 5690 justitiam
1924 5621 2139 5693 (Matth.

555 5712 645 5777 v)?
674 5711 777 5765 Sed
809 5728 875 5766 ne
914 5728 1018 5778 me,
1054 5714 1242 5767 fratres
1275 5713 1557 5777 carissimi,
1594 5715 1743 5782 (licet
1774 5716 1912 5781 apud
1957 5715 2154 5782 fideles.

553 5817 743 5872 magna
773 5803 900 5868 sint)
928 5805 1222 5872 spiritualia
1252 5815 1456 5861 tantum
1485 5817 1675 5861 vestra:
1724 5808 1986 5861 exhibere
2010 5823 2137 5861 creo

551 5896 690 5954 datis
740 5895 1156 5955 conﬁrmationis
1213 5901 1432 5962 solatia;
1479 5879 1819 5963 providendis
1861 5899 2002 5954 enim
2033 5915 2168 5963 pro,

2252 1951 2401 1990 senae
2439 1950 2574 1990 mea:
2604 1935 2984 1990 convenienter
3013 1935 3318 2003 aptandam.
3354 1933 3415 1988 Si
3441 1949 3553 2003 qua:
3580 1932 3840 1995 destruzi,

2253 2028 2361 2080 hil'c
2404 2029 2589 2081 iterum
2637 2009 2915 2095 rewdiﬁco,
2978 2027 3419 2096 prmaricatorem
3461 2040 3539 2077 me
3586 2023 3842 2078 constitue

2253 2119 2398 2189 (Gal.
2424 2120 2505 2192 ιι).
2536 2119 2734 2186 Nolite,
2763 2120 3011 2184 obsecro,
3041 2119 3106 2174 ad
3131 2120 3330 2174 evitata
3354 2119 3440 2173 vix
3459 2116 3635 2173 redire
3656 2124 3844 2170 contr

2253 2213 2369 2281 gia;
2418 2226 2516 2266 nec
2561 2209 2896 2286 pedesluto,
2932 2226 3039 2280 quo
3080 2210 3421 2277 tenebantur,
3466 2208 3698 2272 avulsos,
3743 2222 3844 2277 pa-

2256 2302 2461 2358 tiamini
2493 2303 2631 2357 male
2660 2317 2844 2358 rursus
2876 2303 3140 2372 immergi.
3187 2302 3360 2357 Sinite
3386 2301 3694 2356 oblitterata
3723 2313 3845 2355 esse

2176 2401 2192 2412 '
2258 2403 2546 2449 transacta.
2579 2393 2747 2448 Nemo
2779 2395 2980 2447 mittens
3010 2410 3216 2447 manum
3256 2409 3400 2446 suam
3429 2393 3480 2445 in
3512 2402 3764 2456 aratrum,
3795 2400 3846 2447 et

2255 2487 2506 2557 aspiciens
2549 2495 2684 2539 retro
2728 2495 2880 2554 aptus
2917 2494 2990 2539 est
3022 2501 3180 2552 regno
3225 2483 3318 2537 Dei
3356 2481 3507 2554 (Luc.
3544 2483 3641 2552 Ix).
3677 2483 3846 2549 lmpe~

2258 2577 2474 2632 diuntur
2495 2593 2523 2631 a
2556 2591 2812 2647 processu
2839 2576 3096 2646 propositi
3119 2575 3349 2642 itineris,
3373 2575 3461 2645 qui
3483 2573 3699 2628 reﬂexis
3721 2586 3846 2627 ocu-

2257 2670 2323 2724 lis
2355 2669 2651 2739 respiciunt
2693 2669 2832 2739 quod
2865 2670 3191 2738 relinquunt.
3220 2668 3337 2723 Non
3380 2675 3564 2722 amant
3589 2666 3846 2722 ecclesias

2257 2763 2408 2817 stica:
2439 2761 2737 2832 disciplina:
2765 2777 2860 2816 eos
2899 2762 2950 2815 in
2981 2762 3174 2830 quibus
3201 2769 3444 2816 remanet
3470 2760 3732 2814 memoria
3755 2757 3846 2818 illa

2261 2855 2497 2924 perfidiae
2525 2871 2538 2908 :
2573 2863 2713 2909 totos
2742 2853 2809 2908 ab
2839 2853 3142 2908 errantibus
3175 2861 3390 2922 oportet
3413 2851 3654 2906 abscindi
3681 2869 3694 2902 :
3719 2839 3846 2921 quia

2261 2947 2317 3000 in
2341 2954 2544 2999 tantum
2573 2945 2919 2999 detestabiles
2943 2945 3320 3000 existimantur
3335 2945 3400 2999 ad
3423 2953 3602 3014 spreta
3620 2943 3847 2999 redeun~

2261 3047 2365 3105 tes,
2400 3048 2454 3091 ut
2482 3036 2545 3090 Β.
2586 3037 2862 3106 apostolus
2893 3037 3084 3092 Petrus
3114 3035 3200 3110 (II
3239 3036 3383 3091 Petr.
3420 3037 3479 3106 ιι)
3514 3037 3704 3092 melius
3738 3035 3846 3090 il.is

2260 3143 2380 3186 esse
2404 3128 2795 3199 prtedicaverit,
2825 3137 3003 3182 utnon
3031 3136 3423 3197 cognoscerent
3446 3129 3581 3182 viam
3599 3127 3844 3196 justitiaz,

2181 3227 2229 3291 ο
2262 3237 2419 3292 quam
2452 3230 2838 3291 cognoscentes
2869 3228 3164 3276 retrorsum
3197 3219 3402 3276 reﬂecti
3434 3223 3485 3273 in
3515 3218 3706 3273 tradito
3735 3216 3842 3271 sibi

2265 3325 2451 3368 sancto
2484 3313 2754 3368 mandato.
2788 3313 2843 3367 ιιι
2870 3323 3058 3382 aperto
3087 3321 3170 3367 est
3191 3327 3292 3380 qua
3325 3311 3615 3382 pertinacia
3638 3309 3846 3368 tradita!

2264 3407 2390 3464 ﬂdci
2423 3407 2618 3463 debeat
2646 3408 2948 3462 constantia
2991 3406 3278 3473 custodiri,
3311 3407 3357 3459 si
3401 3403 3734 3460 tolerabilius
3766 3410 3848 3460 est

2263 3502 2316 3556 in
2348 3516 2535 3556 errore
2556 3500 2868 3570 persistere,
2887 3515 3047 3570 quam
3075 3498 3597 3571 coinquinationibus
3614 3511 3847 3559 rursum,

2261 3604 2395 3662 quas
2416 3591 2536 3661 quis
2566 3591 2782 3662 fugerit,
2809 3592 3094 3661 implicari.
3132 3593 3262 3646 Data
3296 3590 3464 3660 pridie
3494 3589 3614 3646 idus
3629 3589 3848 3660 Aprilis,

2259 3681 2488 3754 Agapito
2518 3683 2635 3739 viro
2661 3683 2964 3739 clarissimo
2985 3685 3222 3738 consule.

2790 3776 3125 3832 EPISTOLA
3151 3776 3314 3831 XXII.

2391 3883 2459 3920 AD
2485 3881 2810 3923 DOBOTHEUII
2848 3883 3131 3923 EPISCOPUII
3163 3882 3703 3924 THESSALONICBNSEM.

2330 3956 2620 4014 Hormisda
2649 3958 2935 4029 episcopus
2967 3958 3241 4016 Dorotheo
3270 3961 3525 4031 episcOpo
3555 3957 3845 4014 Thessalo-

2257 4049 2482 4105 nicensi.

2327 4139 2564 4195 Joannes
2607 4139 2772 4196 frater
2807 4151 2860 4198 et
2891 4143 3242 4213 coepiscopus
3273 4157 3426 4198 meus
3455 4141 3846 4210 Nicopolitanas

2257 4233 2406 4288 urbis
2433 4233 2659 4289 antistes
2687 4249 2807 4288 cum
2835 4235 3044 4305 synodo
3075 4251 3168 4290 sua
3200 4235 3358 4289 variis
3387 4249 3449 4290 se
3480 4233 3847 4289 concussioni-

2254 4325 2355 4380 bus
2386 4333 2547 4396 atque
2571 4327 2868 4397 dispendiis
2902 4328 3139 4397 graviter
3171 4338 3422 4383 causatur
3451 4325 3614 4396 afﬂigi
3641 4343 3654 4391 ;
3705 4325 3848 4395 quod

2254 4431 2283 4469 ο
2315 4425 2778 4488 transgressorum
2811 4420 3069 4477 societate
3109 4419 3336 4486 divisus,
3379 4427 3662 4489 postquam
3693 4431 3848 4472 com-

2256 4509 2570 4566 munionem
2614 4511 2759 4566 sedis
2787 4514 3098 4581 apostolica:
3123 4513 3376 4578 emeruit,
3408 4511 3475 4567 ad
3503 4510 3846 4565 Thessaloni-

2255 4606 2497 4660 censium
2519 4604 2810 4660 Ecclesiam
2828 4605 3186 4661 ordinationis
3203 4621 3315 4660 sua:
3337 4604 3488 4659 initia
3508 4619 3612 4658 non
3628 4602 3845 4657 direxit.

2258 4697 2528 4752 Potuisset
2583 4697 2860 4766 neglectus
2903 4713 3024 4753 esse
3054 4697 3360 4768 culpabilis,
3411 4697 3456 4752 si
3505 4711 3670 4751 unum
3703 4704 3849 4752 esset

2258 4790 2398 4844 inter
2423 4804 2611 4844 omnes
2641 4791 2958 4860 mysterium
2999 4790 3258 4845 caritatis.
3293 4793 3362 4844 At
3389 4805 3512 4845 cum
3549 4789 3702 4849 multi
3735 4803 3792 4844 se
3817 4803 3848 4842 a

2257 4892 2426 4953 petras
2456 4882 2620 4947 illius,
2651 4897 2770 4953 qua:
2803 4883 3051 4938 Christus
3078 4891 3181 4947 est,
3223 4882 3494 4937 soliditate
3523 4880 3803 4936 diviserint
3832 4895 3846 4944 ;

2258 4977 2378 5046 quis
2409 4991 2514 5030 non
2553 4976 2679 5030 velit
2707 4974 2775 5028 ab
2817 4976 3113 5031 errantium
3144 4975 3526 5044 conjunctione
3555 4972 3756 5039 dirimi,
3794 4979 3850 5026 ut

2258 5079 2533 5125 mereatur
2561 5085 2681 5124 cum
2709 5067 2795 5122 his
2817 5070 2907 5137 qui
2939 5067 3244 5123 consistunt
3273 5068 3326 5121 in
3357 5067 3583 5122 veritate
3623 5067 3850 5132 conjun-

2257 5161 2355 5231 gi?
2386 5159 2500 5215 Non
2551 5161 2709 5228 igitur
2737 5162 3072 5215 consuetudo
3102 5169 3186 5214 est
3226 5159 3466 5229 neglecta
3491 5201 3504 5223 ,
3547 5157 3641 5210 sed
3688 5159 3848 5208 vitata

2261 5250 2526 5321 contagia.
2560 5249 2701 5318 Ergo
2729 5249 2966 5317 objicere
2996 5251 3114 5320 quis
3143 5250 3312 5319 possit
3343 5263 3606 5313 errorem,
3636 5247 3721 5300 ubi
3755 5261 3848 5300 co-

2259 5346 2479 5413 gitatam
2507 5341 2796 5396 salubriter
2823 5343 3071 5412 intelligit
3091 5343 3436 5399 cautionem?
3464 5342 3533 5395 At
3555 5355 3673 5404 nos,
3706 5337 3850 5408 quod

2261 5436 2524 5490 debueras
2556 5434 2758 5503 primus
2785 5449 3080 5501 assumere,
3111 5437 3464 5491 credebamus
3493 5444 3542 5488 te
3569 5431 3718 5501 sequi
3743 5431 3849 5483 sal-

2264 5540 2365 5583 tem
2403 5536 2519 5593 post
2565 5526 2737 5581 aliena
2790 5529 3036 5597 exempla
3085 5529 3342 5598 potuisse.
3388 5526 3503 5581 Non
3554 5523 3754 5579 suflicit
3797 5521 3851 5579 in

2254 5619 2493 5686 lapsibus
2521 5632 2689 5682 mora,
2711 5619 2812 5672 nisi
2837 5619 2903 5673 ad
2924 5621 3358 5688 reprehensionis
3380 5621 3678 5682 cumulum,
3705 5617 3848 5669 circa

2255 5725 2349 5764 eos
2378 5724 2585 5778 quoque
2626 5710 2714 5779 qui
2767 5711 2830 5764 ad
2882 5712 3020 5766 viam
3074 5713 3303 5767 redeunt
3350 5712 3572 5766 ach-dat
3604 5699 3847 5763 invidia?

2255 5801 2389 5868 Quid
2420 5803 2581 5866 aliud,
2609 5819 2764 5870 quam
2793 5803 2928 5856 beati
2959 5803 3099 5858 Petri
3127 5802 3291 5871 (quod
3311 5804 3428 5858 sine
3450 5803 3728 5871 impietate
3743 5792 3850 5846 dici

2256 5909 2361 5952 non
2399 5895 2592 5962 poteSt)
2637 5895 2804 5964 ipsum
2836 5893 2976 5964 quod
3003 5909 3031 5949 a
3068 5894 3292 5962 Domino
3316 5895 3500 5952 datum
3531 5905 3613 5952 est
3655 5901 3847 5946 nomen
