4262 6264
313 417 414 471 ιο9

1525 407 1884 465 εριετοωε
1925 407 2021 481 ΕΤ,
2053 406 2393 464 occasu.

3493 412 3595 466 MU

312 530 569 591 oderunt,
599 525 686 594 qui
709 537 803 579 eos
821 523 909 593 qui
935 523 1003 576 ad
1022 521 1164 577 sedis
1188 521 1354 590 ipsius
1375 520 1560 575 altaria
1587 521 1905 592 confugiunt
1932 526 1986 585 Α
2011 539 2132 579 nam
2163 539 2258 595 per
2279 523 2696 580 inobedientiam
2726 525 2950 594 implere
2970 525 3308 582 dissimulant
3335 541 3349 592 ;
3383 526 3598 596 ignora-

312 616 706 685 insequuntur?

384 708 504 774 Quo
532 705 757 775 pudore,
795 720 944 775 rogo,
979 705 1251 775 privilegia
1284 705 1426 760 circa
1453 715 1517 760 'te
1547 705 1761 760 illorum
1795 720 1909 758 ma.-

315 815 446 857 nere
473 799 771 863 desideras,
805 813 1031 868 quorum
1065 798 1314 851 mandata
1349 813 1454 850 non
1485 797 1708 852 servas?
1738 806 1792 851 et
1823 812 1908 852 re-

312 893 612 948 verentiam
660 905 818 959 quam
854 906 956 944 nou
988 888 1211 943 exhibes
1252 888 1394 950 fidei,
1428 890 1577 957 cupis
1610 888 1703 942 tibi
1734 887 1908 942 eccle-

312 986 535 1041 siastiea
591 992 856 1053 potestate
909 982 1143 1037 deferri?
1193 982 1246 1036 Si
1295 982 1347 1036 in
1396 983 1585 1036 iisdem
1646 981 1908 1051 vestigiis,

314 1079 512 1147 quibus
558 1075 808 1130 catholici
843 1077 1102 1138 nituntur,
1160 1073 1456 1138 insisteres,
1502 1073 1907 1129 insectationem

313 1183 496 1228 tamen
529 1171 756 1243 proximi
781 1171 951 1224 vitare
981 1168 1242 1234 deberes;
1270 1169 1444 1222 sciens
1474 1160 1766 1222 secundum
1800 1167 1910 1221 Do-

315 1267 448 1320 mini
482 1263 648 1319 nostri
681 1271 735 1316 et
779 1261 1092 1325 Salvatoris,
1125 1274 1285 1328 quem
1329 1258 1591 1323 colimus,
1645 1258 1909 1321 instituta,

316 1373 442 1413 eum
471 1357 562 1427 qui
590 1354 1031 1410 scandalizaverit
1054 1369 1216 1406 unum
1248 1352 1316 1406 de
1339 1353 1593 1414 minimis,
1621 1350 1910 1404 obnoxium

318 1449 529 1516 magnis
575 1461 696 1501 esse
727 1445 958 1514 peccatis
990 1442 1185 1510 (Marc.
1240 1442 1336 1510 ix).
1373 1440 1472 1496 Ubi
1519 1449 1625 1507 est,
1663 1441 1910 1503 Domine,

319 1539 623 1602 humilitas,
657 1551 815 1606 quam
847 1535 945 1589 sub
968 1532 1251 1600 occasione
1287 1531 1668 1599 discipulorum
1700 1540 1912 1584 tuorum

319 1635 642 1688 certantium
689 1631 755 1685 de
807 1630 908 1684 loci
946 1628 1200 1698 qualitate
1245 1625 1504 1680 docuisti?
1549 1623 1629 1678 Tu
1670 1623 1914 1678 ostendis

319 1731 470 1784 illum
494 1742 614 1783 esse
643 1726 958 1789 maximum,
1006 1723 1096 1792 qui
1131 1720 1392 1776 exhibere
1423 1717 1688 1772 studuerit
1717 1730 1775 1770 se
1816 1731 1914 1784 puo

320 1822 522 1883 sillum,
553 1818 771 1886 Respice
812 1816 874 1869 de
904 1815 1048 1878 caelo,
1091 1813 1204 1866 vide
1227 1827 1243 1865 :
1265 1812 1414 1864 visita
1439 1807 1635 1862 vin'eam
1672 1809 1825 1861 istam
1867 1816 1915 1860 te

2014 632 2134 672 mus
2163 617 2253 671 ubi
2291 618 2656 688 magisterium
2689 617 3052 673 misericordis
3095 618 3307 674 Domini
3335 628 3390 674 et
3419 621 3597 688 magni

2015 711 2107 764 Dei
2135 712 2304 769 .nobis
2349 711 2520 780 possit
2555 726 2860 766 occurrere.
2893 711 3003 767 Nos
3034 721 3213 767 autem
3246 728 3352 768 non
3386 729 3450 768 ea
3481 728 3597 770 cre-

2011 803 2187 857 dimus
2214 805 2442 870 ratione,
2483 814 2540 859 ut
2571 805 3022 861 immisericordes
3053 820 3173 862 esse
3203 817 3472 875 putemus,
3507 807 3598 875 qui

2012 896 2432 951 misericordiam
2457 896 2898 952 didiceruntsed
2924 899 3338 968 postulationem
3358 907 3596 954 nostram

2012 1004 2040 1043 a
2075 990 2324 1057 praesenti
2358 1000 2596 1059 tempore
2627 991 2988 1046 taciturnitate
3011 992 3435 1061 comprimimus,
3459 975 3598 1048 irra-

2014 1082 2271 1137 tionabile
2293 1083 2591 1152 iudicantes
2615 1085 2720 1139 illis
2748 1100 2964 1154 precum
2989 1084 3247 1140 adhibere
3275 1083 3595 1152 bonitatem,

2013 1176 2102 1246 qui
2131 1177 2305 1246 rogari
2339 1192 2397 1232 se
2430 1177 2621 1242 nolint,
2656 1180 3045 1234 contumaciter
3072 1187 3385 1250 respuentes
3415 1198 3428 1235 :
3460 1179 3599 1248 inju-

2016 1270 2141 1323 riari
2188 1273 2330 1326 enim
2369 1282 2422 1327 et
2467 1273 2731 1328 aunullari
2780 1275 3043 1328 sustinere
3079 1289 3384 1344 possumus,
3420 1273 3599 1343 juberi

2017 1376 2121 1414 non
2165 1378 2467 1430 possumus.
2520 1365 2657 1418 Data
2701 1382 2732 1418 v
2770 1366 2888 1421 idus
2928 1366 3051 1422 Julii
3099 1366 3608 1436 Constantinopoli,

2016 1457 2301 1510 Anastasio
2329 1458 2567 1527 Augusto
2596 1475 2646 1513 iv
2673 1469 2725 1514 et
2759 1461 2983 1531 Agapito
3010 1461 3125 1517 viro
3153 1447 3448 1518 clarissimo
3470 1478 3598 1518 con-

2015 1548 2220 1604 sulibus
2250 1549 2413 1619 (anno
2443 1551 2648 1604 Domini
2680 1551 2804 1622 517)

2371 1641 2750 1698 EXEMPLUM
2804 1643 3216 1700 RELATIONIS

2017 1737 2249 1777 ικκοιιωι
2309 1739 2846 1779 ARCHIIANDRITABUM
2917 1741 2983 1779 ετ
3041 1742 3372 1781 CETERORUM
3427 1742 3600 1782 IONA<

2443 1810 2652 1850 CHOBUI
2692 1809 2944 1850 SECUNDB
2983 1813 3172 1854 SYRUS.

322 1913 516 1966 cultore
543 1913 829 1982 plantatam
855 1905 1027 1979 (Psal.
1062 1903 1254 1972 Lxxtx)
1283 1920 1295 1954 :
1332 1901 1549 1955 intende
1578 1899 1717 1952 circa
1750 1912 1901 1950 man-

2023 1891 2283 1982 Scriliunt:
2317 1905 2430 1959 qua:
2466 1905 2571 1982 ‘pro
2620 1889 2723 1969 [ide
2776 1889 3138 1982 catholicaJab
3174 1888 3601 1960 Eutychianistis,

323 2007 447 2060 data
477 2015 569 2058 tua
600 2001 874 2064 minimos,
910 2009 963 2052 et
985 1998 1127 2052 circa
1174 1994 1431 2048 ambitum
1466 1990 1689 2045 honoris
1716 1989 1910 2044 elatos.

395 2097 504 2152 Cur
527 2093 765 2150 recentia
789 2092 1003 2161 cupitis,
1029 2099 1082 2144 et
1114 2088 1286 2156 prisca
1318 2083 1748 2148 deseritis,circa
1771 2097 1912 2136 sum-

324 2209 415 2250 ma
445 2191 660 2246 desides
693 2199 742 2244 et
781 2202 938 2257 parva
966 2183 1250 2240 curantes?
1279 2182 1466 2235 Nonne
1499 2180 1600 2234 hoc
1623 2186 1706 2232 est
1733 2192 1914 2233 rerum

325 2286 455 2340 vilia
487 2283 786 2346 decimare;
815 2291 869 2334 et
900 2278 1032 2345 legis
1051 2283 1314 2346 prmcepta
1342 2270 1727 2326 contemnere?
1749 2269 1918 2323 Serva

323 2381 418 2434 illa
462 2392 583 2448 quae
634 2376 744 2431 Deo
793 2381 1124 2441 congruunt;
1159 2379 1210 2423 et
1242 2367 1396 2421 facile
1427 2381 1488 2420 ea
1532 2379 1652 2434 quas
1697 2371 1824 2416 sunt
1850 2362 1919 2416 ab

326 2468 638 2525 hominibus
685 2465 1096 2533 subsequentur.
1141 2458 1280 2525 Quin
1312 2456 1487 2525 potius
1517 2468 1700 2508 curam
1729 2452 1918 2506 salutis

327 2575 575 2622 assume;
610 2568 658 2611 et
693 2571 788 2611 cur
813 2564 864 2608 te
887 2553 1024 2606 alius
1057 2548 1376 2618 praevenerit
1401 2546 1451 2599 in
1479 2544 1721 2607 veritate,
1747 2544 1920 2612 suspi-

328 2666 384 2706 ra
417 2670 432 2704 :
465 2666 535 2705 ne
567 2649 614 2708 si
647 2645 898 2701 insectari
936 2657 1030 2698 eos
1061 2641 1151 2710 qui
1193 2638 1258 2694 ad
1292 2638 1546 2693 Eccfesiae
1577 2644 1920 2690 revertuntur

328 2747 574 2802 membra
604 2740 925 2813 perstiteris,
960 2747 1012 2792 tu
1037 2749 1247 2804 quoque
1269 2748 1388 2788 cum
1416 2732 1497 2786 his
1520 2744 1654 2799 quos
1678 2727 1922 2783 nomina-

328 2839 429 2892 tim
461 2835 782 2892 condemnat
813 2828 1104 2899 apostolica
1138 2825 1427 2890 sententia,
1473 2820 1760 2890 copuleris.
1791 2820 1920 2873 Data

330 2932 512 3002 pridie
539 2929 653 2983 idus
682 2925 904 2996 Aprilis,
950 2920 1176 2991 Agapito
1205 2918 1320 2973 viro
1349 2915 1652 2972 clarissimo
1679 2910 1920 2968 consule.

929 3023 955 3050 ι
998 3010 1327 3067 EPISTULA

766 3121 1033 3164 ANASTASII
1071 3121 1138 3159 Αῐ)
1169 3115 1493 3156 HORMISDAI.

571 3205 714 3274 Sugg
739 3201 830 3254 ιιαι
865 3197 1157 3252 Hormisdw
1183 3193 1391 3246 nimiam
1419 3190 1684 3243 duritiam.

402 3319 720 3376 Anastasius
750 3317 1020 3384 Augustus
1046 3308 1346 3365 Hormisda:
1377 3320 1550 3376 papae.

408 3414 520 3469 Etsi
549 3426 800 3480 magnum
833 3406 1026 3475 aliquid
1057 3402 1391 3459 taciturnitas
1415 3397 1705 3468 judicatur,
1739 3404 1916 3449 tamen

328 3504 697 3567 necessarium
729 3509 812 3557 est
838 3498 1164 3553 admirantes
1197 3495 1292 3548 Dei
1324 3487 1744 3547 misericordiam
1787 3483 1920 3536 assi-

329 3601 433 3653 due
466 3598 812 3665 frequeutare
863 3603 1188 3647 sermonem.
1239 3586 1304 3641 Et
1346 3584 1470 3655 quia
1513 3581 1723 3635 initium
1772 3573 1918 3636 fidei.

329 3705 492 3760 quam
548 3705 646 3742 nos
695 3685 954 3739 Dominus
1001 3689 1055 3736 et
1109 3681 1249 3734 Deus
1278 3677 1526 3732 Salvator
1553 3679 1736 3726 noster
1765 3667 1922 3722 Jesus

331 3784 582 3838 Christus
611 3779 811 3842 docuit,
843 3777 894 3830 in
929 3773 1244 3828 remissione
1271 3776 1609 3838 peccatorum
1643 3758 1921 3830 prmcellit,

331 3876 463 3929 nulli
499 3875 727 3929 habetur
757 3873 1014 3941 ignotum.
1056 3868 1172 3935 Ipse
1204 3865 1344 3919 enim
1380 3877 1474 3932 per
1505 3857 1774 3929 propriam
1802 3867 1923 3922 pas-

331 3970 539 4022 sionem
589 3964 763 4018 omoia
798 3963 962 4014 Adam
998 3967 1211 4028 peccata
1242 3954 1513 4009 mundavit
1545 3968 1558 4004 :
1593 3957 1646 4002 et
1681 3949 1797 4002 hate
1826 3944 1924 3998 fuit

332 4057 625 4127 negotiatio
654 4051 972 4107 humilitatis
1011 4051 1199 4119 ipsius,
1233 4056 1290 4100 ut
1317 4055 1368 4100 et
1401 4043 1685 4113 praefatum
1719 4047 1774 4092 et
1804 4052 1923 4090 om-

333 4167 427 4206 nes
467 4151 662 4204 fratres
690 4147 942 4202 liberaret
977 4160 1037 4197 es
1074 4142 1335 4196 servitute
1364 4135 1593 4207 peccati,
1627 4131 1928 4189 voluntarie

333 4255 621 4311 personam
656 4237 797 4292 servi
829 4233 1142 4300 suscipiens.
1189 4231 1316 4284 Nam
1352 4229 1536 4282 beatus
1571 4225 1764 4280 Paulus
1800 4237 1932 4290 apo-

333 4335 507 4389 stolus
554 4330 734 4385 docuit
790 4342 887 4381 nos
941 4325 1184 4380 scribens
1231 4322 1296 4375 ad
1339 4321 1610 4373 Romanos
1642 4334 1653 4370 :
1684 4316 1931 4385 Regnavit

336 4442 472 4479 mors
494 4425 556 4476 ab
591 4424 754 4476 Adam
785 4435 939 4489 usque
966 4418 1032 4471 ad
1058 4415 1292 4485 Moysen,
1313 4421 1356 4466 et
1389 4413 1440 4464 in
1474 4426 1557 4462 eos
1582 4410 1666 4478 qui
1692 4424 1792 4460 non
1814 4422 1932 4475 pec-

336 4525 574 4572 caverunt
622 4513 798 4583 (Rom.
832 4513 883 4578 v)
911 4528 922 4562 :
949 4524 1013 4564 ex
1046 4523 1150 4578 quo
1182 4514 1262 4559 est
1293 4501 1624 4558 universitati
1662 4497 1926 4567 quodam-

335 4611 499 4666 modo
518 4607 843 4663 declaratum
874 4618 942 4657 ex
974 4599 1210 4670 generali
1236 4595 1606 4663 dispositione,
1633 4590 1746 4644 sive
1773 4589 1926 4642 mira-

337 4706 558 4769 bilibus,
592 4697 844 4770 specialia
886 4707 1113 4763 qumque
1144 4688 1390 4758 exempla
1421 4685 1622 4740 debere
1653 4682 1732 4752 (a)
1756 4679 1922 4736 semel

339 4799 408 4869 (b)
444 4809 550 4850 tam
585 4805 793 4861 magum
822 4788 953 4857 legis
971 4786 1042 4856 (ε)
1062 4784 1353 4855 jussiones,
1378 4789 1431 4836 et
1457 4788 1565 4833 tam
1589 4777 1672 4846 pia
1698 4774 1932 4830 bonitate

344 4866 419 4960 id)
454 4890 704 4950 firmatae,
737 4893 795 4938 ut
823 4881 997 4937 omnis
1030 4876 1294 4941 doctrina,
1332 4889 1490 4943 quam
1520 4869 1796 4939 discipulis
1823 4866 1934 4922 suis

341 4982 578 5045 tradidit,
617 4979 669 5031 in
708 4978 808 5031 hoc
841 4975 1179 5029 ﬁrmamento
1206 4969 1474 5024 consistit.
1512 4964 1740 5033 Fugavit
1777 4960 1938 5030 aegri-

344 5074 583 5136 tudines,
641 5069 754 5123 sive
798 5064 1085 5120 multifaria
1125 5075 1321 5132 genera
1353 5058 1660 5128 passionum
1694 5071 1706 5105 :
1738 5049 1936 5105 nodum

342 5161 545 5232 peccati
581 5158 817 5229 propria,
853 5156 993 5209 sicut
1021 5155 1225 5209 dictum
1257 5159 1358 5215 est,
1404 5148 1651 5217 passione
1673 5142 1935 5207 resolvit;

343 5266 391 5308 et
421 5259 610 5323 agens,
641 5250 706 5303 ad
736 5247 1004 5318 implenda
1031 5244 1222 5299 similia
1243 5240 1532 5305 discipulos
1558 5236 1711 5290 factis
1737 5243 1790 5289 et
1819 5247 1935 5288 ser-

345 5345 590 5399 monibus
620 5341 940 5396 instruebat.
987 5338 1205 5401 Verum,
1241 5335 1286 5388 si
1318 5335 1456 5389 sicut
1487 5331 1649 5399 aliqui
1682 5329 1925 5383 nituntur

344 5437 650 5504 ostendere,
680 5433 812 5490 certi
844 5447 906 5487 ex
940 5432 1107 5501 ipsius
1138 5427 1396 5498 apostolis
1426 5433 1532 5478 tam
1565 5424 1704 5492 piam
1732 5419 1934 5476 doctri-

414 5561 438 5587 ι
481 5550 595 5604 Hoc
646 5560 894 5615 tempore
941 5546 1301 5615 contigerunt_
1327 5555 1386 5594 ea
1436 5553 1552 5615 quae
1582 5536 1767 5615 scribit
1806 5535 1946 5615 ᾼςιε-

344 5624 541 5676 stasius
566 5607 1010 5674 Bibliothecarius
1037 5607 1236 5670 in'Vita
1265 5607 1584 5670 llormisdut.
1617 5609 1700 5661 his
1723 5607 1901 5662 verbis
1928 5622 1943 5661 :

346 5689 475 5747 Item
504 5691 730 5746 secando
771 5692 906 5743 misit
952 5687 1270 5748 Ennodium,
1317 5693 1420 5738 etc.
1461 5680 1664 5746 Quibus
1693 5677 1942 5748 peractis,

415 5774 495 5844 (a)
526 5771 672 5826 Edit.
709 5771 869 5824 Rom.
901 5769 1048 5822 addit
1074 5767 1354 5834 suscipere.

418 5847 492 5913 (b)
525 5845 612 5896 Al.
642 5851 807 5895 tanta.

419 5918 488 5990 (ε)
521 5915 605 5970 Al.
631 5917 890 5986 jussione.
907 5961 920 5965 _

2091 1979 2217 2032 quos
2265 1962 2540 2031 imperator
2578 1959 2786 2032 minime
2817 1962 3122 2013 coercendos
3151 1968 3417 2013 curaverat
3447 2003 3460 2023 ,
3510 1976 3601 2026 pa-

2092 2029 2286 2086 tiantur
2308 2029 2344 2097 ,⁷
2366 2040 2423 2104 et,
2447 2031 2584 2100 quod
2611 2031 2673 2104 ab
2703 2030 3008 2097 imperatore
3034 2048 3134 2084 non
3176 2031 3362 2095 auditi,
3417 2029 3602 2082 Roma.

2093 2122 2214 2228 nuli?
2245 2103 2536 2227 pontiﬁcem
2570 2101 2813 2171 tanquam
2861 2117 3176 2155 communem
3227 2110 3424 2169 patrem
3449 2101 3603 2154 intem

2093 2194 2152 2228 ve
2198 2193 2256 2228 en
2286 2215 2298 2227 .

2092 2194 2298 2245 pettem.

2091 2266 2444 2322 Sanctissimo
2491 2274 2545 2320 et
2592 2255 2907 2319 beatissimo
2954 2263 3219 2318 universa:
3269 2261 3416 2316 orbis
3448 2270 3605 2318 terra

2025 2359 2340 2430 patriarchae
2390 2355 2712 2421 iiormisdte,
2763 2357 3060 2409 continenti
3113 2355 3294 2410 sedem
3354 2353 3607 2423 principis

2023 2451 2387 2520 apostolorum
2434 2449 2604 2512 Petri,
2651 2446 2960 2516 deprecatio
3003 2455 3056 2500 et
3104 2446 3420 2514 supplicatio
3449 2444 3608 2498 mini~

2025 2559 2233 2599 morum
2272 2538 2811 2595 archimandritarum
2856 2547 2910 2594 et
2942 2546 3260 2592 eaeterorum
3323 2532 3608 2590 monacho.

2023 2652 2140 2691 rum
2171 2633 2419 2688 secundas
2447 2632 2619 2703 Syrias
2651 2630 2959 2701 provinciae.

2097 2728 2278 2782 Gratia
2302 2726 2594 2782 Salvatoris
2625 2723 2863 2778 omnium
2895 2731 3140 2777 nostrum
3172 2719 3374 2776 Christi
3419 2732 3519 2773 nos
3544 2715 3610 2774 ad

2027 2829 2260 2875 vestram
2317 2815 2700 2873 beatitudinem
2763 2814 3009 2882 refugere
3041 2812 3187 2866 velut
3234 2811 3300 2865 de
3344 2810 3524 2864 hieme
3561 2815 3612 2864 et

2030 2918 2347 2981 tempestate
2377 2909 2444 2962 ad
2494 2916 2707 2978 portum
2753 2903 3153 2974 tranquillitatis
3199 2885 3481 2963 admoniti,
3513 2897 3613 2951 mi-

2030 3005 2174 3061 nime
2227 2999 2754 3056 circumvallantibus
2807 2995 2880 3066 (e)
2939 2995 3106 3049 teneri
3159 2991 3268 3060 jam
3323 2989 3612 3045 credimus.

2026 3098 2163 3154 Nam
2193 3097 2295 3150 etsi
2324 3094 2574 3164 patimur,
2625 3091 2921 3160 gaudentes
2966 3087 3296 3141 sustinemus
3343 3083 3613 3147 scientes,

2030 3189 2154 3262 quia
2204 3201 2304 3239 non
2335 3194 2452 3237 sunt
2479 3183 2747 3252 condignae
2793 3181 3053 3250 passiones
3098 3177 3252 3246 hujus
3280 3172 3519 3242 temporis
3546 3170 3614 3225 ad

1946 3265 1994 3330 C
2025 3284 2258 3353 futuram
2281 3277 2524 3349 gloriam,
2555 3290 2668 3345 qua
2692 3272 2992 3328 revelabitur
3011 3271 3066 3323 in
3098 3269 3240 3322 nobis
3263 3267 3439 3340 (Rom.
3468 3267 3614 3335 vui).

2025 3373 2288 3442 Quoniam
2317 3384 2448 3425 vero
2481 3367 2731 3423 Christus
2780 3365 2921 3420 Deus
2955 3371 3138 3417 noster
3189 3359 3484 3428 principem
3525 3373 3616 3427 pa-

2024 3475 2230 3520 storum
2263 3470 2317 3517 et
2343 3461 2618 3516 doctorem
2638 3466 2693 3513 et
2715 3456 2980 3512 medicum
3009 3455 3310 3508 animarum
3333 3451 3617 3506 constituit

2024 3564 2196 3612 voset
2223 3565 2461 3609 vestrum
2490 3559 2734 3606 sanctum
2782 3548 3055 3617 angelum,
3095 3545 3315 3614 dignum
3369 3552 3453 3598 est
3497 3557 3618 3611 pas-

2025 3653 2227 3716 siones,
2262 3665 2378 3720 qua:
2421 3646 2576 3702 nobis
2601 3644 2964 3713 contigerunt,
3002 3653 3270 3710 exponere
3294 3678 3308 3701 ,
3340 3647 3390 3691 et
3443 3636 3621 3690 immi-

2026 3743 2328 3799 sericordes
2377 3739 2663 3794 ostendere
2718 3732 3029 3804 lupos,qui
3095 3730 3359 3800 dissipant
3404 3742 3620 3798 gregem

2021 3836 2225 3910 Christi
2257 3853 2271 3888 :
2306 3844 2364 3888 ut
2382 3831 2717 3887 auctoritatis
2744 3828 2936 3882 baculo
2965 3839 3060 3880 eos
3081 3824 3313 3893 expellat
3344 3822 3411 3877 de
3444 3821 3623 3876 medio

2029 3931 2233 3994 ovium,
2263 3925 2427 3982 verbo
2458 3934 2635 3979 autem
2659 3921 2923 3976 doctrina:
2952 3917 3186 3972 animam
3217 3924 3392 3979 sanet,
3419 3925 3473 3968 et
3502 3929 3624 3968 ora-

2032 4024 2195 4080 tionis
2224 4019 2631 4077 medicamentis
2659 4015 2886 4085 mitiget.
2934 4013 3036 4079 Qui
3065 4020 3239 4066 autem
3272 4010 3381 4065 sint
3431 4009 3538 4074 isti,
3570 4015 3624 4063 et

2030 4121 2121 4190 qui
2155 4121 2251 4172 hos
2292 4115 2577 4170 adversum
2629 4125 2729 4166 nos
2763 4107 3118 4188 armaverint,
3171 4103 3396 4159 audistis
3419 4102 3622 4172 utique,

2032 4211 2342 4268 beatissime
2379 4227 2390 4260 :
2431 4208 2669 4263 Severus
2702 4204 2793 4259 ille
2821 4213 2875 4258 et
2904 4183 3120 4266 Petrus,
3149 4198 3238 4269 qui
3271 4211 3540 4266 nunquam
3573 4196 3625 4250 in

2033 4306 2340 4361 Christiano
2389 4313 2618 4356 numero
2663 4296 2895 4366 reputati
2939 4303 3082 4359 sunt,
3137 4294 3223 4362 qui
3256 4307 3353 4361 per
3384 4288 3628 4360 singulos

2034 4400 2153 4455 dies
2185 4405 2424 4451 sanctam
2467 4389 2960 4446 Chalcedonensem
3017 4383 3304 4454 synodum,
3355 4381 3629 4435 sanctissh

2036 4507 2178 4548 mum
2213 4496 2418 4559 patrem
2454 4495 2694 4538 nostrum
2747 4479 2986 4535 Leonem
3026 4475 3245 4546 publico
3286 4473 3630 4544 anathemate

2035 4591 2384 4660 impetentes,
2437 4578 2526 4650 qui
2564 4574 2822 4647 judicium
2879 4571 2973 4626 Dei
3019 4569 3155 4625 nihil
3199 4567 3546 4625 aestimantes,
3577 4572 3631 4620 et

2035 4658 2290 4733 colendos
2330 4685 2566 4729 canones
2611 4679 2920 4724 sanctorum
2978 4664 3197 4719 Patrum
3227 4658 3628 4724 conculcantes,

2014 4770 2322 4838 episcopos
2352 4763 2571 4833 quidem
2604 4760 2888 4832 principali
2930 4757 3165 4826 potentia
3199 4752 3450 4808 facientes
3481 4748 3633 4804 exhi~

2041 4867 2174 4929 beri,
2224 4871 2279 4918 et
2317 4874 2415 4916 nos
2465 4867 2721 4927 cogentes
2777 4855 3002 4909 illudere
3036 4849 3342 4921 praedictam
3393 4854 3634 4900 sanctam

2041 4956 2353 5028 synodum,
2438 4949 2718 5020 suppliciis
2787 4941 3251 5000 intestimabilibus
3314 4937 3632 5009 afﬂigentcs.

2045 5047 2196 5105 Unde
2226 5057 2281 5101 et
2306 5045 2521 5115 quidam
2547 5055 2732 5098 eorum
2764 5038 2986 5106 injectas
3015 5035 3194 5105 plagas
3227 5031 3448 5088 minime
3476 5029 3636 5083 susti-

2047 5150 2236 5195 nentes
2267 5179 2283 5205 ,
2342 5137 2408 5191 de
2449 5135 2550 5189 hoc
2572 5119 2770 5187 saeculo
2819 5131 3166 5191 transierunt,
3227 5136 3277 5180 et
3327 5132 3636 5177 nostrorum

2046 5248 2177 5290 vero
2207 5248 2314 5288 non
2342 5232 2529 5298 exigua
2561 5222 2847 5281 multitudo
2894 5227 3167 5291 perempta
3215 5227 3318 5272 est.
3376 5215 3638 5269 Euntibus

2046 5339 2278 5395 namque
2311 5323 2467 5376 nobis
2514 5320 2578 5373 ad
2623 5315 2901 5370 mandram
2958 5311 3160 5366 domini
3215 5310 3481 5366 Simeonis
3540 5319 3638 5372 pro

2044 5432 2202 5472 causa
2247 5412 2523 5476 Ecclesize,
2558 5408 2789 5462 insidiati
2836 5415 2957 5459 sunt
2988 5403 3142 5457 nobis
3172 5402 3222 5455 in
3273 5402 3460 5453 itinere
3489 5411 3624 5467 prae-

2057 5545 2188 5601 quas
2222 5526 2398 5582 cmdes
2426 5539 2626 5601 quasve
2659 5515 3219 5601 injuriisorthodoxis
3247 5511 3495 5601 Severus
3537 5512 3640 5590 Ap-

2059 5583 2356 5660 tjiochenus,
2403 5583 3003 5662 cfcterique'Acephali
3047 5586 3320 5639 intulerint
3365 5585 3417 5636 in
3465 5583 3640 5653 Syria,

2056 5686 2284 5740 sequens
2306 5668 2530 5737 epistola
2565 5660 2784 5719 iudicat.
2814 5663 2939 5714 Ssv.
2974 5660 3172 5712 Brutus.

2128 5753 2208 5822 (ά)
2237 5750 2296 5803 Al
2310 5789 2321 5801 .
2355 5749 2578 5822 ﬁrmata.

2125 5812 2200 5895 (ei
2240 5822 2322 5876 Al.
2355 5812 2422 5874 ad
2448 5834 2536 5872 nos
2560 5812 2900 5872 calamitibtu.
