4262 6264
658 421 758 478 Mi

644 537 773 592 dicti
828 537 1177 609 coinquinatl,
1242 545 1296 593 et
1329 535 1771 606 supervenientes
1819 534 2129 592 occiderunt
2170 547 2236 590 ea
2267 536 2312 594 Δ

643 631 798 684 nobis
835 640 1106 685 trecentos
1133 629 1514 700 quinquaginta
1536 629 1702 697 viros,
1748 627 2009 700 quosdam
2053 637 2229 682 autem

643 721 1086 786 vulneraverunt;
1118 720 1252 774 alios
1275 736 1420 785 vero,
1463 722 1551 791 qui
1579 731 1867 792 potuerunt
1897 721 1962 775 ad
2004 719 2230 775 colenda

645 813 830 866 altari.
861 811 1169 881 confugere,
1205 812 1399 866 ibidem
1433 824 1776 882 peremerunt
1799 820 1862 866 et
1905 813 2231 866 monaSIeria

645 904 1018 968 incenderunt,
1055 921 1149 973 per
1179 915 1387 960 noctem
1421 906 1692 961 mittentes
1731 905 2126 960 multitudinem
2154 905 2233 959 in-

642 997 939 1064 quietorum
984 997 1257 1052 hominum
1307 1000 1813 1068 redemptorumque
1843 1014 2057 1051 omnem
2096 1012 2228 1066 pau.

645 1095 904 1155 pertatem
933 1090 1355 1144 ecclesiasticam
1388 1090 1692 1159 hujusmodi
1722 1088 1960 1153 pestiferi
1987 1089 2231 1143 homines

643 1191 1044 1236 constituentes.
1090 1181 1170 1235 Ad
1203 1182 1408 1250 singula
1441 1190 1618 1236 autem
1649 1181 1839 1236 delatae
1886 1181 1949 1234 ad
1999 1189 2231 1234 vestram

645 1269 1026 1327 1)·ιιιιὶιιιι1ἰιιθιιι
1061 1274 1329 1328 instruant
1373 1273 1573 1328 charta:
1619 1289 1648 1325 a
1699 1271 2095 1326 venerabilibus
2127 1272 2234 1324 ira-

644 1364 813 1417 tribus
850 1364 1056 1419 Joanne
1081 1376 1134 1419 et
1162 1367 1372 1435 Sergio,
1417 1381 1552 1433 quos
1585 1366 1903 1419 miseramus
1927 1365 2234 1419 Constanti-

646 1459 903 1524 nopolim,
935 1467 1215 1526 sperantes
1241 1459 1531 1512 vindictam
1579 1459 1696 1512 ﬁeri
1727 1457 1793 1512 de
1824 1458 1906 1510 his
1937 1472 2056 1526 quae
2079 1471 2232 1510 com-

645 1547 808 1600 missa
849 1557 993 1602 sunt.
1039 1549 1145 1604 Sed
1175 1566 1267 1604 eos
1298 1566 1396 1605 nec
1427 1552 1590 1605 verbo
1616 1552 1862 1617 dignatus
1896 1560 1978 1604 est
2005 1553 2238 1619 impera-

645 1646 748 1702 tor,
780 1641 872 1694 sed
905 1642 1064 1696 etiam
1106 1657 1228 1696 cum
1255 1642 1445 1710 grandi
1485 1643 1808 1696 contumelia
1841 1642 2067 1708 expulit,
2091 1656 2237 1694 com-

645 1735 875 1788 minatus
908 1735 987 1790 eis
1034 1739 1123 1805 qui
1170 1737 1266 1790 ista
1299 1737 1654 1805 porrigereut.
1696 1735 1844 1791 Unde
1879 1737 2001 1789 hinc
2029 1745 2236 1789 estnos

645 1824 728 1878 vel
761 1839 883 1880 Sero
926 1841 1277 1896 cognoscere,
1329 1830 1582 1899 quoniam
1628 1835 1771 1882 tanta
1802 1827 2036 1895 pravitas
2065 1836 2117 1880 et
2142 1841 2237 1879 au-

644 1914 792 1970 dacia
847 1917 1034 1972 talium
1082 1919 1342 1975 malorum
1397 1919 1658 1975 adversus
1721 1919 1991 1976 Ecclesias
2050 1919 2228 1984 facta,
2265 1917 2310 1976 Β

645 2004 810 2072 ipsius
841 2007 1170 2064 immissione
1197 2011 1496 2076 composita
1527 2018 1632 2065 est.
1685 2010 2046 2076 Deprecamur
2072 2025 2228 2079 ergo,

645 2094 953 2151 beatissime
993 2107 1164 2168 pater,
1216 2100 1580 2168 supplicantes
1627 2109 1684 2155 et
1726 2111 1993 2169 rogantes,
2046 2111 2104 2155 ut
2141 2116 2230 2156 ex-

645 2189 896 2255 surgatis,
931 2204 1051 2243 cum
1091 2191 1301 2245 fervore
1343 2201 1396 2246 et
1449 2193 1586 2259 zelo,
1620 2201 1674 2247 et
1719 2193 2049 2248 condoleatis
2092 2193 2235 2263 justo

645 2290 741 2345 pro
770 2294 992 2346 Corpore
1018 2280 1214 2334 laniato
1237 2283 1380 2350 (nam
1405 2292 1566 2351 caput
1596 2283 1728 2337 estis
1750 2283 2016 2353 omnium)
2039 2295 2094 2338 et
2117 2287 2236 2339 vin-

645 2371 834 2426 dicetis
868 2373 1023 2426 tidem
1054 2384 1441 2442 contemptam,
1473 2389 1707 2429 canones
1733 2377 2098 2439 conculcatos,
2130 2377 2234 2430 Pa-

646 2460 755 2517 t'res
803 2462 1221 2533 blasphematos,
1276 2475 1330 2520 et
1374 2468 1535 2521 talem
1585 2467 1848 2537 synodum
1897 2469 2236 2524 anathemate

647 2553 967 2622 impetitam.
994 2553 1159 2610 Vobis
1186 2572 1214 2609 a
1245 2556 1356 2610 Deo
1384 2557 1505 2611 data
1540 2566 1621 2612 est
1649 2569 1885 2628 potestas
1925 2568 1978 2614 et
2005 2561 2239 2615 auctori-

649 2654 729 2698 tas
773 2647 941 2714 ligare
971 2654 1023 2700 et
1067 2648 1300 2701 solvere.
1338 2647 1459 2701 Non
1490 2665 1616 2716 Opus
1646 2649 1831 2703 habent
1855 2652 1944 2721 qui
1979 2651 2091 2703 sani
2120 2659 2237 2704 sunt

655 2735 863 2788 medicis
893 2776 909 2803 ,
932 2737 1020 2789 sed
1042 2738 1176 2791 male
1206 2738 1440 2793 habentes
1485 2739 1699 2808 (.llattlt.
1743 2741 1874 2812 xw).
1929 2742 2235 2812 Exsurgite,

652 2825 838 2882 Patres
872 2829 1066 2894 sancti,
1097 2830 1377 2884 venientes
1408 2829 1474 2885 ad
1503 2832 1793 2887 salvandos
1835 2847 1963 2898 nos;
2007 2835 2239 2888 imitato-

651 2914 735 2974 res
759 2929 932 2976 estote
964 2921 1176 2976 Domini
1209 2924 1405 2990 nostri,
1444 2929 1534 2994 qui
1562 2924 1630 2979 de
1676 2926 1815 2979 caelo
1841 2940 2003 2994 super
2032 2936 2235 2981 terram

647 3011 861 3068 advenit
899 3030 1140 3084 quaerere
1185 3025 1453 3072 errantem
1480 3032 1634 3072 ovem
1668 3037 1680 3071 :
1716 3019 1935 3074 Petrum
1983 3019 2130 3074 illum
2153 3035 2241 3076 re-

647 3104 835 3172 Spicite
865 3106 1162 3176 principem
1187 3108 1574 3178 apostolorum,
1606 3111 1762 3180 cujus
1794 3111 1978 3166 sedem
2012 3115 2236 3177 ornatis,

647 3204 701 3250 et
745 3195 966 3252 Paulum
1015 3199 1104 3268 qui
1132 3207 1216 3255 est
1244 3216 1336 3255 vas
1366 3200 1667 3267 electionis,
1702 3205 1790 3272 qui
1822 3204 2236 3272 circumeuntes,

649 3287 834 3341 orbem
865 3298 1128 3345 terrarum
1157 3291 1617 3348 illuminaverint:
1650 3310 1775 3348 nam
1805 3312 1993 3364 magna
2024 3297 2242 3352 vulnera
2269 3289 2317 3354 C

650 3380 940 3448 majoribus
983 3382 1223 3452 indigent
1270 3387 1613 3454 adjumcntis.
1646 3388 1964 3442 Mercenarii
2001 3390 2242 3445 videntes

652 3486 803 3540 lupos
830 3474 1109 3529 venientes
1135 3475 1396 3532 adversus
1423 3491 1553 3532 oves
1577 3477 1852 3532 dimittunt
1880 3494 1972 3534 eas
1994 3479 2242 3548 dissipari

643 3561 715 3616 ab
739 3562 843 3617 illis
876 3581 890 3618 :
917 3564 1068 3619 vobis
1093 3575 1273 3621 autem
1305 3569 1446 3623 veris
1489 3569 1796 3638 pastoribus
1826 3581 1880 3625 et
1908 3570 2240 3638 doctoribus,

651 3659 840 3727 quibus
871 3674 997 3713 cura
1027 3674 1123 3728 pro
1167 3662 1338 3716 salute
1368 3663 1548 3716 ovium
1578 3665 1867 3719 commissa
1897 3673 1999 3728 est,
2047 3680 2241 3720 occur-

650 3748 718 3802 rit
749 3748 862 3816 ipse
915 3765 1042 3818 grex
1085 3765 1411 3822 (cgnoscere
1456 3769 1610 3809 suum
1645 3763 1936 3824 pastorem,
1969 3757 2036 3811 ab
2065 3756 2245 3812 immi-

650 3841 870 3897 tissimis
903 3843 1089 3899 bestiis
1122 3845 1402 3913 liberatus,
1446 3855 1498 3902 et
1526 3862 1711 3902 vocem
1738 3861 1968 3917 sequens
1990 3849 2241 3917 pastoris,

649 3934 787 3988 sicut
819 3933 861 3988 ἶ)
887 3935 1076 3991 minus
1108 3938 1184 3992 ait
1216 3955 1228 3991 :
1265 3938 1393 3992 Oves
1413 3955 1536 3993 mete
1572 3956 1742 3994 vocem
1789 3956 1955 3994 meam
1999 3941 2241 4006 audiunt,

648 4035 694 4076 et
721 4041 812 4094 ego
853 4041 1104 4093 cognosco
1137 4043 1237 4092 eas,
1275 4037 1322 4080 et
1363 4038 1640 4097 sequuntur
1685 4045 1764 4083 me
1791 4028 1973 4096 (Joan.
2005 4029 2084 4099 ι).
2128 4029 2242 4084 Non

647 4130 775 4185 ergo
804 4117 1113 4186 despiciatis
1142 4133 1260 4183 nos,
1298 4122 1658 4185 sanctissime,
1691 4120 1782 4190 qui
1831 4136 1862 4174 a
1886 4120 2072 4175 bestiis
2095 4119 2245 4176 fero-

648 4208 795 4262 cibus
827 4209 1061 4278 quotidie
1087 4210 1453 4266 vulueramur.
1489 4211 1566 4265 Ad
1599 4213 1888 4281 perfectam
1923 4223 2102 4266 autem
2133 4227 2238 4267 no-

634 4291 819 4355 titiam
842 4303 1004 4357 vestri
1032 4304 1200 4358 sancti
1233 4304 1430 4373 angeli,
1477 4304 1997 4359 anathematizamus
2052 4305 2104 4357 in
2151 4319 2246 4358 ea-

647 4393 767 4448 dem
821 4405 1004 4450 nostra
1049 4395 1431 4466 deprecatione
1477 4398 1733 4452 virtutem
1785 4397 2019 4452 habente
2073 4395 2242 4450 libelli

646 4502 832 4542 onmes
861 4490 1126 4558 proiectos
1151 4498 1205 4544 et
1231 4491 1727 4545 excommunicatos
1755 4505 1784 4544 a
1817 4499 1994 4545 vestra
2021 4499 2240 4559 aposto-

646 4577 747 4631 liva
777 4579 923 4634 sede.
971 4579 1210 4636 Dicimus
1240 4590 1418 4635 autem
1469 4580 1798 4646 Nestorium,
1842 4581 1931 4650 qui
1978 4581 2074 4633 fuit
2102 4578 2247 4634 Con-

643 4670 1147 4738 slanlinopolitanus
1208 4673 1526 4742 episcopus,
1576 4671 1962 4741 Eutychetem,
2025 4669 2321 4734 Diosco-D

645 4776 784 4828 rum,
814 4773 867 4816 et
894 4762 1108 4819 Petrum
1137 4763 1580 4827 Alexandrinum,
1615 4763 1704 4833 qui
1727 4761 2134 4833 cognominatus
2158 4776 2244 4824 est

646 4850 856 4917 Balbus,
891 4865 942 4909 et
973 4856 1210 4926 Petrum,
1259 4857 1350 4926 qui
1399 4856 1675 4912 dicebatur
1724 4857 1894 4920 Fullo,
1944 4854 2239 4908 Antioche-

647 4958 772 4996 uum
826 4945 1173 5002 nihilominus
1211 4957 1266 5003 et
1298 4949 1579 5015 Acacium,
1611 4949 1700 5018 qui
1740 4946 1836 5000 fuit
1866 4945 2242 5000 Constantium

647 5033 913 5102 politanus
959 5039 1241 5108 episcopus
1274 5080 1290 5105 ,
1339 5055 1524 5094 eorum
1579 5039 2129 5103 communicatorem,
2189 5046 2245 5090 et

645 5139 832 5182 omnes
861 5128 949 5196 qui
984 5143 1147 5184 unum
1178 5130 1392 5184 illorum
1426 5132 1800 5185 haereticorum
1830 5128 2151 5184 defendunt.

1211 5227 1667 5268 δυιιεεῐιιρτιοιιεε.

716 5285 831 5358 Ego
865 5288 1168 5346 Alexander
1193 5293 1558 5348 misericordia
1609 5291 1702 5346 Dei
1755 5289 2037 5360 presbyter
2063 5297 2116 5343 et
2155 5301 2243 5342 ar-

643 5375 997 5433 chimandrita
1024 5381 1193 5435 sancti
1233 5383 1464 5438 Maronis
1493 5382 1816 5450 deprecatus
1846 5395 1989 5434 sum.

617 5533 620 5536 ,
715 5467 931 5524 Simeon
972 5471 1338 5528 misericordia
1371 5472 1464 5527 Dei
1512 5471 1794 5544 presbyter
1832 5478 1886 5525 et
1933 5468 2242 5524 archiman-

643 5556 782 5611 drita
815 5568 870 5612 ut
892 5575 1076 5626 supra.

716 5637 950 5695 Joannes
989 5641 1354 5697 misericordia
1385 5640 1481 5697 Dei
1513 5640 1771 5696 diaconus
1809 5649 1864 5695 ct
1901 5638 2245 5708 dispensator

651 5725 705 5768 ιιι
735 5735 914 5773 supra.

765 5735 777 5767 ι
825 5745 831 5760 ι
866 5738 914 5773 :.

723 5735 1016 5856 lﬁ’r't‘tztlpius
1040 5788 1406 5847 misericordia
1437 5789 1532 5848 Dei
1555 5789 1841 5862 presbyter
1867 5803 1924 5848 et
1945 5796 2246 5850 archiman-

683 5877 788 5936 rita
816 5886 875 5935 ut
894 5893 1079 5948 supra.

1378 5984 1444 5996 ιρι.

1976 415 2351 476 8031115ῡῶ
2392 416 2594 473 ΡΑΡΕ

3827 410 3936 468 ιιιι

2413 533 2606 589 Petrus
2627 515 2993 588 misericordia
3021 532 3113 588 Del
3147 533 3430 606 presbyter
3457 539 3516 588 ut
3535 547 3718 601 supra.

2411 627 2682 695 Eugenius
2709 625 3072 680 misericordia
3102 625 3196 681 Dei
3226 626 3506 697 presbyter
3524 634 3580 679 ut
3605 639 3788 694 supra.

2408 716 2662 770 Geladius
2693 716 3060 769 misericordia
3093 716 3184 770 Dei
3223 718 3500 787 presbyter
3525 725 3585 770 ut
3607 731 3789 784 supra.

2411 809 2607 861 Ba~sus
2650 807 3013 861 mi-ericordia
3058 808 3148 861 Dei
3185 809 3468 878 presbyter
3510 819 3566 861 ut
3607 824 3790 876 supra.

2412 897 2671 951 Romulus
2703 897 3068 952 miserit-ordia
3098 898 3187 952 Dei
3220 901 3499 968 presbyter
3525 909 3582 952 ul
3607 914 3786 964 supra.

2413 991 2689 1045 Eusealius
2717 990 3078 1044 misericordia
3110 988 3199 1044 Dei
3231 991 3512 1059 presbyter
3545 1005 3592 1042 ιιι
3627 1008 3807 1056 supra.

2411 1084 2644 1137 Malchus
2677 1083 3044 1137 misericordia
3084 1083 3173 1134 Dei
3221 1082 3500 1150 presbyter
3528 1096 3576 1133 ut
3605 1100 3786 1142 su,u'a.

2411 1175 2664 1229 Leontius
2693 1173 3064 1227 misericordia
3097 1174 3187 1225 Dei
3224 1175 3482 1226 diaconus
3525 1184 3580 1225 ut
3610 1189 3791 1240 supra.

2411 1266 2714 1334 Stephanus
2740 1264 3104 1318 niiseriCordta
3141 1264 3228 1316 l)ei
3266 1265 3544 1334 presbyter
3579 1275 3631 1316 ιιι
3660 1278 3842 1331 Supra.

2411 1356 2635 1412 Carul'as
2665 1358 2750 1410 diu
2787 1373 2923 1410 ontts
2953 1367 3005 1409 ut
3037 1371 3220 1424 supra.

2411 1449 2649 1504 Thomas
2687 1450 2968 1519 presbyter
3003 1458 3060 1502 ut
3086 1465 3246 1516 Sttptu

2413 1541 2628 1595 Samuel
2661 1541 2917 1594 discimus
2946 1549 3000 1592 ιιι
3023 1554 3206 1607 supra.

2417 1633 2732 1687 Theodorus
2763 1633 3042 1701 presbyter
3072 1641 3127 1683 ιιι
3155 1645 3336 1697 supra.

2416 1723 2650 1778 Joannes
2680 1723 3048 1778 misericordia
3085 1722 3174 1774 Dei
3213 1720 3494 1791 presbyter
3525 1728 3582 1773 ut
3611 1731 3792 1788 supra.

2415 1819 2653 1873 Joannes
2689 1819 2969 1887 presbyter
2992 1827 3048 1870 ut
3080 1831 3259 1884 supra.

2410 1911 2648 1965 Thomas
2671 1910 2926 1962 diaconus
2952 1917 3007 1960 ut
3040 1921 3222 1975 supra.

2410 2005 2648 2060 Joannes
2672 2001 2929 2056 diaconus
2956 2011 3013 2052 ut
3042 2014 3223 2067 supra.

2411 2095 2712 2153 Simeonius
2742 2094 3002 2147 diaconus
3031 2102 3085 2144 ut
3113 2105 3295 2158 supra.

2412 2190 2628 2244 Salinus
2653 2186 3072 2241 archimandrita
3105 2193 3162 2236 ιιι
3187 2197 3370 2252 supra.

2414 2281 2675 2336 Eusebius
2709 2279 2991 2348 presbyter
3023 2285 3080 2330 ut
3107 2289 3290 2343 supra.

2413 2372 2688 2442 Mucymus
2717 2370 3004 2440 presbyter
3034 2378 3090 2421 ut
3115 2380 3296 2434 supra.

2415 2464 2718 2520 Simeonius
2747 2463 3033 2533 presbyter
3067 2467 3126 2514 ut
3155 2472 3338 2528 supra.

2414 2558 2650 2612 Thomas
2681 2557 2964 2628 presbyter
2994 2565 3051 2608 ut
3082 2567 3264 2622 supra.

2413 2649 2645 2704 Jacobus
2680 2650 2963 2717 presbyter
2995 2657 3050 2699 ut
3075 2659 3255 2713 supra.

2416 2741 2651 2796 Joannes
2681 2741 2961 2810 presbyter
2983 2747 3042 2793 ut
3080 2751 3262 2805 supra.

2417 2831 2619 2885 Paulus
2651 2831 2930 2899 presbyter
2953 2838 3008 2883 ut
3039 2844 3223 2893 supra.

2417 2922 2629 2978 Priscus
2645 2922 2925 2993 presbyter
2955 2933 3010 2975 ut
3038 2935 3220 2989 supra.

2418 3018 2683 3072 Antonius
2715 3017 2996 3085 presbyter
3032 3025 3089 3069 ut
3116 3030 3296 3084 supra.

2418 3107 2652 3161 Joannes
2677 3107 2960 3176 presbyter
2984 3117 3038 3159 ut
3065 3115 3252 3174 Supra.

2421 3198 2654 3253 Thomas
2688 3198 2968 3268 presbyter
2997 3208 3055 3250 ut
3096 3213 3274 3263 supra.

2421 3289 2664 3343 Julianus
2687 3290 2968 3359 piesbyter
2993 3298 3049 3342 ut
3075 3303 3260 3356 supra.

2423 3384 2728 3439 Simeonius
2750 3385 3032 3452 presbyter
3065 3393 3119 3434 ut
3147 3394 3328 3449 supra.

2422 3478 2656 3531 Thomas
2687 3479 2968 3545 presbyter
3011 3487 3066 3530 ut
3107 3490 3286 3543 supra.

2420 3567 2724 3622 Simeonius
2753 3568 3029 3636 presbyter
3061 3575 3117 3621 ut
3147 3580 3305 3635 supra

2421 3661 2677 3714 Zaclueus
2707 3662 2986 3729 presbyter
3026 3667 3084 3712 ιιι
3112 3672 3293 3727 supra.

2422 3752 2654 3808 Thomas
2685 3751 2964 3821 presbyter
2994 3761 3049 3804 ut
3071 3765 3252 3819 supra.

2421 3843 2728 3900 Simeonius
2762 3842 3039 3911 presbyter
3073 3851 3134 3895 ιιι
3155 3853 3336 3908 supra.

2419 3935 2660 3990 Thomas
2693 3934 2974 4002 presbyter
3001 3941 3057 3986 ut
3085 3945 3268 4000 supra.

2420 4032 2729 4088 Simeonius
2753 4031 3032 4100 presbyter
3066 4040 3118 4083 ut
3153 4045 3334 4098 supra.

2420 4126 2655 4180 Thomas
2689 4124 2968 4192 presbyter
3002 4133 3056 4175 ut
3083 4138 3263 4191 supra.

2421 4215 2640 4285 Sergius
2667 4216 2946 4284 presbyter
2993 4223 3048 4268 ut
3078 4228 3260 4280 supra.

2421 4306 2656 4360 Thomas
2685 4304 2964 4373 presbyter
2997 4313 3052 4356 ut
3081 4318 3262 4370 supra.

2393 4385 2687 4451 ‘Eusebius
2723 4395 3005 4464 presbyter
3033 4404 3088 4448 ut
3116 4409 3299 4462 supra.

2427 4489 2624 4542 Paulus
2655 4487 2934 4556 presbyter
2969 4495 3025 4538 ut
3049 4500 3228 4552 supra.

2423 4581 2657 4636 Joannes
2683 4579 2960 4649 presbyter
2992 4587 3051 4631 ιιι
3082 4593 3262 4645 supra.

2418 4676 2637 4745 Sergius
2660 4674 2920 4728 diaconus
2947 4681 3006 4727 ut
3047 4686 3228 4740 supra.
3271 4696 3281 4703 -

2423 4770 2550 4823 Item
2590 4767 2807 4835 Sergius
2837 4766 3094 4822 diaconus
3119 4773 3175 4818 ιιι
3201 4778 3382 4834 supra.

2423 4860 2666 4914 Julianus
2695 4858 2974 4928 presbyter
3003 4866 3062 4910 ut
3083 4870 3262 4924 supra.

2427 4951 2648 5020 Sergius
2676 4950 2958 5018 presbyter
2987 4956 3044 5004 ut
3078 4962 3262 5015 supra.

2429 5041 2746 5095 Ammonius
2776 5039 3034 5094 diaconus
3065 5047 3120 5092 ut
3155 5051 3338 5105 supra.

2428 5135 2666 5189 Thomas
2692 5132 2971 5202 presbyter
2999 5140 3054 5183 ut
3088 5144 3270 5198 supra.
3303 5180 3314 5189 ,

2428 5227 2600 5281 Lucas
2631 5225 2911 5293 presbyter
2942 5231 3000 5276 ut
3026 5235 3208 5291 supra.

2424 5320 2659 5373 Thomas
2688 5317 2942 5370 diaconus
2965 5324 3021 5369 ut
3045 5329 3226 5382 supra.

2420 5408 2726 5466 Simeonius
2752 5405 3036 5475 presbyter
3065 5412 3122 5460 ut
3149 5418 3326 5472 supra.

2420 5500 2710 5556 Flavianus
2736 5495 3156 5552 archimandrita
3177 5506 3232 5550 ut
3258 5507 3434 5562 supra.

2421 5604 2682 5658 Monimus
2709 5603 2966 5655 diaconus
2999 5609 3056 5653 ut
3074 5615 3234 5669 supra

2421 5706 2653 5760 Joannes
2683 5703 2938 5756 diaconus
2960 5709 3016 5756 ut
3043 5715 3203 5770 supra

2423 5801 2654 5855 Joannes
2687 5793 2964 5868 presbyter
2996 5806 3051 5850 ut
3082 5810 3266 5864 supra.

2426 5894 2686 5952 Antonius
2711 5891 2968 5951 diaconus
3003 5902 3058 5948 ιιι
3083 5903 3267 5955 supra.
