4262 6264
347 398 450 457 Ml

410 515 649 570 Thomas
691 514 946 569 diaconus
978 522 1033 569 ut
1070 527 1248 585 supra.

412 603 624 659 Elisens
657 605 934 675 presbyter
953 613 1012 659 ut
1040 596 1221 674 supra.

405 695 628 766 Sergius
654 695 911 753 diaconus
952 705 1008 751 ut
1043 711 1226 769 supra.

402 789 643 847 lsaacius
669 791 952 862 presbyter
981 801 1037 848 ut
1061 806 1242 861 supra.

406 882 633 953 Sergius
668 886 953 956 presbyter
980 895 1039 941 ut
1066 899 1251 954 supra.

405 979 647 1037 Thomas
666 979 926 1036 diaconus
953 991 1006 1036 ut
1026 996 1212 1049 supra.

402 1070 644 1127 Joannes
666 1071 954 1141 presbyter
980 1082 1039 1128 ut
1064 1087 1247 1140 supra.

405 1163 687 1235 Philippus
714 1164 971 1221 diaconus
1003 1174 1059 1220 ut
1084 1179 1243 1232 supra

403 1256 643 1317 Jacobus
670 1256 1035 1329 presbyterut
1062 1271 1245 1327 supra.

350 1412 355 1423 ε
402 1345 674 1403 Zenobius
694 1348 971 1423 presbyter
994 1358 1053 1405 ut
1070 1363 1255 1420 supra.

401 1437 583 1499 Maras
609 1438 866 1496 diaconus
894 1447 951 1495 ut
974 1454 1156 1510 supra.

404 1526 635 1583 lsaacius
665 1529 944 1601 presbyter
969 1539 1023 1585 ut
1049 1518 1232 1600 supra.

404 1620 640 1675 Ananias
664 1621 947 1693 presbyter
967 1630 1024 1676 ut
1046 1636 1228 1692 supra.

350 1780 353 1783 _
401 1710 625 1783 Sergius
653 1712 936 1785 presbyter
964 1722 1022 1768 ut
1047 1729 1230 1794 supra.

400 1800 624 1859 Simcon
655 1805 937 1877 presbyter
956 1814 1015 1860 ut
1034 1819 1219 1874 supra.

346 1962 351 1966 ἡ
403 1895 462 1948 Tt
488 1911 639 1951 .imas
669 1896 945 1967 presbyter
975 1907 1030 1951 ut
1064 1913 1246 1967 supra.

400 1985 639 2045 Joannes
664 1989 945 2059 presbyter
971 2000 1028 2044 ut
1058 2004 1243 2059 supra.

402 2080 625 2133 S‘HICOD
651 2079 931 2152 presbyter
953 2088 1009 2134 ut
1031 2094 1213 2151 supra.

399 2165 642 2222 Thomas
665 2169 942 2243 presbyter
963 2179 1018 2227 ut
1042 2186 1225 2238 supra.

397 2260 637 2319 Joannes
660 2263 939 2336 presbyter
971 2274 1025 2321 ut
1052 2280 1234 2337 supra.

393 2353 616 2409 Simeon
644 2356 930 2427 presbyter
960 2366 1017 2411 ut
1046 2371 1231 2426 supra.

393 2445 561 2500 David
595 2446 719 2503 thos
739 2447 996 2505 diaconus
1026 2458 1084 2503 ut
1112 2464 1292 2519 supra.

390 2535 629 2590 Thomas
650 2536 907 2593 diaconus
936 2548 993 2594 ut
1015 2554 1199 2609 supra.

387 2626 632 2684 Joannes
673 2628 935 2686 diaconus
965 2642 1022 2686 ut
1048 2646 1234 2699 supra.

390 2719 659 2776 Lamneus
686 2724 968 2794 presbyter
992 2734 1049 2781 ut
1077 2740 1259 2796 supra.

390 2811 578 2877 Daniel
609 2815 1025 2874 archimandrita
1059 2830 1114 2874 ut
1150 2836 1332 2890 supra.

338 2888 347 2898 ’
389 2903 614 2962 Simeon
645 2908 1063 2967 archimandrita
1086 2922 1144 2966 ut
1172 2927 1353 2983 supra.

336 3070 341 3073 _
392 2999 676 3056 Abramius
714 3003 993 3075 presbyter
1023 3013 1081 3059 ut
1110 3020 1291 3073 supra.

389 3089 555 3145 David
601 3094 879 3167 presbyter
898 3106 953 3150 ut
968 3111 1149 3167 supra.

392 3181 694 3238 ltorotheus
723 3185 1003 3255 presbyter
1037 3194 1093 3240 ut
1120 3200 1300 3256 supra.

332 3350 344 3357 θ
392 3275 695 3357 Antoninus
724 3278 1004 3349 presbyter
1036 3287 1091 3332 ut
1120 3294 1297 3348 supra.

392 3364 631 3421 Thomas
653 3368 931 3442 presbyter
954 3377 1010 3423 ut
1030 3385 1209 3439 supra.

387 3456 683 3515 Darsnmas
739 3459 924 3530 (Forte
953 3459 1249 3518 Barsumas.
1304 3460 1498 3533 Hann.)
1541 3463 1818 3535 presbyter
1850 3471 1905 3521 ιιι

343 3563 503 3617 upra.

385 3641 607 3711 Sergius
639 3648 919 3716 presbyter
948 3655 1006 3701 ut
1047 3662 1224 3718 supra.

388 3732 651 3789 Eusebius
679 3738 960 3810 presbyter
989 3748 1045 3792 ut
1071 3753 1251 3808 supra.

386 3823 696 3882 Simeonius
728 3830 1010 3901 presbyter
1037 3840 1095 3885 ut
1116 3846 1296 3900 supra.

390 3915 674 3973 Marcellus
707 3920 983 3992 presbyter
1015 3928 1070 3976 ut
1090 3936 1271 3991 supra.

392 4006 611 4063 Priscus
644 4010 920 4081 pre~byter
949 4022 1005 4067 ut
1044 4023 1226 4083 supra.

389 4098 565 4154 Maras
589 4101 867 4173 presbyter
894 4112 952 4158 ut
975 4120 1155 4172 supra.

388 4190 608 4263 Sergius
634 4198 916 4267 presbyter
947 4207 1002 4252 ut
1027 4213 1210 4268 supra.

387 4281 621 4340 Jacobus
654 4288 933 4359 presbyter
965 4300 1019 4342 ut
1042 4304 1226 4358 supra.

391 4373 624 4430 Thomas
649 4380 930 4450 presbyter
960 4389 1015 4433 ut
1048 4395 1229 4451 supra.

390 4463 520 4520 Item
548 4466 787 4523 Thomas
814 4472 1093 4543 presbyter
1120 4481 1176 4525 ut
1219 4486 1402 4543 supra.

388 4555 627 4614 Thomas
653 4562 930 4633 presbyter
961 4573 1019 4617 ut
1045 4578 1226 4631 supra.

389 4646 608 4706 Salinus
649 4654 930 4725 presbyter
959 4664 1014 4706 nt
1050 4670 1231 4724 supra.

386 4738 625 4795 Thomas
652 4744 932 4815 presbyter
960 4755 1015 4799 ut
1052 4760 1231 4814 supra.

391 4830 624 4888 Joannes
656 4836 933 4906 presbyter
960 4850 1016 4891 ut
1046 4855 1225 4908 supra.

312 4918 335 4925 ”
390 4922 714 4981 Varasaldas
742 4930 1021 5001 presbyter
1050 4938 1106 4984 ut
1142 4946 1323 5002 supra.

389 5014 623 5073 Joannes
643 5019 901 5076 diaconus
926 5031 981 5075 ut
1011 5039 1191 5093 supra.

388 5107 674 5167 Marcellus
704 5113 961 5169 diaconus
985 5123 1041 5169 ut
1067 5130 1248 5184 supra.

389 5198 697 5257 Simeonius
728 5204 1008 5277 presbyter
1033 5216 1090 5262 ut
1114 5224 1279 5280 supra

389 5289 703 5349 Gennadius
732 5298 1012 5370 presbyter
1042 5309 1098 5354 ut
1118 5314 1301 5370 supra.

385 5382 627 5441 Thomas
668 5390 947 5463 presbyter
977 5403 1033 5445 ut
1060 5408 1243 5463 supra.

385 5473 691 5550 Simeonius
716 5483 996 5553 presbyter
1021 5494 1075 5538 ut
1105 5500 1289 5554 supra.

388 5565 673 5625 Abramius
701 5574 981 5645 presbyter
1010 5588 1061 5630 ut
1091 5593 1274 5646 supra.

322 5660 325 5661 ⁷
384 5657 696 5721 Simeonius
728 5668 1009 5738 presbyter
1036 5680 1090 5724 ut
1116 5685 1299 5742 supra.

380 5746 619 5812 Jacobus
658 5760 935 5832 presbyter
963 5768 1024 5816 ut
1041 5777 1223 5833 supra,

382 5846 617 5905 Joannes
648 5854 930 5924 presbyter
956 5864 1225 5930 usupra.

1509 394 1856 481 srtsrom
1898 392 1982 450 ετ
2023 394 2362 455 oscus“.
3505 397 3610 451 ι-ιι

1953 513 2007 575 Α
2103 511 2337 573 Isidorus
2367 512 2806 569 archimandrita.

2030 662 2033 665 ,
2097 601 2345 663 Julianus
2373 604 2653 676 presbyter
2681 616 2737 660 ut
2759 620 2947 673 supra.

2093 694 2327 752 Joannes
2351 709 2402 753 et
2423 697 2750 756 Romanuset
2783 698 3021 754 Thomas
3042 698 3333 771 presbyteri
3356 708 3413 757 ut
3431 714 3607 773 supra.

2100 790 2399 845 Antoninus
2424 789 2685 846 diaconus
2716 801 2773 845 ut
2810 805 2991 862 supra.

2097 883 2368 940 Abraham
2408 886 2709 956 presbyter,
2740 885 2913 943 Maras
2954 886 3210 943 diaconus
3241 895 3294 942 et
3337 887 3611 948 Abraham

2030 975 2308 1048 presbyter
2338 985 2396 1033 ut
2422 992 2603 1047 supra.
3390 1056 3397 1059 ν

2098 1069 2367 1125 Zenobius
2387 1080 2440 1127 et
2465 1070 2770 1141 Stephanus
2798 1073 3097 1145 presbyteri
3128 1080 3186 1128 ut
3210 1087 3394 1141 supra.

2062 1159 2398 1217 ’Simeonius
2423 1174 2477 1217 et
2509 1164 2804 1217 Demetrius
2829 1165 3126 1236 presbyteri
3164 1174 3219 1218 ut
3249 1179 3427 1235 supra.

2099 1250 2334 1307 Thomas
2359 1264 2410 1307 et
2431 1253 2666 1308 Domnus
2695 1255 2992 1325 presbyteri
3029 1266 3085 1308 ut
3105 1270 3289 1323 snpra.

2100 1345 2403 1401 Simeonius
2429 1357 2484 1403 et
2512 1350 2652 1404 Elias
2682 1351 2982 1421 presbyteri
3012 1360 3068 1405 ut
3103 1366 3285 1420 supra.

2100 1436 2383 1492 Abramius
2411 1448 2464 1493 et
2498 1440 2814 1510 Pelagiauus
2844 1441 3141 1515 presbyteri
3177 1451 3234 1495 ut
3260 1457 3439 1512 supra.

2098 1527 2373 1586 Romanus
2403 1540 2457 1586 et
2481 1531 2680 1585 Abram
2713 1532 3010 1601 presbyteri
3037 1543 3088 1585 ut
3119 1546 3301 1601 supra.

2096 1620 2401 1677 Simeonius
2433 1623 2711 1698 presbyter
2738 1634 2790 1679 et
2814 1624 3037 1679 Carul'as
3066 1626 3324 1680 diaconus
3349 1633 3405 1680 ut
3423 1639 3604 1696 supra.

2093 1710 2397 1768 Simeonius
2422 1722 2475 1768 et
2497 1713 2731 1769 Joannes
2762 1714 3057 1787 presbyteri
3091 1726 3148 1770 ut
3168 1733 3352 1784 supra.
3605 1714 3615 1729 ’

2094 1802 2396 1858 Simeonius
2427 1812 2480 1857 et
2505 1804 2750 1860 Julianus
2780 1806 3077 1878 presbyteri
3107 1817 3164 1861 ut
3187 1824 3369 1877 sopra.

2093 1894 2455 1967 Eutychianus
2482 1905 2536 1951 et
2564 1895 2799 1975 Joannes
2822 1896 3078 1952 diaconus
3101 1906 3161 1952 ut
3184 1913 3364 1968 supra.

2090 1988 2325 2044 Thomas
2353 1998 2408 2043 et
2430 1990 2562 2043 item
2601 1988 2836 2045 Thomas
2863 1990 3159 2063 presbyteri
3190 2002 3247 2044 ιιι
3281 2005 3458 2059 supra.

2091 2081 2360 2136 liomauus
2390 2080 2650 2135 diaconus
2679 2091 2732 2136 et
2760 2082 2995 2138 Joannes
3025 2083 3307 2153 presbyter
3340 2090 3399 2137 ut
3421 2094 3601 2152 supra.

2090 2171 2350 2227 EuSebius
2380 2171 2794 2227 archimandrita
2826 2184 2878 2226 et
2903 2160 3180 2227 Eustasius
3205 2171 3507 2243 presbyteri
3547 2179 3601 2225 ut

2017 2277 2197 2329 supra.

2086 2351 2317 2409 Jacouus
2345 2365 2399 2409 et.
2432 2354 2692 2409 Eusebius
2726 2354 3022 2427 presbyteri
3054 2366 3109 2410 ut
3138 2370 3316 2425 supra.

2088 2444 2304 2513 Sergius
2330 2457 2385 2502 et
2416 2445 2591 2500 Maras
2614 2447 2912 2517 presbyteri
2947 2460 2999 2501 ut
3029 2462 3213 2517 supra.

2097 2536 2320 2592 Ioannes
2340 2547 2392 2592 et
2423 2538 2671 2593 Julianus
2703 2539 3001 2612 presbyteri
3032 2549 3088 2595 ut
3117 2556 3295 2610 supra.

2089 2630 2286 2687 Paulus
2316 2640 2371 2684 et
2392 2630 2589 2685 lsacius
2615 2632 2915 2702 presbyteri
2949 2643 2999 2686 ut
3029 2646 3210 2700 supra.

2087 2722 2320 2778 Thomas
2348 2732 2401 2779 et
2433 2723 2695 2777 Dasianus
2724 2724 3024 2793 presbyteri
3049 2735 3104 2778 ut
3132 2740 3309 2794 supra.

2084 2812 2320 2869 Joannes
2348 2822 2402 2868 et
2432 2812 2622 2869 Daniel
2656 2816 2952 2884 presbyteri
2983 2826 3037 2869 ut
3068 2830 3248 2884 supra.

2085 2906 2314 2963 Jevenas
2356 2908 2629 2978 presbyter
2678 2916 2732 2960 et
2782 2908 2976 2962 Azizos
3021 2908 3275 2962 diaconus
3327 2918 3379 2963 et
3426 2909 3596 2964 archi~

2018 2998 2286 3053 mandrita
2319 3008 2374 3051 ut
2401 3012 2582 3067 supra.

2084 3091 2345 3143 Antonius
2389 3090 2649 3144 diacmius
2701 3099 2754 3145 et
2801 3090 3217 3145 archimandrita
3268 3101 3321 3145 et
3371 3088 3599 3163 Cyrillus

1990 3169 2297 3249 presbyter
2324 3188 2383 3233 ut
2422 3195 2604 3246 supra.

1934 3249 1983 3314 ο
2085 3269 2187 3325 Job
2218 3270 2496 3341 presbyter
2520 3281 2575 3325 et
2605 3272 2908 3341 Stephanus
2935 3271 3192 3329 diaconus
3217 3283 3270 3327 et
3300 3273 3597 3327 archiman-

2006 3362 2150 3417 drita
2187 3373 2244 3416 ut
2274 3359 2458 3432 supra.

2079 3455 2275 3509 Bassus
2301 3456 2557 3510 diaconus
2588 3463 2643 3510 et
2672 3455 2897 3510 Basilius
2927 3466 3206 3528 presoyter
3238 3467 3291 3511 ut
3323 3473 3504 3527 supra.

2078 3548 2385 3604 Simeonius
2412 3559 2465 3604 et
2485 3548 2721 3604 Joannes
2750 3552 3049 3623 presbyteri
3076 3561 3132 3605 ut
3158 3566 3343 3622 supra.

2075 3639 2306 3694 Jacobus
2352 3640 2633 3712 presbyter
2666 3653 2719 3696 et
2763 3641 3004 3697 Julianus
3051 3642 3309 3699 diaconus
3348 3652 3400 3699 et
3428 3643 3596 3699 archi-

2005 3734 2271 3788 mandrita
2300 3743 2357 3789 ut
2386 3749 2570 3804 supra.

2075 3826 2379 3881 Simeonius
2412 3836 2466 3880 et
2505 3826 2747 3896 Alpheus
2779 3828 3076 3898 presbyteri
3111 3836 3167 3882 ut
3193 3843 3376 3897 supra.

2075 3914 2313 3971 Joannes
2335 3917 2621 3988 presbyter
2647 3924 2701 3971 et
2733 3918 2922 3973 Petrus
2952 3919 3214 3974 diaconus
3245 3929 3301 3973 ut
3323 3933 3504 3988 supra.

2081 4007 2266 4064 Daniel
2294 4007 2555 4064 diaconus
2585 4018 2635 4062 et
2666 4009 2849 4064 Eunus
2892 4009 3149 4065 diaconus
3179 4009 3595 4065 archimandrita

2008 4107 2065 4154 ut
2089 4114 2272 4170 supra.

2078 4191 2388 4247 Alexander
2413 4201 2465 4247 et
2490 4191 2888 4268 Epiphanius‘pi
2905 4192 3139 4264 esbyteri
3168 4203 3225 4248 ut
3248 4210 3430 4265 supra.

2081 4285 2262 4340 Zoilus
2290 4295 2344 4339 et
2365 4287 2651 4340 Abramins
2681 4287 2981 4357 presbyteri
3010 4298 3066 4342 ut
3091 4306 3273 4358 supra.

2078 4376 2323 4431 Julianus
2356 4377 2635 4446 presbyter
2679 4388 2732 4431 et
2773 4376 3009 4433 Joannes
3054 4380 3310 4436 diaconus
3338 4394 3392 4436 et
3420 4383 3594 4437 archi-

2009 4467 2271 4521 mandrita
2296 4474 2354 4521 ut
2382 4483 2563 4537 supra.

2082 4560 2303 4615 Carufas
2333 4570 2387 4615 et
2414 4560 2720 4617 Simeonius
2751 4563 3049 4633 presbyteri
3079 4577 3133 4618 ut
3162 4579 3344 4634 supra.
3402 4616 3405 4617 ν

2086 4652 2397 4707 Timotheus
2421 4653 2680 4709 diaconus
2701 4664 2753 4710 et
2787 4654 2976 4710 Petrus
3006 4656 3304 4727 presbyteri
3334 4667 3388 4711 ut
3410 4671 3587 4727 supra.

2084 4744 2426 4800 Macedonius
2472 4747 2751 4816 presbyter
2778 4756 2831 4802 et
2860 4748 3274 4803 archimandrita
3308 4761 3363 4805 ut
3408 4764 3590 4821 supra.

2085 4836 2371 4908 Dionysius
2398 4837 2814 4893 archimandrita
2844 4850 2899 4894 ιιι
2929 4855 3113 4910 supra.

2081 4928 2317 4984 Joannes
2339 4928 2758 4984 archimandrita
2790 4940 2846 4985 ut
2874 4945 3054 5001 supra.

2084 5018 2389 5075 Simeonius
2418 5021 2693 5094 presbyter
2719 5030 2776 5077 et
2800 5023 3220 5081 archimandrita
3249 5036 3305 5082 ut
3336 5041 3520 5099 supra.

2083 5113 2263 5170 Menas
2314 5114 2571 5173 diaconus
2619 5127 2672 5172 et
2695 5116 3112 5175 archimandrita
3157 5129 3213 5177 et
3261 5120 3595 5181 Dar‘absabas

2012 5209 2293 5281 presbyter
2319 5220 2375 5265 ut
2396 5225 2579 5281 supra.

2085 5301 2309 5372 Sergius
2346 5302 2628 5374 presbyter
2665 5312 2720 5359 et
2744 5302 3064 5361 Theodorus
3094 5306 3506 5363 archimandrita
3539 5320 3572 5359 ιι

2014 5404 2199 5461 supra.

2084 5483 2360 5553 Benjamin
2410 5484 2828 5541 archimandrita
2876 5498 2933 5545 et
2979 5489 3179 5544 lsacius
3210 5488 3505 5558 presbyteri
3538 5493 3595 5538 ut

2008 5588 2190 5645 supra.

2080 5669 2261 5725 Daniel
2295 5671 2574 5746 presbyter
2599 5685 2651 5729 et
2682 5674 3096 5730 archimandrita
3125 5683 3178 5728 et
3205 5674 3473 5729 Abraham
3504 5692 3593 5731 ar-

2003 5764 2363 5822 chimandrita
2396 5778 2451 5823 ut
2473 5782 2650 5833 supra.

2077 5857 2384 5919 Simeonius
2410 5861 2825 5917 archimandrita
2856 5870 2914 5919 ut
2950 5875 3128 5940 supra.
