4248 6260
598 409 703 468 415

1901 408 2270 467 ιιοΒΜιεοΑζ
2306 406 2508 464 DARE

3789 404 3913 457 416⁷

1977 530 2306 588 EPISTOLA
2350 527 2539 583 XXIII.

1885 626 1967 678 an
1996 634 2452 678 Αιιοιιιιιλιιυιιιτλε
2478 628 2669 674 SYRIB.

1417 716 1547 775 Illos
1571 719 1769 773 solatur
1793 717 2126 786 hortaturque
2153 725 2213 770 ut
2237 715 2292 769 in
2315 714 2419 785 ﬁde
2442 711 2698 767 catholica
2729 718 3066 780 perseverent.

674 815 956 895 Ὀρμίσδας
979 817 1287 881 ἐπίσκοπος,
1310 817 1683 893 πρεσϐυτέροις
1703 862 1716 884 ,
1745 820 1829 872 καί
1856 814 2200 892 ἀρχιμανδρί-
2225 865 2231 877 ,

2381 809 2695 867 Hormisdas
2721 814 2739 833 ⁶
2768 809 3052 881 episcopus
3076 807 3425 881 presbyteris,
3456 808 3695 866 diaconis
3721 817 3778 866 et
3803 825 3899 867 ar-

607 908 723 973 ταις
747 919 859 973 τοῖς
891 912 937 964 ἐν
966 909 1179 985 δευτέρᾳ
1213 913 1366 987 Συρίᾳ
1394 907 1539 977 οὖσι,
1577 913 1665 966 καί
1692 911 1882 971 λοιποῖς
1922 909 2203 987 ὁρθοδόξοις

607 1003 653 1057 ἐν
683 1005 727 1057 oi
737 1002 967 1074 ῳδήποτι
991 1004 1267 1059 ἀνατολικῶ
1295 1004 1501 1076 κλίματι
1530 1002 1767 1078 διάγουσι
1784 1046 1799 1071 ,
1830 1008 1914 1059 καί
1942 1004 1991 1057 ἐν
2019 1012 2079 1077 τῇ
2109 1011 2203 1065 τῆς

608 1090 962 1155 ’Λποστολικῆς
987 1093 1237 1171 καθέδρας
1264 1096 1498 1171 κοινωνίᾳ
1525 1093 1865 1169 διαμένουσιν.

676 1210 1123 1284 Ἀναγνωσθέντων
1151 1212 1468 1285 γραμμάτων
1486 1212 1847 1285 τῆςξύμετέρας
1874 1211 2103 1283 ἀγάπης,
2134 1207 2200 1265 δι’

609 1298 674 1354 ὧν
702 1309 799 1355 τῶν
829 1303 1028 1377 ἐχθρῶν
1054 1308 1145 1357 τοῦ
1176 1308 1306 1358 Θεοῦ
1336 1301 1595 1378 ἀφροσύνη
1641 1302 1921 1377 ἐφανερώθη
1940 1343 1953 1366 ,
1985 1304 2072 1355 καί
2099 1308 2199 1357 τῶν

612 1397 843 1450 ἀπίστων
873 1399 902 1455 ἡ
926 1399 1162 1470 ἐπίμονος
1192 1398 1346 1467 μανία
1374 1397 1613 1473 λυπηρῶς
1632 1395 1752 1455 δήλη
1772 1398 1987 1469 γέγονεν,
2023 1397 2202 1455 οἵτινες

608 1488 783 1548 ἐπειδὴ
812 1499 883 1559 τῷ
920 1497 1083 1550 κακῶς
1113 1494 1262 1554 ζῶντι
1287 1491 1542 1560 πνεύματι
1577 1490 1829 1559 ἐμίσησαν
1862 1489 1949 1542 τὸν
1980 1487 2164 1562 Κύριον
2184 1528 2200 1551 ,

609 1584 675 1635 τά
711 1582 833 1652 μέλη
859 1582 1043 1635 ἐκείνου
1076 1581 1273 1640 ἀσεϐῶς
1292 1578 1592 1645 διώκουσιν,
1623 1577 1744 1634 ὅσον
1775 1579 1874 1633 ἀπὸ
1899 1586 1991 1638 τῆς
2018 1579 2172 1647 ύμετέ
2192 1608 2202 1617 ·

609 1693 701 1747 ρας
730 1671 1058 1745 βεϐαιότητός
1095 1674 1206 1727 ἐστι
1242 1680 1461 1745 γνῶναι,
1494 1671 1744 1741 ηύλόγησα
1780 1672 1862 1727 τόν
1894 1670 2086 1744 κύριον,
2118 1670 2203 1724 τὸν

609 1768 698 1823 τήν
727 1766 903 1819 πίστιν
930 1771 1029 1818 τῶν
1057 1763 1242 1819 ἐαυτοῦ
1270 1770 1601 1837 στρατιωτῶν
1630 1763 1814 1833 μεταξύ
1846 1768 1943 1816 τῶν
1974 1762 2204 1817 ἐναντίων

608 1856 943 1927 φυλάττοντα.
978 1858 1061 1909 Καί
1084 1856 1231 1910 πάλιν
1256 1861 1356 1909 τῶν
1385 1854 1662 1915 ἐκκλησιῶν
1683 1854 1767 1909 τόν
1800 1854 1973 1921 σάλον,
2004 1856 2087 1907 καί
2106 1860 2204 1910 τῶν

611 1945 803 2001 δούλων
830 1953 922 2001 τοῦ
949 1954 1077 2002 Θεοῦ
1106 1950 1199 2010 τάς
1224 1948 1528 2019 ἐπαχθείας,
1563 1950 1649 2001 καί
1677 1948 1799 2007 τοὺς
1828 1944 2016 2006 κόπους
2047 1968 2205 2001 κατα-

611 2044 790 2099 νοήσας
807 2041 1059 2104 στενάζων
1076 2043 1210 2096 κατά
1227 2042 1311 2096 τὸν
1330 2044 1610 2115 προφήτην.
1630 2040 1895 2115 ἐκέκραξα’
1922 2057 1939 2089 ι
1964 2037 2206 2106 ’Δνάστα,

613 2133 790 2208 κύριε,
822 2132 1024 2189 δίκασον
1052 2140 1141 2193 τήν
1178 2131 1318 2193 δίκην
1348 2156 1465 2199 σου,
1500 2134 1749 2205 μνήσθητι
1774 2140 1874 2188 τῶν
1916 2129 2213 2203 ὀνειδισμῶν

611 2246 728 2291 σου,
759 2234 860 2280 τῶν
889 2228 990 2282 ύπό
1021 2223 1235 2305 ἄφρονος
1270 2226 1384 2285 ὅλην
1418 2232 1507 2285 τήν
1536 2228 1739 2302 ἡμέραν.
1769 2244 1787 2276 ι
1820 2223 1999 2286 Ἧδέως
2037 2228 2116 2279 καί
2145 2226 2211 2281 τά

611 2318 722 2383 ἐξῆς
743 2318 928 2390 ὁμοίως
958 2322 1148 2393 ἐπάγω,
1188 2338 1207 2371 t
1231 2325 1307 2379 Μή
1339 2320 1545 2392 ἐπιλάθῃ
1574 2326 1665 2379 τῆς
1687 2326 1848 2389 ᾳωνῆς
1872 2323 1972 2373 τῶν
2003 2318 2213 2381 ζητούν-

611 2434 710 2469 των
730 2433 808 2477 σε,
833 2416 863 2472 ἡ
887 2414 1228 2487 ύπερηφάνεια
1248 2421 1349 2468 τῶν
1371 2412 1658 2483 μισούντων
1679 2431 1736 2465 σε
1759 2410 1910 2467 ἀνέϐη
1933 2407 2212 2469 διαπαντός

612 2507 741 2582 πρὸς
781 2506 857 2560 σέ.
897 2522 915 2555 ι
954 2507 1043 2559 καί
1086 2507 1184 2583 γάρ
1230 2506 1407 2579 ὥσπερ
1453 2508 1562 2580 χρὴ
1607 2504 1742 2575 ἡμᾶς
1783 2503 1840 2557 τό
1882 2500 2083 2578 ἑδραῖον
2121 2509 2212 2561 τῆς

612 2598 840 2658 πίστεως
869 2596 1130 2668 φυλάττειν
1149 2638 1163 2659 ,
1196 2594 1356 2656 οὕτως
1384 2598 1483 2667 οὐχ
1512 2591 1724 2672 ἁρμόζει
1761 2596 1881 2669 περὶ
1907 2603 1998 2654 τῆς
2028 2591 2211 2648 δικαιοο

613 2690 773 2751 σύνης
791 2697 883 2751 τῆς
904 2691 1039 2750 θείας
1059 2691 1274 2766 κρίσεως
1295 2692 1551 2746 ἀπιστεῖν.
1576 2688 1676 2742 Ούκ
1696 2684 1810 2742 ἐστι
1830 2688 1960 2750 νέος,
1984 2682 2206 2759 ἀδελφοί.

614 2789 704 2840 τῆς
727 2781 987 2843 ἐκκλησίας
1016 2778 1167 2843 οὗτος
1188 2781 1213 2836 ό
1236 2782 1389 2842 κόπος
1405 2797 1419 2812 ⁶
1450 2778 1586 2853 ὅμως
1614 2782 1662 2835 ἐν
1687 2780 1824 2853 αύτῷ
1849 2786 1922 2849 τῷ
1942 2784 2210 2833 ταπεινοῦ⁸

614 2873 763 2936 σθαι,
797 2872 1041 2942 ὑψοῦται.
1075 2876 1163 2927 καί
1182 2870 1245 2929 δι’
1274 2874 1492 2937 ἐκείνων,
1525 2870 1591 2926 δι’
1621 2868 1688 2925 ὧν
1718 2873 2013 2941 πτωχεύειν
2045 2867 2208 2936 δοκεῖ,

613 2966 955 3030 πλουτίζεται.
986 2976 1061 3020 Ἐν
1092 2968 1245 3043 πείρᾳ
1267 2967 1378 3021 ἐστί
1407 2972 1514 3026 τοῖς
1544 2972 1752 3025 πιστοῖς
1780 2970 1870 3020 τοῦ
1898 2970 2027 3019 Θεοῦ
2050 2965 2107 3018 τὸ
2131 2961 2214 3018 διά

615 3066 704 3114 τοῦ
730 3060 945 3115 θανάτου
972 3067 1071 3115 τῶν
1103 3058 1356 3129 σωμάτων
1384 3064 1475 3116 τήν
1512 3062 1640 3121 ζωήν
1673 3054 1946 3130 κερδαίνειν
1975 3062 2075 3110 τῶν
2107 3053 2210 3125 ψυ-

614 3158 759 3222 χῶν⁰
791 3151 1166 3207 άποϐάλλονται
1192 3152 1283 3223 μέν
1312 3151 1377 3206 τά
1404 3150 1600 3227 ῥέοντα,
1629 3148 1733 3203 ἀλλ’
1754 3148 2123 3226 ἐμπορεύονται
2144 3146 2212 3200 τά

2305 903 2681 961 cbimandritis
2720 896 2973 959 secundas
3001 902 3195 976 Syriae,
3224 912 3280 958 et
3318 902 3538 974 reliquis
3577 903 3937 960 ortbodoxis‘

2304 998 2358 1053 in
2405 1010 2727 1067 quocunque
2773 994 3033 1051 Orientali
3087 993 3304 1050 climate
3351 993 3706 1064 degentibus,
3746 1005 3804 1052 et
3843 997 3899 1051 in

2305 1094 2611 1164 apostolica:
2636 1093 2782 1150 sedis
2807 1093 3190 1150 communione
3217 1090 3679 1164 permanantibus.

2376 1212 2394 1243 ⁸
2424 1211 2600 1268 Lectis
2639 1209 2832 1267 litteris
2870 1209 3174 1265 dilectionis
3220 1217 3438 1275 vestrm,
3468 1207 3667 1279 quibus
3714 1206 3902 1262 inimi-

2303 1319 2488 1360 corum
2520 1305 2611 1359 Dei
2644 1302 2908 1374 patefacta
2954 1304 3173 1358 vesania
3211 1312 3324 1371 est,
3352 1310 3406 1357 et
3443 1299 3741 1356 infidelium
3769 1314 3905 1370 per-

2305 1395 2453 1451 tinax
2500 1394 2649 1450 furor
2690 1394 2937 1450 dolenter
2983 1394 3293 1464 expositus,
3344 1393 3434 1464 qui
3481 1392 3607 1447 dum
3656 1390 3905 1449 redivivo

2304 1487 2496 1556 spiritu
2525 1486 2756 1542 oderunt
2785 1484 3100 1551 Dominum,
3132 1484 3373 1539 membra
3412 1483 3558 1538 illius
3586 1483 3751 1554 impie
3773 1495 3898 1553 per-

2306 1586 2623 1648 sequuntur,
2652 1586 2912 1649 quantum
2959 1576 3025 1632 ad
3056 1575 3373 1632 constantiae
3423 1585 3623 1631 vestra:
3661 1574 3898 1646 agnitio-

2308 1686 2430 1726 nem
2473 1670 2722 1726 benedixi
2762 1670 2963 1739 Deum,
3008 1668 3166 1723 ﬁdem
3209 1668 3441 1724 militum
3483 1682 3707 1723 suorum
3758 1668 3903 1724 inter

2312 1761 2540 1817 adversa
2588 1769 2919 1817 servantem.
2957 1760 3065 1818 Sed
3104 1776 3320 1817 rursum
3365 1760 3731 1817 Ecclesiarum
3770 1770 3904 1818 cons

2239 1884 2284 1943 Β
2311 1855 2617 1909 cussionem
2658 1863 2713 1909 et
2758 1868 3035 1909 servorum
3084 1854 3177 1909 Dei
3225 1853 3531 1919 molestias,
3581 1852 3905 1926 laboresque

2312 1944 2683 2011 considerans,
2716 1946 2975 2017 propheta
3004 1945 3237 2016 gemitus
3264 1959 3415 2001 meos
3464 1943 3751 2016 adiuvante
3793 1949 3905 2002 cla-

2311 2037 2492 2093 mavi:
2526 2036 2785 2109 Exsurge,
2819 2036 3061 2103 Domine,
3085 2038 3277 2110 judicd
3317 2052 3531 2092 causam
3574 2046 3713 2093 tuam
3736 2055 3757 2093 .·
3788 2054 3904 2094 me-

2311 2145 2425 2184 mor
2452 2140 2556 2185 esto
2586 2131 3019 2200 improperiorum
3060 2138 3265 2184 tuorum
3283 2171 3299 2198 ,
3327 2146 3506 2185 eorum
3534 2146 3646 2202 qua:
3677 2131 3741 2185 ab
3771 2132 3907 2186 insi-

2311 2224 2481 2293 piente
2508 2232 2629 2278 sunt
2654 2232 2759 2278 tota
2788 2223 2872 2277 die
2902 2221 3075 2295 (Psal.
3106 2222 3273 2294 Lxxu)
3301 2241 3313 2276 :
3348 2223 3577 2281 libenter
3600 2237 3662 2279 ea
3692 2237 3907 2295 quoque

2314 2325 2435 2387 qua:
2488 2326 2787 2386 sequuntur
2838 2315 3132 2387 adjungens
3173 2332 3187 2369 :
3240 2312 3324 2369 Ne
3371 2312 3686 2368 obliviscaris
3732 2328 3907 2368 uocem

2309 2412 2646 2483 quwreutium
2674 2420 2751 2466 te:
2778 2410 3016 2483 superbia
3040 2424 3237 2476 eorum,
3260 2408 3349 2481 qui
3377 2417 3425 2462 te
3452 2408 3692 2477 oderunt,
3724 2422 3907 2462 ascen-

2313 2504 2389 2557 dit
2414 2519 2617 2570 semper
2644 2504 2713 2557 ad
2744 2511 2811 2558 te.
2841 2501 2973 2557 Nam
3015 2502 3154 2557 sicut
3179 2509 3391 2572 oportet
3420 2514 3520 2556 nos
3550 2499 3907 2555 stabilitatem

2314 2595 2437 2650 ﬁdei
2486 2595 2787 2661 custodire,
2828 2595 2900 2650 ita
2938 2608 3046 2650 non
3088 2590 3344 2649 convenit
3387 2591 3456 2649 de
3496 2590 3665 2646 divini
3710 2589 3904 2660 iudicii

2314 2689 2567 2758 aequitate
2597 2686 2862 2743 difﬁdere.
2892 2685 3008 2741 Non
3039 2699 3208 2741 novus
3240 2684 3358 2751 hic,
3390 2682 3606 2749 fratres,
3640 2681 3909 2739 Ecclesia

2316 2779 2492 2845 labor,
2517 2788 2571 2834 et
2603 2789 2781 2835 tamen
2808 2778 2935 2833 dum
2966 2777 3300 2844 humiliatur,
3330 2775 3579 2847 erigitur,
3619 2790 3683 2832 ac
3720 2790 3816 2845 per
3841 2789 3907 2831 ea

2316 2870 2510 2949 quibus
2552 2871 2710 2925 atteri
2740 2869 2997 2939 creditur,
3040 2869 3233 2925 damna
3265 2868 3521 2924 vitantur.
3572 2867 3655 2922 Ex
3686 2882 3785 2921 usu
3824 2874 3907 2923 est

2318 2962 2565 3019 ﬁdelibus
2597 2963 2721 3030 Dei,
2758 2973 2814 3018 ut
2846 2979 2940 3033 per
2971 2971 3171 3019 mortes
3207 2976 3496 3033 corporum
3527 2959 3667 3015 vitas
3695 2959 3906 3015 lucren-

2322 3070 2405 3113 tur
2448 3058 2787 3113 animarum:
2816 3059 3067 3114 amittunt
3094 3040 3317 3128 quidem
3362 3053 3598 3122 caduca,
3637 3052 3732 3109 sed
3763 3067 3906 3108 mer-

2317 3164 2507 3209 cantur
2533 3160 2737 3210 acterna
2755 3194 2770 3220 ,
2799 3160 2854 3210 et
2895 3151 3022 3208 dum
3055 3151 3360 3222 persecutio
3387 3151 3529 3206 viam
3560 3147 3688 3205 facit
3714 3147 3907 3219 proba-

616 3245 810 3308 αἰώνια,
842 3248 924 3299 καί
947 3245 998 3298 ἐν
1018 3252 1092 3318 τῷ
1119 3246 1204 3299 τόν
1236 3242 1455 3316 διωγμόν
1478 3240 1723 3297 ὁδοποιεῖν
1752 3249 1815 3316 τῇ
1839 3238 2039 3315 δοκιμῇ,
2073 3240 2212 3293 αἰτία

2319 3245 2447 3301 tioni
2467 3288 2482 3313 ,
2514 3246 2758 3317 probatio
2787 3259 2953 3323 causa
2980 3244 3038 3300 ﬁt
3066 3244 3282 3302 meriti:
3310 3241 3455 3298 stulti
3486 3250 3540 3299 et
3568 3242 3622 3297 in
3659 3241 3907 3296 caecitate

616 3338 806 3406 γίνεται
831 3344 921 3395 τῆς
951 3337 1097 3398 ἀξίας
1125 3337 1155 3393 ἡ
1184 3333 1359 3405 δοκιμὰ
1379 3350 1391 3363 ’
1426 3336 1632 3393 ἀνόητοι
1674 3336 1756 3389 καί
1787 3334 1834 3386 ἐν
1862 3341 1924 3408 τῇ
1963 3333 2214 3405 τυφλὼσει

617 3428 903 3499 μαινόμενοι
950 3429 1251 3497 ἀγνοοῦσιν,
1298 3426 1378 3482 ὅτι
1425 3426 1515 3487 οὖς
1558 3430 1613 3481 ἐκ
1654 3434 1743 3486 τῆς
1788 3434 1889 3481 τῶν
1937 3426 2215 3501 ἀνθρώπων

616 3520 939 3594 ἀναστροφῆς
969 3521 1211 3593 χωρίζειν
1254 3517 1503 3575 δύνασθαι
1543 3522 1837 3593 νομίζουσι,
1881 3519 2101 3579 τούτους
2145 3521 2216 3581 είς

617 3614 705 3668 την
744 3608 1008 3681 βασιλείαν
1038 3607 1220 3682 ἄγουσι
1249 3617 1341 3666 τοῦ
1370 3617 1528 3666 Θεοῦ·
1572 3612 1792 3667 ἐντεῦθεν
1823 3610 1872 3663 ἐν
1901 3606 2074 3671 αὺτοῖς
2108 3617 2215 3671 τοῖς

617 3699 854 3762 κινδύνοις
886 3703 937 3756 αί
966 3704 1264 3776 εὐφροσύναι
1284 3744 1297 3766 ,
1330 3707 1416 3758 καί
1438 3706 1466 3761 ἡ
1494 3707 1613 3774 περί
1636 3703 1693 3757 τό
1724 3703 1953 3772 πάσχειν
1978 3699 2210 3760 σπουδη’

617 3791 883 3864 ἐκδέχεται
919 3796 1015 3870 γὰρ
1060 3798 1180 3856 τούς
1222 3798 1417 3868 ἀγῶνας
1457 3801 1557 3849 τῶν
1597 3792 1762 3857 ἰδίων,
1794 3793 1820 3849 ό
1856 3801 1956 3849 τῶν
1990 3793 2215 3864 μεγάλων

618 3885 819 3963 δωρεῶν
850 3881 1346 3951 ἀνταποδότης.”1“ίς
1381 3890 1480 3964 γάρ
1520 3890 1605 3941 οὐκ
1636 3882 1695 3942 ἂν
1735 3888 1989 3943 ὀγλάσειιν
2027 3888 2076 3940 ἐν
2107 3894 2216 3947 τοῖς

618 3987 811 4044 κακοῖς,
844 3982 887 4033 εἰ
907 3986 974 4051 μή
1001 3978 1082 4035 διά
1107 3989 1205 4035 τῶν
1226 3981 1453 4035 ἐπάθλων
1484 3982 1871 4055 παραμυθηθείη
1896 3983 1961 4034 τά
1983 3977 2217 4043 ἐναντίας

618 4071 773 4130 ἐκείνη
802 4072 938 4128 ἐστίν
964 4075 994 4131 ἡ
1030 4073 1165 4133 ἐλπὶς
1197 4074 1225 4129 ἡ
1254 4079 1323 4142 μή
1355 4078 1719 4144 συγχωροῦσα
1751 4072 1799 4125 ἐν
1827 4080 1888 4145 τῇ
1918 4071 2217 4146 ἀνελπιστίᾳ

617 4164 749 4233 ἡμᾶς
773 4164 962 4218 ἀτονεῖν
983 4180 991 4190 ⁸
1021 4162 1276 4218 ἀποκλείει
1300 4172 1400 4217 τῶν
1432 4161 1645 4234 θλίψεων
1666 4164 1725 4218 τὸ
1746 4164 1928 4239 πικρὸν
1952 4164 1981 4222 ἡ
2011 4163 2217 4236 γλυκεῖα

618 4265 793 4331 γεῦσις
821 4268 921 4314 τῶν
949 4261 1159 4338 ἀρετῶν.
1190 4262 1276 4321 Τίς
1304 4262 1405 4335 γάρ
1450 4255 1510 4314 ἂν
1540 4261 1726 4319 οἰηθείη
1757 4262 1822 4315 τά
1852 4257 2088 4332 παρόντα
2127 4283 2217 4331 με·

618 4351 742 4422 γάλα
761 4394 775 4418 ,
808 4353 978 4405 ἐννοῶν
1015 4356 1077 4407 τά
1106 4353 1374 4424 μέλλοντα;
1406 4355 1486 4413 τίς
1514 4355 1597 4408 τόν
1630 4354 1841 4408 θάνατον
1874 4355 2178 4431 ἀπαρνεῖται
2197 4393 2215 4421 ,

620 4442 662 4493 εί
689 4448 786 4496 τῶν
815 4442 1087 4511 μελλόντων
1117 4448 1205 4501 τὴν
1247 4442 1501 4498 ἀντίδοσιν
1530 4448 1915 4507 κατανοήσειεν;
1947 4440 2213 4506 Ἐνστητε.

618 4534 873 4605 ἀγαπητοί
897 4556 1018 4603 μον,
1048 4537 1131 4587 καί
1159 4535 1439 4591 ἀσάλευτον
1462 4541 1552 4593 τήν
1576 4537 1750 4589 πίστιν
1775 4536 1968 4607 βεϐαίῳ
1990 4544 2216 4607 λογισμῷ

620 4627 971 4697 φυλάττοντες,
1014 4636 1105 4687 τῆς
1147 4628 1405 4698 ύπομονῆς
1445 4629 1529 4682 τόν
1568 4626 1803 4691 ἔπαινον,
1837 4631 1885 4683 ἐν
2001 4628 2145 4684 ἔστιν
2186 4633 2215 4690 ἡ

619 4721 877 4793 σωτηρία,
910 4722 995 4773 καί
1034 4727 1131 4774 τῶν
1171 4721 1371 4791 ἀγαθῶν
1413 4718 1572 4792 ἔργων
1610 4722 1665 4775 τό
1706 4720 1970 4797 βραϐεῖον,
2004 4730 2216 4798 καρπῶ-

621 4814 803 4869 σασθε.
828 4814 1027 4885 Μεγάλα
1052 4816 1172 4867 εἰσὶν
1198 4816 1265 4875 είς
1294 4813 1324 4867 ἃ
1350 4810 1634 4883 καλούμεθα
1661 4814 1705 4868 οί
1732 4815 1951 4878 ἀνάξιοι.
1986 4819 2061 4872 Μὴ
2086 4814 2219 4889 {3px-

620 4897 820 4956 δυνάτω
859 4906 887 4961 ἡ
919 4905 1181 4970 ἀσθένεια,
1228 4902 1308 4960 ὅτι
1348 4904 1374 4959 ό
1420 4904 1582 4958 καλῶν
1621 4901 1969 4964 ἀνταποδότης
1998 4906 2213 4972 πιστὸς,

623 4994 706 5042 καί
736 4990 949 5052 δυνατὸς
987 4994 1162 5064 βοηθός
1196 4997 1334 5051 ἐστι·
1368 5002 1438 5066 μή
1475 5004 1537 5071 τῇ
1570 5004 1667 5051 τῶν
1705 4998 2024 5068 καταθυμίων
2059 4995 2218 5052 ἐλπίδι

622 5083 984 5151 ἀπατηθώμεν,
1028 5089 1152 5156 μήτε
1198 5096 1295 5143 τῶν
1346 5087 1533 5156 ἡδέων,
1588 5092 1712 5160 μήτε
1758 5097 2109 5164 προκρίνωμεν
2153 5091 2219 5145 τά

624 5174 844 5248 εύχερῆ⁸
882 5176 940 5227 ού
970 5177 1196 5250 τρυφηλά
1225 5181 1343 5249 ἡμῖν
1371 5180 1395 5235 ό
1419 5183 1591 5258 Κύριος
1613 5184 1773 5254 ἡμῶν,
1805 5182 1860 5234 ού
1891 5180 2219 5237 κολακευτικά

622 5266 977 5339 ἐπηγγείλατο⁸
1010 5269 1193 5327 ἐκεῖνος
1225 5267 1414 5327 ἔπαθλα
1447 5275 1746 5344 ὑπέσχετο,
1778 5274 1862 5325 οὐκ
1901 5274 2105 5346 ἀργίας.
2141 5274 2213 5325 Ού

624 5361 988 5431 συμϐαίνουσιν
1022 5356 1231 5421 ἔπαινος
1260 5367 1345 5417 καί
1370 5364 1608 5438 ῥᾳθυμία.
1639 5368 1723 5425 Τίς
1752 5374 1843 5426 τῆς
1866 5365 2218 5437 ἀνταμείψεως

625 5450 805 5509 ἔσεται
832 5454 1012 5524 τόπος,
1038 5458 1080 5510 εί
1102 5452 1310 5528 οὐδεμία
1338 5459 1450 5513 ἐστὶ
1470 5466 1670 5537 φροντὶς
1699 5468 1788 5521 τῆς
1818 5461 1996 5537 ἀρετῆς
2022 5477 2035 5525 ;
2066 5466 2219 5522 στενή

625 5554 655 5606 ἡ
694 5549 860 5615 πύλη,
906 5551 1029 5607 ἀλλά
1066 5550 1261 5606 πλάτεα
1300 5550 1365 5606 τὰ
1395 5552 1652 5623 βασίλεια⁸
1695 5554 1876 5625 ὀλίγοις
1914 5555 1945 5613 ἡ
1984 5551 2218 5621 εἴσοδος,

624 5640 744 5694 ἀλλά
763 5650 870 5703 τοῖς
896 5641 1136 5715 δοκίμοις.
1167 5644 1283 5716 Οὐχ
1311 5638 1453 5697 οὗτοί
1480 5644 1606 5697 είσιν
1628 5644 1671 5697 οἱ
1702 5653 1897 5715 πρῶτοι
1924 5643 2064 5719 λόγοι
2090 5645 2220 5719 πρὸς

628 5732 836 5794 ἐκείνους
863 5737 951 5797 οὖς
982 5736 1198 5804 ἐδίδαξε,
1234 5756 1251 5790 t
1282 5738 1549 5803 Διὼξουσι,
1580 5739 1658 5790 καί
1681 5736 1727 5789 ἐν
1757 5746 1865 5799 ταῖς
1896 5744 2220 5809 συναγωγαῖς

696 5848 712 5921 ξ
746 5848 819 5921 ξι
843 5850 945 5903 alia
976 5851 1263 5910 Latinitate
1290 5852 1484 5921 legitur
1508 5851 1647 5921 apud
1681 5851 2035 5911 liarduinum.

697 5919 716 5941 '
750 5916 827 5974 Ex
867 5923 1034 5975 veteri
1080 5923 1263 5978 codice
1292 5916 1571 5983 vatiam.
1604 5937 1857 5982 exmessa
1889 5922 1945 5979 in
1974 5922 2214 5979 editione

2318 3339 2605 3398 saevientes
2644 3341 2922 3405 nesciunt,
2955 3337 3080 3410 quia
3121 3353 3258 3409 quos
3287 3335 3682 3393 conversationi
3727 3333 3905 3389 homi-

2320 3446 2447 3486 num
2472 3430 2787 3486 subtrahere
2810 3423 2871 3503 se
2898 3444 3055 3501 posse
3075 3429 3306 3485 credunt
3324 3471 3341 3499 ,
3363 3429 3430 3484 ad
3464 3428 3563 3486 Dei
3594 3444 3753 3500 regna
3787 3442 3907 3497 per-

2319 3522 2557 3579 ducunt:
2594 3522 2719 3578 hinc
2759 3525 2812 3577 in
2852 3523 2982 3593 ipsis
3026 3523 3282 3593 periculis
3325 3522 3547 3592 gaudia,
3596 3532 3650 3577 et
3679 3519 3909 3576 ambitus

2319 3614 2630 3685 passionum
2656 3632 2670 3670 :
2702 3624 2980 3686 exspectat
3007 3615 3150 3671 enim
3186 3629 3389 3685 agones
3428 3629 3648 3670 suorum
3675 3612 3765 3689 qui
3796 3628 3909 3669 ma-

2319 3721 2547 3778 gnorum
2605 3706 2898 3763 retributor
2945 3715 3029 3762 est
3087 3722 3393 3762 munerum.
3441 3704 3573 3761 Nam
3621 3705 3744 3777 quis
3802 3719 3910 3761 non

2319 3798 2662 3870 frangeretur
2706 3801 2896 3869 malis,
2943 3799 3045 3855 nisi
3097 3801 3507 3856 consolarentur
3554 3797 3787 3854 adversa
3841 3797 3912 3854 de

2321 3891 2592 3962 praemiis?
2624 3892 2759 3962 Spes
2806 3892 2894 3947 illa
2944 3901 3054 3957 cst,
3085 3909 3203 3963 qua:
3236 3908 3344 3948 non
3376 3892 3503 3947 sinit
3550 3890 3603 3946 in
3652 3890 3911 3961 despera<

2322 3984 2467 4038 tione
2496 3981 2765 4039 deﬁcere:
2797 3970 3325 4055 excludit'siquidem
3355 3983 3771 4040 amaritudinem
3814 3984 3912 4039 tri-

2321 4074 2655 4130 bulationum
2687 4074 2857 4130 dulcis
2887 4090 3050 4145 sapor
3076 4077 3360 4132 virtutum.
3389 4076 3520 4144 Quis
3557 4077 3698 4131 enim
3730 4074 3912 4146 magni

2322 4166 2514 4223 habeat
2563 4168 2775 4238 (magna
2815 4168 3005 4238 ducat)
3051 4168 3366 4239 praesentia,
3414 4169 3595 4226 sciens
3640 4170 3912 4226 aestimare

2320 4259 2583 4313 ventura?
2613 4259 2743 4325 Quis
2789 4259 3067 4329 dispendia
3115 4262 3238 4315 vita:
3280 4271 3505 4325 renuat,
3532 4261 3578 4317 si
3626 4277 3748 4332 qua:
3788 4268 3913 4317 sunt

2322 4351 2631 4420 recipienda
2661 4350 3002 4407 considerat?
3030 4350 3335 4419 Persistite,
3375 4352 3638 4409 carissimi
3665 4340 3913 4419 mihi,et

2320 4442 2692 4498 inconcussam
2720 4443 2878 4498 ﬁdem
2909 4444 3010 4497 ﬁxa
3040 4443 3203 4499 animi
3230 4444 3429 4499 virtute
3458 4454 3755 4513 servantes,
3786 4460 3913 4515 per-

2321 4536 2637 4589 severantiae
2663 4534 2897 4600 laudem,
2923 4535 2975 4589 in
2998 4550 3099 4604 qua
3128 4545 3211 4590 est
3229 4536 3373 4590 salus
3390 4542 3443 4591 et
3458 4535 3718 4591 bonorum
3741 4535 3913 4591 bomi~

2243 4656 2297 4719 Ι)
2324 4641 2448 4679 num
2472 4624 2666 4695 palma,
2697 4632 3025 4695 praesumite.
3055 4626 3242 4696 Magna
3270 4637 3395 4682 sunt
3426 4628 3490 4682 ad
3511 4642 3630 4698 qu:e
3655 4642 3914 4683 vocamur

2323 4720 2524 4791 indigni
2549 4738 2563 4776 :
2594 4735 2700 4775 non
2730 4721 2968 4775 retardet
2987 4722 3291 4786 inﬁrmitas,
3313 4723 3435 4792 quia
3460 4722 3550 4792 qui
3573 4730 3731 4777 vocat
3756 4724 3918 4777 retri-

2321 4811 2482 4867 butor
2513 4810 2703 4879 ﬁdelis,
2736 4822 2789 4868 et
2820 4812 2973 4867 fortis
2997 4813 3215 4881 adjutor
3243 4822 3344 4869 est.
3378 4812 3493 4869 Non
3526 4829 3917 4885 prosperorum

2323 4919 2419 4975 spe
2447 4903 2783 4973 decipiamur
2825 4915 2915 4960 aut
2956 4905 3238 4965 mollium:
3271 4922 3370 4962 nec
3421 4906 3595 4961 facilia
3646 4920 3939 4976 propona—~

2325 5014 2484 5055 mus:
2521 5015 2625 5054 non
2671 4998 2926 5055 deliciosa
2966 5000 3123 5056 nobis
3156 5001 3409 5057 Dominus
3440 5010 3647 5068 noster,
3676 5014 3782 5054 non
3825 5008 3917 5053 est

2326 5092 2520 5147 blanda
2568 5092 2872 5162 pollicitus:
2917 5093 3134 5160 prmmia
3186 5092 3431 5163 promisit
3474 5092 3595 5157 ille,
3636 5106 3743 5145 non
3776 5090 3911 5143 otia.

2323 5181 2439 5239 Non
2465 5184 2602 5238 bene
2625 5184 2764 5238 laudi
2795 5182 3049 5238 convenit
3079 5194 3134 5239 et
3160 5184 3347 5254 quieti.
3372 5182 3503 5251 Quis
3528 5183 3677 5237 locus
3702 5181 3803 5237 erit
3828 5198 3918 5236 re-

2325 5278 2704 5341 munerationi,
2728 5279 2770 5331 si
2806 5277 2949 5331 nulla
2976 5286 3057 5333 est
3088 5292 3216 5333 cura
3249 5277 3501 5332 virtutis?
3526 5278 3761 5345 Augusta
3791 5290 3916 5343 pur-

2325 5379 2407 5434 ta,
2436 5367 2527 5423 sed
2571 5383 2732 5437 regna
2778 5368 3005 5422 diﬁ‘usa:
3050 5369 3233 5439 paucis
3281 5369 3476 5436 aditus,
3518 5369 3612 5423 scd
3647 5366 3915 5436 probatis.

2323 5459 2511 5515 Nonne
2545 5460 2661 5515 haec
2688 5471 2812 5515 sunt
2844 5461 2908 5515 ad
2942 5477 3036 5516 cos
3067 5463 3259 5531 praevia
3296 5461 3491 5527 verba,
3518 5474 3652 5530 quos
3687 5459 3872 5512 docuit
3902 5477 3915 5511 :

2336 5553 2731 5623 Persequentur,
2755 5554 2875 5609 etin
2897 5555 3173 5626 synngogis
3214 5553 3547 5625 ﬂagellabant
3569 5568 3653 5607 vos
3695 5548 3915 5624 (Matth.

2332 5646 2471 5718 xv)?
2502 5645 2605 5701 Per
2634 5647 2943 5716 patientiam
2963 5689 2978 5714 ,
3006 5649 3144 5703 sicut
3184 5650 3443 5719 scriptum
3490 5653 3607 5713 est,
3640 5641 3915 5716 possidea~

2328 5753 2448 5793 tuus
2468 5738 2674 5794 animas
2704 5749 2935 5805 nostras,
2969 5756 3037 5795 ne
3066 5756 3159 5795 eas
3186 5756 3282 5810 per
3315 5738 3705 5810 impatientiam
3736 5735 3915 5792 dolea~

2329 5850 2558 5910 Roman.
2589 5852 2749 5921 1591,
2780 5854 2941 5925 epist.
2966 5851 3065 5923 21,
3088 5867 3152 5911 ac
3171 5854 3429 5925 deinceps
3459 5853 3511 5910 iu
3536 5850 3673 5911 aliis.
