4248 6260
284 319 395 377 417

1506 319 1867 378 Ειηετοως
1911 320 1999 379 ΕΤ
2039 319 2383 379 DECRETA.

3459 328 3568 384 ειδ

282 441 711 510 μαστιγώσουσιν
749 434 915 507 ὑμᾶς;
955 426 985 485 ι’
1004 434 1093 490 Διά
1120 443 1211 497 τῆς
1253 436 1540 511 ὑπομονῆς,
1588 439 1746 499 καθὼς
1791 440 1879 512 γέ-

1987 454 2105 493 mus
2130 438 2377 494 amissas.
2411 435 2624 494 Primus
2652 450 2865 495 crucem
2898 438 3154 499 Dominus
3182 452 3367 502 noster
3393 457 3448 504 et
3476 464 3566 521 pa-

281 547 541 607 γραπται,
566 530 872 599 κτησώμεθα
892 528 983 589 τάς
1006 528 1199 583 ἑαυτῶν
1229 528 1434 600 ψυχάς,
1465 534 1660 602 μήποτε
1690 532 1883 592 ταύτας

281 622 368 678 διά
397 632 494 683 τῆς
524 620 642 693 οὐχ’
670 623 929 692 ὑπομονῆς
958 621 1254 694 ἀλγήτωμεν
1289 623 1643 683 ἀπολέσαντες.
1681 631 1884 699 Πρῶτος

281 720 356 778 εἰς
388 716 476 771 τόν
501 714 729 792 σταυρόν
752 714 779 770 ό
803 716 977 791 κύριος
1002 716 1161 788 ἡμῶν,
1192 717 1277 769 καί
1306 724 1395 775 τῆς
1417 715 1674 786 ὑπομονῆς
1696 716 1882 771 ἑαυτοῦ

279 804 614 868 διδάσκαλος,
648 805 854 865 ἀνῆλθεν
879 805 930 859 έν
957 812 1029 859 τῶ
1060 803 1167 876 ἰδίῳ
1193 813 1367 860 τυπῶν
1393 803 1726 878 ὑποδείγματι
1751 806 1882 859 έκιί·

278 919 424 964 νως,
463 894 540 958 οἷς
570 895 603 951 ἴ
603 897 748 968 μιλλε
778 897 995 968 βοηθεῖν.
1027 898 1179 956 Αὐτὸς
1206 884 1395 961 μεταξὺ
1426 904 1524 951 τῶν
1554 900 1768 972 ἀρετῶν,
1799 898 1882 953 καί

278 997 382 1045 τῶν
412 989 601 1053 κόπων,
642 988 729 1044 τόν
753 987 903 1059 ζυγόν
931 988 1171 1058 κατέχει,
1201 988 1471 1058 ἱστάμενος
1498 989 1630 1059 μετά
1662 994 1761 1043 τῶν
1788 985 1877 1045 δη-

277 1079 535 1151 λητηρίων
560 1085 663 1134 τῶν
698 1079 1017 1151 μεμηνότων,
1046 1080 1132 1134 ἶνα
1160 1081 1289 1135 κατά
1314 1086 1406 1139 τήν
1436 1082 1588 1155 ὀργὴν
1611 1086 1700 1136 τοῦ
1729 1078 1879 1153 διωγ-

276 1183 404 1244 μοῦ,
438 1175 623 1236 αὐτὸς,
656 1178 741 1228 καί
777 1183 869 1235 τῆς
907 1175 1108 1229 αἰωνίου
1134 1175 1395 1246 βασιλείας
1440 1177 1559 1236 τούς
1600 1176 1879 1249 στεφάνους

276 1269 569 1339 παράσχῃ.
602 1263 1019 1338 ³Δναλογίσασθε,
1042 1269 1162 1319 ποία
1184 1272 1283 1320 τῶν
1307 1266 1615 1321 Μακαϐαίων
1635 1268 1665 1324 ἡ
1688 1263 1877 1331 ἔξοδος,

276 1368 393 1419 τοῖς
420 1367 747 1436 καρτερικοῖς
777 1360 807 1417 ἡ
829 1359 991 1424 πάλη,
1023 1360 1226 1435 ἱστορία
1244 1367 1344 1415 τῶν
1375 1360 1583 1415 ἐπαίνων
1612 1359 1874 1430 έφέπεται,

276 1456 404 1526 ποία
433 1450 671 1521 Ἰούδας,
716 1453 914 1510 κάκείνη
948 1458 1049 1507 τῶν
1088 1450 1307 1524 ἀδελφῶν
1342 1453 1373 1510 ἡ
1409 1451 1588 1524 φάλαλξ
1606 1494 1619 1517 ,
1657 1452 1875 1505 θανάτου

275 1549 406 1616 τιμῇ
434 1543 833 1618 ἀναγορεύεται;
874 1544 923 1596 ἓν
947 1543 1107 1602 ποίοις
1145 1542 1257 1597 έστί
1284 1541 1534 1615 στόμασιν
1561 1541 1585 1597 ὁ
1615 1542 1735 1602 λαός
1765 1540 1790 1597 ό
1829 1544 1877 1595 ἐν

276 1642 351 1705 τῷ
380 1629 491 1704 ὄρει
520 1632 819 1693 ἀναλωθείς’
850 1635 938 1687 καί
976 1629 1129 1687 αὗται
1171 1638 1342 1687 πᾶσαι
1382 1633 1435 1687 αί
1469 1631 1705 1704 δυνάμεις
1744 1634 1874 1707 ὑπέρ

276 1734 370 1785 τῆς
406 1731 496 1779 τοῦ
524 1725 678 1796 νόμου
707 1724 946 1795 ουλακῆς,
986 1722 1284 1797 ὁμοιώματα
1304 1766 1317 1790 ,
1353 1728 1438 1778 καί
1466 1727 1604 1779 σκιαί
1634 1732 1732 1778 τῶν
1757 1724 1875 1797 μελε

1989 529 2191 585 tientire
2236 522 2404 599 ipsius
2444 530 2700 601 magister
2732 533 3004 599 ascendit,
3044 550 3143 590 suo
3181 536 3570 601 informaturus

1986 621 2254 691 exemplo,
2285 636 2419 689 quos
2447 631 2564 680 erat
2591 622 2871 693 adiuturus
2898 626 3119 682 auxilio.
3152 629 3269 699 Ipse
3298 632 3438 690 inter
3462 637 3570 693 vir-

1986 724 2127 770 tutes
2153 715 2358 770 lancem
2388 714 2583 771 retinet
2612 726 2665 772 et
2697 716 2930 786 labores,
2958 728 3106 776 stans
3149 732 3335 780 contra
3364 743 3570 788 venena

1984 805 2316 872 furentium,
2366 814 2426 861 ut
2477 807 2769 863 secundum
2830 813 3217 877 persecutionis
3269 816 3409 884 iras,
3462 822 3569 879 illis

1982 900 2170 954 aeterni
2207 899 2415 969 imperii
2444 899 2537 956 det
2561 916 2806 956 coronas.
2841 903 3146 971 Revolvite,
3178 923 3312 979 quas
3348 912 3561 970 Macha-

1984 990 2220 1047 baeorum
2252 991 2428 1048 exitus
2458 992 2759 1063 pertinaces
2790 1005 2946 1050 vetus
2975 998 3196 1055 historia
3234 1001 3418 1060 laudes
3448 1022 3570 1073 per-

1982 1084 2262 1153 sequitur:
2296 1099 2401 1154 quo
2429 1084 2595 1139 Judas
2624 1094 2680 1141 et
2712 1084 2801 1141 illa
2846 1102 3097 1160 suprema
3146 1092 3381 1151 fidelium
3431 1099 3567 1169 pha-

1981 1172 2104 1228 lanx
2156 1175 2346 1231 mortis
2393 1176 2598 1232 honore
2646 1178 2954 1235 referatur:
3002 1182 3057 1237 in
3105 1195 3307 1253 quanto
3353 1203 3449 1246 ore
3498 1192 3569 1248 sit

1981 1277 2235 1323 constans
2267 1269 2491 1339 populus
2520 1271 2574 1325 in
2617 1278 2801 1328 monte
2843 1286 3231 1347 consumptus:
3259 1289 3315 1336 et
3340 1281 3423 1339 ba:
3450 1299 3568 1342 om-

1981 1372 2077 1412 nes
2109 1374 2207 1427 pro
2234 1361 2586 1417 custodienda
2635 1363 2750 1433 lege
2784 1366 2997 1423 virtutis
3042 1372 3252 1439 species
3280 1382 3337 1430 et
3377 1364 3565 1435 umbra

1980 1449 2278 1507 luturorum
2311 1462 2454 1508 tanta
2485 1455 2733 1524 exempla
2782 1468 3135 1515 meruerunt:
3167 1477 3267 1519 nos
3308 1464 3360 1521 in
3392 1467 3565 1523 Patri-

1979 1538 2077 1594 bus
2114 1540 2375 1607 vidimus,
2409 1543 2763 1613 palpavimus,
2797 1547 3142 1616 probavimus
3169 1551 3327 1622 quem
3366 1571 3563 1627 sequa-

1979 1645 2119 1686 mur.
2145 1632 2280 1700 Quid
2314 1648 2419 1687 non
2465 1635 2806 1691 referendum
2834 1647 2918 1693 est
2956 1641 3062 1707 rei,
3097 1643 3239 1712 quod
3283 1645 3560 1719 denegan-

1978 1721 2104 1776 dum
2134 1730 2217 1777 est
2257 1724 2505 1781 veritati:
2537 1726 2662 1795 quid
2714 1743 2819 1783 non
2866 1729 3107 1787 debitum
3156 1734 3565 1807 Redemptoris?

276 1816 464 1871 λόντων
493 1813 661 1880 οὖσαι,
686 1817 970 1880 ἠξιώθησαν
989 1814 1416 1890 παραδειγμάτων
1435 1816 1708 1877 τοσούτων,
1733 1816 1876 1885 ἡμεῖς

1986 1812 2210 1869 libenter
2257 1818 2770 1873 communicavimus
2816 1819 3067 1890 dogmata
3110 1824 3212 1881 ista
3261 1829 3560 1890 vobiscum.

275 1915 328 1966 έν
359 1919 468 1971 τοῖς
496 1911 758 1982 πατράσιν
788 1909 1096 1985 ἑωράκαμεν,
1129 1908 1537 1981 έψηλαφήσαμεν,
1571 1906 1877 1977 έδοκιμάσα⁸

275 2025 372 2075 μεν
394 2004 445 2057 έν
472 2005 570 2058 τίνι
591 2001 1012 2071 ἀκολουθήσομεν.
1038 2002 1098 2054 Τί
1123 2001 1213 2054 οὐκ
1237 1999 1501 2075 ἐφαρμόζει
1524 2006 1586 2074 τῇ
1613 1999 1873 2062 ὑποθέσεις

1050 2091 1067 2109 Ι
1144 2090 1156 2107 ν
1244 2092 1255 2106 ὶ
1329 2094 1335 2103 ι

273 2186 620 2255 καταθυμίως
651 2188 971 2251 κοινωνοῦμεν
1012 2181 1060 2233 έν
1093 2182 1292 2239 τούτοις
1329 2178 1448 2250 ὑμῖν
1485 2185 1599 2267 τοῖς
1632 2176 1873 2249 δόγμασι.
1903 2173 1914 2187 ’

276 2278 435 2345 Λέγει
469 2276 567 2349 γάρ
596 2294 692 2328 που
719 2272 745 2327 ό
777 2274 1069 2345 σοφώτατος
1098 2271 1350 2341 Σολομὼν,
1389 2288 1405 2320 ι
1432 2270 1693 2344 Μακάριος
1730 2268 1755 2324 ὁ
1784 2290 1871 2327 κη-

278 2371 492 2446 ρύσσων
534 2366 674 2438 Λόγον
702 2369 772 2425 είς
807 2367 955 2424 ἀκοὴν
997 2364 1370 2423 ὑπακούοντος’
1409 2381 1427 2414 ι
1473 2363 1751 2433 εὐφροσμίη
1784 2362 1875 2430 μέν

277 2456 376 2516 οὖν
396 2462 510 2514 ἐστι
534 2458 591 2512 τὸ
616 2455 935 2529 διαλέγεσθαι
953 2462 1060 2515 τοῖς
1085 2454 1329 2516 θέλουσιν,
1362 2455 1595 2526 καὶπρὸς
1619 2457 1706 2511 τήν
1728 2451 1875 2525 ὀρθήν

278 2552 398 2610 ὃδὸν
428 2553 552 2612 τούς
581 2554 652 2619 μή
692 2548 1103 2608 ἀντιπαλαὲοντας
1143 2547 1538 2621 προτρέπεσθαι.
1587 2545 1876 2614 ιατέγομεν

279 2649 379 2721 γὰρ
409 2648 660 2718 ένεχυοον
695 2652 787 2705 τῆς
816 2640 1041 2703 πίστεως
1080 2649 1173 2701 τῆς
1208 2640 1482 2714 ὑμετέρας,
1522 2644 1611 2698 τὴν
1638 2640 1739 2693 άπὸ
1776 2646 1875 2693 τῶν

276 2748 599 2815 γραμμάτων
628 2733 1023 2810 όμολογηθιῖσαν
1056 2733 1304 2791 ἔνστασιν
1322 2776 1336 2796 ,
1378 2733 1443 2789 δι’
1472 2732 1530 2795 ἧς
1567 2735 1618 2786 ἐκ
1647 2741 1737 2792 τῆς
1776 2738 1878 2787 τῶν

278 2832 595 2906 παραϐατῶν
619 2830 784 2904 λύμης
824 2830 1168 2905 χωρισθέντες
1208 2830 1279 2887 είς
1302 2826 1371 2882 τά
1398 2834 1489 2886 τῆς
1516 2824 1877 2883 ’Δποστολικῆς

279 2921 527 2998 καθέδρας
566 2918 834 2994 δόγματα,
878 2924 964 2976 καί
1002 2919 1201 2980 έντολάς
1244 2917 1625 2993 έπανέρχεσθε,
1668 2914 1760 2985 ὀψέ
1788 2916 1878 2987 μέν

279 3010 367 3069 οὖν
396 3013 670 3072 ἐπιϐάντες
706 3020 799 3073 τῆς
840 3010 957 3066 ὁδοῦ
993 3020 1084 3071 τῆς
1120 3010 1381 3069 ἀληθείας·
1415 3007 1521 3062 ἀλλ’
1546 3006 1811 3079 εὐλογητὸς
1849 3004 1875 3060 ὁ

278 3110 406 3168 Θεὸς
436 3109 525 3161 οὐκ
549 3108 621 3169 είς
646 3106 784 3166 τέλος
814 3105 1207 3166 ἐπιλανθάνεται,
1233 3101 1287 3164 ὃς
1312 3102 1570 3170 παιδεύει,
1600 3105 1685 3156 καί
1712 3106 1871 3164 ἰᾶται,

1980 1903 2119 1960 Dicit
2143 1906 2285 1961 enim
2314 1907 2748 1978 sapientissimus
2774 1910 3029 1970 Salomon
3050 1958 3066 1983 ,
3094 1916 3286 1975 Beatus
3306 1922 3403 1992 qui
3432 1942 3563 1993 pm-

1978 1996 2115 2084 dicat
2159 1996 2363 2050 verbum
2404 1998 2459 2052 in
2506 2016 2683 2054 aurem
2722 2001 2997 2059 obedientis
3028 2005 3219 2077 (Eccli.
3242 2011 3367 2083 xxv)
3393 2031 3405 2067 :
3435 2031 3561 2084 gan-

1978 2082 2123 2140 dium
2170 2094 2255 2141 est
2296 2087 2561 2158 siquidem
2610 2090 2853 2148 volentes
2890 2095 3117 2167 alloqui,
3156 2109 3211 2154 et
3242 2102 3315 2157 ad
3348 2082 3561 2164 rectam

1980 2177 2118 2231 viam
2161 2191 2277 2245 eos,
2324 2179 2413 2248 qui
2464 2195 2570 2235 non
2619 2183 2969 2253 relucteutur,
3025 2189 3247 2247 hortari.
3296 2193 3562 2255 Tenemus

1978 2266 2121 2323 enim
2162 2268 2407 2324 obsidem
2439 2269 2561 2326 lidei
2607 2284 2831 2341 vestrm,
2874 2276 2975 2332 sub
3016 2278 3561 2357 litterarum‘prol'es-

1977 2359 2130 2416 sione
2160 2361 2516 2416 constantiam
2535 2404 2551 2429 ,
2576 2378 2678 2435 qua
2703 2380 2732 2419 a
2762 2375 3214 2439 transgressorum
3245 2380 3563 2449 contagione

1978 2450 2164 2517 divisi,
2192 2451 2258 2506 ad
2301 2454 2611 2522 apostolica:
2649 2456 2794 2517 sedis
2824 2458 3071 2529 dogmata
3101 2473 3154 2519 et
3186 2468 3436 2525 mandata
3477 2488 3563 2529 re-

1978 2546 2226 2611 curritis,
2274 2560 2399 2604 sero
2437 2548 2652 2620 quidem
2702 2550 2842 2608 viam
2893 2557 3133 2613 veritatis
3178 2559 3435 2631 ingressi;
3466 2566 3561 2623 sed

1980 2636 2294 2694 benedictus
2327 2640 2490 2709 Deus,
2519 2644 2612 2712 qui
2661 2658 2769 2698 non
2797 2644 2849 2699 in
2882 2646 3041 2704 tinem
3086 2650 3437 2727 obliviscitur,
3473 2660 3562 2730 qui

1979 2730 2234 2800 corripit,
2260 2739 2317 2788 et
2343 2734 2607 2802 medetur,
2635 2751 2738 2791 nec
2785 2740 3041 2796 continue
3086 2747 3265 2815 gregis
3310 2751 3389 2803 sui
3433 2765 3562 2809 oves

1979 2823 2180 2893 patitur
2231 2824 2597 2882 insidiantium
2650 2828 2895 2899 luporum
2945 2836 3241 2902 rapacitate
3291 2840 3559 2914 discerpi,

1979 2917 2071 2986 qui
2096 2930 2191 2985 per
2213 2916 2565 2974 districtionis
2590 2921 3001 2989 temperantiam
3018 2964 3034 2989 ,
3060 2939 3158 2980 nec
3181 2930 3561 2989 coercitionem

1979 3022 2197 3063 suorum
2246 3008 2501 3080 negligit,
2533 3025 2632 3066 nec
2670 3012 2919 3067 salutem.
2965 3013 3069 3069 Sed
3119 3017 3247 3085 quid
3288 3021 3481 3079 mirum
3511 3025 3560 3079 si

1978 3112 2108 3153 oves
2136 3098 2325 3154 relicto
2354 3099 2431 3155 nli
2461 3116 2589 3166 uno,
2621 3109 2677 3156 et
2702 3117 2831 3157 vero
2871 3113 3086 3173 pastore
3132 3107 3424 3176 dispersas,
3454 3114 3562 3168 cal-

279 3201 362 3253 καί
392 3196 507 3253 οὐδέ
528 3204 624 3259 τῆς
650 3199 904 3270 ἡνωμένης
930 3198 1083 3251 αὐτοῦ
1110 3199 1322 3269 ποίμνης
1342 3197 1409 3250 τά
1434 3195 1671 3267 πρόϐατα
1697 3212 1877 3267 καρτε-

1986 3189 2152 3257 lidus,
2181 3198 2438 3247 cruentus
2474 3200 2528 3247 et
2558 3205 2721 3261 rapax
2761 3194 2997 3249 turbavit
3024 3196 3265 3252 insidiis?
3290 3199 3390 3268 Qui
3421 3210 3561 3259 tute-

280 3298 364 3363 ρεῖ
394 3296 497 3345 τῶν
536 3287 959 3343 ἐπιϐουλευόντων
990 3287 1151 3341 λύκων
1186 3294 1248 3358 τῇ
1295 3285 1498 3363 ἁρπαγῇ
1528 3281 1872 3347 διασπᾶσθαι,

279 3380 333 3442 ὃς
364 3381 453 3437 διά
476 3389 571 3441 τῆς
595 3382 904 3457 κεκραμένης
927 3381 1206 3455 αὐστηρίας
1229 3378 1341 3434 οὐδὲ
1364 3387 1455 3438 τῆς
1480 3378 1757 3452 ἀσφαλείας
1777 3384 1876 3432 τῶν

279 3474 425 3529 ἰδίων
453 3474 706 3551 ὑπερορᾷ,
740 3470 855 3528 οὐδέ
883 3483 973 3533 τῆς
1002 3477 1278 3549 σωτηρίας.
1311 3473 1453 3528 Ἀλλά
1482 3474 1532 3527 τί
1557 3473 1873 3543 θαυμαστὸν,

281 3569 327 3619 εί
352 3569 421 3620 τά
445 3565 687 3642 πρόϐατα
716 3564 1122 3637 καταλειφθέντος
1152 3566 1333 3620 ἐκείνου
1382 3570 1472 3620 τοῦ
1506 3564 1611 3623 ένός
1642 3566 1720 3616 καί
1757 3563 1873 3622 ἀλη-

279 3659 413 3711 θινοῦ
456 3658 693 3728 ποιμένος
735 3654 1193 3730 διασκορπισθέντα
1225 3655 1599 3730 ό.πανοῦργος,
1634 3654 1656 3708 ὁ
1694 3656 1877 3725 αἵμασι

280 3750 621 3822 πεφυρμένος,
653 3750 737 3803 καί
762 3747 931 3825 ἅρπαξ
951 3789 965 3812 ,
998 3756 1117 3809 ταῖς
1147 3746 1367 3818 ἐνέδραις
1399 3748 1667 3821 ἐτάραξενς
1700 3745 1759 3800 Oi
1787 3752 1903 3805 τήν

281 3844 564 3916 ἀσφάλειαν
592 3846 683 3899 τήν
710 3839 839 3896 ἰδίαν
859 3842 1338 3911 καταλιμπάνοντες,
1371 3841 1513 3895 αὐτοὶ
1534 3840 1745 3899 έαυτούς
1766 3844 1875 3899 τοῖς

280 3931 533 3992 κινδύνοις
569 3929 651 4005 ὑφ’
686 3928 751 3984 ὧν
789 3932 1171 4006 σπαράττονται
1210 3931 1561 4001 ἐμϐάλλουσιν.
1590 3926 1748 3984 Ὠστε
1790 3931 1877 3982 καί

281 4031 366 4077 νῦν
402 4030 529 4097 γοῦν
557 4024 791 4099 στερροῖς
821 4023 1047 4092 βήμασιν
1079 4024 1125 4075 ἐν
1146 4031 1207 4093 τῇ
1234 4020 1333 4095 ὁδῷ
1367 4029 1464 4076 τῶν
1486 4022 1719 4094 πατέρων
1746 4021 1877 4093 πρὸς

280 4117 335 4173 ἢν
359 4112 675 4191 ἀνεδροίμετε
693 4158 706 4179 ,
740 4111 948 4171 ὃστητε
968 4130 980 4146 ’
1011 4112 1222 4169 δύναται
1245 4114 1343 4187 γάρ
1371 4113 1429 4167 τό
1458 4118 1549 4166 τοῦ
1578 4118 1707 4166 Θεοῦ
1736 4109 1877 4170 ἕλεος

281 4208 367 4262 καί
398 4212 489 4265 τήν
519 4214 621 4261 τῶν
645 4201 802 4260 ἄλλων
832 4204 1017 4276 ὁμοίως
1042 4202 1307 4277 διόρθωσιν
1331 4213 1404 4278 τῷ
1433 4205 1662 4278 ὑμετέρῳ
1689 4205 1873 4273 μισθῷ,

280 4300 324 4351 εί
354 4297 482 4370 παρ’
508 4297 653 4366 ὑμῶν
672 4297 802 4372 πρὸς
824 4297 880 4351 τὸ
901 4297 1037 4356 εὐθές
1058 4294 1345 4367 όδηγηθεῐεν
1366 4337 1380 4359 ,
1411 4295 1732 4366 λογίσασθαι.
1756 4294 1879 4349 Ἀλλ’

281 4391 504 4449 έαυτοῦς
545 4389 756 4443 καθόλου
798 4390 900 4443 ἀπό
938 4395 1028 4442 τοῦ
1066 4388 1347 4462 βορϐόρου,
1389 4389 1439 4441 έν
1559 4389 1605 4442 οἱ
1634 4389 1903 4459 αέρετικοί

282 4479 1027 4551 καταποθέντεςλκικράτηνται.
1048 4480 1413 4544 άποσπάσατε,
1434 4480 1516 4531 καί
1536 4478 1877 4542 έκτινάξαντες

1980 3282 2087 3337 lam
2115 3297 2266 3338 suam
2297 3281 2580 3351 deserunt,
2617 3284 2718 3353 ipsi
2745 3298 2806 3340 se
2832 3286 3106 3355 periculis,
3139 3289 3332 3358 quibus
3363 3292 3563 3349 lanien-

1980 3381 2089 3440 tur,
2116 3382 2412 3445 exponunt.
2435 3375 2575 3445 Ergo
2607 3390 2748 3430 nunc
2784 3376 2963 3432 saltim
3002 3378 3193 3436 solidis
3225 3383 3467 3450 passibus
3508 3376 3563 3441 id

1979 3465 2120 3520 viam
2152 3465 2400 3530 Patrum,
2432 3465 2499 3520 ad
2526 3482 2685 3537 quam
2711 3468 3034 3537 recurristis,
3068 3470 3342 3528 insistite:
3374 3483 3565 3543 potens

1979 3555 2083 3610 erit
2134 3555 2502 3613 misericordia
2551 3557 2677 3622 Dei,
2728 3559 2957 3615 aliorum
3008 3576 3219 3633 quoque
3268 3566 3563 3622 correctio-

1981 3664 2102 3705 nem
2145 3649 2381 3704 mercedi
2422 3660 2640 3715 vestrte,
2687 3651 2731 3706 si
2773 3666 2801 3705 a
2842 3653 3097 3719 vobisvad
3139 3663 3345 3723 rectum
3387 3657 3563 3715 dedu-

1979 3749 2189 3808 cantur,
2219 3741 2513 3797 ascribere.
2557 3741 2664 3798 Sed
2710 3742 2763 3797 in
2810 3750 2978 3799 totum
3022 3759 3120 3800 vos
3156 3762 3186 3801 a
3242 3762 3430 3815 emno,
3458 3765 3566 3820 quo

1980 3832 2220 3889 immersi
2251 3833 2490 3890 haeretici
2540 3844 2808 3903 tenentur,
2855 3836 3091 3906 avellite,
3131 3848 3186 3894 et
3232 3842 3566 3899 excutientes

1979 3930 2373 3987 immunditiam
2392 3931 2623 4000 pulveris
2645 3931 2980 3997 inhaerentis,
3002 3935 3330 4003 generaliter
3347 3936 3566 3993 univer-

1978 4035 2072 4077 sos
2113 4021 2184 4076 ab
2224 4022 2533 4090 apostolicis
2567 4021 2904 4093 dogmatibus
2944 4024 3279 4081 declinantes
3316 4027 3566 4099 religiosa

1978 4111 2333 4167 detestatione
2359 4112 2627 4170 damnate.
2659 4111 2824 4168 Nulla
2866 4114 3079 4170 tenebris
3120 4132 3237 4170 cum
3275 4118 3387 4172 luce
3430 4134 3567 4174 com-

1980 4204 2154 4258 munio
2185 4202 2236 4273 (I
2267 4201 2387 4257 Cor.
2417 4205 2518 4272 vr);
2552 4219 2652 4259 nec
2676 4204 2766 4271 qui
2798 4218 2892 4272 per
2920 4214 3065 4261 recta
3090 4206 3283 4282 itinera
3312 4210 3567 4279 gradiun-

1981 4304 2089 4361 tur,
2120 4295 2342 4364 vestigia
2368 4308 2462 4347 sua
2489 4310 2609 4348 cum
2640 4293 2964 4348 deviantium
2993 4311 3178 4353 errore
3206 4299 3560 4370 conjungunt.

1979 4385 2294 4442 Tenendum
2323 4394 2408 4439 est
2448 4385 2568 4439 lidei
2599 4382 2899 4448 vinculum.
2941 4394 2989 4441 et
3022 4386 3297 4442 vitandum
3337 4390 3403 4455 de
3442 4406 3566 4460 per-

1980 4477 2087 4532 lida
2114 4475 2370 4531 societate
2390 4474 2692 4545 contagium
2718 4490 2733 4529 :
2762 4477 2884 4545 quia
2908 4475 3198 4531 secundum
3223 4476 3561 4555 Apostolum,

281 4576 371 4629 τήν
403 4571 722 4640 ἀκαθαρσάν
748 4576 837 4624 τοῦ
869 4576 1126 4643 κονιορτοῦ
1163 4577 1251 4625 τοῦ
1292 4570 1637 4636 κολληθέντος,
1674 4578 1878 4645 γενικῶς

1986 4565 2431 4638 quemadmodum
2454 4566 2542 4635 qui
2564 4565 2790 4620 adimat-et
2819 4565 3038 4620 Domino
3053 4582 3190 4630 unus
3219 4567 3431 4631 spiritus
3450 4577 3521 4621 est
3541 4583 3563 4623 ε

281 4662 525 4720 ἅπαντας
558 4661 679 4719 τούς
718 4661 820 4714 ἀπὸ
855 4668 954 4715 τῶν
981 4660 1340 4715 ’Δποστολικῶν
1370 4658 1637 4733 δογμάτων
1673 4661 1876 4716 ἀποκλί-

281 4774 504 4818 ναντας,
550 4753 757 4806 εὐσεϐεῖ
790 4755 1089 4830 ἀποκηρύξει
1128 4755 1478 4825 κατακρίνατε.
1514 4770 1532 4803 ι
1557 4751 1780 4824 Οὐδεμία
1804 4760 1877 4826 τῷ

283 4842 465 4901 σκότει
500 4846 635 4918 πρὸς
663 4846 721 4899 τό
751 4852 852 4917 φῶς
880 4847 1129 4912 κοινωνία,
1162 4865 1179 4896 ι
1210 4843 1326 4900 οὔτε
1356 4847 1401 4900 οί
1437 4843 1521 4901 διά
1550 4852 1648 4901 τῶν
1683 4846 1878 4901 εὐθειῶν

282 4934 411 4991 ὁδῶν
442 4932 743 5009 βαδίζόντις
771 4936 836 4990 τά
864 4935 1057 4990 έαυτών
1081 4933 1207 5006 ἴχνη
1234 4937 1365 5007 μετά
1392 4943 1489 4990 τῶν
1519 4933 1876 4990 ἀποκλινόντων

282 5030 477 5088 πλάνης
505 5029 841 5082 συνάπτουσι.
867 5024 1237 5100 κατασχετέος
1261 5032 1373 5086 ἐστὶ
1396 5039 1493 5101 τῆς,
1510 5032 1730 5091 πίστεως
1757 5031 1879 5084 σύν-

283 5118 505 5190 δεσμος,
551 5124 639 5175 καί
684 5122 1006 5195 παραιτητέα
1050 5123 1080 5179 ἡ
1121 5123 1177 5178 ἐκ
1216 5131 1307 5183 τῆς
1355 5124 1576 5177 ἀπίστου
1626 5124 1878 5182 κοινωνίας

284 5209 448 5282 λύμη,
498 5209 578 5266 ὅτι
620 5213 750 5266 κατὰ
780 5214 866 5265 τὸν
901 5212 1238 5278 ’Δπόστολον,
1286 5230 1304 5263 ι
1331 5210 1382 5268 ὃν
1418 5214 1606 5287 τρόπον
1638 5211 1664 5267 ό
1700 5213 1880 5268 έαυτόν

285 5302 612 5379 πρωκολλῶν
638 5310 713 5375 τῷ
740 5306 914 5379 Κυρίῳ
944 5301 992 5356 ἓν
1030 5307 1231 5377 πνεῦμά
1262 5306 1424 5368 ἐστιν,
1458 5303 1670 5366 οὐτωςό
1701 5305 1906 5360 κολλώ·’

284 5418 434 5467 μενος
564 5396 725 5474 πόρνῃ
753 5395 801 5450 ἓν
834 5399 1019 5467 γίνεται
1052 5404 1231 5467 σῶμα*
1265 5417 1282 5447 ι
1316 5398 1582 5469 ἀγαπῶσιν
1609 5397 1660 5451 αί
1698 5396 1887 5476 ἀρεταί’

283 5498 379 5555 τάς
406 5494 628 5553 ἀλλήλων
656 5486 941 5555 κοινωνίας,
974 5496 1061 5548 καί
1087 5496 1207 5552 τούς
1234 5492 1565 5562 κολλωμένους
1776 5495 1883 5563 μεθ’

283 5589 471 5648 ἑαυτῆς
491 5589 522 5644 ἦ
540 5587 756 5642 ἀσέϐεια
776 5586 826 5640 έν
847 5592 920 5659 τῷ
942 5586 1082 5660 βυθῷ
1104 5588 1470 5648 καταποντίζει.
1494 5583 1572 5637 Ἐν
1594 5585 1881 5658 ὀφθαλμοῖς,

284 5684 335 5735 έν
360 5690 433 5754 τῷ
468 5682 721 5753 στόματι,
754 5680 804 5733 ὶν
836 5680 1017 5739 αὐταῖς
1045 5688 1157 5738 ταῖς
1189 5681 1371 5751 χερσίν
1401 5680 1501 5733 εἱσι
1527 5685 1627 5732 τῶν
1655 5678 1885 5753 πατέρων

283 5775 351 5829 τά
376 5772 637 5837 δόγματα,
666 5772 697 5827 ά
721 5772 988 5832 φυλάττειν
1014 5768 1359 5838 ε’ντελλόμεθα’
1389 5771 1500 5826 καθ’
1521 5771 1737 5829 έκάστην
1756 5770 1884 5840 πρὸς

1982 4662 2059 4715 ita
2086 4659 2172 4727 qui
2187 4657 2411 4712 adliceret
2434 4657 2703 4725 meretrici,
2722 4674 2881 4712 unum
2907 4672 3091 4725 corpus
3115 4657 3323 4727 eﬁicitur
3342 4656 3561 4729 (Ibid.):

1982 4761 2165 4810 amant
2206 4750 2433 4806 virtutes
2461 4749 2683 4819 collegia
2713 4764 2806 4803 sua
2835 4734 2857 4801 εΓ
2882 4757 2935 4803 et
2977 4748 3316 4804 adluerentes
3344 4750 3446 4804 sibi
3475 4766 3563 4821 se-

1981 4861 2104 4903 cum
2146 4842 2394 4913 impietas
2433 4842 2484 4896 in
2515 4826 3110 4911 profundademcrgit:
3144 4841 3195 4894 in
3236 4851 3561 4912 conspectu,

1983 4938 2037 4993 in
2065 4936 2258 5003 oculis,
2288 4933 2342 4989 in
2372 4947 2493 5001 ore,
2519 4933 2573 4988 in
2604 4932 2735 5004 ipsis
2773 4931 3015 4987 manibus
3057 4939 3185 4987 sunt
3230 4932 3447 4989 Patrum
3476 4934 3566 4990 doc

1982 5036 2158 5101 gmata
2188 5042 2309 5097 qua:
2333 5026 2686 5083 custodienda
2716 5025 3032 5080 mandamus
3058 5041 3073 5078 :
3104 5026 3343 5096 quotidie
3374 5042 3472 5083 nos
3497 5028 3563 5084 ad

1982 5120 2449 5177 conservationem
2514 5119 2597 5175 sui
2665 5117 2889 5173 concilia
2940 5117 3243 5173 veneranda
3289 5122 3564 5176 constrin-

1983 5220 2132 5284 gunt.
2158 5212 2401 5283 Longum
2426 5220 2509 5268 est
2531 5211 2800 5280 sigillatim
2823 5208 3070 5265 universa
3098 5219 3345 5266 retexere
3370 5228 3385 5266 :
3408 5212 3565 5267 Chal-

1983 5306 2341 5363 cedonensem
2386 5303 2674 5376 synodum,
2723 5302 2774 5357 in
2818 5318 2919 5373 qua
2970 5302 3208 5359 omnium
3242 5302 3563 5374 reverentia

1986 5399 2307 5463 continetur,
2334 5411 2429 5451 seu
2456 5404 2509 5449 et
2532 5394 2824 5451 venerandi
2865 5394 3061 5450 Leonis
3091 5396 3294 5464 prolata
3321 5394 3390 5448 de
3436 5392 3564 5461 ipsis

1986 5491 2347 5563 apostolorum
2379 5489 2686 5558 praecordiis
2719 5489 2958 5543 instituta
3005 5482 3058 5542 et
3090 5501 3248 5542 nosse
3291 5499 3388 5537 nos
3430 5498 3561 5540 con-

1986 5583 2162 5648 venit,
2188 5592 2243 5637 et
2269 5582 2404 5636 tueri
2432 5598 2444 5633 :
2478 5582 2529 5634 in
2559 5580 2642 5635 bis
2682 5581 2931 5637 vexillum
2964 5579 3081 5633 ﬁdei
3102 5618 3117 5641 ,
3150 5577 3201 5630 in
3235 5574 3317 5628 his
3365 5590 3585 5653 propug

1984 5674 2266 5747 gnaculum
2311 5672 2586 5729 veritatis:
2618 5672 2669 5729 in
2712 5673 2795 5727 his
2836 5670 3081 5726 Christus
3131 5665 3462 5735 aguosciturl;
3508 5669 3562 5725 in

1987 5767 2071 5824 his
2104 5764 2487 5837 redemptionis
2516 5772 2712 5820 nostra:
2742 5776 2865 5833 spes
2892 5770 2946 5815 et
2969 5773 3127 5814 causa
3154 5765 3419 5814 servatur.
3452 5759 3566 5819 Hoc
