4248 6260
700 319 806 385 425

2016 305 2392 366 HORMISDE
2428 306 2631 366 ΡΑΡΕ

3856 304 3961 364 ω

699 432 910 492 abunde
936 429 1168 487 decretis
1190 423 1566 483 ecclesiasticis
1590 437 1685 479 vos
1714 419 2001 486 docebunt,
2028 431 2084 475 ut
2112 434 2269 490 agno-
2286 422 2348 485 ,Α
2377 424 2468 486 put
2496 392 2746 471 EccleSia:
2774 414 3037 481 Christus,
3075 412 3274 471 Christi
3293 421 3470 471 autem
3497 414 3676 471 vicarii
3702 414 3960 471 sacerdo-

698 535 908 584 scentes
943 532 998 579 et
1023 523 1306 597 impiorum
1337 516 1837 589 transgressionem,
1880 528 1933 570 et
1972 515 2278 585 apostolicae

699 614 845 671 sedis
873 628 1075 678 curam,
1110 627 1206 682 pro
1236 612 1449 666 Patrum
1477 610 1674 679 regulis
1696 609 2071 673 excubantetu,
2099 616 2281 662 osten-

699 706 836 760 datis
866 720 960 758 vos
991 717 1210 773 perosos
1244 703 1460 773 (perosa
1492 700 1711 769 habere)
1741 699 2112 763 damnatorum
2148 712 2278 752 con-

699 798 886 861 sortia,
917 805 969 850 et
995 809 1176 849 amare
1206 792 1463 850 lidelium.
1495 793 1557 846 Et
1592 792 1714 861 quia
1739 805 1833 858 per
1864 789 2279 844 insinuationem

698 890 997 946 dilectionis
1038 899 1140 945 tute
1170 890 1326 958 huius
1356 888 1509 943 nobis
1536 896 1617 942 est
1661 886 1761 941 viae
1782 885 2058 963 patefacta
2094 884 2279 953 provi-

698 981 875 1037 dentia
905 982 998 1047 (at.
1016 981 1317 1053 prudentia.
1350 976 1568 1048 Hann),
1600 992 2003 1032 remuneramus
2025 976 2280 1032 sollicitu-

698 1071 875 1127 dinem
906 1081 1068 1139 tuam,
1092 1060 1153 1126 et
1180 1070 1405 1127 servatis
1422 1056 1716 1137 privilegiis
1744 1067 2278 1137 metropolitanorum

698 1162 841 1217 vices
868 1162 1018 1217 vobis
1047 1162 1352 1232 apostolicae
1398 1159 1540 1215 sedis
1582 1166 1803 1213 eatenus
1842 1158 2171 1228 delegamus,
2221 1168 2282 1214 ut

697 1240 954 1323 inSpectis
982 1254 1120 1321 istis,
1148 1255 1265 1310 sive
1304 1268 1367 1309 ea
1416 1268 1537 1322 quae
1584 1251 1649 1305 ad
1699 1265 1932 1305 canones
1981 1248 2276 1321 pertinent,

696 1344 813 1400 sive
836 1360 895 1398 ea
925 1360 1041 1415 qua:
1070 1359 1099 1398 a
1131 1343 1285 1398 nobis
1320 1351 1447 1397 sunt
1474 1356 1644 1410 nuper
1674 1339 1943 1405 mandata,
1977 1347 2276 1405 serventur,

695 1436 810 1490 sive
835 1450 897 1491 ea
939 1449 1059 1506 quae
1089 1435 1154 1490 de
1183 1432 1567 1489 ecclesiasticis
1596 1431 1774 1495 causis
1819 1438 1922 1484 tute
1966 1428 2277 1485 revelationi

694 1525 1030 1597 contigerint,
1079 1525 1177 1580 sub
1226 1532 1315 1578 tua
1362 1523 1515 1577 nobis
1566 1522 1925 1576 insinuatione
1955 1520 2277 1589 pandantur.

694 1616 932 1673 Erit‘hoc
968 1616 1129 1672 studii
1157 1630 1220 1669 ac
1257 1610 1633 1668 sollicitudinis
1673 1619 1795 1677 tuae,
1844 1620 1903 1664 ut
1954 1609 2110 1663 talem
2144 1617 2195 1663 te
2223 1608 2277 1663 in

693 1706 777 1762 his
802 1724 920 1779 qua:
948 1707 1291 1777 injunguntur
1317 1704 1593 1769 exhibeas,
1624 1711 1684 1757 ut
1710 1701 1866 1756 fidem
1892 1702 2277 1771 integritatem-

2385 519 2482 575 tes,
2514 509 2591 563 sic
2611 516 2666 563 et
2688 508 2741 562 in
2769 508 3028 579 eligendis
3052 509 3134 563 his
3155 520 3337 559 curam
3368 518 3584 579 oportet
3610 522 3731 564 esse
3761 507 3965 578 perspi-
4056 570 4061 573 τ

2380 620 2555 661 cuam.
2598 603 3104 674 lrreprehensibiles
3142 591 3287 661 enim
3344 616 3469 662 esse
3512 606 3785 669 convenit,
3836 618 3968 673 quos

2379 710 2617 767 praeesse
2645 710 2869 751 necesse
2914 704 3000 751 est
3040 696 3415 767 corrigendis:
3450 710 3549 751 nec
3592 695 3851 766 quidquid
3896 695 3967 750 illi

2378 787 2568 844 deesse
2596 802 2858 855 personae,
2890 802 3054 857 penes
3082 804 3242 858 quam
3269 796 3355 845 est
3382 789 3626 859 religioni
3664 803 3875 843 summa
3914 798 3967 844 et

2352 880 2678 959 substantia
2705 880 3022 951 disciplinae.
3068 881 3325 936 Estimet
3370 883 3491 951 quis
3519 882 3749 951 pretium
3794 882 3971 937 domi-

2383 973 2486 1029 nici
2530 975 2731 1044 gregis,
2768 982 2826 1027 ut
2864 974 2995 1028 sciat
3023 974 3164 1043 quod
3193 976 3443 1029 meritum
3475 975 3835 1030 constituendi
3878 974 3975 1032 de-

2381 1075 2502 1131 ceat
2524 1080 2645 1121 esse
2670 1066 2924 1136 pastoris.
2947 1066 3061 1120 Hoc
3092 1066 3162 1121 ita
3191 1066 3303 1135 tiet,
3330 1068 3377 1121 si
3407 1083 3514 1123 non
3542 1068 3829 1124 sacerdotii
3855 1085 3975 1140 gra-

2352 1236 2353 1239 ‘
2381 1156 2482 1212 dus
2506 1159 2643 1213 saltu
2676 1158 2907 1226 quodam
2941 1158 3140 1228 passim
3170 1158 3319 1215 laicis
3350 1159 3765 1217 transferantur.
3792 1161 3975 1233 Longa

2381 1250 2541 1307 debet
2567 1253 2731 1305 vitam
2760 1265 2911 1305 suam
2937 1250 3253 1319 probatione
3282 1260 3609 1319 monstrare,
3643 1253 3728 1308 cui
3770 1254 3974 1322 gubcr-t

2380 1341 2570 1396 nacula
2600 1340 3010 1397 committuntur
3037 1341 3316 1397 Ecclesiae.
3340 1342 3456 1398 Non
3480 1358 3738 1414 negamus
3767 1356 3891 1400 esse
3924 1346 3976 1399 in

2351 1431 2530 1516 |laicis
2561 1432 2668 1487 Deo
2696 1433 2921 1501 placitos
2958 1447 3159 1500 mores,
3188 1433 3284 1488 sed
3329 1434 3525 1490 milites
3554 1450 3683 1490 suos
3714 1429 3979 1504 probatos

2380 1520 2482 1575 sibi
2523 1530 2774 1592 quaerunt
2805 1522 3042 1577 instituta
3077 1522 3272 1579 fidelia.
3321 1525 3538 1581 Discere
3583 1529 3729 1597 prius
3752 1529 3978 1598 quisque

2380 1612 2539 1667 debet
2564 1623 2852 1685 antequam
2883 1616 3110 1679 doceat;
3143 1623 3196 1669 et
3225 1616 3530 1686 exemplum
3558 1618 3826 1689 religiosa:
3847 1635 3977 1675 con-

2378 1705 2696 1759 versationis
2713 1706 2782 1761 de
2807 1720 2865 1761 se
2890 1707 3065 1775 potius
3093 1707 3213 1761 aliis
3243 1718 3534 1778 praestare,
3564 1725 3723 1780 quam
3738 1717 3977 1768 sumere.

694 1814 800 1869 que
829 1798 967 1868 ejus,
994 1798 1145 1868 cujus
1189 1811 1371 1851 curam
1420 1792 1673 1864 suscipis,
1745 1793 1986 1848 imiteris.
2046 1793 2175 1846 Data
2225 1808 2277 1847 tv
2306 1782 2831 1859 B'Emendationem
2860 1812 2983 1853 esse
3023 1801 3275 1854 convenit
3305 1802 3524 1869 populo,
3556 1817 3717 1870 quem
3757 1818 3980 1860 necesse

696 1908 865 1947 nonas
894 1891 1107 1961 Aprilis,
1130 1891 1355 1961 Agapito
1374 1888 1443 1945 V.
1466 1889 1529 1945 C.
1555 1887 1778 1944 consule
1801 1886 1954 1959 (/Era
1977 1903 2097 1942 DLV.
2123 1887 2279 1944 Anno

695 1984 822 2039 Chr.
859 1982 961 2038 517
993 1983 1044 2036 ἰιι
1074 1998 1179 2039 ms.
1210 1981 1443 2051 codice).

1216 2073 1549 2130 EPISTOLA
1590 2072 1756 2129 XXV.

970 2184 1035 2222 sn
1075 2181 1358 2221 untvznsos
1396 2168 1676 2220 episcopos
1717 2176 1998 2218 ntsrstvtat.

705 2257 757 2314 1.
802 2255 879 2310 De
906 2255 1249 2311 sacerdotibus
1271 2258 1427 2326 juxta
1456 2262 1649 2307 statuta
1675 2267 1927 2305 canonum
1956 2252 2279 2306 ordinandis.

798 2343 882 2399 II.
927 2344 993 2398 Ut
1032 2361 1124 2413 pro
1145 2328 1433 2413 episcopatu
1454 2342 1717 2413 praemium
1741 2357 1842 2394 non
1870 2341 2173 2409 accipiatur.
2216 2410 2219 2411 ν

796 2432 915 2487 111.
957 2431 1034 2485 De
1064 2434 1278 2486 concilio
1304 2449 1389 2501 per
1414 2448 1574 2485 annos
1603 2432 1828 2503 singulos
1858 2430 2182 2486 celebrando.

664 2518 669 2529 '
762 2521 1136 2577 Dilectissimis
1168 2521 1420 2576 fratribus
1450 2522 1714 2575 universis
1740 2520 2011 2590 episcopis
2042 2536 2138 2591 per
2169 2520 2281 2576 His-

692 2612 901 2685 paniam
926 2614 1229 2669 constitutis
1258 2613 1560 2668 Hormisda.
2275 2614 2281 2623 '

763 2705 1050 2761 Benedicta
1095 2705 1336 2760 'l‘rinitas
1385 2705 1526 2759 Deus
1572 2712 1775 2769 noster,
1818 2704 1907 2775 qui
1949 2719 2045 2774 per
2072 2704 2282 2761 miseri—

692 2797 927 2854 cordiam
987 2812 1140 2853 suam
1192 2797 1448 2850 Romanae
1507 2795 1815 2865 reipublicae
1864 2809 1958 2865 per
2005 2796 2281 2850 universas

691 2900 868 2961 partes
898 2903 1010 2944 sua:
1035 2889 1179 2959 pacis
1203 2887 1587 2957 tranquillitate
1624 2886 1837 2953 dillusa,
1882 2887 2037 2942 nobis
2066 2902 2280 2959 quoque

690 2976 828 3034 viam
871 2978 1306 3033 demonstrandae
1342 2979 1481 3031 circa
1524 2992 1623 3031 nos
1664 2977 1891 3031 invicem
1922 2978 2162 3034 caritatis
2192 2982 2278 3033 in-

690 3069 873 3133 dulsit,
901 3075 958 3122 ut
996 3068 1083 3137 qui
1117 3066 1452 3121 coluereth
1498 3065 1749 3120 firmitate
1788 3064 1942 3129 fidei,
1992 3066 2279 3137 jungamur

2383 1896 2467 1942 est
2494 1902 2650 1944 orare
2675 1903 2771 1957 pro
2803 1889 3022 1959 pepulo.
3069 1890 3250 1960 Longa
3280 1892 3657 1949 observatione
3696 1894 3981 1964 religiosus

2385 1980 2558 2035 cultus
2596 1980 2856 2045 tradatur,
2889 1990 2946 2034 ut
2976 1981 3171 2047 luceat,
3214 1990 3267 2037 et
3314 1983 3654 2039 clericalibus
3704 1984 3982 2055 obsequiis

2383 2070 2707 2126 erudiendos
2732 2072 3004 2137 inserviat,
3032 2082 3090 2126 ut
3112 2073 3182 2127 ad
3213 2072 3505 2128 venerandi
3535 2074 3734 2145 gradus
3762 2089 3982 2131 summa

2385 2163 2708 2231 perductus,
2739 2164 2826 2233 qui
2862 2164 2932 2218 sit
2952 2163 3156 2220 fructus
3206 2156 3523 2221 humilitatis
3568 2167 3837 2222 ostendat.
3864 2166 3982 2222 Nec

2384 2253 2501 2306 leve
2530 2256 2629 2306 nec
2659 2268 2884 2307 vacuum
2940 2254 3057 2319 fuit,
3088 2254 3230 2323 quod
3279 2269 3379 2309 nec
3423 2254 3563 2325 apud
3592 2266 3805 2311 veteres
3849 2258 3981 2327 qui-

2360 2342 2531 2410 dem,
2554 2344 2655 2397 nisi
2680 2342 2905 2398 Levitici
2928 2348 3141 2419 generis
3168 2345 3291 2415 viri,
3317 2345 3384 2399 ad
3412 2356 3597 2400 sancta
3622 2345 3983 2404 admitteban-

2387 2442 2471 2488 tur
2500 2434 2709 2497 altaria,
2729 2450 2797 2489 ne
2824 2437 3079 2504 pessime,
3114 2436 3321 2491 meritis
3360 2440 3707 2508 contemptis,
3733 2447 3825 2493 aut
3853 2453 3984 2509 pre-

2386 2527 2480 2593 tio,
2513 2534 2604 2579 aut
2649 2529 3067 2596 praesumptione
3097 2527 3163 2582 ad
3201 2542 3386 2583 sacros
3411 2529 3587 2583 cultus
3630 2529 3799 2599 impar
3822 2545 3983 2587 acce-

2383 2616 2557 2672 deret.
2605 2616 2754 2671 Tunc
2781 2619 3084 2688 migrabant
3120 2634 3217 2689 per
3246 2621 3391 2675 illam
3439 2624 3847 2692 praerogativam
3898 2626 3985 2678 fa.

2386 2708 2651 2761 miliarum
2684 2707 2750 2761 ad
2801 2708 3045 2763 instituta
3088 2711 3352 2765 cultorum
3388 2728 3402 2766 :
3450 2727 3592 2767 nunc
3621 2723 3704 2769 est
3735 2713 3983 2773 doctrina

2387 2815 2484 2870 pro
2510 2815 2731 2871 genere.
2780 2802 2935 2867 Quod
2964 2802 3071 2857 illis
3111 2803 3212 2858 fuit
3239 2807 3412 2872 nasci,
3462 2807 3564 2861 hoc
3594 2807 3751 2864 nobis
3780 2809 3979 2865 imbui.

2360 2890 2508 2946 ‘lllos
2532 2892 2876 2946 tabernaculo
2896 2892 3059 2948 dabat
3087 2903 3298 2959 natura,
3332 2911 3431 2951 nos
3455 2897 3713 2954 altaribus
3744 2902 3981 2968 parturit

2383 2984 2687 3049 disciplina.
2708 2983 2815 3039 Nec
2834 2993 3036 3039 tantum
3063 2989 3127 3041 de
3152 2988 3300 3042 laicis
3322 2991 3626 3046 conSecrari
3650 2993 3981 3061 iuhibemus,

2382 3076 2477 3131 sed
2505 3091 2605 3131 nec
2634 3077 2701 3132 de
2726 3077 3104 3147 paenitentibus
3134 3081 3350 3150 quidem
3379 3086 3659 3153 quisquam
3686 3086 3751 3142 ad
3781 3087 3979 3157 hujus-

689 3176 901 3231 quoque
944 3159 1119 3215 votiva
1168 3158 1505 3229 jucunditate
1552 3158 1824 3229 colloquii,
1883 3174 1990 3230 quo
2036 3160 2274 3229 facilius,
2302 3175 2348 3237 ε
2384 3168 2526 3223 modi
2571 3170 2791 3239 gradum
2841 3170 3095 3238 profanus
3124 3181 3416 3229 temerator
3460 3178 3674 3246 aspiret.
3714 3178 3857 3235 Satis
3887 3182 3979 3241 illi

666 3253 813 3306 dum
847 3267 940 3321 per
962 3252 1253 3305 litterarum
1284 3251 1577 3304 ministeria
1624 3250 1687 3304 ad
1721 3267 1818 3306 vos
1848 3268 2016 3322 usque
2060 3266 2276 3323 perten-

689 3342 883 3406 dimus,
917 3342 1080 3395 etiam
1110 3342 1271 3394 corda
1304 3334 1476 3395 vestra
1499 3342 1564 3395 ad
1587 3342 1894 3411 religiosum
1921 3346 2121 3399 cultum
2145 3362 2277 3416 apo-
2311 3366 2314 3371 θ

688 3431 889 3487 stolicis
927 3431 1380 3485 admonitionibus
1411 3432 1734 3487 incitemus:
1767 3445 1821 3488 et
1859 3436 1985 3490 dum
2025 3437 2271 3494 dilectio-
2314 3440 2318 3444 ⁷

688 3524 770 3578 nis
797 3523 990 3576 nostra:
1014 3522 1206 3591 pignus
1237 3522 1508 3578 reddimus
1532 3526 1677 3580 velut
1704 3526 1973 3595 quoddam
2010 3529 2271 3597 debitum,

688 3617 901 3686 plenum
925 3615 1068 3668 circa
1098 3615 1260 3667 Deum
1296 3625 1655 3671 monstremus
1685 3618 1953 3675 allectum.
1980 3622 2273 3692 Jungamus

686 3708 865 3776 igitur,
921 3705 1253 3761 dilectissimi
1312 3706 1536 3774 fratres,
1593 3710 1877 3765 continuas
1932 3722 1985 3767 et
2041 3714 2271 3772 humiles

686 3786 893 3868 preces,
922 3808 975 3853 et
1018 3798 1299 3853 Dominum
1324 3809 1566 3854 nostrum
1598 3802 1708 3856 oris
1735 3813 1789 3858 et
1815 3806 1993 3859 cordis
2019 3807 2269 3879 Iacrymis

684 3892 1041 3961 supplicantes
1067 3891 1176 3960 jttgi
1202 3891 1581 3960 deprecatione
1610 3910 1913 3967 poscamus,
1948 3908 2004 3953 ut
2033 3909 2083 3955 et
2112 3900 2267 3956 insti-

682 3983 889 4037 tutione
919 3989 971 4035 et
1003 3996 1167 4051 Opere
1194 3980 1266 4036 illi
1293 3982 1443 4052 cujus
1466 3998 1586 4039 esse
1621 3988 1859 4041 membra
1883 3990 2128 4058 cupimus
2160 3993 2268 4047 itte-

680 4086 939 4131 reamus:
989 4088 1089 4129 nec
1117 4090 1347 4144 unquam
1394 4076 1462 4131 ab
1496 4078 1587 4132 illa
1630 4080 1709 4133 via
1752 4098 1871 4151 quae
1913 4083 2157 4141 Christus
2185 4098 2269 4144 est

680 4166 836 4222 devio
874 4165 1085 4219 tramite
1114 4165 1461 4232 declinemus,
1514 4184 1579 4223 ne
1609 4171 1678 4224 ab
1704 4185 1768 4225 eo
1807 4172 1950 4241 juste
1981 4190 2137 4244 quem
2171 4193 2267 4234 nos

681 4255 841 4324 impie
882 4255 1236 4324 relinquimus
1284 4260 1617 4314 deseramur.
1667 4263 1819 4328 Quod
1874 4280 1994 4319 cum
2048 4272 2264 4336 superni

681 4345 882 4401 favoris
909 4346 1109 4400 auxilio
1136 4360 1198 4401 ea
1226 4347 1378 4403 nobis
1407 4360 1583 4417 potest
1607 4356 1813 4410 ratione
1854 4360 2186 4429 contingere,
2217 4362 2264 4418 si

680 4439 973 4510 apostolica
1024 4439 1293 4508 dogmata,
1345 4443 1387 4495 si
1422 4442 1634 4498 Patrum
1668 4448 1914 4504 mandata
1962 4467 2259 4511 servemus.

2379 3266 2672 3335 postulanti
2702 3268 2771 3321 sit
2797 3267 2972 3321 venia.
3005 3268 3119 3335 Qua
3146 3271 3476 3327 conscientia
3509 3274 3751 3330 absolvat
3790 3293 3978 3345 reum,

2375 3359 2464 3428 qui
2494 3371 2552 3413 se
2579 3369 2796 3427 peccata
2829 3374 2922 3415 sua
2955 3361 3149 3430 populo
3178 3363 3279 3418 scit
3303 3360 3439 3420 teste
3468 3368 3812 3423 confessum?
3840 3371 3978 3438 Quis

2374 3455 2546 3527 (cum)
2576 3452 2742 3519 enim,
2787 3467 2944 3522 quem
2975 3454 3133 3522 paulo
3163 3465 3288 3511 ante
3314 3456 3449 3512 vidit
3487 3462 3780 3528 jacentem,
3805 3477 3977 3518 vene-

2374 3551 2521 3595 retur
2550 3542 2884 3599 antistitem?
2943 3543 3242 3601 Prtelerens
3293 3547 3633 3621 (perferens)
3682 3552 3978 3616 miserandi

2375 3632 2615 3687 criminis
2644 3634 2838 3700 labem,
2869 3650 2974 3690 non
3008 3636 3167 3693 liabet
3204 3639 3431 3696 lucidam
3473 3644 3759 3700 sacerdotii
3791 3647 3977 3718 digni-

2379 3735 2561 3779 tatem.

2380 3968 2384 3971 γ
2446 3908 2557 3977 Iloc
2582 3924 2795 3979 quoque
2842 3912 2907 3966 ad
2952 3915 3229 3983 praemissa
3260 3916 3615 3987 adjungimus,
3648 3934 3715 3974 ne
3743 3919 3978 3976 benedi.

2370 4000 2624 4065 stionem,
2660 4016 2779 4071 qua:
2822 4002 3000 4057 divina
3030 4018 3149 4060 esse
3174 4007 3409 4061 creditur
3459 4023 3552 4076 per
3578 4010 3979 4079 impositionem

2391 4105 2599 4157 manus,
2624 4092 2744 4160 quis
2766 4095 2937 4162 pretio
2964 4106 3237 4165 comparet
3269 4114 3283 4152 :
3322 4099 3573 4168 quoniam
3616 4110 3738 4155 ante
3776 4101 3977 4159 oculos

2368 4198 2487 4239 esse
2513 4185 2783 4251 convenit,
2817 4188 2955 4256 quod
2988 4187 3170 4242 Simon
3212 4189 3469 4258 Spiritum
3501 4190 3744 4247 sanetum
3782 4195 3981 4255 volens

2376 4275 2745 4343 redemptione
2794 4280 3041 4345 mercari,
3096 4281 3327 4349 apostoli
3394 4282 3556 4337 fuerit
3614 4283 3980 4342 detestatione

2374 4381 2656 4438 percussus
2683 4368 2820 4439 (Act.
2844 4368 2980 4437 vui).
3005 4369 3155 4425 Tunc
3182 4370 3375 4426 deinde
3395 4374 3515 4442 quis
3549 4375 3655 4431 non
3688 4377 3791 4432 vile
3818 4386 3979 4447 putat

2370 4473 2492 4513 esse
2518 4459 2657 4527 quod
2702 4461 2988 4515 venditur?
3030 4463 3187 4519 [stam
3236 4467 3605 4523 sacerdotibus
3654 4472 3979 4529 ordinandis

682 4531 817 4585 Dicit
842 4530 984 4586 enim
1026 4530 1282 4586 Dominus
1323 4542 1503 4587 noster
1532 4556 1544 4589 :
1582 4538 1684 4603 Qui
1728 4539 1893 4610 diligit
1922 4559 2001 4597 me
2023 4584 2038 4605 ,
2079 4561 2272 4600 sermo-
2302 4548 2354 4610 D
2381 4553 2730 4627 reverentiam
2762 4564 2939 4607 servet
2974 4555 3187 4620 electio,
3218 4565 3276 4611 ut
3307 4560 3355 4611 in
3389 4559 3538 4628 gravi
3566 4576 3841 4616 murmure
3870 4579 3979 4633 po-

681 4641 793 4678 ttem
845 4641 1009 4678 meum
1038 4624 1283 4691 servabit,
1328 4636 1374 4680 et
1408 4626 1563 4681 Pater
1593 4646 1733 4684 meus
1760 4633 1937 4704 diliget
1964 4652 2097 4701 eum,
2124 4649 2170 4691 et
2200 4640 2269 4692 ad

680 4735 793 4772 eum
840 4720 1094 4772 veniemus
1157 4760 1169 4782 ,
1202 4729 1250 4772 et
1304 4721 1617 4774 mansionem
1668 4724 1806 4791 apud
1862 4742 1975 4779 cum
2025 4731 2270 4798 faciemus

683 4809 862 4876 (Joan.
894 4808 1029 4880 xiv).
1085 4809 1149 4863 Et
1196 4809 1321 4865 licet
1373 4811 1487 4864 haec
1543 4816 1746 4880 possint
1774 4818 2097 4884 generaliter
2131 4821 2269 4876 dicta

680 4900 929 4955 suflicere
959 4910 1013 4954 ut
1044 4902 1127 4955 vel
1169 4903 1496 4957 declinemus
1539 4916 1735 4971 errata,
1787 4910 1870 4963 vel
1909 4913 2270 4968 custodiamus

679 4990 941 5043 catholica
988 4992 1300 5057 constitttta,
1353 5002 1528 5049 tamen
1577 4996 1697 5065 quia
1742 4995 1964 5053 Joannis
2003 4998 2183 5058 fratris
2214 5014 2268 5059 et

680 5080 982 5149 coepiscopi
1034 5082 1202 5136 nostri
1250 5084 1405 5139 nobis
1454 5086 1813 5141 insinuatione
1842 5090 2109 5160 vulgatum
2159 5103 2262 5161 est,

679 5181 864 5226 contra
885 5185 1147 5227 canonum
1175 5179 1527 5232 reverentiam
1556 5180 1806 5232 nonnulla
1826 5185 2099 5251 prtesumi,
2129 5190 2266 5254 peri-

677 5265 873 5329 culum,
906 5265 1046 5333 quod
1077 5265 1381 5323 doctoribus
1412 5272 1653 5327 imminet
1676 5272 1744 5329 de
1776 5275 2135 5333 taciturnitate
2167 5281 2262 5337 de-

682 5357 904 5422 clinans,
938 5366 991 5412 ct
1021 5358 1327 5428 prepltetica
1350 5376 1481 5418 voce
1504 5378 1876 5437 compunctus,
1906 5384 2007 5439 qua
2035 5370 2257 5429 dicitur:

680 5447 939 5520 Loquere,
970 5467 1036 5505 ne
1074 5460 1240 5504 taceas
1273 5448 1430 5512 (lsai.
1465 5455 1637 5527 xvm),
1668 5461 2008 5527 generalibus
2050 5463 2262 5520 edicen-

675 5540 805 5595 dum
835 5542 1040 5597 credidi
1068 5542 1395 5596 constitutis.

751 5722 819 5777 Ut
848 5727 917 5784 .in
949 5728 1316 5783 sacerdotibus
1355 5729 1689 5795 ordinandis,
1732 5751 1851 5805 qua)
1878 5751 2000 5794 sunt
2028 5757 2057 5794 a
2093 5742 2263 5797 l'atri-

675 5808 774 5865 bus
795 5810 1099 5881 nrieser'mta
1127 5830 1178 5873 et
1202 5820 1415 5875 definita
1444 5823 1688 5893 cogitetis
1718 5843 1728 5877 :
1759 5830 1880 5897 quia
1910 5832 2042 5885 sicut
2067 5847 2145 5887 cst
2174 5848 2264 5888 ca-

2376 4644 2620 4710 pulorttm
2652 4644 2890 4699 divinum
2939 4647 3189 4702 credatur
3226 4664 3347 4705 esse
3387 4652 3670 4720 judicium.
3719 4654 3799 4708 lbi
3828 4656 3982 4718 enim

2378 4736 2539 4798 licus,
2568 4735 2657 4790 ubi
2694 4737 2922 4805 simplex
2960 4740 3078 4795 sine
3119 4743 3380 4809 pravitate
3425 4759 3739 4802 consensus.
3778 4746 3982 4811 Verum

2375 4841 2473 4880 nec
2501 4826 2636 4881 hanc
2666 4830 2881 4897 quidem
2923 4842 3127 4898 partem
3153 4835 3533 4892 sollicitudinis
3563 4848 3617 4893 et
3646 4839 3982 4897 admonitio.

2378 4921 2458 4973 nis
2487 4921 2809 4987 omittimus,
2836 4938 2901 4976 ne
2925 4927 3005 4978 vel
3036 4927 3128 4981 ille
3151 4942 3209 4981 se
3238 4943 3265 4981 a
3284 4931 3443 4999 culpa
3460 4932 3691 4987 aestimet
3716 4934 3980 5006 alienum,

2374 5013 2486 5081 qui,
2520 5013 2621 5067 etsi
2652 5014 2768 5082 ipse
2796 5016 3012 5084 quidem
3060 5034 3088 5072 a
3110 5022 3477 5091 redemptione
3507 5023 3662 5090 liber,
3713 5028 3979 5085 initiavc-

2376 5104 2439 5157 tit
2476 5105 2846 5163 benedictione
2871 5111 3092 5180 mystica
3118 5114 3474 5182 sacerdotem,
3510 5127 3565 5173 et
3592 5127 3772 5175 tamen
3797 5121 3867 5175 ad
3891 5124 3979 5176 al.

2376 5195 2544 5248 terius
2594 5197 2856 5269 redempti
2906 5201 3232 5259 voluntatem
3282 5208 3364 5262 vel
3415 5220 3611 5277 sponte
3659 5210 3716 5265 in
3761 5210 3863 5268 hoc
3883 5215 3979 5267 vel

2376 5289 2695 5343 neces~itate
2736 5296 3092 5350 consenserit.
3126 5298 3261 5365 Quid
3295 5302 3523 5369 prodest
3554 5304 3629 5358 illi
3661 5318 3975 5362 suocrrore

2376 5390 2480 5429 non
2532 5378 2717 5447 pollui,
2763 5384 2852 5451 qui
2884 5400 3207 5443 consensum
3256 5402 3479 5461 praestat
3504 5394 3743 5450 erranti?
3774 5395 3977 5456 Procul

2374 5465 2533 5520 dlllliO
2564 5481 2747 5525 contra
2777 5476 3026 5532 mandata
3048 5483 3339 5536 committit
3370 5493 3425 5539 et
3447 5486 3538 5555 qui
3590 5486 3749 5541 liabet
3779 5501 3976 5556 pecca~

2371 5567 2479 5611 tum
2511 5562 2811 5631 proprium,
2845 5578 2900 5621 et
2948 5571 3036 5637 qui
3094 5583 3370 5638 peccatum
3421 5576 3665 5644 sequitur
3708 5578 3975 5635 alienum.

2371 5653 2639 5708 Incassum
2685 5659 2895 5714 animus
2949 5665 3151 5720 resistit
3202 5670 3506 5736 cupiditati,
3535 5672 3579 5725 si
3615 5687 3718 5725 non
3767 5673 3973 5731 resistit

2368 5757 2415 5796 et
2470 5745 2667 5801 timori.
2720 5750 2998 5808 Adversus
3056 5759 3171 5811 lucc
3218 5758 3447 5828 facilius,
3502 5764 3612 5818 Deo
3659 5764 3969 5834 adjuvanle,

2372 5839 2756 5907 providebitur,
2814 5843 2859 5898 si
2914 5844 3058 5903 circa
3117 5854 3565 5922 metropolitanos
3614 5855 3953 5929 privilegiaa
