4262 6264
364 325 466 379 (ὶῦ

1574 337 1924 393 EPISTULJS
1966 341 2049 394 ΕΤ
2092 341 2421 396 [ιΕΟΙιΕΤΑ.

3517 350 3621 405 ἂι

359 436 557 489 sanctis
586 436 828 492 Patribus
853 442 1139 495 constituta
1188 456 1567 512 permaneant;
1606 446 1649 499 si
1680 458 1946 516 metropo-
1979 459 2020 511 Α
2052 451 2172 503 tlisti
2205 453 2344 505 enim
2378 454 2499 507 boni
2533 452 2848 510 documenta
2896 459 3189 527 pontiﬁcis,
3222 460 3346 513 dum
3387 470 3440 514 et
3482 477 3620 530 prae-

359 525 510 578 litani
546 525 685 579 circa
719 530 997 595 parochias
1028 546 1151 585 suas
1179 535 1421 589 ordinem
1451 551 1605 589 sumn
1636 553 1697 590 ea
1721 554 1823 603 qua
1847 539 1939 591 de-

356 624 446 667 cet
475 616 820 670 veneratione
864 622 1190 688 custodiant,
1235 636 1289 675 ut
1336 640 1434 677 nec
1473 626 1663 679 electio
1694 629 1937 692 praesulis

357 715 538 773 empta
561 706 718 760 detur
764 710 969 775 pretiis,
1018 725 1069 765 et
1101 728 1197 765 nec
1222 714 1565 783 obsequentis
1612 720 1682 772 sit
1719 722 1939 787 qutesita

357 796 629 860 operibus,
648 798 739 850 sed
768 799 837 851 ita
866 800 967 854 ﬁxa
997 802 1292 857 habeantur
1314 805 1365 857 in
1386 807 1658 871 cordibus,
1688 808 1942 875 quemad-

357 887 570 940 modum
599 889 906 958 releguntur
928 891 979 944 itt
1001 893 1311 961 Scripturis.
1337 896 1393 948 Si
1425 898 1568 950 nulla
1596 898 1704 951 sint
1724 896 1775 950 in
1802 906 1939 952 tem-

356 978 461 1045 plis
489 978 817 1046 emptionnm
847 982 1070 1044 semina,
1106 985 1245 1036 nulla
1274 998 1432 1039 erunt
1470 987 1706 1041 fomenta
1732 989 1937 1042 discur-

356 1069 463 1121 dia:
486 1086 503 1131 ;
533 1071 651 1135 sed,
676 1082 932 1139 regnante
954 1075 1200 1140 caritate,
1229 1076 1328 1129 sub
1348 1078 1437 1130 illa
1458 1093 1615 1147 quam
1645 1079 1798 1133 nobis
1823 1095 1941 1148 pro-

357 1162 503 1213 tuisit
530 1160 669 1214 Deus
700 1171 754 1215 ct
784 1163 1027 1218 retribuit
1049 1181 1179 1233 pace
1208 1167 1435 1221 vivatur.

428 1364 510 1415 0h
552 1366 650 1417 hoc
706 1364 890 1420 Patres
939 1366 1280 1424 Providentia
1320 1385 1420 1438 qia
1462 1372 1692 1441 Spiritus
1727 1383 1941 1428 sant-tus

356 1455 593 1506 cultores
629 1470 758 1507 suos
791 1469 1147 1525 compungere
1175 1459 1422 1525 dignatus
1453 1470 1535 1514 est
1574 1462 1773 1515 incitati
1803 1503 1816 1523 ,
1863 1465 1941 1515 his

358 1544 411 1595 in
453 1559 594 1596 anno
645 1559 740 1612 per
768 1548 1046 1613 parochias
1096 1548 1329 1618 singulas
1357 1551 1581 1605 concilia
1615 1553 1801 1606 haberi
1848 1553 1941 1607 de-

358 1636 485 1686 bere
513 1635 828 1700 docuerunt,
878 1645 935 1689 ut
980 1637 1031 1690 itt
1061 1653 1222 1691 ttnum
1251 1642 1400 1707 juxta
1442 1642 1671 1695 salubris
1717 1643 1931 1698 institu-

358 1724 518 1776 tionis
559 1724 804 1792 dogmata
851 1729 1178 1796 congregati,
1217 1746 1311 1797 pro
1340 1732 1720 1786 ecclesiasticis
1763 1737 1939 1788 causis

2041 540 2263 595 tticanda
2299 543 2458 607 facis,
2493 554 2547 597 et
2577 558 2637 596 ea
2668 545 2893 600 suadere
2922 563 3026 600 non
3063 548 3265 601 differs.
3304 549 3621 619 Praerogati-

2044 649 2159 686 vam
2191 636 2257 688 de
2299 637 2463 689 nostri
2511 639 2833 704 sumpsimus
2875 640 3138 694 electione
3161 641 3340 706 jndicii
3368 683 3382 704 ,
3414 648 3625 710 quanio

2046 723 2094 775 id
2146 735 2197 777 te
2244 736 2437 794 sponte
2467 728 2711 794 amplecti
2746 728 3000 798 (Operari)
3033 728 3315 783 didicimus
3354 731 3493 798 quod
3522 745 3626 784 (ξίν-

2048 815 2174 867 teris
2202 816 2547 882 imperamus.
2582 820 2808 872 Oramus
2835 819 3097 889 siquidem
3128 822 3359 874 divinam
3391 824 3627 878 clemenc

2047 904 2175 958 tiam
2212 907 2412 975 (divina
2469 909 2783 975 beneﬁcia),
2827 923 3050 966 cunctos
3082 922 3133 965 et
3184 914 3295 966 lucc
3338 914 3402 966 ad
3451 915 3624 968 studia

2044 997 2419 1053 ecrlesiasticzn
2438 1001 2577 1065 pacis
2602 1001 2947 1055 instrumenta
2966 1004 3377 1057 transmisimus.
3396 1003 3476 1057 Tu.
3500 1015 3621 1058 vota

2046 1097 2224 1140 nostra
2279 1099 2332 1141 et
2392 1091 2530 1144 fideli
2588 1091 2931 1160 intelligentia
2987 1108 3157 1161 percet
3182 1094 3299 1156 isti,
3356 1104 3412 1148 et
3462 1096 3621 1150 ofﬁcii

2048 1178 2286 1241 protinus
2310 1179 2595 1235 devotione
2620 1186 2891 1251 complest'
2913 1222 2926 1245 ,
2956 1185 3162 1239 cunctis
3193 1185 3441 1239 fratribus
3471 1187 3621 1240 inno-

2047 1276 2253 1320 te~cens
2295 1284 2415 1335 qua!
2444 1284 2537 1337 per
2562 1273 2835 1325 caalestem
2868 1274 3003 1341 grati
3025 1288 3091 1325 xm
3142 1275 3350 1328 cunctis
3379 1273 3618 1343 profutu-

2047 1373 2101 1411 ra
2131 1374 2475 1427 cognoveras.
2516 1362 2940 1430 Suffragamibus
2974 1363 3132 1430 igitur
3168 1364 3262 1418 tibi
3306 1374 3381 1418 tot
3416 1366 3620 1419 meritis

2048 1451 2145 1517 pic
2186 1450 2561 1504 sollicitudinis
2599 1462 2652 1505 et
2692 1452 2890 1507 laboris
2914 1494 2927 1515 ,
2972 1461 3115 1506 certe
3142 1443 3247 1521 jam
3276 1454 3503 1509 deiectat
3534 1457 3619 1512 iu-

2042 1542 2260 1609 jnngere
2283 1558 2399 1609 qua:
2422 1544 2485 1596 ad
2512 1545 2675 1597 nostri
2699 1560 2881 1599 curam
2907 1554 3114 1599 constat
3146 1544 3304 1600 ofticii
3334 1546 3619 1612 pertinere.

2047 1640 2102 1681 ut
2138 1633 2422 1699 provinciis
2464 1644 2606 1687 tanta
2646 1635 3027 1704 longinquitate
3066 1634 3374 1703 disjunCtis,
3418 1646 3471 1689 et
3501 1651 3622 1689 nos-

2048 1734 2179 1776 tram
2222 1725 2394 1789 pos-is
2436 1727 2685 1780 exhibere
2731 1743 3049 1796 personam,
3081 1742 3132 1781 et
3178 1731 3391 1785 Patrum
3426 1732 3624 1802 regulis

360 1816 645 1867 lmclandis
670 1818 835 1870 libere
861 1820 1230 1885 convenirent,
1268 1830 1325 1874 ut
1368 1822 1413 1873 si
1441 1824 1587 1888 juxta
1617 1835 1797 1876 votum
1824 1827 1940 1878 nni-
1979 1823 2016 1879 Β
2045 1817 2299 1870 adbibere
2329 1818 2645 1870 custodiam.
2682 1819 2833 1872 Vices
2864 1820 3040 1888 itaque
3076 1830 3285 1876 ttOSlraS
3324 1837 3417 1888 per
3460 1822 3622 1874 Batti.

362 1917 510 1957 versa
554 1906 876 1971 consistunt,
909 1908 1072 1962 Deum
1098 1910 1297 1978 junctis
1337 1914 1574 1979 vocibus,
1607 1914 1696 1981 qui
1727 1926 1940 1981 praesutt

361 1995 680 2059 desiderata,
723 1999 1048 2053 collaudem.
1101 2002 1327 2057 Difﬁcile
1355 2012 1438 2056 est
1480 2007 1619 2057 enim
1664 2017 1721 2058 ut
1764 2008 1942 2074 injus-

362 2102 517 2152 quam
548 2102 641 2140 cor
668 2092 840 2155 pravis
868 2092 945 2144 sic
966 2092 1378 2160 cogitationibus
1422 2094 1721 2161 induretur,
1748 2106 1856 2148 uta
1886 2113 1944 2149 se

368 2189 634 2244 patiantur
661 2181 917 2248 culpanda
961 2184 1097 2249 fieri,
1141 2199 1262 2237 cum
1296 2194 1502 2239 novent
1542 2186 1663 2255 (sibi
1713 2187 1967 2240 subettn-‘

366 2269 517 2337 dum)
542 2283 598 2321 se
618 2269 869 2336 judicium
891 2273 1185 2326 subiturum
1213 2288 1332 2327 esse
1356 2276 1588 2328 cocilii.
1626 2277 1943 2329 Prmcittctos

364 2358 429 2411 ad
457 2358 591 2411 hanc
623 2362 760 2412 viam
801 2378 1012 2430 semper
1052 2364 1261 2417 lumbos
1308 2365 1559 2425 habeant,
1592 2368 1828 2420 scientes
1860 2381 1943 2420 ra-

363 2450 559 2500 tionem
593 2459 806 2515 actuum
838 2466 1051 2506 suorum
1082 2468 1203 2508 esse
1224 2453 1567 2508 reddendam.
1604 2454 1943 2522 Suspendan-

364 2547 450 2591 tur
469 2539 535 2591 ab
562 2539 761 2593 illicitis
793 2557 885 2608 per
912 2542 1272 2606 formidinem,
1301 2546 1458 2613 etqui
1483 2545 1821 2613 nequiverint
1845 2560 1938 2613 per

364 2629 639 2693 pudorem.
668 2631 742 2684 De
766 2633 1131 2687 conveniendo
1161 2633 1238 2687 bis
1271 2634 1321 2687 in
1350 2651 1491 2688 anno
1518 2644 1701 2689 notum
1743 2647 1822 2689 est
1854 2651 1944 2689 ca-

363 2735 531 2773 nones
566 2731 783 2775 sanctos
811 2724 1177 2788 constituisse;
1233 2736 1288 2778 et
1335 2723 1650 2793 prtcﬁnitnm
1700 2725 1941 2791 quidem,

364 2813 405 2862 si
448 2812 694 2879 possibile
718 2823 821 2877 est,
854 2816 1233 2869 inviolabiliter
1260 2818 1507 2869 convenit
1529 2817 1806 2870 custodiri.
1833 2816 1940 2870 Sed

365 2900 410 2951 si
442 2910 536 2953 aut
556 2913 849 2969 temporum
885 2907 1256 2970 necessitates,
1281 2917 1371 2959 ant
1399 2916 1739 2975 emergentes
1768 2920 1944 2960 causa:

363 2992 469 3046 hoc
518 3010 620 3046 non
668 2997 937 3063 patiuntur
972 2997 1199 3065 impleri,
1234 2998 1401 3051 semel
1456 2998 1641 3051 saltem
1685 3010 1947 3067 (quamvis

363 3100 469 3138 non
509 3086 737 3149 licuerit)
780 3089 895 3141 sine
926 3087 1028 3140 ulla
1059 3089 1402 3142 excusatione
1446 3088 1782 3157 praecipimus
1816 3104 1945 3142 con-

2051 1924 2163 1960 rant
2199 1907 2629 1976 Lusitaniamque
2661 1910 2974 1978 provincias,
3008 1911 3167 1963 salvis
3190 1910 3622 1987 privilegiisqua:

2049 1999 2468 2066 tnetrOpolitanis
2514 2000 2779 2068 episc0pis
2825 2002 3063 2055 decrevit
3112 2002 3435 2070 antiquitas,
3479 2016 3619 2071 pra:-

2046 2088 2183 2163 senti
2222 2088 2310 2141 tibi
2333 2090 2644 2143 auctoritate
2680 2091 3101 2155 committimus,
3168 2098 3422 2159 augentes
3473 2101 3614 2145 tuam

2052 2184 2207 2251 hujus
2230 2185 2633 2254 participatione
2655 2187 2935 2240 ministerii
2961 2186 3293 2255 dignitatem,
3322 2187 3624 2243 relevantes

2048 2283 2255 2327 nostras
2304 2274 2541 2341 ejusdem
2601 2274 2836 2328 remedio
2891 2273 3305 2343 dispensationis
3350 2275 3629 2330 excubias.

2052 2364 2116 2417 Et
2143 2364 2268 2417 licet
2307 2366 2372 2418 de
2401 2364 2620 2433 singulis
2647 2380 2751 2418 non
2775 2366 3010 2432 indigeas
3037 2365 3285 2431 edoceri,
3324 2381 3479 2432 quem
3513 2366 3623 2434 jam

2052 2455 2391 2525 probavimus
2420 2458 2628 2511 cautius
2659 2457 2901 2510 universa
2936 2471 3188 2518 servare,
3219 2457 3421 2525 gratius
3449 2464 3623 2510 tamen

2046 2560 2165 2599 esse
2203 2545 2376 2612 solet,
2420 2547 2465 2599 si
2488 2546 2681 2599 iterum
2726 2554 2921 2598 trames
2954 2547 3297 2611 ostendatur,
3335 2557 3387 2599 et
3427 2546 3624 2600 laboris

2049 2633 2306 2702 injunctio
2364 2636 2611 2703 superius
2673 2635 2896 2689 formata
2967 2645 3314 2688 monstretur.
3372 2636 3625 2690 Paterna.-

2048 2727 2208 2795 igitur
2237 2728 2446 2796 regulas
2481 2737 2533 2782 et
2556 2727 2767 2782 decreta
2800 2744 2824 2778 a
2880 2729 3078 2782 sanctis
3125 2729 3339 2784 deﬁnita
3384 2730 3624 2785 conciliis

2048 2819 2292 2871 oumibus
2340 2818 2598 2873 servanda
2657 2818 2991 2872 mandamus.
3053 2819 3107 2871 ltt
3166 2820 3247 2873 his
3302 2819 3623 2884 vigiltntiatn

2053 2919 2226 2973 tuam,
2257 2908 2309 2960 in
2353 2907 2433 2961 his
2474 2923 2657 2962 curam
2700 2907 2948 2963 fraterna:
2991 2909 3194 2964 monitu
3240 2909 3626 2967 exhortationis

2050 2996 2404 3051 cxtendimus.
2442 2996 2533 3049 llis
2561 3010 2624 3049 ea
2668 3011 2770 3064 qua
2803 2997 3017 3063 dignum
3050 3006 3133 3050 est
3174 3000 3467 3051 reverentia
3508 3014 3625 3052 cus-

2053 3085 2261 3147 toditis,
2292 3083 2490 3137 nullum
2525 3083 2776 3150 relinquit
2801 3085 2971 3150 culpa:
3014 3085 3216 3147 locum,
3264 3100 3361 3138 nec
3404 3100 3601 3140 sanctas

364 3174 566 3228 venire.
601 3175 744 3237 Ilaec,
794 3177 983 3229 fratres
1028 3178 1313 3243 carissimi,
1345 3188 1399 3232 et
1429 3180 1533 3231 alia
1581 3194 1699 3247 qua:
1730 3178 1944 3232 Patrum
1977 3187 2020 3247 (ζ
2052 3174 2439 3228 observationis
2467 3173 2816 3226 obstaculnm.
2842 3172 2916 3229 lbi
2955 3173 3033 3225 fas
3065 3173 3314 3244 nefasque
3346 3181 3625 3249 praescrip.

364 3270 563 3338 regulis
598 3274 961 3334 continentur,
1000 3274 1048 3325 in
1094 3273 1245 3326 labiis
1275 3283 1324 3326 et
1377 3273 1426 3325 in
1460 3273 1709 3325 cordibus
1752 3276 1945 3326 nostris

366 3362 530 3413 invisa
557 3363 936 3415 retractatiOne
954 3364 1299 3423 meditemur;
1324 3373 1396 3427 et,
1418 3363 1815 3428 sicutscriptum
1830 3371 1911 3415 est
1928 3405 1940 3428 ,

366 3469 622 3505 narremus
646 3470 705 3506 ea
732 3453 853 3520 [iliis
874 3454 1078 3512 nostris.
1114 3461 1164 3505 ut
1197 3470 1255 3505 ea
1286 3455 1594 3505 meditantur
1622 3453 1675 3504 in
1703 3453 1940 3505 cordibus

366 3543 491 3604 suis,
508 3543 729 3595 sedentes
759 3545 810 3594 in
831 3543 1001 3604 domo,
1029 3541 1344 3595 ambulantes
1366 3543 1416 3593 in
1440 3542 1634 3603 itinere,
1670 3541 1928 3593 dormitm-

366 3641 435 3682 σεε
465 3639 607 3698 atque
635 3640 894 3698 su'gentes
923 3630 1100 3697 (Deut.
1130 3632 1205 3697 vt)
1233 3648 1244 3682 :
1277 3632 1394 3699 quia
1418 3631 1589 3683 beatus
1609 3634 1662 3682 in
1695 3629 1935 3692 Domino,

367 3719 456 3783 qui
481 3718 533 3769 in
550 3720 653 3786 lege
674 3720 784 3787 ejus
809 3718 1130 3770 meditabitur
1156 3719 1238 3771 die
1275 3733 1336 3770 ac
1365 3728 1510 3770 nocte
1541 3716 1712 3786 (Prol.
1743 3721 1807 3787 ι).
1837 3717 1944 3770 Hoc

368 3819 416 3862 ct
451 3810 699 3875 magister
727 3809 977 3877 gentium,
1002 3809 1324 3876 discipulum
1362 3826 1513 3862 suum
1545 3819 1759 3864 secutus
1797 3811 1945 3865 insti-

368 3900 484 3961 tuit.
517 3900 808 3953 admonens
836 3918 847 3951 :
884 3899 1010 3953 Hac
1048 3900 1306 3967 meditare,
1334 3902 1384 3953 in
1431 3900 1505 3953 Itis
1533 3910 1636 3953 esto
1659 3898 1710 3971 (Ι
1760 3900 1935 3954 Thess.

369 3993 449 4060 nt)
485 4003 574 4045 :et
605 3992 894 4060 subjiciens
923 3992 1329 4059 plenitudinem,
1386 3994 1601 4045 Attende
1642 3993 1729 4045 tibi
1770 4003 1816 4044 et
1851 3992 1945 4046 doc

370 4085 559 4144 striata,
606 4082 794 4151 inquit,
842 4082 961 4150 qwia
1016 4082 1060 4137 si
1099 4081 1342 4135 fidelibus
1384 4082 1499 4134 sine
1545 4081 1944 4135 intermissione

367 4174 722 4228 incumbimus
770 4173 1044 4235 institutis,
1084 4188 1396 4242 separamur
1438 4190 1467 4225 a
1496 4174 1639 4227 vitiis
1670 4173 1794 4226 dum
1847 4174 1943 4226 im—

368 4280 530 4333 pensa
558 4280 683 4317 cura
715 4265 895 4317 divino
924 4265 1069 4329 operi
1103 4265 1333 4317 humano
1360 4263 1534 4317 locum
1557 4277 1660 4317 non
1688 4264 1943 4332 relinquit

370 4358 558 4410 errori.
596 4358 718 4409 Dat:
746 4372 795 4409 tv
816 4371 981 4408 nonas
998 4355 1217 4423 Aprilis,
1251 4357 1472 4426 Agapito
1496 4357 1613 4410 viro
1641 4356 1946 4411 clarissimo

370 4449 589 4499 consule
615 4461 777 4511 (anno
805 4446 1011 4498 Domini
1046 4447 1197 4512 517).

884 4558 1202 4611 EPISTULA
1244 4556 1431 4609 XXVI.

910 4666 973 4702 AD
1010 4664 1326 4702 SALLUSTIUM
1344 4640 1351 4645 Ἥ
1368 4653 1405 4701 ⁶.

375 4740 654 4793 Sallustius
708 4740 999 4808 apostolica:
1046 4738 1178 4790 sedis
1232 4740 1448 4790 vicarius
1499 4738 1819 4791 constituitur
1867 4755 1954 4807 per

614 4808 858 4861 Bteucam
887 4818 933 4860 et
965 4809 1280 4861 Lusitaniam
1315 4816 1683 4875 (provincias).

443 4922 733 4976 Carissimo
760 4921 1165 4989 (Dilectissimo)
1190 4920 1338 4974 fratri
1366 4921 1621 4976 Sallustio
1648 4920 1950 4974 llormisda.

445 5013 808 5080 Suscipientes
850 5012 1002 5078 plena
1053 5012 1393 5065 fraternitatis
1426 5023 1529 5065 tua:
1570 5013 1742 5063 votiva
1778 5023 1953 5078 gratu-

378 5107 575 5159 latione
612 5105 906 5169 colloiptia,
938 5122 1053 5172 quae
1085 5120 1182 5158 nos
1218 5108 1441 5173 geminat
1471 5106 1660 5158 salutis
1689 5115 1790 5155 tote
1821 5104 1952 5155 lani-

378 5199 672 5249 ficaverttnt
719 5193 914 5247 indicio
940 5195 1223 5262 (siquidem
1270 5194 1565 5246 retulerunt
1602 5204 1653 5246 te
1688 5195 1953 5260 corporali

379 5305 497 5343 cum
548 5287 917 5354 spiritualtbus
968 5287 1159 5341 officiis
1214 5285 1574 5339 incolumitate
1624 5286 1954 5347 subnixum),

364 5394 668 5448 'rongrunm
740 5394 862 5432 esse
926 5379 1294 5446 perspeximus
1363 5380 1499 5433 hanc
1573 5379 1739 5446 ipsam
1800 5394 1955 5444 quam

388 5482 557 5526 incute
598 5472 831 5541 gerimus
859 5469 935 5539 (a)
962 5470 1222 5537 expedire
1254 5470 1511 5537 (aperire)
1545 5470 1799 5522 laetitiam.
1838 5466 1956 5519 lidi-

448 5605 528 5672 (a)
553 5604 691 5658 Edit.
729 5603 984 5672 Romana,
1003 5600 1173 5672 (verbis
1198 5601 1457 5667 expedire.

451 5675 529 5734 (b)
564 5675 703 5726 hdie.
736 5673 888 5725 Ilotn.
912 5671 1060 5723 addit
1081 5686 1273 5723 sacras.

455 5750 469 5766 '
512 5747 820 5811 Spalvnsent
851 5743 1049 5808 episc.:
1077 5739 1143 5792 ita
1180 5754 1277 5791 ms.
1310 5739 1518 5791 c.1nst.

827 5834 1091 5893 PATnuL.
1137 5829 1353 5891 LXIII.

2054 3273 2159 3317 tum
2189 3273 2300 3327 est,
2337 3263 2408 3317 ibi
2444 3262 2768 3331 prohibitum
2806 3263 2869 3315 ad
2913 3265 3051 3332 quod
3085 3265 3258 3317 tmllus
3304 3268 3499 3320 audeat
3540 3282 3626 3320 as.

2051 3357 2246 3426 pirare,
2283 3356 2353 3409 ibi
2384 3370 2694 3411 concessum
2726 3355 2852 3423 quid
2889 3354 3081 3409 debeat
3124 3370 3275 3410 mens
3318 3356 3424 3410 Deo
3468 3359 3625 3425 placi-

2051 3458 2162 3502 tura
2190 3463 2530 3517 prassumere.
2561 3447 2780 3513 Quoties
2811 3447 3128 3500 universalis
3160 3448 3326 3516 poscit
3355 3450 3627 3518 religionis

2048 3557 2237 3608 causa,
2270 3541 2334 3594 ad
2367 3541 2647 3596 concilium
2681 3548 2731 3593 te
2758 3541 2933 3593 cuncti
2976 3539 3167 3594 fratres
3210 3545 3465 3595 evocante
3496 3557 3623 3596 con-

2048 3633 2263 3686 veniant
2307 3649 2321 3687 :
2358 3642 2411 3686 et
2449 3631 2491 3685 si
2532 3645 2666 3700 quos
2705 3645 2888 3683 eorum
2938 3630 3185 3697 specialis
3227 3632 3423 3697 negotii
3457 3633 3627 3701 pulsat

2048 3720 2315 3775 contentio
2334 3720 2813 3791 (intentio),jurgia
2836 3722 2973 3774 inter
2988 3735 3080 3774 eos
3100 3723 3285 3774 oborta
3306 3736 3586 3788 compesce
3608 3761 3625 3788 ,

2048 3814 2285 3867 discussa
2347 3816 2515 3868 sacris
2587 3814 2794 3883 legibus
2840 3814 3246 3869 determinando
3306 3818 3617 3871 certamina.

2049 3906 2316 3974 Quidquid
2346 3917 2521 3960 autem
2553 3906 2660 3960 illis
2694 3921 2788 3974 pro
2820 3905 2920 3960 fide
2949 3918 3000 3960 et
3032 3909 3299 3962 Veteribus
3325 3910 3628 3963 constitutis

2049 3997 2128 4049 vel
2148 3995 2363 4062 provida
2378 3996 2728 4063 dispositione
2746 3997 3042 4065 prtecipies,
3066 3999 3143 4051 vel
3168 4013 3409 4066 persona:
3433 4010 3629 4054 nostra:

2047 4087 2363 4141 auctoritate
2412 4087 2663 4140 formabis
2697 4088 3004 4157 (firmabis),
3038 4098 3204 4143 totum
3255 4090 3321 4143 ad
3352 4093 3628 4147 scientiam

2050 4192 2281 4233 nostram
2319 4183 2589 4234 instructa:
2639 4182 2910 4235 relationis
2947 4184 3287 4238 attestatione
3330 4187 3626 4252 perveniat,

2050 4276 2158 4324 ut“
2186 4282 2367 4325 noster
2382 4273 2593 4325 animus
2622 4273 2784 4325 ofﬁcii
2817 4274 3039 4326 caritate
3064 4275 3264 4336 dati,ct
3287 4287 3406 4330 tuus
3432 4281 3631 4332 securi-

2052 4376 2157 4416 tate
2180 4365 2478 4429 perfruatur
2500 4365 2723 4431 accepti.
2754 4365 2889 4417 Deus
2912 4375 2962 4417 te
2985 4366 3304 4419 incolumem
3335 4369 3628 4436 custodiat,

2052 4454 2218 4507 fr.-ter
2246 4454 2540 4506 carissime.

2682 4542 3006 4597 EPISTUL.\

2339 4648 2535 4690 JDSTINI
2569 4650 2910 4688 ISII‘I'IRATUDIS
2939 4651 3003 4687 AD
3032 4650 3351 4690 IlOIlIlISDHI.

2263 4723 2331 4777 Sc
2373 4723 2726 4791 imperatorem
2763 4723 2973 4775 electum
3016 4740 3119 4775 csse
3158 4724 3430 4793 signiﬁcat.

2130 4817 2371 4871 Justinus
2402 4816 2668 4883 Augustus
2697 4814 2993 4868 llormisda:
3025 4831 3192 4881 pnptl'.

2134 4909 2225 4963 Dei
2256 4908 2509 4961 beneﬁcia
2547 4908 2671 4960 licet
2701 4906 2912 4967 multis,
2949 4905 3177 4958 inaxime
3210 4912 3385 4957 tamen
3417 4904 3635 4957 summis

2066 5001 2406 5068 pontiﬁcibus
2430 5000 2678 5052 convenit
2702 4997 2942 5051 indicari.
2974 4996 3203 5051 Proinde
3227 4996 3487 5050 sanctitati
3518 5012 3637 5051 ves,-

2064 5103 2157 5145 trte
2189 5107 2279 5158 per
2311 5090 2405 5143 has
2436 5092 2505 5159 (b)
2539 5089 2871 5142 declaramus
2928 5085 3182 5152 epistolas
3219 5086 3359 5155 qUUd
3409 5090 3638 5157 primum

2034 5182 2298 5255 (quidem,
2350 5178 2720 5249 inseparabilis
2757 5177 3033 5230 Trinitatis
3074 5176 3274 5243 favore,
3307 5177 3499 5233 deinde
3529 5196 3640 5233 atti-

2064 5274 2425 5341 plissimorum
2458 5284 2735 5339 procerum
2762 5270 2896 5321 sacri
2931 5265 3099 5321 nostri
3134 5269 3310 5335 palatii
3339 5278 3392 5323 et
3418 5269 3634 5321 sancti:-

2062 5366 2180 5419 sitni
2212 5374 2447 5423 senatus,
2469 5376 2564 5414 nec
2596 5376 2697 5412 non
2729 5360 2991 5414 electione
3024 5361 3312 5415 ﬁrmissimi
3344 5361 3629 5424 exercitus,

2061 5456 2124 5508 ad
2158 5456 2438 5521 imperium
2471 5466 2596 5516 nos,
2635 5451 2759 5504 licet
2788 5451 3029 5505 nolentes
3060 5467 3121 5504 ac
3151 5458 3487 5512 recusantes,
3523 5452 3631 5501 ele-

2137 5597 2173 5614 "
2210 5592 2516 5645 Voluntaria
2550 5602 2669 5644 tuus
2695 5593 2903 5645 an'mus
2929 5590 3117 5644 ofﬁciis
3141 5588 3363 5640 caritate
3393 5586 3535 5641 datis
3581 5599 3632 5646 ct

2062 5681 2124 5720 et
2156 5663 2309 5730 hujus
2332 5662 2529 5714 decreti
2561 5664 2844 5715 securitate
2880 5661 3179 5727 jerfrnatur
3214 5662 3465 5725 acceptis.

3132 5812 3201 5877 Ν
