4262 6264
644 254 741 308 427
828 305 833 309 «

1982 258 2353 314 ΗΟΒΜΙΞΒΑΞ
2394 261 2476 317 ΡΑ
2489 264 2594 321 PE

3790 287 3893 341 ιεε

637 378 755 424 ctos
801 367 964 422 fuisse
1020 377 1177 438 alque
1220 368 1475 422 tirmatos.
1550 369 1834 422 Precamur
1889 369 2109 437 proinde
2161 373 2297 429 utA

2207 373 2297 429 ιΑ
2323 374 2645 441 colentium,
2676 394 2875 448 proque
2906 384 3108 437 unitate
3145 386 3526 442 venerabilium
3564 392 3679 459 ejus
3708 393 3890 451 Eccle-

636 460 832 515 sanctis
858 459 1185 515 oratioiiibus
1217 458 1405 513 vestris
1440 456 1637 511 divinae
1668 460 1916 527 potentiae
1946 459 2210 527 supplice-

631 550 731 613 tis,
779 557 1040 618 quatenus
1083 549 1234 602 initia
1276 552 1444 601 nostri
1472 547 1789 602 roborentur
1830 549 2062 617 imperii.
2099 549 2209 602 Hoc

632 640 781 693 enim
806 648 861 693 et
889 653 984 693 nos
1011 653 1227 707 sperare
1246 678 1260 702 ,
1294 648 1347 692 et
1372 652 1468 691 vos
1494 639 1646 693 decet
1676 639 1913 708 implere.
1950 639 2079 693 Data
2119 654 2206 693 ca-

632 731 775 788 lend.
817 730 1072 797 Augusti,
1113 728 1601 797 Constantinopoli,
1636 731 1824 800 Magno
1865 732 1981 785 viro
2020 732 2207 785 claris-

629 825 766 877 simo
794 823 1014 876 consule
1045 822 1207 891 (anno
1240 822 1446 875 Domini
1477 822 1624 892 518).

1122 934 1447 989 EPISTOLA
1490 934 1699 989 XXVII.

1222 1046 1250 1082 Α
1262 1046 1288 1081 0
1335 1042 1609 1081 ιυετιηωι.

624 1118 727 1173 Illo
756 1120 1035 1189 imperante
1062 1127 1226 1187 sperat
1256 1120 1364 1187 fore
1391 1128 1445 1170 ut
1475 1116 1717 1171 Ecclesia:
1744 1135 1846 1186 pax
1888 1120 2197 1173 restituatur.

694 1234 975 1288 Ilormisda
1006 1233 1216 1286 Justino
1244 1233 1502 1300 AtrgnSto.

694 1327 1024 1381 Venerabilis
1069 1327 1217 1395 regni
1263 1328 1424 1379 veSIri
1477 1327 1758 1394 primitiis,
1807 1326 1879 1380 fili
1926 1325 2199 1395 gloriosis-

621 1419 783 1483 sime,
838 1418 956 1471 loco
1000 1418 1235 1471 muneris
1281 1417 1691 1485 gratulationem
1737 1432 1887 1470 suam
1936 1414 2198 1470 catholica

620 1507 931 1562 transmittit
973 1508 1240 1569 Ecclesia,
1274 1522 1367 1575 per
1406 1523 1539 1577 quas
1582 1523 1640 1561 se
1687 1514 1805 1574 post
1845 1514 2041 1560 tantam
2084 1504 2197 1559 dis-

618 1599 813 1653 cordia:
844 1599 1202 1667 fatigationem
1232 1599 1467 1664 requiem
1506 1598 1647 1665 pacis
1678 1597 1918 1651 invenire
1955 1597 2196 1649 conlidit.

617 1686 725 1744 Nec
755 1698 834 1742 est
863 1687 1081 1742 dubium
1117 1686 1239 1742 ideo
1266 1688 1331 1741 ad
1362 1703 1538 1742 rerum
1569 1702 1830 1741 summam
1858 1687 2062 1741 coeles1i
2099 1701 2195 1740 vos

2313 466 2511 520 siarum
2556 469 2760 523 litteras
2803 485 2904 525 tum
2943 477 3208 529 sanctitati
3244 478 3545 549 olis-rendus
3566 483 3889 552 confecisse,

2311 570 2372 610 ac
2404 573 2725 629 magquere
2748 564 3118 630 postttlarunt,
3148 578 3355 623 nostras
3383 573 3543 625 etiam
3574 574 3893 642 epistolares

2315 652 2533 718 paginas
2564 668 2723 721 super
2771 654 2872 708 hoc
2906 656 2972 708 ad
3004 672 3123 711 eam
3163 674 3433 715 emanare.
3483 664 3719 729 Quorum
3757 671 3892 737 peti-

2311 742 2503 809 tiones,
2562 754 2743 811 tttpote
2793 762 3005 816 semper
3046 752 3259 805 unitatis
3308 766 3601 820 amatores,
3662 758 3891 815 libenter

2308 832 2570 900 amplexi,
2606 834 2704 889 hos
2746 838 2956 894 divinos
2997 843 3177 909 apices
3218 845 3281 897 ad
3323 856 3463 899 tnaui
3505 850 3882 907 heatimdinem

2307 924 2615 979 censuimus
2656 932 3036 999 prorogandus.
3080 935 3282 1000 Quibus
3320 939 3560 1007 scriptis,
3601 942 3885 1000 desideriis

2308 1015 2739 1080 supradictorutn
2766 1023 3332 1080 reverendissimorum
3364 1031 3659 1085 antiStitum
3692 1036 3885 1091 subve-

2310 1106 2445 1170 nire,
2497 1123 2697 1177 proque
2737 1113 2890 1166 nobis
2929 1126 2982 1169 et
3025 1119 3294 1185 republica
3319 1162 3334 1184 ,
3368 1122 3519 1190 cujus
3568 1126 3883 1195 gubernatio

2306 1209 2506 1252 nostrae
2551 1202 2733 1268 pietati
2764 1206 2975 1259 coalitus
3006 1210 3208 1262 credita
3254 1221 3364 1277 est,
3400 1227 3683 1278 supernam
3717 1221 3878 1289 maje-

2302 1297 2493 1344 statetn
2535 1294 2647 1346 suis
2684 1296 3015 1366 orati0uibus
3044 1299 3258 1367 placare
3281 1302 3547 1371 dignetur.
3598 1307 3664 1363 Ut
3701 1321 3876 1365 autem

2306 1390 2407 1432 tua:
2430 1384 2731 1455 sanctitatis
2761 1387 2908 1455 pacis
2935 1396 2989 1441 et
3019 1391 3235 1445 unitatis
3256 1402 3413 1463 atque
3439 1399 3741 1454 concordiae
3757 1402 3897 1469 jura

2304 1469 2511 1532 plenius
2542 1476 2828 1540 patetiant,
2868 1480 3127 1546 quosdam
3172 1484 3601 1552 religiosissimos
3625 1492 3873 1545 sacerdo-

2304 1572 2385 1618 tes
2419 1580 2602 1631 pacem
2622 1569 3008 1637 amplectentes
3035 1582 3091 1627 et
3110 1573 3475 1633 desiderantes
3492 1579 3556 1634 ad
3580 1584 3873 1635 sacratissi-

2304 1671 2447 1710 mum
2498 1668 2741 1714 nostrnm
2792 1666 3072 1731 pervenire
3100 1667 3360 1737 disponat
3404 1672 3735 1730 comitatum.
3794 1675 3874 1731 0b

619 1779 949 1849 providentia
995 1778 1332 1848 pervenisse,
1386 1788 1443 1832 ul
1488 1778 1680 1832 vestris
1725 1778 2050 1846 temporibus
2092 1777 2191 1830 im_
2226 1734 2272 1794 Β
2302 1746 2607 1849 hanc-enim
2648 1767 2866 1849 causam
2896 1755 3116 1821 Gratum
3154 1762 3326 1816 virum
3352 1763 3704 1820 clarissimmu
3733 1772 3869 1823 sacri

618 1883 767 1941 paeta
796 1870 1042 1940 religioni
1074 1873 1123 1923 in
1155 1869 1387 1924 Orientis
1416 1869 1653 1940 partibus
1677 1870 1953 1922 abolentur
1975 1867 2185 1936 injuria.

618 1972 644 1999 ιι
681 1962 891 2017 Debitas
925 1962 1079 2016 beato
1111 1960 1268 2017 Petro
1300 1961 1543 2030 apostolo
1572 1961 1780 2037 imperii
1810 1958 1973 2013 vestri
2005 1957 2189 2025 primi-

616 2053 716 2108 tias
744 2051 1076 2118 reddidistis,
1110 2067 1241 2121 quas
1274 2053 1370 2107 hac
1394 2053 1601 2106 ratione
1623 2051 1801 2105 devoti
1829 2050 2154 2117 suscepimus
2173 2090 2188 2112 ,

612 2128 730 2212 quia
760 2142 1121 2197 Ecelesiarum
1155 2158 1250 2211 per
1275 2158 1369 2197 vos
1395 2142 1637 2211 proxime
1666 2141 1897 2194 futuram
1924 2140 2191 2194 credimus

616 2236 730 2290 sine
758 2234 1089 2291 dubitatione
1118 2234 1480 2288 concordiam.
1526 2234 1663 2286 [)eus
1704 2234 1794 2302 qui
1845 2234 2057 2301 pietatis
2099 2246 2191 2286 ve-

609 2339 737 2381 strae
778 2327 1024 2382 sensibus
1055 2326 1355 2395 alloquendi
1411 2340 1507 2380 nos
1558 2336 1675 2379 vota
1726 2325 2022 2390 concessit,
2075 2325 2189 2393 ipse

609 2439 627 2472 ι
644 2418 752 2473 irca
777 2420 1040 2473 sincerum
1068 2418 1339 2488 religionis
1365 2434 1474 2473 suae
1498 2418 1695 2472 cultum
1726 2417 1991 2488 przestabit
2011 2458 2026 2482 ,
2052 2419 2188 2471 sicut

610 2520 884 2579 optamus,
928 2509 1194 2564 elTectum.
1227 2509 1578 2578 Significastis
1608 2509 1909 2563 nolentibus
1944 2519 1996 2563 et
2036 2521 2184 2562 recu-

612 2602 856 2655 santibus
898 2601 1050 2655 vobis
1082 2601 1287 2668 imperii
1333 2601 1539 2669 pondus
1584 2601 1922 2669 impositum,
1953 2613 2054 2669 qua
2101 2614 2185 2653 ra-

610 2692 755 2747 tione
798 2694 997 2747 electos
1039 2707 1135 2747 vos
1178 2692 1382 2746 ccelesti
1421 2702 1634 2745 constat
1673 2706 1791 2745 esse
1823 2690 2058 2759 judicio,
2099 2705 2183 2743 sc-

609 2784 840 2838 cundum
886 2785 1193 2852 Apostolum
1222 2784 1485 2837 dicentem
1522 2801 1533 2834 :
1568 2782 1688 2836 Non
1716 2794 1791 2835 est
1835 2791 2055 2853 potestas
2085 2781 2183 2833 nisi

603 2892 634 2930 a
668 2875 775 2928 Deo
816 2892 835 2930 :
864 2892 976 2943 quw
1003 2886 1170 2928 autent
1207 2882 1355 2941 sunt,
1385 2890 1416 2927 a
1458 2873 1567 2927 Deo
1605 2875 1840 2927 ordinata
1869 2882 1984 2925 sunt
2006 2870 2181 2941 (Itoni.

605 2971 743 3039 xm).
778 2970 1032 3038 Superest
1072 2978 1127 3021 ut
1166 2982 1193 3021 a
1239 2967 1347 3021 Deo
1386 2967 1570 3031 electi,
1603 2968 1742 3021 sicut
1785 2974 1839 3019 et
1879 2965 2175 3028 credimus,

602 3063 875 3131 Ecclesize,
901 3078 1057 3131 quam
1084 3064 1328 3117 laborare
1359 3063 1615 3124 cernitis,
1649 3077 1838 3117 manus
1869 3067 2057 3116 vestra)
2092 3075 2179 3115 so-

601 3156 722 3211 latia
748 3155 1048 3226 porrigetis.
1084 3154 1310 3209 Cessent
1336 3155 1425 3224 qui
1456 3154 1572 3223 paci
1606 3154 1722 3223 ejus
1752 3154 2048 3218 obsistunt,
2081 3154 2175 3205 oh-

600 3256 899 3301 tnutescant
938 3248 1025 3315 qui
1057 3246 1107 3298 in
1152 3248 1317 3299 forma
1362 3256 1637 3312 pastorum
1668 3256 1931 3300 conantur
1961 3261 2175 3314 gregem

599 3336 797 3389 Christi
828 3334 1161 3403 disperdere.
1194 3335 1419 3387 Istorum
1451 3337 1714 3389 correctio
1745 3336 1885 3390 vires
1906 3336 2067 3389 vestri
2093 3336 2180 3387 tir-

598 3437 708 3482 mat
730 3427 937 3497 imperii
964 3442 979 3489 ;
1007 3425 1126 3496 quia
1154 3426 1240 3481 ubi
1275 3427 1415 3481 Deus
1443 3429 1713 3492 recolitttr,
1748 3428 2043 3482 adversitas
2072 3444 2175 3481 non

598 3517 1032 3572 liabetell‘ectum.
1055 3517 1199 3571 llanc
1224 3518 1596 3585 gratulationis
1630 3521 1872 3588 paginam
1907 3533 2002 3589 per
2020 3520 2178 3572 Alex-

596 3610 818 3664 andrum
851 3608 1026 3663 virum
1061 3610 1415 3663 clarissimum
1464 3624 1570 3663 non
1620 3611 1900 3663 omisimus
1937 3610 2174 3663 destina-

597 3716 682 3766 re,
713 3709 989 3770 sperantes
1010 3716 1129 3754 cum
1157 3700 1249 3754 Dei
1275 3701 1438 3754 nostri
1463 3701 1727 3769 adjutorio
1752 3716 1844 3769 per
1867 3701 1987 3769 (Ed.
2017 3701 2171 3756 Ilom.

595 3801 659 3852 ad
701 3794 936 3863 Gratum)
983 3794 1153 3848 virum
1197 3793 1550 3849 clarissimum
1586 3794 1764 3847 'lilium
1817 3803 2055 3846 nostrum
2107 3796 2173 3848 de

595 3887 817 3957 singulis
864 3900 982 3954 qua:
1037 3885 1102 3938 ad
1144 3886 1401 3938 unitatem
1452 3885 1707 3939 Ecclesia:
1763 3884 2027 3951 pertinent
2078 3899 2173 3937 nos

595 3978 889 4032 clementia-
935 3986 1125 4031 vestrze
1167 3976 1482 4047 pra-biturus
1511 3992 1630 4031 esse
1662 3992 1971 4045 responsum
2010 3980 2172 4047 (anno

596 4072 804 4127 Domini
831 4070 977 4140 5I8).

1216 4183 1537 4239 EPISTULA

1042 4292 1234 4330 JUSTINI
1278 4293 1343 4329 Αἰ)
1386 4292 1706 4330 ιιοιιιιιεῐιλιι.

592 4366 987 4438 Ad__petitionem
1010 4368 1214 4438 concilii
1241 4367 1787 4438 Constantirwpolitani
1812 4370 2051 4423 Justinus
2078 4388 2166 4437 per

658 4436 1169 4516 gratumucomitem
1234 4439 1395 4506 petit,
1449 4449 1509 4516 ut
1576 4436 1803 4516 pontifex
1869 4443 1936 4516 tul
1993 4436 2163 4516 pacem
2196 4457 2246 4516 ι)

664 4507 911 4560 Orientali
969 4507 1211 4561 Ecclesia:
1259 4509 1720 4563 reconciliandam.
1768 4521 1815 4561 et
1870 4515 1935 4562 ad
1994 4512 2162 4576 lapsos

655 4578 969 4648 recipiendos
1021 4579 1212 4647 legatos
1261 4576 1756 4646 Constantinopolim
1807 4581 2001 4633 mittere
2051 4584 2164 4651 ilig-

656 4659 817 4701 nelur.

653 4759 890 4815 Justinus
920 4762 1188 4830 Augustus
1226 4760 1520 4814 llozmisilze
1552 4776 1721 4830 papte.

655 4850 886 4905 Joannes
933 4853 1008 4904 vir
1059 4852 1425 4915 beatissimus,
1471 4851 1624 4919 hujus
1672 4853 1828 4920 regiae
1870 4854 2015 4909 urbis
2062 4871 2159 4909 an-

587 4939 758 5003 tistes,
782 4950 834 4993 et
861 4943 1037 4994 cazteri
1069 4943 1166 4995 viri
1188 4942 1417 5009 religiosi
1442 4944 1674 5010 episcopi
1698 4943 1763 4995 de
1786 4944 2009 4997 diversis
2032 4945 2161 4998 locis

583 5040 632 5087 et
664 5031 970 5085 civitatibus
999 5032 1082 5086 hic
1111 5037 1339 5102 reperti,
1387 5047 1621 5090 nostram
1671 5041 2013 5093 serenitatem
2065 5041 2161 5093 do-

582 5132 802 5177 cuerunt
849 5136 945 5189 pro
987 5125 1271 5177 concordia
1313 5142 1490 5180 veram
1531 5138 1584 5182 et
1619 5129 1966 5183 orthodoxam
2000 5132 2155 5186 fidem

653 5266 678 5293 ιι
736 5255 1018 5331 Postquam
1051 5256 1629 5331 prmcedentecpistola
1658 5261 1892 5315 Justinus
1923 5263 2155 5331 impera-

580 5336 683 5387 tor.
711 5329 987 5399 antiquum
1036 5340 1239 5399 rnorem
1294 5329 1712 5384 orthodoxuruui
1769 5329 2144 5399 imperatorum

582 5399 842 5463 imitatus,
873 5395 940 5451 de
980 5397 1057 5448 sui
1086 5396 1361 5471 electione
1382 5399 1444 5449 ad
1492 5400 1785 5455 Romanum
1818 5395 2145 5471 pontificem,

579 5485 735 5533 quem
758 5481 821 5540 ut
855 5477 1126 5536 parentem
1152 5468 1533 5540 venerabatur,
1567 5471 1769 5525 litteras
1799 5468 2053 5540 dedisset,
2087 5493 2146 5528 ea

582 5539 876 5610 inuentione
898 5580 912 5601 ,
966 5547 1021 5590 ut
1049 5547 1231 5606 aperte
1254 5538 1599 5610 profiteretur
1628 5543 1765 5594 nulla
1816 5538 2145 5610 fortiore'pu.

581 5606 762 5682 tentia,
797 5623 952 5682 quam
997 5608 1369 5682 communione
1396 5623 1542 5682 cum
1565 5614 1724 5664 totius
1759 5613 2007 5667 Ecclesia:
2038 5606 2146 5682 pii-

582 5678 748 5729 rnario
774 5678 1029 5743 antistite,
1066 5678 1374 5747 populorum
1396 5677 1639 5733 ﬁdelium
1667 5682 1991 5739 voluntatem
2014 5677 2138 5738 cou-

2296 1841 2464 1893 nostri
2511 1843 2816 1898 consistorii
2848 1848 3134 1916 comitem,
3181 1861 3237 1905 et
3267 1855 3573 1922 magistrum
3603 1859 3787 1912 scrinii
3816 1871 3871 1914 et

2297 1934 2571 1986 memoria:
2629 1937 2957 2003 direximus,
3010 1942 3163 2011 cujus
3202 1947 3514 2012 prteclaram
3561 1950 3864 2017 opinionem

2295 2024 2477 2079 multis
2512 2036 2667 2082 antea
2700 2040 2881 2084 notam
2921 2032 3177 2089 habemus
3235 2038 3580 2105 temporibus.
3611 2040 3759 2095 ’Data
3792 2058 3864 2095 νιι

2277 2114 2409 2167 ίίιΙιιε
2433 2116 2789 2185 Septembris,
2818 2120 3299 2194 Constantinopoli,
3328 2129 3516 2198 Magno
3540 2129 3652 2185 viro
3679 2132 3864 2186 claris-

2292 2204 2428 2260 simo
2453 2210 2670 2264 consule
2703 2212 2865 2278 (anno
2892 2214 3097 2268 Domini
3126 2216 3273 2286 518).

2792 2326 3121 2383 EPISTOLA
3148 2330 3383 2386 XXVIII.

2555 2431 2619 2468 Αῐ)
2648 2432 2899 2471 JUSTINI'I
2924 2436 3199 2475 Αυςυετυιί
3240 2438 3608 2478 κεδνοηεοιιιλ.

2290 2502 2625 2586 Commendat
2672 2507 2784 2575 ejus
2809 2508 2872 2586 de
2908 2511 3230 2586 concilianda
3282 2529 3405 2581 pace
3443 2516 3855 2581 sollicitudinem,

2353 2583 2399 2655 et
2433 2580 2605 2655 ereptis
2636 2588 2802 2629 monet
2832 2580 3195 2648 insistendum,
3244 2580 3526 2655 nomenque
3548 2588 3719 2639 Acacii
3742 2580 3858 2641 alio;

2353 2643 2560 2698 lendum
2591 2662 2715 2700 esse.

2363 2755 2641 2811 Hormisda
2664 2757 2875 2813 Justino
2909 2760 3169 2829 Angusto.

2356 2846 2631 2915 Sumptam
2658 2848 2725 2903 de
2755 2849 2958 2919 imperii
2986 2853 3149 2906 vestri
3170 2863 3289 2908 ortu
3323 2854 3584 2921 ltetitiam,
3613 2861 3859 2927 quamvis

2288 2938 2427 3005 apud
2456 2953 2553 2991 nos
2603 2939 2890 3007 pollentem
2924 2944 3117 2997 merito
3142 2946 3497 3013 praecedenti,
3535 2965 3744 3017 quoque
3769 2967 3859 3018 ge-

2287 3028 2529 3083 minastis
2561 3030 2794 3100 alloquio
2817 3071 2832 3095 ,
2877 3034 3152 3103 reciproca
3176 3036 3458 3092 devotione
3488 3040 3684 3093 testati.
3739 3041 3856 3096 Jam

2206 3098 2252 3160 θ
2284 3131 2408 3175 tunc
2430 3132 2676 3177 secutura
2701 3127 3067 3193 przevidimus,
3091 3143 3208 3196 quae
3231 3144 3370 3182 nunc
3383 3129 3451 3183 de
3472 3131 3855 3187 eccle~iasticae

2283 3212 2500 3267 unitatis
2539 3214 2728 3268 afI'ectu
2776 3215 3009 3270 celestis
3038 3219 3223 3287 gratiae
3265 3219 3619 3289 inspiratione.
3655 3222 3854 3291 signifi-

2281 3305 2462 3359 castis.
2488 3302 2685 3359 'llaties
2715 3319 2842 3375 ergo
2862 3345 2878 3371 ,
2928 3306 3346 3365 clementissime
3373 3310 3690 3380 imperator,
3721 3328 3853 3380 prs-

2281 3411 2488 3448 seu'em
2512 3396 2579 3449 de
2611 3396 2703 3473 tali
2734 3409 2860 3452 voto
2886 3399 2995 3467 jam
3022 3400 3276 3468 gloriam,
3300 3402 3393 3456 sed
3425 3415 3763 3472 exapectatur
3787 3408 3855 3458 de

2282 3489 2606 3555 perfectione
2638 3502 2916 3559 perpetua.
2952 3492 3045 3546 lite
3097 3504 3221 3548 sunt
3271 3494 3599 3549 validissima
3644 3497 3851 3565 imperii

2278 3580 2443 3633 vestri
2478 3578 2843 3649 fundamenta,
2869 3598 2995 3653 qua:
3015 3583 3067 3637 in
3100 3585 3219 3651 ipso
3248 3586 3513 3640 nascentis
3536 3587 3681 3655 regni
3710 3588 3851 3655 prin-

2277 3670 2416 3734 cipio
2441 3670 2673 3725 divinam
2696 3672 2960 3727 universis
2984 3674 3272 3742 prmferunt
3293 3684 3474 3728 sancta
3498 3675 3850 3743 dispdsitione

2276 3765 2562 3817 culturam.
2594 3765 2795 3819 Tencte
2826 3767 3006 3834 itaque
3038 3768 3173 3821 hanc
3210 3768 3309 3836 piae
3356 3766 3731 3821 sollicitudinis
3757 3783 3848 3823 cu~

2278 3868 2426 3919 ram,
2458 3863 2515 3907 et
2555 3870 2651 3921 pro
2672 3855 3063 3910 catholicorum
3097 3871 3255 3924 pace,
3301 3857 3438 3911 sicut
3461 3857 3724 3925 cmpistis,
3760 3857 3845 3909 in-

2274 3946 2448 3999 sistite
2481 3965 2492 3998 :
2524 3945 2646 4014 quia
2669 3945 2809 4000 Deus
2835 3958 3035 4013 noster,
3069 3950 3159 4018 qui
3182 3948 3336 4002 vobis
3368 3948 3508 4001 hunc
3534 3946 3712 4001 tribuit
3734 3947 3847 3999 ani-

2276 4050 2440 4101 mum,
2465 4036 2626 4105 elegit
2662 4038 2824 4090 etiam
2853 4052 2950 4106 per
2976 4052 3112 4106 quos
3148 4046 3364 4105 pnestet
3387 4035 3655 4090 eﬂ‘ectum.
3714 4035 3845 4088 Nam

2272 4136 2325 4179 et
2349 4127 2718 4195 episcoporum
2753 4137 2871 4181 vota
2900 4142 3192 4197 precesque
3221 4128 3373 4182 nobis
3402 4127 3599 4181 effusas
3630 4137 3844 4195 gratan-

2275 4224 2355 4271 ter
2393 4217 2804 4285 amplectimur:
2846 4219 2934 4287 qui
2965 4227 3140 4272 tamen
3184 4219 3285 4271 loci
3313 4219 3392 4271 sui
3419 4216 3845 4271 consideratiooe

2272 4309 2605 4367 commoniti.
2631 4323 2691 4366 ea
2711 4309 3018 4362 desiderant
3039 4323 3158 4376 qua:
3184 4307 3380 4361 dudum
3401 4316 3461 4360 ut,
3479 4306 3625 4374 sequi
3652 4308 3844 4360 vellent

2272 4400 2412 4452 sedis
2442 4401 2745 4467 apostolica:
2794 4399 3101 4453 exhortatio
3148 4399 3335 4453 crebra
3391 4414 3494 4452 non
3545 4399 3733 4452 defuit.
3780 4398 3842 4451 Et

2272 4493 2523 4561 quoniam
2551 4493 2687 4546 clem
2727 4491 2890 4545 ntiam
2924 4500 3152 4545 vestram
3185 4491 3234 4544 id
3276 4505 3487 4561 cupere,
3524 4490 3643 4542 illos
3680 4489 3840 4541 etiam

2275 4584 2386 4636 Inec
2407 4584 2692 4637 didicimus
2720 4585 3024 4649 postulare,
3076 4599 3194 4653 quae
3234 4599 3320 4637 res
3363 4584 3620 4636 hactenus
3652 4582 3841 4635 Eccle-

2271 4676 2470 4728 siarum
2496 4688 2677 4741 pacem
2708 4674 2808 4727 sub
2831 4676 3163 4728 contentiosa
3196 4673 3554 4725 obstinati-ne
3580 4672 3839 4730 diviserit,

2271 4781 2369 4819 nec
2388 4766 2596 4833 pietatis
2622 4776 2830 4830 vestrm,
2863 4782 2959 4820 nec
2998 4768 3207 4820 illorum
3240 4765 3450 4833 refugit,
3485 4764 3628 4818 velut
3658 4764 3838 4816 latenti

2268 4870 2447 4921 causa,
2473 4858 2732 4912 notitiam.
2766 4858 2902 4925 Quid
2928 4859 3084 4927 igitur
3107 4863 3277 4911 facere
3300 4858 3545 4919 debeant,
3576 4868 3627 4910 et
3652 4856 3842 4909 litteris

2270 4948 2485 5010 nostris,
2511 4956 2566 4999 ct
2592 4946 2779 5007 libelli.
2804 4964 2961 5017 quem
2994 4948 3303 5012 direximus,
3334 4947 3474 5000 serie
3513 4946 3837 4997 continetur.

2269 5037 2390 5091 "'JEC
2406 5038 2472 5101 si,
2494 5038 2601 5091 Deo
2615 5047 2797 5092 nostro
2818 5048 2875 5092 et
2893 5039 3176 5092 clementia
3200 5047 3372 5092 vestra
3393 5038 3697 5104 adjuvante,
3721 5049 3840 5086 sus-

2261 5128 2465 5195 cipiunt
2498 5139 2555 5183 et
2603 5140 2931 5197 sequuntur,
2979 5130 3171 5197 poterit
3214 5128 3277 5180 ad
3309 5142 3425 5181 eam
3478 5139 3636 5191 quam
3671 5123 3841 5175 maxi-

2261 5273 2430 5326 riliari
2465 5286 2640 5339 posse,
2693 5268 2967 5337 respondit
2999 5270 3070 5321 illi
3105 5265 3380 5339 llortnisda
3415 5262 3663 5339 pontifex
3695 5278 3832 5325 prte-

2260 5347 2439 5396 stitum
2463 5333 2580 5393 esse
2604 5341 2652 5391 id
2673 5341 2735 5390 nd
2763 5333 2905 5403 quod
2931 5354 3117 5391 omnes
3146 5334 3427 5390 orthodoxi
3480 5333 3834 5401 imperatores

2263 5415 2379 5478 jure
2409 5420 2533 5465 sunt
2562 5409 2798 5475 obligati.
2837 5407 2985 5462 Unde
3012 5411 3158 5460 vitlcs
3186 5404 3474 5475 antiquitus
3492 5404 3834 5478 observatum

2274 5472 2435 5534 tuisse
2475 5488 2534 5532 ut
2579 5478 2642 5531 de
2672 5472 2844 5530 elecm
2898 5479 3216 5543 imperatore
3271 5472 3540 5529 Romanus
3591 5472 3827 5539 pontifex

2254 5553 2446 5604 certior
2478 5549 2745 5607 reddatur,
2779 5548 3042 5614 electique
3081 5546 3414 5602 consecratio
3447 5554 3501 5598 et
3529 5544 3823 5598 confirma-

2255 5622 2327 5672 tio
2354 5630 2578 5689 petatur.
2620 5616 2747 5670 Sev.
2782 5617 2976 5671 BtNtue.
