4262 6264
369 372 473 425 ΗΘ

366 956 575 998 seretur
607 947 770 1016 (anno
802 949 1011 1005 Domini
1039 953 1191 1021 518).

724 1102 1102 1161 EXEMPLUM
1146 1107 1559 1166 RELA'I‘IONlS

368 1205 576 1246 JOANNIS
622 1209 853 1249 EPISCOPI
913 1212 1515 1256 CONSTANTINOPOLITANI
1571 1218 1671 1256 Ρειι
1723 1218 1944 1256 αιιλτωι

1070 1284 1255 1327 κιδελε.

370 1372 456 1453 Ut_
474 1378 890 1453 communionem
924 1380 1169 1453 Romana:
1209 1381 1455 1436 Ecclesia!
1502 1385 1733 1453 impetret
1788 1385 1943 1437 mittit

434 1445 666 1522 l.bell_upt_
689 1464 789 1515 quo
819 1450 969 1515 ﬁdem
1010 1452 1311 1505 catholicam
1350 1445 1650 1522 proﬁtetur;
1699 1465 1745 1506 et
1781 1457 1941 1520 ipsius

438 1517 692 1592 pontiﬁcis
719 1534 749 1569 a
778 1536 830 1571 se
851 1536 1029 1573 nomen
1074 1526 1127 1573 in
1158 1517 1410 1591 diptyclit's
1441 1517 1752 1592 descriptum
1790 1517 1939 1588 esse;

435 1585 630 1654 legatos
651 1602 739 1654 per
752 1606 879 1657 quos
906 1605 1009 1658 pax
1033 1585 1370 1645 constituatur
1397 1585 1750 1647 destituendos.

437 1695 663 1749 Domino
683 1708 737 1751 et
768 1714 863 1765 per
885 1702 1066 1754 omnia
1110 1701 1204 1755 Dei
1228 1703 1452 1756 amatori
1477 1704 1817 1757 sanctissimo
1841 1704 1944 1757 fra-

365 1788 433 1840 tri
464 1796 517 1840 et
543 1788 913 1844 eounninistro
936 1791 1231 1847 Hormisda‘.
1258 1794 1494 1849 Joannes
1524 1794 1579 1849 in
1604 1796 1835 1849 Domino
1861 1810 1944 1849 sa-

366 1882 552 1934 lutem.

434 1972 619 2027 Saluto
640 1985 873 2029 vestram
923 1976 1292 2044 sanctitatem,
1338 1977 1695 2033 carissimein
1726 1977 1942 2033 Christo

366 2062 553 2129 frater,
587 2072 643 2118 et
671 2065 910 2118 salu'aus
950 2066 1202 2133 praedico,
1233 2067 1481 2134 quoniam
1515 2077 1658 2121 recta
1682 2067 1812 2121 fides
1840 2069 1945 2121 sal-

368 2170 434 2208 va
457 2165 561 2217 est,
586 2156 775 2209 caritas
808 2156 1149 2209 fraternitatis
1179 2157 1382 2209 lirmata
1415 2167 1517 2211 est.
1553 2158 1663 2211 lloc
1698 2159 1837 2210 Deus
1856 2173 1943 2211 so.

371 2248 454 2301 lus
474 2258 658 2317 potens
683 2264 776 2315 per
806 2248 1476 2303 studiumChristianorum
1492 2258 1547 2303 et
1572 2250 1938 2318 piissimoruin

368 2339 745 2406 imperatorum
788 2341 902 2393 fieri
938 2340 1124 2393 voluit.
1168 2340 1413 2395 Scribere
1458 2342 1620 2408 igitur
1654 2343 1943 2410 apostolice

366 2442 421 2485 et
443 2435 693 2503 rescripta
726 2435 1001 2501 suscipere
1027 2434 1259 2488 fraterne
1295 2435 1385 2488 Dei
1414 2450 1600 2489 amore
1624 2436 1938 2504 dignemini.

368 2524 481 2593 Ego
505 2525 647 2578 enim
690 2524 979 2595 inquisibili
1008 2527 1214 2579 ratione
1248 2524 1547 2579 doctrinam
1578 2527 1943 2580 sanctissimo-

366 2631 480 2668 rtitn
523 2617 886 2683 apostolorum
927 2615 1217 2670 secundum
1252 2616 1590 2670 traditiuttettt
1633 2626 1941 2670 sanctorum

368 2709 586 2762 Patrum
613 2718 825 2774 tenens,
859 2710 1105 2764 similiter
1141 2711 1395 2763 honorem
1423 2710 1863 2765 consulistanliali
1890 2719 1944 2764 et

370 2813 465 2864 per
486 2798 660 2852 omnia
703 2808 904 2853 sancta:
935 2798 1186 2853 'l'riuitati
1238 2799 1434 2863 offero,
1484 2801 1620 2852 sicut
1669 2798 1720 2852 in
1767 2798 1939 2853 Nicma

365 2905 595 2945 cccxvut
641 2902 808 2945 cattus
833 2891 1208 2960 promulgavit,
1235 2902 1286 2945 et
1311 2892 1362 2943 in
1388 2892 1846 2959 ConstantinOpoli
1877 2907 1939 2944 CL

363 2993 665 3039 conventus
688 2985 939 3049 firmavit,
976 2994 1032 3039 et
1063 2984 1117 3037 in
1143 2984 1407 3051 Epliesiua
1436 2998 1500 3038 cc
1532 2984 1780 3050 firmavit,
1810 2994 1863 3037 et
1890 2984 1941 3036 in

363 3075 699 3129 tilialcedone
725 3090 1020 3129 conventus
1055 3091 1224 3129 ucux
1262 3075 1477 3129 Patrum
1518 3076 1770 3129 firmavit.
1797 3075 1942 3129 lianc

363 3184 490 3235 ergo
520 3166 675 3221 fidem
708 3182 873 3236 usque
901 3169 965 3219 ad
1005 3166 1245 3220 ultimum
1275 3167 1565 3220 anhelitum
1601 3184 1694 3233 per
1718 3171 1939 3235 gratiam

367 3257 461 3310 Dei
478 3256 810 3317 custodiens,
827 3256 1189 3326 spiritualibus
1207 3256 1561 3322 amplexibus,
1579 3266 1686 3309 tam
1705 3266 1934 3310 vestram
1965 3234 2010 3295 ο

364 3350 703 3401 sanctitatem
735 3362 892 3415 quam
914 3351 1075 3401 etiam
1098 3348 1423 3402 ortliodoxas
1450 3347 1720 3402 Ecclesias
1739 3364 1803 3402 ex
1828 3348 1938 3401 ani-

364 3456 453 3496 ino
480 3443 811 3510 amplector,
863 3458 966 3495 una
1005 3452 1176 3497 tet-um
1222 3445 1275 3498 in
1310 3446 1537 3504 veritate
1575 3445 1840 3511 sentiens,
1888 3455 1943 3500 et

366 3551 467 3588 una
512 3544 686 3588 tecum
745 3550 969 3603 sperans
1010 3536 1103 3589 illo
1143 3536 1232 3590 die
1266 3552 1363 3606 per
1395 3538 1531 3592 hanc
1565 3539 1720 3591 fidem
1745 3537 1939 3592 salvari

367 3629 507 3680 bona
561 3629 829 3681 voluntate
880 3628 1068 3691 l’atris,
1111 3637 1166 3682 et
1199 3627 1336 3693 Filii,
1380 3640 1435 3683 et
1488 3628 1717 3698 Spiritus
1747 3631 1937 3684 sancti.

368 3717 820 3772 Consubstantiali
848 3720 990 3773 enim
1018 3710 1271 3773 Trinitati
1306 3722 1484 3773 omnis
1512 3722 1680 3789 gloria
1718 3721 1943 3775 debetur

369 3826 507 3863 nunc
531 3821 581 3863 et
602 3811 651 3862 in
680 3811 875 3865 sa'cula
897 3811 1235 3865 stct‘ulorum.
1260 3810 1484 3864 Omnem
1507 3811 1557 3865 in
1587 3810 1801 3865 Christo
1833 3811 1942 3865 fra-

367 3902 694 3963 ternitatem,
715 3918 835 3968 quae
863 3917 983 3954 cum
1001 3911 1177 3955 vestra
1203 3912 1287 3956 est
1317 3903 1618 3967 sanctitate,
1650 3917 1750 3971 ego
1779 3909 1834 3955 et
1854 3902 1941 3970 qui

368 4006 577 4044 mecum
610 3992 893 4058 plurimum
920 3993 969 4044 in
1005 3991 1231 4044 Domino
1260 3990 1574 4045 salutamus.
1626 3992 1853 4045 Tantum
1877 3993 1941 4045 ad

366 4082 802 4136 satisfaciendum
834 4083 1180 4148 scripsimus,
1232 4092 1288 4136 ut
1330 4094 1382 4135 et
1413 4083 1718 4137 venerabile
1748 4098 1942 4136 nomen

367 4188 565 4231 sancta:
602 4177 986 4231 recordationis
1028 4176 1255 4243 Leonis,
1289 4177 1555 4243 quondam
1580 4177 1730 4229 urbis
1762 4168 1944 4229 Roune

368 4268 776 4337 archiepisc0pi,
815 4268 865 4320 in
890 4268 1057 4320 sacris
1078 4267 1350 4335 diptychis
1377 4278 1614 4334 tempore
1656 4283 1944 4320 con~ecra-

370 4361 525 4413 tionis
553 4370 769 4427 promer
788 4358 1127 4412 concordiam
1152 4359 1484 4426 afligeretur,
1518 4366 1572 4410 et
1599 4368 1829 4410 vestrum
1853 4358 1946 4411 be-

369 4449 635 4502 nedictum
684 4461 877 4500 nomen
910 4448 1157 4500 similiter
1201 4446 1253 4499 in
1284 4445 1558 4515 diptychis
1603 4446 1946 4513 praedicetur.

370 4539 436 4593 Ut
461 4540 528 4593 de
557 4538 804 4592 omnibus
824 4548 1001 4591 autem
1032 4539 1255 4591 satisfiat
1286 4553 1476 4590 vesmn
1493 4537 1760 4592 sanctitati
1794 4538 1946 4610 (quo-

372 4632 511 4684 niam
534 4646 719 4699 pacem
753 4642 982 4683 vestram
1010 4630 1397 4697 amplectimur,
1424 4640 1478 4683 et
1504 4630 1569 4683 de
1593 4631 1795 4685 unitate
1818 4646 1943 4684 san-

372 4735 577 4777 ctarum
610 4723 702 4776 Dei
732 4722 1093 4776 Ecclesiarum
1123 4725 1416 4792 curamus),
1449 4738 1695 4791 rogamus
1727 4740 1820 4778 vos
1855 4740 1944 4791 pa-

374 4814 555 4868 ciﬁcos
583 4816 726 4867 viros
748 4812 1037 4878 destinare,
1079 4824 1131 4867 et
1182 4824 1371 4867 vestra:
1396 4816 1585 4884 dignos
1633 4817 1945 4884 apostolica}

373 4903 537 4966 sedis,
570 4903 657 4972 qui
690 4903 919 4956 debeant
945 4903 1284 4967 satisfacere,
1316 4913 1370 4957 et
1398 4906 1815 4959 satisfactionem
1847 4922 1945 4958 no-

375 5006 535 5050 stram
578 4997 886 5065 suscipere,
935 5008 991 5050 ut
1018 5007 1069 5049 et
1120 4998 1168 5049 iu
1214 5000 1309 5051 hac
1345 5009 1492 5065 parte
1519 4998 1766 5052 Christus
1804 4998 1943 5051 Deus

376 5098 554 5142 noster
580 5088 940 5157 glorificetur,
998 5089 1088 5156 qui
1123 5103 1215 5156 per
1244 5104 1336 5141 vos
1365 5104 1547 5157 pacem
1581 5091 1715 5142 hanc
1749 5087 1946 5140 mundo

376 5182 624 5233 servavit.
678 5184 908 5249 Accepta
940 5196 1037 5235 xm
1079 5180 1325 5234 Calendas
1367 5181 1601 5235 Januarii
1632 5181 1797 5249 (anno
1833 5182 1941 5235 Do-

381 5271 503 5323 mini
526 5270 675 5337 518),
714 5280 833 5338 post
853 5273 1184 5325 consulatum
1214 5270 1443 5339 Agapiti.

886 5406 1217 5459 EPISTULA
1250 5407 1438 5461 XXIX.

476 5514 541 5551 ΑΒ
580 5512 813 5552 ιουιδεεςι
844 5510 1503 5551 (ΖΟΝΕΤΑΝΤΙθευιύιιΙΤΑΝυᾺ
1560 5514 1844 5554 εριεουιιυκ

978 5581 1346 5620 ιιεδιιοαεοιυλ.

378 5660 705 5715 Commendat
731 5658 979 5713 Joannem
1026 5659 1339 5728 episcopum,
1393 5669 1437 5710 rt
1468 5660 1649 5728 gaudet
1675 5663 1945 5715 concilium

448 5730 857 5800 Chalcedonense
877 5738 921 5800 et
952 5727 1063 5780 divi
1085 5727 1269 5800 Leonis
1286 5728 1524 5798 epistolas
1544 5730 1604 5800 ab
1634 5747 1689 5784 eo
1720 5732 1942 5800 comple-

447 5816 560 5853 Ias,
600 5800 688 5850 Ad
726 5797 964 5851 Ecclesia?
984 5799 1383 5851 communionem
1424 5798 1792 5853 admittendum
1825 5797 1942 5871 pol-

1577 381 1923 439 EPISTULAS
1963 379 2047 433 ET
2086 378 2419 434 DECRETA.

371 504 461 540 mo
490 488 856 546 desideramus
898 493 1095 547 ardore
1130 496 1400 565 perveniri
1440 497 1802 550 concordiam.
1854 493 1943 547 Fi-
1974 500 2019 553 Α

369 583 469 635 lius
489 592 749 650 praetcrea
771 594 952 639 noster
976 587 1055 639 vir
1081 587 1412 643 clarissimus
1436 588 1630 642 Gratus
1659 587 1796 641 sacri
1819 601 1946 640 eon-

365 672 565 726 sistorii
605 688 787 728 eomes
814 688 869 729 et
893 680 1147 745 magister
1180 680 1361 733 scrinii
1400 684 1673 734 memoria-
1704 679 1947 733 ostendit

367 765 417 816 in
446 778 505 817 se
535 777 773 819 vestrum
796 767 1126 836 allegationis
1158 787 1273 825 sua:
1300 775 1604 827 maturitate
1639 772 1897 841 judicium
1924 789 1940 826 :
1977 782 1981 789 '

363 852 515 921 cujus
534 870 681 909 mora
712 859 954 912 sensibus
980 862 1195 925 vestris,
1222 878 1288 918 eo
1315 864 1600 929 referente,
1630 867 1821 920 melius
1856 880 1957 918 as-.

3522 389 3625 442 430

2120 491 2315 555 licetur,
2332 493 2376 543 si
2397 507 2575 545 nomen
2598 494 2770 545 Acucii
2788 511 2815 546 ι
2840 496 3095 565 diptyclu's
3118 498 3277 551 sacris
3301 501 3623 565 expunxcrit.

2121 582 2401 635 llormisda
2430 581 2618 635 Joanni
2649 583 2902 652 episcopo
2932 585 3542 657 Constantinopolitano.

2117 672 2402 738 Spirituale
2423 672 2677 739 gaudium
2710 675 2930 728 directis
2959 677 3157 731 caritas
3190 688 3278 731 tua
3308 679 3626 750 significavit

2049 762 2314 825 affatibus,
2338 764 2583 817 docendo
2610 775 2667 817 ut
2692 767 2969 822 catholicae
2991 770 3265 837 religionis
3284 773 3624 841 disciplinam

2047 855 2235 909 ordine
2258 869 2357 908 suo
2383 856 2541 908 vestri
2582 867 2841 923 pastores,
2884 858 2992 912 Deo
3035 870 3217 915 nostro
3253 863 3494 929 juvante,
3527 882 3618 921 re-

2049 944 2307 1011 ceperint.
2362 945 2486 999 lla-c
2519 962 2639 999 csse
2680 946 2939 1001 beneficia
2974 950 3352 1005 iniSericordize
3380 969 3626 1021 supeer

2050 1036 2170 1104 quis
2201 1035 2407 1089 dubitet
2427 1037 2447 1086 ?
2480 1036 2605 1089 llaec
2632 1040 2749 1103 quis
2780 1038 2989 1092 dubitet
3017 1042 3338 1096 venerabilis
3372 1044 3624 1112 principis

1982 1176 1991 1191 ,
2048 1127 2263 1194 tropaeis
2300 1126 2562 1194 adjungi?
2614 1128 2712 1193 Qui
2746 1128 2979 1196 ambigat
3004 1129 3126 1196 quia
3169 1131 3336 1197 major
3357 1132 3405 1184 ei
3429 1132 3494 1186 de
3526 1134 3626 1187 hac

2052 1231 2179 1283 pare
2208 1231 2365 1284 quam
2409 1216 2477 1270 de
2509 1217 2836 1285 quibuslibet
2876 1219 3074 1287 prsidiis
3113 1221 3410 1289 triumphus
3444 1225 3626 1292 aequia-

2049 1308 2226 1361 ritur?
2254 1308 2412 1361 Istius
2444 1308 2642 1361 laboris
2672 1310 2842 1377 gloria
2874 1316 3041 1363 nescit
3062 1325 3311 1364 occasum
3343 1329 3355 1365 :
3384 1314 3507 1379 quia
3531 1315 3622 1368 ubi

2052 1400 2191 1454 Deus
2221 1413 2364 1455 reete
2390 1401 2601 1464 colitur,
2649 1416 2917 1469 nunquam
2969 1404 3395 1457 adversariorum
3430 1408 3625 1460 crescit

2049 1489 2323 1557 iniquitas.
2351 1490 2666 1544 Dilectionis
2700 1501 2805 1543 tua:
2820 1492 3212 1547 confessionem
3235 1505 3506 1561 gratanter
3536 1513 3625 1551 ac-

2048 1582 2289 1650 cepimus
2312 1622 2328 1645 ,
2384 1596 2480 1650 per
2511 1596 2673 1650 quam
2711 1592 2914 1635 sanctae
2953 1584 3143 1653 synodi
3187 1586 3622 1653 comprobantur,

2049 1671 2189 1727 inter
2206 1687 2339 1741 quas
2367 1672 3179 1726 instaurationeconstiiutorum
3205 1676 3444 1729 omnium
3465 1677 3626 1730 Chal-

2048 1761 2352 1815 cedonense
2399 1762 2687 1814 concilium
2750 1762 3097 1829 praedicastis,
3136 1776 3191 1818 et
3237 1766 3624 1822 catholicorum

1977 1861 2023 1921 Β
2051 1868 2274 1907 numero
2302 1854 2516 1921 adjungi
2565 1853 2878 1907 desiderans
2922 1858 3091 1910 sancti
3137 1872 3285 1925 papre
3334 1860 3528 1914 Leonis
3569 1862 3623 1915 in

2048 1943 2316 2012 diptyctiis
2351 1958 2545 1997 nomen
2576 1958 2856 1999 asseveras
2896 1948 3173 2018 scriptum.
3226 1949 3327 2003 Ista
3361 1951 3625 2009 laudanda

2047 2048 2190 2099 sun',
2225 2035 2270 2088 si
2298 2035 2640 2103 perfectionis
2675 2040 3032 2107 subsequatur
3066 2041 3286 2097 effectus
3320 2062 3333 2097 :
3381 2046 3501 2114 quia
3541 2063 3626 2102 re-

2046 2120 2682 2191 cipereChalcedoneuse
2711 2128 3021 2193 concilium,
3038 2141 3091 2184 et
3118 2134 3266 2199 sequi
3297 2137 3467 2191 sancti
3491 2137 3627 2192 Leo-

2051 2216 2136 2267 nis
2180 2216 2470 2281 epistolas,
2523 2228 2579 2271 et
2628 2220 2803 2273 adhuc
2852 2236 3045 2275 nomen
3085 2223 3267 2277 Acacii
3310 2225 3622 2291 defendere,

2047 2304 2150 2358 hoc
2190 2315 2273 2359 est
2320 2307 2462 2360 inter
2509 2323 2569 2361 se
2613 2309 2973 2375 discrepantia
3005 2312 3294 2368 vindicare.
3343 2316 3473 2382 Quis
3503 2318 3625 2371 Dio-

2045 2408 2255 2447 scorum
2299 2405 2354 2449 et
2416 2397 2764 2466 liutyclietetn
2817 2400 3225 2469 condemnatis,
3286 2404 3625 2461 innocentem

2047 2482 2334 2536 ostendere
2366 2490 2536 2551 possit
2571 2484 2864 2539 Acacium?
2900 2487 3030 2554 Quis
3068 2490 3408 2546 Timotheum
3441 2504 3494 2547 et
3520 2495 3624 2549 Pe-

2047 2585 2186 2629 trum
2214 2576 2657 2641 Alexandrinum,
2692 2588 2748 2631 et
2773 2580 2933 2632 alium
2969 2582 3181 2636 Petrum
3212 2585 3625 2653 Antiochenam.

2043 2679 2092 2720 et
2148 2680 2405 2733 sequaces
2433 2682 2619 2723 eorum
2665 2669 2963 2736 declinans,
3020 2675 3159 2727 sicut
3212 2677 3468 2742 diximus,
3512 2695 3620 2733 non

2044 2758 2382 2812 abominetur
2412 2760 2689 2825 Acacium,
2715 2762 2804 2829 qui
2846 2777 3033 2817 eorum
3068 2769 3501 2823 communionem
3533 2785 3625 2824 se-

2049 2856 2208 2901 cutus
2238 2850 2360 2902 est?
2400 2849 2475 2903 De
2528 2849 2752 2904 caritate
2806 2851 3069 2919 siquidem
3121 2863 3207 2907 tua
3265 2860 3488 2913 meliora
3530 2859 3625 2919 Dei

2046 2938 2432 3003 omnipotentis
2460 2949 2837 3008 exspectamus
2865 2943 3084 3007 auxilio,
3120 2945 3376 3001 habentes
3406 2951 3622 3015 optimm

2048 3026 2419 3094 promissionis
2467 3042 2640 3094 spem,
2683 3030 2821 3083 sicut
2852 3031 2917 3083 ad
2964 3045 3063 3084 nos
3089 3049 3208 3101 qua:
3252 3036 3494 3091 direxisti
3535 3048 3623 3093 tua

2046 3117 2239 3184 scripta
2269 3115 2584 3179 ostendunt,
2623 3128 2797 3172 tecum
2837 3121 2887 3171 iii
2927 3122 3153 3177 veritate
3180 3126 3438 3193 sentiens,
3472 3136 3526 3182 ct
3548 3129 3625 3197 ip-

2046 3221 2102 3259 Sa
2118 3205 2438 3271 defendens,
2462 3220 2689 3274 sperans
2718 3208 2769 3261 in
2803 3210 2897 3262 illa
2910 3210 3113 3278 judicio
3133 3228 3225 3280 per
3247 3214 3358 3282 ipSa
3386 3224 3435 3271 te
3465 3232 3627 3286 posse

2046 3295 2259 3350 salvari.
2307 3297 2431 3351 Post
2476 3296 2728 3366 haecqnid
2780 3306 2969 3366 restat,
3023 3304 3125 3356 nisi
3155 3316 3210 3358 ut
3238 3306 3382 3360 sedis
3411 3322 3625 3375 aposto-

2048 3387 2188 3451 licae,
2221 3387 2374 3456 cujus
2412 3387 2568 3441 fidem
2606 3398 2659 3441 te
2685 3389 2822 3443 dicis
2871 3391 3153 3461 amplecti,
3184 3396 3425 3462 sequaris
3466 3399 3627 3453 etiam

2044 3475 2163 3530 sine
2188 3476 2546 3545 trepidatione
2578 3477 2781 3545 judicia
2809 3479 2832 3531 ἵ
2876 3479 3041 3548 Igitur
3070 3484 3309 3551 partibus
3336 3486 3624 3544 Orientali-

2051 3566 2148 3619 bus
2176 3567 2401 3621 ostende
2455 3582 2549 3633 per
2590 3578 2641 3621 te
2667 3571 2809 3637 quod
2855 3582 3152 3638 sequantur
3202 3577 3538 3645 exemplum,
3568 3588 3627 3633 ut

2046 3660 2291 3713 omnium
2337 3659 2453 3714 latis
2478 3700 2495 3725 ,
2528 3662 2620 3730 qui
2651 3663 2878 3717 c'orrecti
2924 3664 3152 3731 fuerint,
3212 3668 3315 3722 tuis
3356 3669 3626 3725 laboribus

2046 3750 2358 3818 applicetur.
2401 3751 2538 3819 Ergo
2559 3756 2678 3805 cum
2696 3767 2882 3822 magna
2905 3753 3210 3821 denunties,
3230 3767 3284 3812 et
3305 3758 3463 3813 ﬁdem
3485 3759 3625 3817 beati

2047 3841 2273 3907 apostoli
2327 3841 2468 3895 Petri
2499 3849 2550 3894 te
2580 3842 2830 3909 amplecti
2852 3844 3119 3912 significes
3144 3887 3159 3909 ,
3213 3857 3359 3902 recte
3400 3850 3626 3905 credens

2047 3931 2100 3984 in
2131 3947 2191 3984 ea
2224 3931 2452 3985 salutem
2497 3942 2732 3987 nostram
2774 3948 2933 4002 posse
2982 3938 3310 4004 subsiStere,
3367 3940 3626 4006 libellum,

2047 4023 2198 4089 cujus
2223 4023 2549 4078 continentia
2574 4025 2762 4079 subter
2804 4042 3011 4081 annexa
3056 4038 3173 4095 est,
3223 4045 3252 4083 a
3280 4033 3502 4087 caritate
3538 4043 3624 4087 tua

2049 4114 2410 4182 subscriptum
2436 4114 2501 4167 ad
2531 4130 2628 4168 nos
2655 4116 2857 4185 dirige,
2906 4128 2964 4173 ut
3002 4120 3116 4174 sine
3144 4122 3485 4178 conscientiae
3521 4124 3628 4181 for-

2049 4202 2248 4255 midine
2279 4218 2435 4256 uuam
2464 4207 2898 4260 communionem
2921 4251 2936 4274 ,
2988 4210 3127 4263 sicut
3151 4226 3396 4280 oramus,
3431 4215 3626 4273 habere

2052 4292 2343 4357 possimus.
2376 4292 2480 4345 Pro
2511 4308 2737 4361 persona
2762 4311 2974 4364 quoque
3019 4299 3111 4350 filii
3147 4302 3317 4355 nostri
3348 4301 3494 4357 Grati
3528 4306 3624 4360 viri

1987 4408 1995 4417 -
2050 4382 2332 4435 clarissimi
2371 4383 2481 4437 Deo
2512 4397 2696 4437 nostro
2724 4387 2921 4453 gnatias
2952 4387 3068 4440 sine
3099 4392 3401 4446 cessatione
3427 4398 3628 4462 persol-

2051 4470 2243 4532 vimus,
2267 4471 2423 4539 cujus
2459 4472 2591 4527 fides
2636 4485 2689 4527 et
2718 4483 2861 4527 recta
2892 4475 3179 4531 credulitas
3203 4491 3443 4535 nostrum
3484 4486 3625 4539 circa

1979 4594 2027 4652 ο
2053 4576 2112 4615 se
2147 4561 2397 4615 excitavit
2420 4563 2665 4616 allec-tuin
2689 4580 2703 4629 ;
2745 4564 2935 4633 dignus
2962 4580 3021 4619 re
3050 4582 3174 4620 vera
3203 4568 3295 4636 qui
3347 4580 3506 4624 tanta:
3534 4588 3626 4626 cu-

2053 4668 2161 4705 ram
2192 4652 2490 4722 susciperet
2517 4655 2765 4716 actionis,
2795 4663 2849 4709 et
2878 4656 3096 4710 maximi
3143 4657 3398 4727 piincipis
3428 4660 3495 4713 ad
3530 4677 3625 4717 nos

2054 4741 2299 4794 mandata
2324 4758 2356 4808 p
2390 4744 2604 4796 rl'errt-t.

2682 4858 3016 4914 EPISTULA

2052 4962 2338 5001 JUSTINIANI
2383 4964 2447 5002 AD
2487 4963 2781 5003 HORIISDAI
2833 4964 2979 5003 IISSA
3025 4967 3121 5004 PER
3169 4967 3382 5009 EUIDBI
3410 4972 3625 5014 ακλτυιι

2519 5036 2862 5073 ιωιιιίῐιΑτοιιις
2898 5035 3163 5075 ιΕϐΔΤυΜ.

2054 5106 2161 5160 Pro
2197 5125 2320 5176 pace
2343 5119 2397 5186 ετ-
2416 5111 2609 5186 unitate
2638 5111 2912 5186 Orientalis
2952 5110 3195 5186 Ecclesia
3235 5119 3629 5186 ponti/icemro-

2120 5188 2236 5257 gat,
2265 5189 2319 5231 ut
2355 5181 2409 5257 si.
2428 5182 2603 5233 minus.
2620 5199 2672 5232 se
2706 5179 3200 5251 Constantinopolim
3227 5179 3342 5239 uelit
3372 5179 3622 5257 conferre,

2122 5249 2312 5319 legatos
2341 5250 2525 5304 mittat.

2122 5359 2457 5413 Justiuianus
2486 5376 2669 5416 comes
2693 5362 2990 5422 llorinisdte
3014 5384 3178 5437 paptc.

2128 5448 2493 5503 Desiderabile
2511 5460 2739 5521 tempus,
2760 5455 2899 5522 quod
2918 5459 3142 5511 summis
3155 5460 3293 5513 votis
3310 5458 3626 5527 optavimus,

2045 5530 2229 5592 divina
2254 5539 2570 5606 clementia,
2597 5542 2812 5597 dolores
2832 5548 3052 5613 generis
3084 5548 3295 5599 humani
3312 5548 3626 5615 respiciens,

2053 5626 2229 5696 largiri
2249 5628 2459 5698 dignata
2488 5640 2715 5702 est,quo
2744 5649 2929 5688 omnes
2943 5633 3185 5689 catholici
3210 5628 3261 5687 et
3279 5634 3387 5688 Deo
3408 5636 3626 5704 perfecti

2053 5718 2237 5774 fideles
2263 5721 2525 5789 majestati
2566 5724 2684 5792 ejus
2709 5739 2768 5778 se
2795 5726 2971 5780 valent
3000 5724 3390 5781 commendare.
3426 5726 3626 5782 Idcirco

2050 5810 2146 5863 has
2179 5810 2242 5864 ad
2274 5812 2627 5878 apostolatum
2655 5823 2913 5876 vestrum,
2944 5813 3113 5868 libera
3136 5814 3345 5872 licentia
3363 5817 3472 5887 jam
3498 5820 3623 5873 mitti
