4262 6264
630 336 728 391 451

1950 335 2101 390 ἰΙΟΙζ
2111 335 2341 391 MISDA'I
2376 333 2466 390 PA
2476 336 2582 390 PE

3788 330 3891 387 £32
3906 330 3913 335 “

627 449 887 503 beneﬁcio
927 449 1131 502 roelesﬁ
1175 448 1371 501 indulta
1396 490 1409 514 ,
1465 447 1654 499 direxi.
1705 448 1958 500 Dominus
2005 448 2200 501 etenim
2233 456 2278 509 Α
2308 449 2645 502 manifestum
2674 446 2998 501 desiderium
3028 446 3377 500 eorrectionis
3404 444 3713 500 ostendunt.
3745 445 3887 515 Ergo

628 552 809 593 noster
862 540 1241 593 invictissimus
1283 539 1569 605 imperator
1593 536 1947 590 orthodoxam
1987 538 2195 605 religio-

626 650 747 687 nem
775 649 985 699 semper
1011 638 1336 700 amplectens
1363 630 1737 685 ardentissima
1783 631 1883 684 fide
1902 673 1915 697 ,
1951 630 2200 697 cupiens-

626 740 728 795 que
755 732 1121 777 sacrosanctas
1150 722 1415 789 Ecclesias
1440 724 1503 774 ad
1530 721 1870 775 concordiam
1909 735 2197 784 revocare;

628 831 749 869 mox
772 824 828 867 ut
853 814 1073 880 adeptus
1102 823 1186 867 est
1224 814 1430 868 caelesti
1457 812 1660 881 judicio
1706 813 1900 865 infulas
1927 812 2198 879 principa-

627 905 726 970 les,
750 902 1113 956 sacerdotibus
1137 905 1219 957 hic
1245 905 1429 971 positis
1455 905 1786 958 denuntiavit
1812 914 1874 956 ut
1912 916 2007 970 pro
2039 918 2195 970 regu-

627 997 685 1047 lis
715 995 1017 1064 apostolicis
1050 996 1325 1047 unirentnr
1359 993 1609 1048 Ecclesia:
1641 1013 1655 1048 :
1687 1003 1740 1047 et
1764 1007 1950 1060 magna
1980 993 2194 1061 quidem

626 1096 747 1156 pars
804 1087 926 1141 fidei
967 1097 1047 1140 est
1076 1087 1369 1154 composita
1425 1088 1533 1140 Deo
1562 1096 1804 1139 auctore.
1856 1086 1930 1138 De
1983 1087 2196 1138 nomine

624 1180 990 1233 tantummodo
1022 1178 1195 1233 Acacii
1228 1188 1420 1229 vestra;
1454 1176 1794 1229 beatitudinis
1823 1179 2074 1230 convenit
2103 1192 2194 1229 au-

620 1273 734 1325 dire
756 1283 1097 1323 consensum.
1127 1268 1295 1333 Quam
1319 1270 1387 1318 oh
1408 1280 1620 1319 caus-un
1640 1265 1887 1319 dominus
1908 1277 2090 1319 noster
2109 1280 2195 1319 se-

621 1361 931 1413 renissimus
964 1360 1206 1426 princeps
1232 1359 1448 1410 Gratum
1506 1361 1678 1410 virum
1716 1358 2029 1421 sublimem,
2062 1373 2190 1410 tma-

620 1451 815 1505 nimetn
860 1450 987 1503 mihi
1016 1451 1245 1503 amicum
1269 1491 1282 1514 ,
1319 1465 1438 1501 tum
1473 1451 1675 1518 pagins
1702 1449 1955 1517 Augustis
1977 1452 2040 1501 ad
2069 1466 2190 1500 san-

620 1542 852 1594 ctitatem
903 1550 1044 1593 tuam
1078 1540 1390 1601 transmisit,
1425 1548 1479 1591 ut
1515 1538 1685 1591 modis
1712 1538 1959 1591 omnibus
2006 1538 2191 1606 digne-

620 1641 704 1683 tur
728 1628 1248 1695 ConStantinopulitn
1280 1630 1344 1679 ad
1383 1629 1587 1693 reliqua
1630 1626 1932 1679 concordia:
1972 1641 2189 1694 compo—

619 1719 789 1773 nenda
820 1724 1002 1772 venire
1032 1734 1047 1770 ι
1079 1717 1172 1770 sed
1200 1716 1399 1785 absque
1428 1716 1654 1784 quadam
1679 1716 1934 1768 dilatione
1953 1728 2184 1768 vestrum

2304 544 2536 611 episcopi
2569 551 2676 596 tam
2721 541 2968 605 Dardani,
2996 555 3155 609 quam
3182 539 3374 609 Illyrici
3396 554 3532 607 pene
3562 553 3771 605 omnes,
3804 555 3872 593 ne

2304 634 2414 686 sint
2432 648 2615 687 errore
2655 631 3052 686 condemnandi
3093 631 3383 699 praeterito,
3443 638 3685 698 petentes
3732 630 3879 684 beati

2304 724 2443 777 Petri
2478 723 2841 790 apostolorum
2870 722 3125 790 principis
3163 721 3616 782 communionem.
3649 733 3702 775 et
3740 722 3880 775 scri—

2302 815 2405 881 ptis
2435 825 2485 867 et
2517 813 2874 880 legationibus
2903 812 3186 866 destinatis
3221 828 3279 865 se
3296 812 3603 880 apostolicae
3629 813 3772 865 sedis
3796 828 3883 867 re-

2299 904 2439 972 gulis
2475 906 2694 958 obedire
2733 904 3076 957 conﬁrmant.
3128 904 3230 958 Pro
3259 906 3452 971 quibus
3499 914 3755 971 quantum
3786 920 3883 957 nos

2300 1005 2544 1064 oporteat
2567 996 2819 1063 gratulari
2843 1037 2857 1060 ,
2882 995 2978 1048 soli
3013 1011 3237 1063 quorum
3290 994 3421 1047 ﬁdes
3473 996 3641 1047 fervet
3682 996 3880 1048 intelli-

2298 1098 2449 1156 gunt.
2483 1087 2773 1142 Sciendum
2796 1087 2947 1139 vobis
2975 1096 3057 1139 est
3088 1087 3247 1154 igitur
3275 1085 3708 1140 anathematizari
3740 1104 3878 1142 nunc

2297 1179 2512 1245 abipsis
2541 1193 2752 1246 quoque
2780 1178 3104 1239 Nestorium,
3123 1178 3211 1245 qui
3235 1176 3425 1230 dividit
3454 1178 3874 1232 incarnationem

2302 1270 2505 1323 Domini
2538 1272 2703 1323 nostri
2729 1269 2855 1322 Jesu
2885 1269 3103 1330 Christi,
3134 1276 3188 1320 et
3218 1284 3309 1333 ter
3333 1270 3433 1321 hoc
3469 1268 3605 1321 duos
3629 1269 3768 1321 ﬁlios
3793 1284 3876 1323 co—

2299 1372 2454 1414 natur
2478 1375 2743 1414 asserere.
2795 1360 3084 1429 Eutychos,
3116 1358 3294 1411 carnis
3336 1373 3537 1425 negans
3569 1361 3866 1423 veritatem,

2296 1462 2349 1504 et
2379 1451 2511 1504 duas
2551 1460 2769 1503 naturas
2801 1450 2850 1502 in
2887 1465 2986 1501 una
3020 1464 3246 1516 persona
3288 1462 3393 1501 non
3440 1449 3761 1514 praedicans,
3815 1460 3870 1502 ttt

2296 1540 2639 1593 Manicheam
2683 1538 3014 1606 phantasiam
3073 1536 3334 1590 Ecclesiis
3374 1534 3572 1589 Christi
3616 1538 3871 1606 quemad-

2296 1631 2513 1682 modum
2542 1629 2758 1695 putavit
2805 1627 3088 1690 iusercret,
3126 1626 3288 1678 simili
3333 1628 3538 1680 ratione
3567 1627 3867 1681 damnatur.

2296 1722 2388 1775 llis
2426 1721 2729 1788 adjttngitur
2764 1718 3052 1771 Dioscorus
3085 1717 3495 1779 Alexandrinus,
3530 1718 3618 1786 qui
3653 1717 3879 1791 malitia;

617 1821 989 1880 exspectamus
1028 1809 1342 1873 adventum,
1368 1822 1525 1875 quem
1556 1807 1598 1859 si
1639 1821 1741 1875 qua
1770 1806 2010 1867 tarditas,
2044 1808 2185 1875 quod
2224 1815 2265 1871 β
2297 1812 2529 1880 praefata
2553 1812 2918 1872 consentiens,
2952 1809 3003 1863 in
3029 1819 3214 1864 sancto
3242 1810 3666 1864 Chalcedonensi
3690 1812 3868 1864 conci-

618 1902 731 1956 lieri
756 1915 857 1953 non
886 1899 1079 1962 debet,
1121 1898 1338 1951 forsitan
1371 1897 1648 1949 retinuerit
1675 1937 1688 1958 ,
1749 1897 1959 1949 interitu
1992 1900 2073 1949 vel
2105 1912 2191 1948 sa-

617 1992 1094 2047 cerdotesiduneos
1122 1989 1395 2043 destinare
1427 1989 1675 2052 festinet;
1708 1992 1829 2056 quia
1864 1999 2006 2041 totus
2038 2004 2186 2042 mun—

616 2087 717 2139 dus
746 2086 970 2154 partium
1010 2094 1309 2136 nostrarum
1352 2096 1642 2134 conversus
1681 2081 1747 2133 ad
1778 2080 2040 2133 unitatem
2076 2098 2187 2132 lllO-

616 2193 702 2231 ras
726 2192 832 2231 non
876 2179 1093 2245 patitur.
1155 2174 1467 2229 Accelerate
1488 2188 1634 2241 ergo,
1658 2172 1886 2226 domine
1913 2172 2186 2226 sanctissi-

616 2286 728 2334 me,
759 2286 825 2325 ne
854 2272 1002 2323 vobis
1032 2268 1360 2333 absentibus,
1392 2281 1510 2335 qua:
1532 2266 1728 2318 debent
1758 2265 2184 2333 pra-sidentibus,

613 2361 867 2416 ordinari.
900 2400 911 2411 .
939 2400 953 2412 .
985 2400 997 2412 .
1030 2359 1239 2413 Scimus
1268 2359 1464 2412 etenim
1497 2356 1698 2409 litteras
1728 2364 1919 2409 VCSU‘J}
1953 2355 2179 2408 beatitu-

613 2453 753 2507 dinis
795 2461 849 2505 et
885 2463 1290 2505 antecesserunt
1341 2459 1643 2501 vestrorum
1699 2448 1763 2498 ad
1793 2446 2066 2499 Orientem
2105 2448 2181 2497 di-

615 2556 786 2599 rcmas
815 2543 939 2612 quid
986 2556 1147 2608 super
1203 2540 1299 2593 hac
1321 2538 1507 2592 eadem
1538 2552 1694 2591 causa
1729 2540 2057 2592 contineant.
2120 2539 2185 2590 Ut

612 2646 785 2690 autem
826 2635 955 2687 nihil
989 2632 1446 2701 praetermittatur,
1483 2638 1701 2699 propter
1741 2644 1954 2682 causam
1988 2630 2182 2695 smpitts

589 2735 955 2792 .metnoratam
983 2763 997 2786 ,
1048 2723 1115 2775 ab
1146 2720 1498 2776 invictissimo
1520 2735 1642 2788 rege
1667 2720 1941 2791 religionis
1970 2734 2179 2788 quoque

608 2813 876 2883 negotium
933 2814 1041 2865 ﬁlio
1062 2823 1238 2865 vestro
1284 2813 1400 2863 viro
1443 2808 1654 2863 sublimi
1702 2808 1864 2862 Grato
1892 2820 1976 2863 est
2005 2810 2177 2878 injun-

609 2921 767 2963 etum.
803 2903 1012 2959 favente
1043 2904 1264 2955 Domino
1294 2911 1478 2954 nostro
1508 2902 1633 2955 Jesu
1662 2900 1888 2953 Christo.

1128 2992 1448 3071 EPlS'l‘OLA
1486 3016 1648 3068 xxx.

992 3127 1056 3163 ΑΙ)
1079 3125 1351 3163 (ΙιΕδΛΙιΙυΜ
1386 3122 1551 3160 Αιιιίιλ
1569 3124 1578 3158 l
1596 3122 1782 3159 ιῖκδιίη.

607 3200 761 3255 Docet
806 3200 1082 3253 Dardania:
1107 3211 1152 3251 et
1191 3197 1389 3267 Illyrici
1417 3199 1679 3262 episcopos
1710 3200 1777 3247 ad
1801 3197 1932 3248 sedis
1961 3205 2173 3264 aposto-

673 3272 783 3324 lica:
812 3270 1240 3327 communionem,
1296 3267 1615 3336 Eutychiana
1663 3267 1842 3318 Itwresi
1894 3269 2174 3329 damnata,

671 3340 898 3403 rediisse,
926 3349 971 3390 et
992 3339 1062 3389 'rle
1094 3339 1341 3405 legatione
1369 3342 1422 3389 in
1455 3339 1711 3388 Orientem
1741 3338 1913 3387 ntissa.

676 3452 1027 3506 Dilectissimo
1059 3448 1205 3503 fratri
1237 3447 1492 3513 Caesario,
1522 3448 1606 3501 vel
1653 3446 1733 3500 his
1764 3447 1850 3513 qui
1892 3446 1991 3500 sub
2015 3446 2176 3499 dilec-

604 3545 763 3600 tionis
786 3554 888 3596 tua:
914 3543 1248 3596 ordinatione
1274 3542 1597 3603 consistunt,
1634 3538 1938 3591 llormisda.

670 3637 876 3691 Justum
894 3645 975 3688 est
1006 3643 1061 3688 ut
1089 3635 1177 3703 qui
1204 3632 1464 3687 catholica
1489 3632 1866 3686 communione
1896 3630 2168 3693 lattamini,

600 3727 874 3781 nobiscum
917 3725 984 3777 de
1031 3723 1317 3788 Ecclesiae,
1368 3721 1412 3776 si
1444 3736 1545 3791 qua
1574 3707 1855 3789 provenit,
1888 3719 2171 3772 concordia

598 3816 899 3885 gaudeatis;
947 3824 1002 3867 ut
1047 3812 1497 3883 quemadmodum
1530 3827 1665 3866 unus
1696 3812 1848 3865 nobis
1876 3824 2172 3865 consensus

597 3916 681 3961 est
720 3905 878 3970 ﬁdei,
910 3907 980 3960 ita
1043 3906 1111 3959 sit
1158 3904 1425 3972 indivian
1469 3902 2167 3972 gratulatioprosperorum.

596 3998 773 4052 Nostis
812 3996 1402 4064 qualiter‘detestabilrs
1451 3994 1781 4063 Eutychiana
1826 3991 2044 4045 literesis
2076 4006 2171 4060 per

595 4090 896 4143 Orientales
925 4098 1103 4156 serpat
1136 4087 1434 4150 Ecclesias,
1474 4095 1527 4139 et
1556 4086 1764 4152 quoties
1818 4084 2053 4152 praefata.-
2082 4098 2169 4136 su-

597 4179 925 4249 perstitionis
968 4179 1115 4231 virus
1158 4178 1394 4247 synodus
1423 4175 1692 4245 generalis
1721 4173 2059 4237 exstinxerit,
2086 4177 2165 4226 vel

595 4270 803 4339 quoties
832 4270 947 4337 ejus
968 4283 1225 4337 sequaces
1255 4268 1485 4321 salubria
1514 4268 1712 4321 monita
1743 4266 2053 4335 apostolica:
2082 4280 2165 4319 se-

595 4361 678 4415 dis
706 4362 1025 4429 spreverint,
1076 4368 1149 4427 et,
1178 4361 1328 4429 quasi
1374 4362 1756 4413 erubescentes
1806 4374 1995 4411 manus
2037 4358 2163 4411 dare

594 4454 835 4518 veritati,
868 4463 957 4505 ant
997 4453 1304 4519 apostolica:
1350 4452 1491 4505 sedis
1535 4449 2001 4519 prmtlicationibus
2037 4450 2163 4503 obe-

2296 1906 2364 1957 lio
2387 1903 2651 1972 particeps
2679 1901 3036 1953 damn-dionis
3058 1900 3300 1960 effectus,
3328 1911 3380 1953 et
3414 1896 3672 1953 malorum
3708 1905 3869 1954 senii-

2293 2009 2416 2047 num
2442 1994 2675 2061 aequales
2707 1991 2906 2045 fructus
2950 1991 3251 2054 inveniens,
3296 1989 3346 2042 in
3386 2006 3502 2042 caui
3552 1990 3745 2043 cecidit
3782 1991 3868 2042 fo-

2292 2099 2439 2137 veant
2483 2098 2639 2152 quam
2685 2083 2928 2150 ﬁdelibus
2978 2080 3214 2148 parabat.
3271 2078 3416 2131 Facti
3475 2089 3597 2131 sunt
3634 2081 3860 2133 istorum

2290 2190 2629 2229 successores
2650 2172 2963 2226 Timotheus
3004 2172 3222 2226 Ailurus
3267 2181 3323 2224 et
3367 2170 3595 2224 Petrus:
3638 2186 3866 2240 quorum

2289 2267 2389 2319 sibi
2431 2264 2625 2332 ubique
2653 2264 2926 2316 consensit
2958 2262 3225 2330 iniquitas,
3259 2271 3313 2316 et
3353 2264 3672 2315 mentientes
3695 2263 3863 2331 magi-

2288 2366 2426 2408 stros
2455 2354 2506 2406 in
2542 2354 2685 2413 nullo
2708 2353 2981 2414 deserunt,
3021 2352 3114 2404 scd
3160 2352 3207 2403 in
3234 2353 3484 2404 omnibus
3516 2353 3863 2420 pravitatibus

2287 2445 2628 2497 antecedunt.
2691 2445 2750 2496 Hi
2781 2444 3055 2511 approbati
3085 2451 3207 2495 sunt
3228 2444 3493 2510 generalis
3526 2442 3744 2496 materia
3778 2443 3862 2496 lat!-

2286 2535 2488 2597 sionis,
2549 2550 2773 2603 quorum
2830 2540 2884 2586 et
2927 2546 3112 2584 manus
3176 2533 3524 2585 sacerdotals
3590 2533 3861 2599 sanguinis

2289 2626 2569 2678 maculavit
2607 2624 2820 2687 effusio,
2854 2634 2907 2678 et
2934 2627 3093 2676 vitam
3133 2625 3491 2677 innocentium
3526 2627 3751 2692 peremit
3780 2626 3860 2679 in-

2289 2717 2496 2770 tcritus.
2554 2715 2759 2769 llabeut
2792 2730 2884 2782 per
2916 2715 3218 2767 universum
3252 2717 3504 2768 mundum
3535 2730 3563 2767 a
3586 2716 3861 2769 catholicis

2290 2811 2450 2863 inﬁxa
2481 2818 2695 2863 (eterna:
2723 2808 3081 2861 damnationis
3109 2808 3379 2876 stigmata,
3412 2823 3547 2876 quos
3576 2808 3859 2862 otthodoxi

2290 2915 2393 2952 non
2443 2900 2614 2953 solum
2663 2901 2897 2951 fecerunt
2939 2897 3331 2950 communionis
3370 2908 3638 2965 expertes,
3674 2911 3856 2951 verum

2283 2996 2440 3047 etiam
2474 3006 2568 3044 eos
2603 2990 3030 3044 Christianorum
3078 2989 3377 3057 spoliavere
3424 2989 3700 3041 vocabulo.
3764 2989 3859 3041 Pe-

2284 3095 2424 3138 trum
2458 3084 2847 3138 Autiorhenum
2876 3098 2996 3136 cutn
3032 3082 3175 3145 suis,
3227 3081 3383 3135 sicuti
3421 3082 3488 3132 ab
3529 3079 3611 3132 his
3637 3080 3703 3133 de
3739 3080 3855 3147 qui-

2208 3173 2252 3234 C
2288 3179 2387 3231 bus
2436 3193 2501 3231 ne
2533 3192 2840 3230 sermonum
2874 3174 3149 3243 prolixitas
3184 3182 3488 3225 nasceretur
3524 3172 3622 3224 hoc
3650 3181 3852 3224 tantum

2281 3268 2481 3323 dixisse
2533 3267 2784 3332 sufficiat,
2818 3265 3032 3319 Petrum
3077 3275 3129 3317 et
3159 3264 3274 3332 ejus
3296 3263 3469 3317 socios
3503 3264 3552 3316 in
3600 3263 3743 3316 nullo
3789 3265 3855 3313 ah

2280 3376 2464 3416 eorum
2491 3362 2579 3430 qui
2609 3360 2843 3413 damnati
2888 3369 3011 3413 sunt
3052 3359 3300 3427 dogmate
3339 3358 3661 3425 discrepare.
3712 3356 3856 3422 Quos

2282 3455 2505 3506 Aeacius
2530 3452 2817 3522 aliquando
2839 3453 3224 3516 condctnttans,
3282 3453 3333 3505 in
3366 3452 3548 3504 latules
3588 3461 3852 3503 suas‘om-

2280 3542 2423 3596 nium
2455 3542 2881 3597 Christianorum
2932 3558 3024 3597 ora
3052 3552 3390 3597 converterat
3415 3586 3429 3608 ,
3487 3555 3537 3597 et
3565 3558 3658 3596 eos
3685 3543 3851 3610 impu-

2277 3649 2445 3701 gnans
2472 3636 2557 3701 qui
2601 3635 2982 3704 Eutychianam
3006 3635 3251 3687 ha'resim
3286 3633 3660 3696 vindicabant,
3695 3632 3849 3685 ﬁdcnt

2277 3728 2575 3781 colentibus
2606 3728 2943 3795 grati~simus
2985 3738 3322 3794 apparuerat.
3378 3726 3482 3780 Sed
3529 3726 3650 3778 huic
3681 3725 3851 3777 Solitis

2278 3820 2551 3872 insidiator
2590 3820 2860 3873 fraudibus
2900 3819 3039 3887 quod
3075 3819 3416 3872 fraudabatur
3459 3816 3661 3868 invidit.
3713 3814 3845 3867 Nam

2276 3920 2457 3977 postea
2491 3910 2585 3962 hos
2607 3925 2733 3963 suos
2762 3909 3051 3973 complices
3101 3910 3298 3962 habere
3328 3907 3658 3967 desiderans,
3690 3914 3746 3959 et
3793 3907 3842 3958 in

2273 4002 2564 4055 catholicos
2592 4017 2738 4054 arma
2781 4014 3136 4066 convertens,
3178 4016 3296 4055 cum
3336 4000 3462 4067 ipsis
3505 3999 3703 4053 invenit
3732 4014 3849 4051 sur-

2275 4101 2377 4145 tem
2402 4098 2535 4160 quos
2565 4093 2767 4158 optavit
2798 4091 2994 4145 habere
3012 4080 3319 4159 participes.
3363 4092 3598 4159 Longum
3630 4099 3713 4143 est
3743 4093 3845 4157 cpi.

2272 4182 2422 4237 stola:
2452 4184 2710 4237 brevitate
2745 4200 2834 4251 per
2868 4185 3114 4237 universa
3144 4183 3461 4238 discurrere.
3500 4183 3651 4237 Unde
3681 4198 3744 4237 ex
3771 4194 3845 4235 to-

2273 4274 2376 4326 tius
2397 4289 2600 4327 suuttna
2633 4276 2825 4342 negotii
2858 4284 3059 4342 partem
3102 4275 3330 4341 aliquam
3368 4288 3465 4343 pro
3498 4276 3843 4327 instructione

2222 4365 2231 4379 '
2269 4364 2591 4427 direximus,
2638 4365 2936 4432 judicantes
2987 4364 3128 4433 quod
3176 4375 3317 4418 tanta
3348 4379 3433 4417 res
3473 4372 3701 4417 vestram
3734 4381 3838 4418 non

2271 4458 2435 4522 possit
2484 4457 2648 4510 latere
2681 4458 2955 4518 notitiam;
3003 4461 3269 4526 pra-cipue
3300 4474 3420 4511 cum
3456 4459 3556 4511 hoc
3584 4470 3681 4527 per
3708 4474 3841 4527 prir-

593 4546 728 4612 dire,
763 4561 812 4598 In
841 4546 939 4597 hac
963 4556 1136 4597 lamen
1165 4542 1523 4597 Obslillaliollc
1565 4543 1929 4609 perslilel‘ulll-
1991 4539 2158 4593 Elalio
2192 4544 2241 4601 ἰ)
2267 4546 2606 4600 decessurum
2642 4559 2942 4601 nostrorum
2968 4550 3167 4603 litteras
3203 4552 3396 4603 vestris
3425 4549 3583 4602 fuerit
3608 4551 3837 4618 regioni-

592 4637 736 4690 enim
771 4650 982 4704 semper
1013 4634 1170 4688 affert
1210 4632 1367 4686 saluti
1407 4633 1721 4700 periculum,
1757 4647 1850 4699 per
1889 4648 2044 4700 quam
2083 4632 2165 4700 ip-

591 4728 703 4780 sius
721 4728 966 4781 inventor
986 4726 1227 4779 diabolus
1244 4724 1479 4793 augelica
1506 4732 1767 4791 potestate
1800 4726 2035 4792 privatus
2057 4735 2157 4777 est.

591 4816 696 4870 Pro
728 4816 811 4870 his
841 4817 1116 4871 nobiscum
1146 4815 1443 4883 sapissime
1473 4814 1784 4868 fraternitas
1823 4823 1994 4869 vestra
2032 4829 2161 4868 con-

589 4908 777 4972 doluit,
810 4907 1118 4975 apostolica:
1149 4923 1254 4960 non
1277 4907 1559 4960 immemor
1585 4905 1847 4970 lectionis,
1882 4920 1983 4974 qua
2009 4920 2161 4958 mon-

588 5005 825 5051 stratur:
881 4997 941 5050 Si
984 4999 1175 5067 patitur
1214 5014 1370 5050 unum
1422 4997 1738 5057 membrum,
1780 4996 2158 5063 compatiuntur

587 5088 759 5140 omnia
780 5088 999 5139 membra
1030 5087 1095 5156 (1
1120 5088 1238 5142 Cor.
1262 5106 1329 5143 xn
1362 5092 1399 5156 ).
1450 5089 1554 5143 Sed
1609 5088 1883 5151 Dominus,
1929 5088 2018 5155 qtti
2047 5089 2159 5140 vult

588 5193 776 5232 omnes
804 5177 1045 5231 homines
1074 5178 1246 5231 salvos
1286 5180 1400 5231 ﬁeri
1440 5190 1492 5232 et
1539 5179 1604 5233 ad
1634 5178 1990 5246 cognitiOnem
2021 5179 2156 5231 veri-

588 5272 711 5326 tatis
739 5269 944 5332 venire,
976 5283 1114 5321 nunc
1155 5269 1438 5323 multorum
1482 5286 1672 5324 sensus
1710 5270 2013 5322 illutninans
2034 5310 2046 5332 ,
2076 5271 2154 5324 eis

587 5362 910 5417 desiderium
926 5358 1229 5427 apostolicae
1246 5360 1635 5414 communionis
1667 5362 1907 5425 infundit,
1933 5370 1988 5415 ut
2009 5366 2149 5430 quod

586 5451 785 5504 dudum
824 5449 1113 5503 intentione
1144 5447 1531 5515 praedicabant,
1566 5449 1667 5503 hoc
1695 5466 1835 5504 nunc
1865 5454 2153 5506 correctio-

586 5543 669 5595 nis
702 5541 1032 5608 professione
1062 5539 1436 5604 condemnem.
1490 5543 1724 5608 Quorum
1755 5543 1983 5598 reditum
2030 5545 2150 5597 ideo

587 5634 787 5701 absque
813 5632 1131 5701 suSpicionis
1158 5646 1336 5686 morsu
1372 5632 1675 5700 recipimus,
1708 5636 1833 5701 quia
1868 5634 1992 5687 dum
2028 5646 2153 5702 pec-

589 5734 764 5775 catum
785 5721 899 5775 sine
927 5722 1105 5790 aliqua
1132 5723 1488 5778 excusationis
1516 5722 1776 5778 velamine
1807 5724 2149 5791 conﬁtentur,

2271 4636 2369 4689 bus
2404 4639 2719 4690 nuntiatum.
2747 4638 2896 4703 Quod
2928 4648 2980 4692 et
3004 4654 3099 4693 nos
3130 4656 3224 4707 pro
3256 4640 3336 4691 his
3364 4656 3483 4708 quae
3514 4655 3681 4708 nuper
3707 4642 3837 4693 acci-

2267 4726 2462 4779 derunt
2521 4726 2904 4780 fraternitatem
2948 4740 3173 4782 vestiam
3218 4734 3519 4784 curavimus
3570 4732 3834 4786 instruen-

2266 4817 2407 4881 dam,
2441 4834 2505 4871 ne
2541 4820 2733 4871 alicubi
2766 4834 2861 4887 per
2900 4818 3253 4887 ignorantiam
3286 4821 3521 4876 ﬁdelium
3554 4823 3725 4878 locum
3757 4824 3833 4876 itt-

2267 4909 2447 4961 venire
2477 4911 2647 4977 possit
2694 4909 2970 4976 subreptio
3005 4911 3378 4978 pra-dictorum
3409 4913 3781 4983 (perditorum)
3818 4932 3830 4974 ;

2265 5000 2355 5053 sed
2374 5000 2463 5068 qui
2498 5002 2735 5054 nituntur
2758 5001 2882 5054 talia
2908 5001 3180 5055 vindicare
3210 5017 3375 5056 sacra:
3401 5005 3673 5059 consortio
3689 5020 3835 5059 cont-

2265 5091 2530 5143 tuuuionis
2561 5092 2777 5144 arcendi
2812 5092 3109 5145 evidentius
3154 5093 3510 5146 innotescant.
3552 5095 3714 5162 Igitur
3745 5096 3831 5147 ubi

2261 5180 2480 5235 interest
2512 5180 2633 5234 ﬁdei
2659 5220 2673 5245 ,
2707 5181 2961 5250 quidquid
3016 5184 3081 5235 ad
3131 5185 3353 5250 gratiam
3396 5184 3552 5250 hujus
3602 5187 3831 5250 pertinet

2259 5273 2434 5325 sa~coli
2482 5284 2790 5339 respuatur;
2838 5288 2957 5327 cum
2989 5290 3085 5329 nec
3129 5277 3383 5328 naturalis
3426 5277 3638 5329 affectio
3668 5278 3830 5332 rebus

2261 5362 2450 5415 debeat
2469 5362 2776 5415 caelestibus
2798 5369 3079 5432 anteponi,
3136 5375 3191 5418 ut
3232 5366 3355 5419 illud
3381 5375 3699 5433 praeceptum
3730 5368 3816 5423 Do-

2261 5454 2387 5507 mini
2407 5453 2735 5520 compleatur
2765 5470 2776 5503 :
2839 5454 2939 5518 Qui
2965 5466 3104 5507 amat
3135 5466 3327 5523 patrem
3364 5467 3452 5509 aut
3474 5468 3685 5512 matrem
3714 5462 3832 5527 plus

2260 5560 2407 5611 quam
2451 5559 2552 5607 me,
2577 5559 2674 5594 non
2699 5552 2769 5596 est
2800 5560 2877 5595 me
2922 5545 3106 5614 dignus
3154 5545 3366 5611 (Matth.
3396 5550 3470 5616 x).
3526 5549 3599 5603 De
3624 5554 3831 5607 caeteris

2258 5650 2378 5703 qum
2414 5635 2466 5688 in
2504 5635 2778 5704 religionis
2807 5650 2987 5699 causa,
3037 5638 3369 5693 confidentes
3397 5641 3593 5695 divinis
3632 5644 3830 5697 beneﬁ-

2260 5727 2376 5792 ciis,
2408 5725 2653 5798 przrsettti
2684 5737 2921 5798 tempore
2968 5728 3159 5783 iterum
3201 5729 3267 5786 de
3298 5728 3533 5788 Orientis
3591 5736 3829 5804 partibus
