4262 6264
384 422 453 475 33
1573 394 1941 459 EPISTOLJSV
1971 398 2054 453 ET
2096 396 2427 451 DECRETA.

3509 380 3613 433 454

352 547 653 605 speramus,
679 538 732 582 ct
752 528 956 597 legatos
980 514 1273 579 direximus
1306 521 1531 574 Domino
1560 519 1686 574 Jesu
1711 518 1930 572 Christo
1964 516 2005 572 A
2039 513 2080 563 si
2115 510 2202 578 qui
2232 506 2467 576 episcopi
2498 504 2646 559 vobis
2683 500 3040 563 occurrerint,
3075 508 3128 553 et
3166 494 3436 560 libellum,
3467 494 3617 561 cujus

350 625 649 696 supplicate
696 617 785 693 [1".
809 613 1151 686 suppilcato],
1177 622 1232 667 ut
1259 614 1369 681 ipse
1390 614 1476 681 qui
1504 627 1599 679 pro
1624 611 1816 679 pietate
1841 624 1933 663 sua

354 706 667 785 prosperum
680 710 893 767 donavit
910 708 1135 770 initium,
1150 705 1374 758 similem
1388 703 1682 757 concedere
1694 704 1937 771 dignetur

355 808 622 861 effectum.
642 805 914 861 Urbanum
931 804 1071 858 sedis
1085 801 1389 869 apostolicae
1404 799 1761 859 defensorem,
1777 795 1934 848 etiam

357 898 480 951 huic
496 908 677 966 aptum
702 896 933 965 negotio,
953 896 1018 948 ad
1043 897 1318 948 caritatem
1340 901 1480 944 tnatn
1498 890 1788 941 direximus
1811 904 1823 937 :
1848 899 1939 952 per

357 1006 518 1058 quem
558 989 624 1043 de
648 991 1017 1044 universarum
1047 988 1330 1042 effectuum
1369 998 1649 1040 causarum
1675 992 1937 1047 responso

358 1098 598 1151 congruo
623 1082 867 1151 cupimus
896 1097 1015 1148 quze
1045 1092 1169 1133 sunt
1196 1080 1372 1132 votiva
1396 1089 1741 1144 cognoscere.
1796 1072 1940 1123 Deus

360 1188 455 1225 vos
484 1173 777 1225 incolumes
814 1171 1106 1233 custodiat,
1152 1168 1343 1222 fratres
1385 1164 1673 1221 carissimi.
1729 1164 1859 1216 Data
1891 1178 1936 1215 vt

362 1263 482 1316 idus
509 1262 874 1330 Septembres,
909 1259 1181 1314 Florentio
1214 1261 1331 1311 viro
1368 1256 1667 1311 clarissimo
1696 1252 1935 1307 consule.

363 1390 692 1428 oassnvnto
710 1388 984 1427 P.ANTONII
1002 1387 1118 1426 PAGI
1150 1388 1213 1424 an
1240 1386 1409 1423 mauu
1439 1365 1782 1429 ClllttSTl5f5,
1805 1381 1857 1419 α.
1884 1366 1937 1418 5.

440 1467 518 1518 Ad
547 1481 744 1518 annum
771 1464 967 1518 Christi
999 1462 1103 1517 515
1134 1461 1447 1516 revocanda:
1477 1461 1665 1513 litterae
1703 1457 1942 1509 Hormis-

368 1537 451 1589 dae
482 1539 548 1587 ad
574 1536 867 1588 Carsorium
898 1536 1261 1588 Arelatensem
1288 1533 1599 1599 episcopum
1629 1530 1860 1594 scriptat,
1889 1528 1939 1578 in

368 1606 565 1674 quibus
596 1608 752 1658 docet
787 1603 1065 1657 llormisda
1099 1604 1379 1674 Dardaniae
1421 1612 1472 1652 et
1507 1601 1698 1674 Illyrici
1729 1599 1933 1674 episco-

371 1667 469 1743 pos
495 1677 560 1727 ad
586 1675 729 1728 sedis
756 1675 1061 1733 apostolica!
1088 1673 1537 1743 communionem
1560 1670 1805 1743 rediisse,
1868 1667 1943 1743 si-

371 1736 695 1813 gnificatque
725 1760 782 1797 sc
811 1746 1010 1809 legatos
1042 1746 1092 1795 itt
1122 1744 1392 1813 Orientem
1422 1740 1653 1813 misisse.
1697 1738 1767 1791 Ea
1796 1736 1940 1813 enim

370 1805 805 1881 Epistoladieitur
831 1805 951 1865 data
984 1830 1029 1866 ιι
1061 1815 1174 1865 idus
1212 1811 1336 1877 Sept
1369 1811 1551 1871 mbrea,
1578 1806 1837 1860 Florentio
1877 1805 1940 1859 V.

2041 594 2417 655 continentiam
2463 594 2811 665 percepistis,
2859 607 2887 643 a
2926 608 2983 644 se
3024 590 3381 656 subscriptum
3424 585 3618 639 offerre

2040 696 2337 761 voluerint,
2372 691 2654 760 suscipite,
2693 692 2877 754 eisque
2905 685 3136 752 praebete
3159 694 3358 736 sancite
3379 696 3618 734 comnm-

2042 786 2215 840 nionis
2243 784 2592 837 consortium.
2635 779 2690 834 Si
2724 794 2853 831 vero
2881 784 3225 830 occurrentes
3260 772 3357 841 ipsr
3394 788 3460 825 eo
3514 787 3622 839 quo

2042 870 2286 945 superius
2312 875 2544 929 diximus
2572 872 2761 926 ordine
2800 867 3035 938 profiteri
3078 866 3375 928 noluerint,
3407 878 3437 916 a
3469 863 3624 915 vobis

2042 968 2290 1037 equidem
2332 966 2432 1019 sub
2460 962 2774 1018 sacerdotali
2819 959 3098 1014 affectione
3142 964 3480 1011 tractentur:
3526 953 3621 1005 sed

2043 1076 2215 1129 neque
2241 1058 2392 1113 vobis
2423 1057 2492 1111 sit
2520 1071 2639 1111 cum
2665 1055 2745 1107 his
2776 1067 2957 1107 mensa
2988 1048 3287 1103 communis
3312 1088 3326 1109 ,
3361 1060 3530 1113 neque
3560 1044 3624 1097 ab

2048 1153 2125 1205 his
2174 1151 2256 1203 vel
2292 1148 2533 1202 victualia
2578 1143 2914 1215 prmsumatis
2955 1142 3233 1209 accipere,
3280 1138 3380 1191 nisi
3421 1145 3624 1189 tantum

2044 1244 2473 1305 sobvectionem,
2502 1239 2545 1292 si
2574 1252 2731 1290 causa
2763 1234 3086 1304 peposrerit,
3110 1240 3163 1286 et
3187 1229 3622 1297 hospitalitatem,

2044 1350 2112 1386 ne
2141 1332 2365 1386 credant
2392 1346 2449 1382 se
2476 1329 2695 1381 omnino
2726 1324 2999 1376 fastidiose
3029 1323 3331 1391 despectos.
3364 1319 3497 1372 Cum
3532 1333 3625 1369 au-

2047 1435 2150 1477 tem
2166 1418 2677 1484 Constantinopolim
2707 1417 2814 1468 Deo
2834 1414 3118 1482 adjuvante
3141 1410 3411 1471 veneritis,
3431 1410 3483 1462 in
3508 1422 3639 1460 eam

2045 1511 2276 1567 secedite
2298 1525 2452 1577 quam
2469 1509 2754 1575 imperator
2767 1504 3051 1571 praebuerit
3065 1503 3391 1555 mansionem
3409 1516 3423 1563 ;
3438 1499 3624 1553 etnul-

2047 1604 2153 1655 lntn
2181 1599 2246 1654 ad
2277 1599 2647 1652 Salutationem
2678 1606 2907 1649 vestram
2950 1594 3094 1659 prius
3125 1589 3439 1658 permittatis
3480 1601 3629 1640 acce-

2047 1695 2191 1755 dere,
2209 1693 2451 1760 exceptis
2466 1690 2548 1744 his
2565 1704 2697 1759 quos
2711 1688 2826 1755 ipse
2850 1687 2919 1739 mi
2954 1686 3057 1738 erit
3074 1686 3379 1750 imperator,
3398 1691 3631 1750 autqnos

2051 1795 2245 1838 nostra:
2276 1780 2666 1836 communionis
2693 1794 2811 1831 esse
2852 1777 3202 1846 cognoscitis,
3252 1776 3424 1827 donec
3456 1774 3628 1840 ipsum

370 1863 431 1938 ϐ’.
469 1901 571 1936 cos.
633 1886 891 1937 Itarouius
942 1892 994 1936 et
1036 1863 1350 1936 coi'ei-t—or'es
1398 1863 1745 1933 conciliorum
1794 1888 1946 1927 autu-
1975 1871 2027 1934 ’Β
2058 1876 2348 1942 principem
2379 1872 2631 1935 videatis;
2661 1869 2745 1923 cui
2775 1867 3108 1935 przcsentati,
3140 1866 3458 1927 salutantes,
3493 1863 3633 1916 litte-

373 1965 581 2007 manles
609 1969 805 2006 annum
852 1955 1047 2006 Christi
1092 1952 1197 2005 5t8
1231 1952 1401 2018 Magni
1442 1960 1497 2001 et
1527 1948 1779 2001 Florentii
1818 1960 1949 2018 eon-

376 2025 553 2078 sulatu
584 2036 822 2077 notatum
854 2024 1034 2083 fuisse,
1068 2022 1282 2074 easdem
1318 2015 1545 2073 ietulere
1574 2020 1637 2069 ad
1666 2015 1951 2071 eumCliri-

374 2094 444 2147 sti
472 2110 690 2146 animm.
726 2094 919 2147 Verum
951 2110 1016 2146 eo
1045 2108 1185 2146 anno
1209 2092 1430 2159 Magnus
1449 2089 1593 2142 solus
1623 2088 1809 2140 consul
1835 2100 1948 2159 pto-

378 2164 561 2223 tessit.
595 2164 820 2232 ideoque
842 2180 920 2217 etc
959 2165 1172 2225 litterae,
1206 2158 1326 2214 cum
1355 2160 1548 2232 quibus
1579 2159 1770 2232 aliqum.
1797 2158 1951 2208 annis

379 2230 899 2296 sequentbusidatm
946 2234 1337 2287 connexionem
1380 2231 1598 2288 habent.
1650 2230 1713 2279 ad
1752 2242 1948 2280 annum

377 2303 484 2356 515
512 2305 727 2357 omnino
757 2303 1114 2367 retrahendae,
1141 2313 1194 2355 et
1221 2304 1271 2357 itt
1295 2315 1429 2354 nova
1452 2298 1813 2353 Conciliorum
1839 2296 1953 2351 edi-

378 2375 526 2427 tione
557 2374 607 2427 iu
637 2390 791 2427 suum
821 2374 1062 2427 ordinem
1093 2371 1429 2426 restituenda-
1459 2379 1637 2422 eruut.

863 2494 888 2521 α
918 2483 1250 2538 EPISTULA
1281 2482 1469 2537 ΧΧΧΙ.

788 2594 854 2631 ΔΙ)
882 2592 1223 2630 ,ιυδτιδιλκυλι
1246 2590 1539 2628 AL‘GUSTUH.

379 2667 460 2722 Ad
489 2684 665 2735 pacem
694 2667 1057 2736 assequendam
1088 2666 1353 2726 Acacium,
1377 2663 1742 2725 damnandum,
1768 2661 1956 2730 legatos

947 2738 1075 2789 mitti
1112 2736 1386 2805 signiﬁcat.

460 2848 735 2901 Hormisda
759 2849 1046 2916 episcOpus
1069 2846 1370 2901 Justiniuno
1396 2850 1576 2913 Augus
1601 2858 1653 2897 o.

456 2941 771 2994 Litterarum
797 2950 1094 2995 vestrarum
1117 2941 1257 2995 serie
1286 2937 1558 3002 religionis
1579 2950 1680 3003 Ope
1704 2935 1956 3003 pollente,

381 3028 681 3085 devotionis
710 3033 1042 3100 optatissima
1074 3031 1428 3099 gratulatione
1458 3041 1729 3095 suscepta,
1759 3032 1961 3096 gratias

382 3120 645 3175 divinitati
703 3123 1011 3184 retulimus,
1046 3124 1166 3190 quia
1197 3122 1419 3174 dedistis
1452 3120 1703 3174 indicium
1751 3117 1908 3171 facile
1932 3133 1960 3169 a

2056 1986 2141 2024 ras
2172 1978 2381 2024 nostras
2403 1966 2618 2032 offerte,
2646 1971 2992 2032 suggerentes
3024 1974 3268 2027 magnum
3307 1973 3405 2011 nos
3430 1957 3495 2010 de
3520 1956 3635 2023 ejus

2055 2062 2281 2138 imperio
2320 2059 2568 2129 gaudium
2611 2058 2943 2125 percepisse,
3000 2060 3053 2106 et
3100 2050 3319 2104 nimium
3379 2046 3633 2116 gratulari

2053 2152 2193 2220 quod
2220 2164 2340 2203 eum
2372 2149 2509 2202 Deus
2534 2147 2878 2213 omnipotens
2904 2142 2965 2194 ad
2997 2141 3099 2195 hoc
3121 2140 3325 2203 evexit,
3351 2138 3499 2206 juxta
3522 2138 3636 2204 ejus

2055 2257 2234 2294 sacras
2266 2240 2493 2303 litteras,
2528 2246 2585 2289 ut
2614 2235 2906 2291 secundum
2939 2248 2999 2286 ea
3032 2247 3152 2299 qua:
3179 2239 3302 2285 sunt
3330 2230 3398 2283 ab
3424 2237 3637 2297 aposto-

2048 2334 2173 2387 lica:
2198 2322 2341 2386 sedis
2371 2331 2653 2387 coostituta
2699 2327 3014 2395 przesulihus
3032 2366 3047 2390 ,
3074 2324 3186 2378 Deo
3208 2332 3425 2376 auctore
3466 2329 3521 2374 et
3550 2335 3635 2374 re-

2057 2439 2162 2492 gno
2186 2423 2304 2489 eius
2335 2421 2642 2483 adnitente,
2679 2418 3036 2472 Ecclesiarum
3068 2423 3121 2469 et
3151 2429 3249 2483 pax
3272 2421 3330 2465 et
3354 2412 3527 2465 unitas
3560 2410 3639 2463 liis

2062 2512 2392 2581 temporibus
2420 2510 2719 2564 desiderata
2756 2506 3052 2575 proveniat.
3080 2504 3179 2570 Qui
3212 2502 3255 2556 si
3281 2518 3372 2554 vos
3395 2500 3641 2555 hortatus

2064 2604 2221 2657 fuerit
2252 2612 2310 2655 ut
2348 2597 3000 2666 (TonStantioopolitanum
3038 2593 3259 2647 videatis
3295 2591 3640 2659 episcOpum.

2062 2694 2304 2746 intimate
2351 2705 2445 2744 vos
2494 2688 2747 2757 praefinita
2801 2686 3032 2750 habere,
3081 2699 3201 2753 qua:
3248 2683 3405 2735 etiam
3455 2680 3522 2734 ab
3563 2682 3642 2732 eis

2063 2797 2205 2851 sa'pe
2228 2793 2353 2835 sunt
2376 2782 2610 2848 cognita,
2641 2790 2761 2845 qua:
2788 2778 2856 2830 ab
2880 2778 3141 2829 universis
3166 2773 3433 2843 episc0pis
3459 2771 3641 2826 catho-

2065 2874 2218 2927 licam
2244 2871 2674 2927 communionem
2703 2868 3146 2935 amplectentibus
3174 2866 3430 2932 professio
3451 2864 3643 2920 debeat

2063 2963 2343 3017 celebrari.
2372 2963 2496 3016 llarc
2524 2961 2565 3013 si
2594 2961 2877 3028 episcopus
2898 2957 3511 3023 ConstantinOpolitanus
3542 2959 3644 3008 im-

2066 3058 2209 3125 plere
2239 3064 2455 3122 paratus
2501 3062 2615 3116 est,
2648 3055 2694 3107 ei
2726 3052 2999 3119 gratanter
3045 3051 3400 3115 occurrimus;
3431 3051 3474 3104 si
3511 3066 3643 3106 vero

2069 3147 2209 3202 sed‘s
2231 3146 2537 3215 apostolica:
2558 3143 2983 3199 adhortationem
3007 3146 3154 3212 sequi
3176 3146 3491 3205 contemnit,
3514 3143 3644 3211 quid

383 3212 532 3265 mb's
564 3214 676 3266 ne"
705 3212 845 3282 ’λυοδ
876 3223 1232 3281 Ρ¹¹ί¹³¹⁵⁸θ¹¹¹¹¹⁸
1286 3213 1508 3265 hor'ari'
1552 3211 1689 3264 "me
1722 3208 1958 3299 es'f‘l‘md
1990 3240 2035 3299 C
2072 3208 2293 3291 necesse
2327 3245 2410 3289 est
2444 3246 2501 3288 ut
2535 3235 2599 3287 ad
2628 3234 2963 3287 occasionem
3005 3208 3363 3287 contentionis
3396 3208 3648 3284 salutatio

385 3304 504 3371 quia
539 3313 734 3371 sponte
773 3303 1057 3356 laudabilia
1087 3304 1306 3371 cupitis,
1332 3302 1488 3369 digne
1528 3301 1609 3353 ad.
1637 3298 1963 3369 principatus

386 3398 778 3464 apicemtgenei
796 3396 839 3449 is
872 3397 1035 3450 vestri
1087 3404 1369 3448 Stemmata
1394 3398 1774 3462 pervenerunt.
1822 3392 1965 3456 Qua-

356 3494 604 3555 ‘pr0pter
643 3487 873 3540 insistite
910 3497 962 3541 et
1002 3488 1264 3554 religiosa:
1298 3484 1596 3539 vivacitatis
1635 3484 1826 3537 animis
1868 3483 1969 3535 im-

391 3579 610 3643 minete,
645 3589 702 3631 ut
722 3578 1170 3647 quemadmodum
1204 3592 1298 3646 pro
1322 3577 1475 3629 home
1501 3574 1790 3629 voluntatis
1818 3573 1968 3627 initio

394 3684 558 3736 genus
587 3678 823 3722 vestrum
853 3669 1047 3723 meruit
1068 3668 1277 3722 culmen
1304 3668 1534 3734 imperii,
1566 3669 1617 3721 in
1640 3676 1838 3721 aeterna
1877 3681 1969 3718 vo-

398 3761 478 3813 bis
504 3760 569 3815 de
596 3762 923 3828 perfectione
965 3762 1132 3829 gloria
1176 3762 1280 3815 sint
1314 3760 1589 3827 triumphi.
1647 3760 1837 3813 Videte
1860 3774 1971 3827 quo

394 3850 657 3905 desiderio
678 3852 744 3904 ad
776 3852 923 3920 pacis
947 3852 1137 3919 gaudia
1171 3851 1474 3905 ludificatus
1502 3853 1593 3905 diu
1626 3850 1855 3905 mundus
1879 3866 1973 3904 ex-

394 3942 571 3996 hortet
593 3942 893 4014 (exsultet).
936 3942 1204 4011 ReSpicite
1234 3943 1600 4011 generalitatis
1625 3941 1854 4006 animos,
1883 3956 1971 3994 ve-

397 4037 490 4088 stri
523 4039 941 4106 pnesumptioue
971 4036 1239 4099 beneficii,
1261 4046 1409 4091 certa
1436 4050 1529 4105 spe
1556 4035 1751 4105 quietis
1779 4034 1970 4098 attolli;

400 4144 504 4180 non
532 4139 617 4182 est
643 4129 781 4196 quod
814 4144 873 4184 se
904 4128 1151 4183 dubietas
1193 4130 1418 4193 inserat,
1462 4143 1565 4181 non
1600 4136 1683 4180 est
1704 4126 1843 4193 quod
1874 4125 1974 4177 ali-

399 4221 525 4287 qud
557 4222 921 4291 ambiguitatis
950 4222 1200 4282 accedat,
1235 4237 1355 4274 cum
1406 4219 1673 4274 testatuini
1695 4259 1710 4283 ,
1756 4217 1895 4287 quod
1925 4226 1976 4272 et

403 4327 500 4367 nos
528 4315 742 4383 quidem
768 4314 906 4368 bene
936 4314 1201 4377 novimus,
1231 4314 1486 4367 accedere
1514 4312 1580 4365 ad
1616 4310 1976 4365 Ecclesiarnm

405 4404 742 4458 concordiam
773 4404 1046 4471 religionis
1074 4405 1354 4473 (religiosi)
1385 4404 1637 4472 principis
1658 4410 1799 4455 vota.
1839 4400 1978 4467 Qua-

406 4507 621 4565 propter
645 4505 806 4551 tanta:
828 4497 1253 4566 magnanimitati
1279 4498 1477 4565 gratias
1506 4504 1751 4563 agentes,
1777 4502 1972 4562 quanta

2070 3334 2249 3381 nostra
2278 3325 2538 3395 proficiat,
2566 3324 2757 3393 quibus
2787 3338 2892 3376 non
2915 3318 2998 3376 es't
3020 3321 3396 3389 disputationis
3416 3331 3509 3373 aut
3529 3332 3647 3374 eer-

2072 3419 2286 3473 taminis
2330 3431 2490 3471 causa
2537 3417 2587 3469 in
2634 3413 2930 3468 mandatis?
2967 3412 3023 3467 Si
3054 3428 3180 3467 vero
3218 3414 3506 3479 imperator
3545 3410 3645 3464 sibi

2072 3514 2265 3583 aperiri
2294 3511 2515 3565 voluerit
2559 3509 2689 3578 quid
2735 3508 2805 3561 sit
2842 3507 2982 3577 quod
3014 3509 3081 3560 ab
3120 3508 3374 3575 episcopo
3404 3503 3516 3557 fieri
3547 3518 3647 3583 po.

2071 3580 2301 3664 stult-tis,
2332 3599 2555 3653 formam
2579 3597 2744 3651 libelli
2766 3612 2924 3666 quam
2951 3595 3171 3661 tortutis
3189 3592 3473 3647 ostendite.
3498 3580 3663 3659 Quod

2074 3698 2118 3749 si
2163 3695 2231 3747 de
2277 3694 2615 3746 anathemate
2667 3689 2847 3744 Acacii
2895 3687 3264 3751 consentiens,
3311 3696 3654 3739 successores

2074 3785 2189 3852 ejus
2216 3784 2412 3837 dixerit
2445 3781 2777 3845 recitandos,
2815 3781 2884 3833 ob
2925 3780 3023 3833 hoc
3052 3777 3191 3845 quod
3224 3784 3442 3845 proliter
3470 3774 3653 3828 defen-

2076 3878 2281 3930 sionem
2317 3871 2771 3937 Chalcedonensis
2800 3869 2988 3939 synodi
3027 3868 3186 3935 aliqui
3212 3881 3397 3920 eorum
3440 3865 3655 3933 (nempe

2080 3965 2406 4033 Euphemius
2434 3974 2486 4018 et
2526 3960 2887 4031 Macedonius)
2916 3960 3107 4013 fuerint
3139 3958 3331 4013 exsilio
3356 3954 3618 4024 deportati
3636 3993 3651 4015 ,

2079 4057 2415 4113 insinuabitis
2460 4054 2589 4109 nihil
2620 4067 2715 4107 vos
2758 4054 2840 4107 de.
2871 4052 3033 4106 libelli
3081 4064 3237 4118 poise
3268 4051 3433 4105 forma
3463 4046 3652 4099 dei-cr..-

2082 4165 2232 4217 pere,
2264 4149 2315 4201 in
2346 4162 2448 4216 qua
2479 4159 2734 4211 sequaces
2762 4144 3130 4196 damnatorum
3156 4140 3349 4207 pariter
3378 4135 3653 4190 continen-

2086 4253 2188 4293 tur.
2214 4239 2319 4293 Sed
2343 4238 2388 4291 si
2413 4250 2508 4290 eos
2532 4236 2596 4288 ab
2623 4235 2723 4288 hac
2751 4250 2852 4285 non
2884 4230 3163 4300 potueritis
3187 4229 3481 4282 intentione
3500 4225 3662 4278 delle-

2082 4343 2261 4396 clere;
2322 4331 2513 4384 saltem
2559 4328 2660 4380 hoc
2710 4324 3064 4393 acquiescite,
3118 4330 3174 4374 ttt
3221 4317 3663 4373 anathematizato

2086 4421 2389 4490 specialiter
2420 4434 2513 4484 ter
2548 4415 2813 4478 libellum,
2842 4428 3001 4481 quem
3034 4411 3186 4462 vobis
3213 4408 3484 4469 dedimus,
3526 4412 3662 4458 Aca-

2086 4519 2201 4580 cio,
2257 4516 2325 4568 de
2374 4512 2830 4582 praedecessorum
2887 4507 3002 4574 ejus
3048 4502 3348 4556 nominibus
3398 4506 3662 4559 taccsttinz,

407 4603 691 4657 possumus
743 4590 993 4657 petitione
1047 4588 1398 4657 deprecamur
1453 4586 1741 4655 utiAcacii
1788 4600 1978 4638 nomen
2014 4607 2065 4665 η

2014 4607 2065 4665 D
2090 4607 2296 4662 abrasis
2313 4618 2495 4660 eorum
2519 4602 2584 4656 tle
2604 4599 2976 4671 diptychorum
3002 4591 3349 4661 inscriptione
3370 4586 3662 4643 vocabulis.

406 4695 529 4733 cum
559 4681 875 4748 sequacibus
901 4680 1012 4735 suis
1032 4720 1048 4745 ,
1110 4680 1250 4749 quod
1282 4680 1436 4749 plene
1461 4679 1680 4732 unitatis
1719 4677 1955 4731 Ecclesia

411 4786 527 4824 rum
553 4771 773 4840 impedit
795 4772 1046 4841 gaudium
1065 4813 1080 4836 ,
1112 4754 1469 4825 damnationis
1497 4770 1686 4823 ordine
1713 4770 1782 4822 sit
1812 4783 1986 4823 remo-

412 4870 543 4911 tum.
572 4859 681 4914 Nos
709 4862 851 4914 enim
884 4861 1265 4915 convenientes
1291 4876 1466 4915 causae
1504 4861 1744 4930 qualitati
1783 4859 1983 4915 direxi—

411 4966 531 5003 mus
563 4949 785 5019 legatos,
818 4950 1011 5020 quibus
1051 4950 1403 5017 pra-sentibus
1432 4950 1638 5003 initium
1666 4949 1805 5017 quod
1838 4949 1988 5002 dedi-

414 5041 477 5090 sti
508 5040 685 5107 gaudii
724 5040 891 5108 possit
930 5039 1222 5095 secundum
1254 5056 1372 5107 quae
1411 5040 1673 5094 mandatis
1701 5041 1980 5093 continen-

418 5138 500 5183 tur
524 5130 732 5200 impleri
760 5132 924 5200 (anno
952 5132 1162 5185 Domini
1190 5133 1337 5200 5H).

1030 5222 1386 5277 INDICULUS

538 5327 681 5374 QDEII
719 5328 1064 5366 ACCEPEBUNT
1106 5329 1293 5368 ιιολτι
1329 5328 1664 5369 Αροδτοιιειε
1703 5329 1869 5367 SEDIS.

981 5403 1194 5470 Legatos
1223 5406 1444 5459 instruit.

491 5493 622 5547 Cum
646 5494 753 5547 Deo
773 5494 1003 5564 propitio
1022 5503 1196 5562 partes
1212 5495 1510 5548 Orientales
1528 5494 1660 5548 fueii
1689 5494 1732 5547 is
1750 5491 1995 5562 ingressi,

494 5620 519 5644 "
551 5610 698 5664 Hanc
724 5612 1005 5673 epistolam
1036 5626 1154 5662 cum
1186 5625 1321 5663 nove
1344 5630 1373 5659 n
1405 5609 1749 5677 sequentibus
1778 5608 1844 5659 de
1872 5620 2000 5670 pace

428 5691 479 5732 et
500 5683 706 5751 unitate
731 5682 1018 5735 Orientalis
1042 5679 1292 5751 Ecclesia:
1319 5682 1539 5751 scripsit,
1560 5679 1839 5751 llormisda
1862 5692 1999 5751 pon-

432 5747 553 5803 tifex
581 5768 723 5803 anno
760 5753 963 5804 Dt'llttnl
997 5751 1120 5805 5l9.
1149 5750 1361 5803 Curavit
1393 5764 1483 5802 eas
1512 5748 1706 5802 deferri
1739 5762 1832 5815 per
1861 5747 2000 5812 lego»

431 5824 629 5875 tionem
670 5823 805 5876 sedi
841 5822 1142 5887 apo-.tolicm
1172 5862 1181 5879 ,
1231 5836 1329 5884 qua
1361 5820 1656 5875 Germanus
1694 5828 1746 5871 et
1774 5816 2003 5869 Joannes

2091 4703 2207 4766 Quo
2251 4700 2391 4757 Lai-to
2430 4695 2741 4764 episcopum
2784 4685 3428 4754 ConstantinOpolitanum
3474 4681 3526 4733 in
3572 4695 3666 4733 ve.-

2092 4807 2254 4849 sIram
2284 4790 2713 4843 communionem
2736 4784 2980 4851 accipite.
3007 4777 3264 4834 Libellum
3288 4790 3414 4829 vero
3441 4773 3521 4827 vel
3550 4772 3668 4840 epis

2093 4884 2241 4951 sc0pi
2284 4875 2899 4943 Constantinopolitani.
2955 4870 3037 4924 vel
3085 4868 3349 4928 aliorum,
3400 4879 3535 4932 quos
3577 4877 3671 4915 vos

2094 4978 2365 5045 suscipere
2409 4972 2519 5025 Deo
2565 4969 2775 5022 volente
2817 4964 3130 5033 contigerit.
3176 4961 3348 5029 primo
3393 4958 3567 5027 agite,
3606 4964 3673 5011 ut

2097 5078 2362 5137 przt'svnle
2388 5060 2889 5136 pepulolrecitetur.
2913 5055 3064 5123 Quod
3093 5055 3137 5108 si
3172 5054 3279 5107 hoc
3300 5053 3410 5106 fieri
3444 5066 3548 5104 non
3579 5064 3675 5119 po-

2098 5162 2252 5214 tuerit
2275 5203 2289 5225 ,
2345 5158 2535 5212 saltem
2583 5155 2633 5207 in
2665 5150 2954 5207 secretario
2986 5145 3336 5217 pra-sentibus
3368 5144 3580 5198 clericis
3623 5153 3678 5196 et

2098 5249 2533 5305 orchimandritls
2545 5245 2829 5313 relegatur.
2849 5241 2970 5295 Ilaec
2989 5239 3165 5293 omnia
3188 5239 3229 5292 si
3245 5238 3355 5291 Deo
3378 5236 3677 5289 fuerintvo-

2101 5343 2245 5395 lente
2256 5338 2541 5407 completa,
2556 5335 2931 5403 imperatorem
2946 5329 3678 5402 rogatu[F.imperatorroge-

2105 5428 2233 5498 tur],
2258 5427 2610 5481 utdestinatis
2622 5425 2790 5481 sacris
2819 5440 2911 5492 per
2926 5416 3674 5490 metropolitanosepiscopos,

2103 5517 2365 5587 adjunctis
2379 5517 2543 5585 ipsius
2557 5516 2787 5584 episcOpi
2801 5510 3368 5578 Constantinopo'itani
3382 5504 3595 5572 litteris,
3608 5504 3681 5559 in-

2107 5608 2366 5676 episropi,
2399 5606 2629 5659 Blondus
2672 5608 2965 5676 presbyter,
3004 5602 3145 5656 Felix
3177 5610 3229 5651 et
3259 5597 3541 5676 Dioscorus
3569 5594 3681 5648 dia-

2105 5666 2229 5735 coni
2260 5666 2562 5746 (ungebam:
2587 5692 2633 5737 r,
2674 5666 2869 5744 quiqui:
2910 5666 3221 5735 sementem
3270 5666 3557 5746 indiculqm
3600 5681 3682 5719 re.

2110 5766 2224 5804 rutn
2257 5736 2629 5817 ageitdtiruitia
2663 5736 2909 5814 pontifice
2934 5765 2941 5793 .-
2966 5749 3276 5807 rceperunt.
3327 5738 3454 5792 Suv.
3483 5736 3681 5791 BINIL‘S.
