  <div class='ocr_page' id='page_1' title='image "/cluster/home/n/w/nwhite01/storage/ocr_20150623/63/hvd.32044073498792/223.png"; bbox 0 0 4248 6260; ppageno 0'>
   <div class='ocr_carea' id='block_1_1' title="bbox 614 373 718 433">
    <p class='ocr_par' dir='ltr' id='par_1_1' title="bbox 614 373 718 433">
     <span class='ocr_line' id='line_1_1' title="bbox 614 373 718 433; baseline -0.019 0"><span class='ocrx_word' id='word_1_1' title='bbox 614 373 718 433; x_wconf 65' lang='grc'><strong>455</strong></span> 
     </span>
    </p>
   </div>
   <div class='ocr_carea' id='block_1_2' title="bbox 1950 355 2558 412">
    <p class='ocr_par' dir='ltr' id='par_1_2' title="bbox 1950 355 2558 412">
     <span class='ocr_line' id='line_1_2' title="bbox 1950 355 2558 412; baseline 0.002 -2"><span class='ocrx_word' id='word_1_2' title='bbox 1950 355 2317 412; x_wconf 61' lang='grc' dir='ltr'><strong>ΙΙΟΒΜΙΒΟᾸΕ</strong></span> <span class='ocrx_word' id='word_1_3' title='bbox 2359 356 2558 412; x_wconf 68' lang='grc' dir='ltr'><strong>ΡΑΡιΕ</strong></span> 
     </span>
    </p>
   </div>
   <div class='ocr_carea' id='block_1_3' title="bbox 3765 345 3870 402">
    <p class='ocr_par' dir='ltr' id='par_1_3' title="bbox 3765 345 3870 402">
     <span class='ocr_line' id='line_1_3' title="bbox 3765 345 3870 402; baseline -0.019 0"><span class='ocrx_word' id='word_1_4' title='bbox 3765 345 3870 402; x_wconf 63' lang='grc' dir='ltr'><strong>ιὸϐ</strong></span> 
     </span>
    </p>
   </div>
   <div class='ocr_carea' id='block_1_4' title="bbox 613 464 3877 550">
    <p class='ocr_par' dir='ltr' id='par_1_4' title="bbox 613 464 3877 550">
     <span class='ocr_line' id='line_1_4' title="bbox 613 464 3877 550; baseline -0.009 -8"><span class='ocrx_word' id='word_1_5' title='bbox 613 481 1176 550; x_wconf 88' lang='lat' dir='ltr'><strong>notescatepiscopum</strong></span> <span class='ocrx_word' id='word_1_6' title='bbox 1191 470 1857 539; x_wconf 81' lang='lat' dir='ltr'><strong>Constantinopolitanum,</strong></span> <span class='ocrx_word' id='word_1_7' title='bbox 1877 483 2193 536; x_wconf 86' lang='lat' dir='ltr'><strong>suoquoque</strong></span> <span class='ocrx_word' id='word_1_8' title='bbox 2222 471 2271 528; x_wconf 80' lang='grc' dir='ltr'><strong>Α</strong></span> <span class='ocrx_word' id='word_1_9' title='bbox 2300 470 2419 522; x_wconf 86' lang='lat' dir='ltr'><strong>dem</strong></span> <span class='ocrx_word' id='word_1_10' title='bbox 2463 468 2753 537; x_wconf 83' lang='lat' dir='ltr'><strong>aliquando</strong></span> <span class='ocrx_word' id='word_1_11' title='bbox 2782 469 3045 524; x_wconf 83' lang='lat' dir='ltr'><strong>divisores</strong></span> <span class='ocrx_word' id='word_1_12' title='bbox 3073 466 3326 522; x_wconf 82' lang='lat' dir='ltr'><strong>dominici</strong></span> <span class='ocrx_word' id='word_1_13' title='bbox 3362 464 3601 532; x_wconf 88' lang='lat' dir='ltr'><strong>corporis</strong></span> <span class='ocrx_word' id='word_1_14' title='bbox 3632 464 3755 516; x_wconf 81' lang='lat' dir='ltr'><strong>lidei</strong></span> <span class='ocrx_word' id='word_1_15' title='bbox 3786 480 3877 517; x_wconf 83' lang='lat' dir='ltr'><strong>ve-</strong></span> 
     </span>
    </p>
   </div>
   <div class='ocr_carea' id='block_1_5' title="bbox 613 558 2186 636">
    <p class='ocr_par' dir='ltr' id='par_1_5' title="bbox 613 558 2186 636">
     <span class='ocr_line' id='line_1_5' title="bbox 613 558 2186 636; baseline -0.011 -9"><span class='ocrx_word' id='word_1_16' title='bbox 613 589 874 631; x_wconf 75' lang='lat' dir='ltr'><strong>ronsensu</strong></span> <span class='ocrx_word' id='word_1_17' title='bbox 903 572 1165 626; x_wconf 88' lang='lat' dir='ltr'><strong>celebrata</strong></span> <span class='ocrx_word' id='word_1_18' title='bbox 1190 564 1522 636; x_wconf 82' lang='lat' dir='ltr'><strong>professione</strong></span> <span class='ocrx_word' id='word_1_19' title='bbox 1547 576 1705 631; x_wconf 87' lang='lat' dir='ltr'><strong>quam</strong></span> <span class='ocrx_word' id='word_1_20' title='bbox 1726 558 1882 614; x_wconf 88' lang='lat' dir='ltr'><strong>sedes</strong></span> <span class='ocrx_word' id='word_1_21' title='bbox 1896 559 2186 626; x_wconf 89' lang='lat' dir='ltr'><strong>apostolica</strong></span> 
     </span>
    </p>
   </div>
   <div class='ocr_carea' id='block_1_6' title="bbox 613 651 2187 725">
    <p class='ocr_par' dir='ltr' id='par_1_6' title="bbox 613 651 2187 725">
     <span class='ocr_line' id='line_1_6' title="bbox 613 651 2187 725; baseline -0.013 -7"><span class='ocrx_word' id='word_1_22' title='bbox 613 670 918 725; x_wconf 92' lang='lat' dir='ltr'><strong>destinavit,</strong></span> <span class='ocrx_word' id='word_1_23' title='bbox 935 665 984 715; x_wconf 93' lang='lat' dir='ltr'><strong>in</strong></span> <span class='ocrx_word' id='word_1_24' title='bbox 1000 662 1253 714; x_wconf 87' lang='lat' dir='ltr'><strong>unitatem</strong></span> <span class='ocrx_word' id='word_1_25' title='bbox 1271 654 1662 709; x_wconf 84' lang='lat' dir='ltr'><strong>communionis</strong></span> <span class='ocrx_word' id='word_1_26' title='bbox 1680 651 1843 704; x_wconf 89' lang='lat' dir='ltr'><strong>fuisse</strong></span> <span class='ocrx_word' id='word_1_27' title='bbox 1857 658 2161 716; x_wconf 89' lang='lat' dir='ltr'><strong>susceptum</strong></span> <span class='ocrx_word' id='word_1_28' title='bbox 2174 688 2187 711; x_wconf 98' lang='lat'><strong>,</strong></span> 
     </span>
    </p>
   </div>
   <div class='ocr_carea' id='block_1_7' title="bbox 613 738 2189 823">
    <p class='ocr_par' dir='ltr' id='par_1_7' title="bbox 613 738 2189 823">
     <span class='ocr_line' id='line_1_7' title="bbox 613 738 2189 823; baseline -0.011 -14"><span class='ocrx_word' id='word_1_29' title='bbox 613 760 805 823; x_wconf 85' lang='lat' dir='ltr'><strong>quibus</strong></span> <span class='ocrx_word' id='word_1_30' title='bbox 838 753 1029 809; x_wconf 88' lang='lat' dir='ltr'><strong>litteris</strong></span> <span class='ocrx_word' id='word_1_31' title='bbox 1051 752 1209 804; x_wconf 85' lang='lat' dir='ltr'><strong>etiam</strong></span> <span class='ocrx_word' id='word_1_32' title='bbox 1247 747 1392 815; x_wconf 87' lang='lat' dir='ltr'><strong>ipsos</strong></span> <span class='ocrx_word' id='word_1_33' title='bbox 1414 745 1653 797; x_wconf 73' lang='lat' dir='ltr'><strong>hortetur</strong></span> <span class='ocrx_word' id='word_1_34' title='bbox 1686 740 1882 795; x_wconf 83' lang='lat' dir='ltr'><strong>similia</strong></span> <span class='ocrx_word' id='word_1_35' title='bbox 1931 738 2189 807; x_wconf 82' lang='lat' dir='ltr'><strong>proﬁteri.</strong></span> 
     </span>
    </p>
   </div>
   <div class='ocr_carea' id='block_1_8' title="bbox 613 828 2189 915">
    <p class='ocr_par' dir='ltr' id='par_1_8' title="bbox 613 828 2189 915">
     <span class='ocr_line' id='line_1_8' title="bbox 613 828 2189 915; baseline -0.014 -15"><span class='ocrx_word' id='word_1_36' title='bbox 613 847 765 915; x_wconf 77' lang='lat' dir='ltr'><strong>Quod</strong></span> <span class='ocrx_word' id='word_1_37' title='bbox 795 847 838 897; x_wconf 90' lang='lat' dir='ltr'><strong>si</strong></span> <span class='ocrx_word' id='word_1_38' title='bbox 884 844 934 896; x_wconf 90' lang='lat' dir='ltr'><strong>in</strong></span> <span class='ocrx_word' id='word_1_39' title='bbox 968 843 1066 894; x_wconf 84' lang='lat' dir='ltr'><strong>hac</strong></span> <span class='ocrx_word' id='word_1_40' title='bbox 1106 849 1254 907; x_wconf 86' lang='lat' dir='ltr'><strong>parte</strong></span> <span class='ocrx_word' id='word_1_41' title='bbox 1301 838 1591 903; x_wconf 90' lang='lat' dir='ltr'><strong>imperator</strong></span> <span class='ocrx_word' id='word_1_42' title='bbox 1624 829 1820 899; x_wconf 86' lang='lat' dir='ltr'><strong>aliquid</strong></span> <span class='ocrx_word' id='word_1_43' title='bbox 1866 828 2189 884; x_wconf 79' lang='lat' dir='ltr'><strong>difficultatis</strong></span> 
     </span>
    </p>
   </div>
   <div class='ocr_carea' id='block_1_9' title="bbox 614 918 2193 999">
    <p class='ocr_par' dir='ltr' id='par_1_9' title="bbox 614 918 2193 999">
     <span class='ocr_line' id='line_1_9' title="bbox 614 918 2193 999; baseline -0.011 -10"><span class='ocrx_word' id='word_1_44' title='bbox 614 936 886 998; x_wconf 72' lang='lat' dir='ltr'><strong>attulerit,</strong></span> <span class='ocrx_word' id='word_1_45' title='bbox 953 933 1236 999; x_wconf 86' lang='lat' dir='ltr'><strong>episcopus</strong></span> <span class='ocrx_word' id='word_1_46' title='bbox 1287 921 1929 990; x_wconf 77' lang='lat' dir='ltr'><strong>ConSIantinopolitanus,</strong></span> <span class='ocrx_word' id='word_1_47' title='bbox 1973 918 2193 973; x_wconf 82' lang='lat' dir='ltr'><strong>directis</strong></span> 
     </span>
    </p>
   </div>
   <div class='ocr_carea' id='block_1_10' title="bbox 618 1013 2194 1093">
    <p class='ocr_par' dir='ltr' id='par_1_10' title="bbox 618 1013 2194 1093">
     <span class='ocr_line' id='line_1_10' title="bbox 618 1013 2194 1093; baseline -0.011 -13"><span class='ocrx_word' id='word_1_48' title='bbox 618 1024 1064 1093; x_wconf 74' lang='lat' dir='ltr'><strong>praeceptionibtts</strong></span> <span class='ocrx_word' id='word_1_49' title='bbox 1091 1020 1360 1088; x_wconf 81' lang='lat' dir='ltr'><strong>episcopis</strong></span> <span class='ocrx_word' id='word_1_50' title='bbox 1396 1016 1507 1069; x_wconf 73' lang='lat' dir='ltr'><strong>suis</strong></span> <span class='ocrx_word' id='word_1_51' title='bbox 1537 1013 1944 1083; x_wconf 71' lang='lat' dir='ltr'><strong>partncialibus,</strong></span> <span class='ocrx_word' id='word_1_52' title='bbox 1974 1013 2055 1064; x_wconf 92' lang='lat' dir='ltr'><strong>vel</strong></span> <span class='ocrx_word' id='word_1_53' title='bbox 2092 1025 2194 1063; x_wconf 72' lang='lat' dir='ltr'><strong>cte-</strong></span> 
     </span>
    </p>
   </div>
   <div class='ocr_carea' id='block_1_11' title="bbox 617 1102 2195 1182">
    <p class='ocr_par' dir='ltr' id='par_1_11' title="bbox 617 1102 2195 1182">
     <span class='ocr_line' id='line_1_11' title="bbox 617 1102 2195 1182; baseline -0.01 -11"><span class='ocrx_word' id='word_1_54' title='bbox 617 1119 745 1171; x_wconf 87' lang='lat' dir='ltr'><strong>teris</strong></span> <span class='ocrx_word' id='word_1_55' title='bbox 773 1112 1217 1182; x_wconf 80' lang='lat' dir='ltr'><strong>metmpolitanis,</strong></span> <span class='ocrx_word' id='word_1_56' title='bbox 1248 1112 1328 1165; x_wconf 90' lang='lat' dir='ltr'><strong>eis</strong></span> <span class='ocrx_word' id='word_1_57' title='bbox 1363 1106 1715 1175; x_wconf 71' lang='lat' dir='ltr'><strong>prmsentibus</strong></span> <span class='ocrx_word' id='word_1_58' title='bbox 1744 1104 1831 1172; x_wconf 90' lang='lat' dir='ltr'><strong>qui</strong></span> <span class='ocrx_word' id='word_1_59' title='bbox 1863 1120 1891 1153; x_wconf 74' lang='grc' dir='ltr'><strong>ιι</strong></span> <span class='ocrx_word' id='word_1_60' title='bbox 1923 1102 2072 1154; x_wconf 89' lang='lat' dir='ltr'><strong>vobis</strong></span> <span class='ocrx_word' id='word_1_61' title='bbox 2104 1117 2195 1169; x_wconf 84' lang='lat' dir='ltr'><strong>pa-</strong></span> 
     </span>
    </p>
   </div>
   <div class='ocr_carea' id='block_1_12' title="bbox 619 1192 2192 1267">
    <p class='ocr_par' dir='ltr' id='par_1_12' title="bbox 619 1192 2192 1267">
     <span class='ocr_line' id='line_1_12' title="bbox 619 1192 2192 1267; baseline -0.012 -7"><span class='ocrx_word' id='word_1_62' title='bbox 619 1208 745 1260; x_wconf 85' lang='lat' dir='ltr'><strong>riter</strong></span> <span class='ocrx_word' id='word_1_63' title='bbox 782 1206 969 1259; x_wconf 81' lang='lat' dir='ltr'><strong>directi</strong></span> <span class='ocrx_word' id='word_1_64' title='bbox 1004 1203 1233 1264; x_wconf 79' lang='lat' dir='ltr'><strong>fuerint,</strong></span> <span class='ocrx_word' id='word_1_65' title='bbox 1269 1198 1395 1267; x_wconf 89' lang='lat' dir='ltr'><strong>quid</strong></span> <span class='ocrx_word' id='word_1_66' title='bbox 1437 1198 1551 1264; x_wconf 88' lang='lat' dir='ltr'><strong>ipse</strong></span> <span class='ocrx_word' id='word_1_67' title='bbox 1594 1195 1815 1255; x_wconf 83' lang='lat' dir='ltr'><strong>fecerit,</strong></span> <span class='ocrx_word' id='word_1_68' title='bbox 1858 1192 2148 1246; x_wconf 75' lang='lat' dir='ltr'><strong>innotescat</strong></span> <span class='ocrx_word' id='word_1_69' title='bbox 2180 1208 2192 1242; x_wconf 90' lang='lat'><strong>:</strong></span> 
     </span>
    </p>
   </div>
   <div class='ocr_carea' id='block_1_13' title="bbox 616 1284 2195 1364">
    <p class='ocr_par' dir='ltr' id='par_1_13' title="bbox 616 1284 2195 1364">
     <span class='ocr_line' id='line_1_13' title="bbox 616 1284 2195 1364; baseline -0.011 -14"><span class='ocrx_word' id='word_1_70' title='bbox 616 1297 758 1364; x_wconf 87' lang='lat' dir='ltr'><strong>quod</strong></span> <span class='ocrx_word' id='word_1_71' title='bbox 787 1296 852 1350; x_wconf 87' lang='lat' dir='ltr'><strong>ab</strong></span> <span class='ocrx_word' id='word_1_72' title='bbox 882 1311 945 1350; x_wconf 91' lang='lat' dir='ltr'><strong>eo</strong></span> <span class='ocrx_word' id='word_1_73' title='bbox 983 1292 1158 1346; x_wconf 91' lang='lat' dir='ltr'><strong>modis</strong></span> <span class='ocrx_word' id='word_1_74' title='bbox 1181 1290 1433 1345; x_wconf 83' lang='lat' dir='ltr'><strong>omnibus</strong></span> <span class='ocrx_word' id='word_1_75' title='bbox 1458 1303 1553 1340; x_wconf 86' lang='lat' dir='ltr'><strong>vos</strong></span> <span class='ocrx_word' id='word_1_76' title='bbox 1597 1294 1809 1353; x_wconf 64' lang='lat' dir='ltr'><strong>oportet</strong></span> <span class='ocrx_word' id='word_1_77' title='bbox 1853 1284 2089 1346; x_wconf 71' lang='lat' dir='ltr'><strong>exigere,</strong></span> <span class='ocrx_word' id='word_1_78' title='bbox 2139 1290 2195 1334; x_wconf 88' lang='lat' dir='ltr'><strong>ut</strong></span> 
     </span>
    </p>
   </div>
   <div class='ocr_carea' id='block_1_14' title="bbox 622 1373 2195 1455">
    <p class='ocr_par' dir='ltr' id='par_1_14' title="bbox 622 1373 2195 1455">
     <span class='ocr_line' id='line_1_14' title="bbox 622 1373 2195 1455; baseline -0.011 -11"><span class='ocrx_word' id='word_1_79' title='bbox 622 1391 741 1443; x_wconf 86' lang='lat' dir='ltr'><strong>facti</strong></span> <span class='ocrx_word' id='word_1_80' title='bbox 781 1388 936 1455; x_wconf 84' lang='lat' dir='ltr'><strong>huius</strong></span> <span class='ocrx_word' id='word_1_81' title='bbox 979 1384 1284 1439; x_wconf 89' lang='lat' dir='ltr'><strong>testimonio</strong></span> <span class='ocrx_word' id='word_1_82' title='bbox 1316 1386 1627 1449; x_wconf 67' lang='lat' dir='ltr'><strong>peragrante</strong></span> <span class='ocrx_word' id='word_1_83' title='bbox 1649 1419 1663 1439; x_wconf 87' lang='lat'><strong>,</strong></span> <span class='ocrx_word' id='word_1_84' title='bbox 1693 1375 1852 1429; x_wconf 89' lang='lat' dir='ltr'><strong>etiam</strong></span> <span class='ocrx_word' id='word_1_85' title='bbox 1887 1373 2195 1433; x_wconf 89' lang='lat' dir='ltr'><strong>universos.</strong></span> 
     </span>
    </p>
   </div>
   <div class='ocr_carea' id='block_1_15' title="bbox 623 1465 1903 1548">
    <p class='ocr_par' dir='ltr' id='par_1_15' title="bbox 623 1465 1903 1548">
     <span class='ocr_line' id='line_1_15' title="bbox 623 1465 1903 1548; baseline -0.013 -16"><span class='ocrx_word' id='word_1_86' title='bbox 623 1481 704 1536; x_wconf 90' lang='lat' dir='ltr'><strong>vel</strong></span> <span class='ocrx_word' id='word_1_87' title='bbox 726 1480 816 1548; x_wconf 94' lang='lat' dir='ltr'><strong>qui</strong></span> <span class='ocrx_word' id='word_1_88' title='bbox 840 1479 994 1544; x_wconf 83' lang='lat' dir='ltr'><strong>longe</strong></span> <span class='ocrx_word' id='word_1_89' title='bbox 1023 1485 1149 1529; x_wconf 91' lang='lat' dir='ltr'><strong>sunt</strong></span> <span class='ocrx_word' id='word_1_90' title='bbox 1179 1471 1357 1540; x_wconf 82' lang='lat' dir='ltr'><strong>positi,</strong></span> <span class='ocrx_word' id='word_1_91' title='bbox 1383 1470 1551 1524; x_wconf 91' lang='lat' dir='ltr'><strong>latere</strong></span> <span class='ocrx_word' id='word_1_92' title='bbox 1578 1482 1682 1520; x_wconf 92' lang='lat' dir='ltr'><strong>non</strong></span> <span class='ocrx_word' id='word_1_93' title='bbox 1716 1465 1903 1533; x_wconf 81' lang='lat' dir='ltr'><strong>possit.</strong></span> 
     </span>
    </p>
   </div>
   <div class='ocr_carea' id='block_1_16' title="bbox 1115 1557 1699 1617">
    <p class='ocr_par' dir='ltr' id='par_1_16' title="bbox 1115 1557 1699 1617">
     <span class='ocr_line' id='line_1_16' title="bbox 1115 1557 1699 1617; baseline -0.019 1"><span class='ocrx_word' id='word_1_94' title='bbox 1115 1560 1445 1617; x_wconf 79' lang='lat' dir='ltr'><strong>EPISTOLA</strong></span> <span class='ocrx_word' id='word_1_95' title='bbox 1484 1559 1527 1612; x_wconf 85' lang='grc' dir='ltr'>Χ</span> <span class='ocrx_word' id='word_1_96' title='bbox 1541 1557 1699 1611; x_wconf 70' lang='lat' dir='ltr'><strong>XXII.</strong></span> 
     </span>
    </p>
   </div>
   <div class='ocr_carea' id='block_1_17' title="bbox 1060 1650 1747 1699">
    <p class='ocr_par' dir='ltr' id='par_1_17' title="bbox 1060 1650 1747 1699">
     <span class='ocr_line' id='line_1_17' title="bbox 1060 1650 1747 1699; baseline -0.019 0"><span class='ocrx_word' id='word_1_97' title='bbox 1060 1663 1125 1699; x_wconf 79' lang='grc' dir='ltr'><strong>ΑΙ)</strong></span> <span class='ocrx_word' id='word_1_98' title='bbox 1158 1656 1409 1697; x_wconf 62' lang='grc' dir='ltr'>ιιιετιδυιι</span> <span class='ocrx_word' id='word_1_99' title='bbox 1451 1656 1478 1692; x_wconf 79' lang='grc' dir='ltr'><strong>Α</strong></span> <span class='ocrx_word' id='word_1_100' title='bbox 1491 1650 1747 1691; x_wconf 68' lang='grc' dir='ltr'><strong>υςυδτωι.</strong></span> 
     </span>
    </p>
   </div>
   <div class='ocr_carea' id='block_1_18' title="bbox 623 1721 2201 1811">
    <p class='ocr_par' dir='ltr' id='par_1_18' title="bbox 623 1721 2201 1811">
     <span class='ocr_line' id='line_1_18' title="bbox 623 1721 2201 1811; baseline -0.017 -13"><span class='ocrx_word' id='word_1_101' title='bbox 623 1744 698 1798; x_wconf 77' lang='lat' dir='ltr'><strong>Ab</strong></span> <span class='ocrx_word' id='word_1_102' title='bbox 734 1743 798 1796; x_wconf 77' lang='lat' dir='ltr'><strong>iis</strong></span> <span class='ocrx_word' id='word_1_103' title='bbox 836 1742 944 1811; x_wconf 85' lang='lat' dir='ltr'><strong>qni,</strong></span> <span class='ocrx_word' id='word_1_104' title='bbox 984 1737 1227 1811; x_wconf 63' lang='lat' dir='ltr'><strong>admissis</strong></span> <span class='ocrx_word' id='word_1_105' title='bbox 1277 1728 1698 1811; x_wconf 64' lang='lat' dir='ltr'><strong>Chalcedonensis</strong></span> <span class='ocrx_word' id='word_1_106' title='bbox 1735 1723 1936 1811; x_wconf 46' lang='lat' dir='ltr'><strong>cloueilii</strong></span> 
     </span>
    </p>
   </div>
   <div class='ocr_carea' id='block_1_19' title="bbox 694 1794 2201 1867">
    <p class='ocr_par' dir='ltr' id='par_1_19' title="bbox 694 1794 2201 1867">
     <span class='ocr_line' id='line_1_19' title="bbox 694 1794 2201 1867; baseline -0.015 -1"><span class='ocrx_word' id='word_1_107' title='bbox 694 1794 1199 1867; x_wconf 44' lang='lat' dir='ltr'><strong>Acaciitm&#39;dmmmre</strong></span> <span class='ocrx_word' id='word_1_108' title='bbox 1228 1806 1549 1857; x_wconf 73' lang='lat' dir='ltr'><strong>recusabant,</strong></span> <span class='ocrx_word' id='word_1_109' title='bbox 1573 1796 1881 1867; x_wconf 45' lang='lat' dir='ltr'><strong>agendum;</strong></span> <span class='ocrx_word' id='word_1_110' title='bbox 1911 1794 2201 1867; x_wconf 68' lang='lat' dir='ltr'><strong>legatosque</strong></span> 
     </span>
    </p>
   </div>
   <div class='ocr_carea' id='block_1_20' title="bbox 698 1864 2199 1943">
    <p class='ocr_par' dir='ltr' id='par_1_20' title="bbox 698 1864 2199 1943">
     <span class='ocr_line' id='line_1_20' title="bbox 698 1864 2199 1943; baseline -0.016 -8"><span class='ocrx_word' id='word_1_111' title='bbox 698 1864 757 1935; x_wconf 75' lang='lat' dir='ltr'><strong>ob</strong></span> <span class='ocrx_word' id='word_1_112' title='bbox 784 1895 953 1943; x_wconf 87' lang='lat' dir='ltr'><strong>pacem</strong></span> <span class='ocrx_word' id='word_1_113' title='bbox 975 1889 1020 1931; x_wconf 84' lang='lat' dir='ltr'><strong>et</strong></span> <span class='ocrx_word' id='word_1_114' title='bbox 1043 1880 1275 1929; x_wconf 84' lang='lat' dir='ltr'><strong>unionem</strong></span> <span class='ocrx_word' id='word_1_115' title='bbox 1305 1869 1579 1925; x_wconf 77' lang='lat' dir='ltr'><strong>Orientalis</strong></span> <span class='ocrx_word' id='word_1_116' title='bbox 1607 1865 1844 1919; x_wconf 78' lang='lat' dir='ltr'><strong>Ecclesia:</strong></span> <span class='ocrx_word' id='word_1_117' title='bbox 1864 1864 2040 1916; x_wconf 77' lang='lat' dir='ltr'><strong>missos</strong></span> <span class='ocrx_word' id='word_1_118' title='bbox 2062 1877 2199 1913; x_wconf 82' lang='lat' dir='ltr'><strong>cont-</strong></span> 
     </span>
    </p>
   </div>
   <div class='ocr_carea' id='block_1_21' title="bbox 697 1952 919 2003">
    <p class='ocr_par' dir='ltr' id='par_1_21' title="bbox 697 1952 919 2003">
     <span class='ocr_line' id='line_1_21' title="bbox 697 1952 919 2003; baseline -0.018 -1"><span class='ocrx_word' id='word_1_119' title='bbox 697 1952 919 2003; x_wconf 83' lang='lat' dir='ltr'><strong>mendat.</strong></span> 
     </span>
    </p>
   </div>
   <div class='ocr_carea' id='block_1_22' title="bbox 699 2034 2134 2108">
    <p class='ocr_par' dir='ltr' id='par_1_22' title="bbox 699 2034 2134 2108">
     <span class='ocr_line' id='line_1_22' title="bbox 699 2034 2134 2108; baseline -0.017 -13"><span class='ocrx_word' id='word_1_120' title='bbox 699 2036 981 2095; x_wconf 84' lang='lat' dir='ltr'><strong>llormisda</strong></span> <span class='ocrx_word' id='word_1_121' title='bbox 1002 2035 1208 2089; x_wconf 82' lang='lat' dir='ltr'><strong>.Ittstino</strong></span> <span class='ocrx_word' id='word_1_122' title='bbox 1236 2034 1492 2097; x_wconf 79' lang='lat' dir='ltr'><strong>Augusto.</strong></span> <span class='ocrx_word' id='word_1_123' title='bbox 2119 2094 2134 2108; x_wconf 46' lang='lat'><strong>.</strong></span> 
     </span>
    </p>
   </div>
   <div class='ocr_carea' id='block_1_23' title="bbox 696 2114 2205 2197">
    <p class='ocr_par' dir='ltr' id='par_1_23' title="bbox 696 2114 2205 2197">
     <span class='ocr_line' id='line_1_23' title="bbox 696 2114 2205 2197; baseline -0.014 -10"><span class='ocrx_word' id='word_1_124' title='bbox 696 2134 766 2188; x_wconf 79' lang='lat' dir='ltr'><strong>lu.</strong></span> <span class='ocrx_word' id='word_1_125' title='bbox 785 2140 987 2185; x_wconf 90' lang='lat' dir='ltr'><strong>tantum</strong></span> <span class='ocrx_word' id='word_1_126' title='bbox 1018 2144 1115 2196; x_wconf 86' lang='lat' dir='ltr'><strong>pro</strong></span> <span class='ocrx_word' id='word_1_127' title='bbox 1143 2130 1307 2197; x_wconf 82' lang='lat' dir='ltr'><strong>gratia</strong></span> <span class='ocrx_word' id='word_1_128' title='bbox 1345 2123 1645 2179; x_wconf 84' lang='lat' dir='ltr'><strong>Divinitatis</strong></span> <span class='ocrx_word' id='word_1_129' title='bbox 1688 2118 1871 2187; x_wconf 69' lang='lat' dir='ltr'><strong>gloria:</strong></span> <span class='ocrx_word' id='word_1_130' title='bbox 1900 2132 1943 2168; x_wconf 74' lang='grc' dir='ltr'><strong>νε</strong></span> <span class='ocrx_word' id='word_1_131' title='bbox 1967 2125 2093 2170; x_wconf 76' lang='lat' dir='ltr'><strong>strac</strong></span> <span class='ocrx_word' id='word_1_132' title='bbox 2128 2114 2205 2167; x_wconf 84' lang='lat' dir='ltr'><strong>fa-</strong></span> 
     </span>
    </p>
   </div>
   <div class='ocr_carea' id='block_1_24' title="bbox 626 2207 2205 2283">
    <p class='ocr_par' dir='ltr' id='par_1_24' title="bbox 626 2207 2205 2283">
     <span class='ocr_line' id='line_1_24' title="bbox 626 2207 2205 2283; baseline -0.015 -1"><span class='ocrx_word' id='word_1_133' title='bbox 626 2243 767 2283; x_wconf 91' lang='lat' dir='ltr'><strong>mam</strong></span> <span class='ocrx_word' id='word_1_134' title='bbox 793 2232 1002 2281; x_wconf 79' lang='lat' dir='ltr'><strong>constat</strong></span> <span class='ocrx_word' id='word_1_135' title='bbox 1038 2231 1318 2277; x_wconf 86' lang='lat' dir='ltr'><strong>extensam</strong></span> <span class='ocrx_word' id='word_1_136' title='bbox 1342 2260 1356 2281; x_wconf 88' lang='lat'><strong>,</strong></span> <span class='ocrx_word' id='word_1_137' title='bbox 1404 2226 1457 2270; x_wconf 91' lang='lat' dir='ltr'><strong>et</strong></span> <span class='ocrx_word' id='word_1_138' title='bbox 1496 2215 1566 2269; x_wconf 90' lang='lat' dir='ltr'><strong>ita</strong></span> <span class='ocrx_word' id='word_1_139' title='bbox 1598 2226 1692 2266; x_wconf 90' lang='lat' dir='ltr'><strong>vos</strong></span> <span class='ocrx_word' id='word_1_140' title='bbox 1724 2211 2047 2276; x_wconf 72' lang='lat' dir='ltr'><strong>suffragante</strong></span> <span class='ocrx_word' id='word_1_141' title='bbox 2082 2207 2205 2259; x_wconf 77' lang='lat' dir='ltr'><strong>vita:</strong></span> 
     </span>
    </p>
   </div>
   <div class='ocr_carea' id='block_1_25' title="bbox 627 2303 2203 2373">
    <p class='ocr_par' dir='ltr' id='par_1_25' title="bbox 627 2303 2203 2373">
     <span class='ocr_line' id='line_1_25' title="bbox 627 2303 2203 2373; baseline -0.015 0"><span class='ocrx_word' id='word_1_142' title='bbox 627 2318 817 2373; x_wconf 90' lang='lat' dir='ltr'><strong>merito</strong></span> <span class='ocrx_word' id='word_1_143' title='bbox 848 2313 1185 2369; x_wconf 80' lang='lat' dir='ltr'><strong>laudabiliter</strong></span> <span class='ocrx_word' id='word_1_144' title='bbox 1217 2308 1414 2361; x_wconf 89' lang='lat' dir='ltr'><strong>mundo</strong></span> <span class='ocrx_word' id='word_1_145' title='bbox 1442 2304 1664 2371; x_wconf 80' lang='lat' dir='ltr'><strong>contigit</strong></span> <span class='ocrx_word' id='word_1_146' title='bbox 1687 2303 2053 2362; x_wconf 82' lang='lat' dir='ltr'><strong>iut.otescere,</strong></span> <span class='ocrx_word' id='word_1_147' title='bbox 2081 2312 2203 2365; x_wconf 86' lang='lat' dir='ltr'><strong>pro-</strong></span> 
     </span>
    </p>
   </div>
   <div class='ocr_carea' id='block_1_26' title="bbox 628 2394 2203 2464">
    <p class='ocr_par' dir='ltr' id='par_1_26' title="bbox 628 2394 2203 2464">
     <span class='ocr_line' id='line_1_26' title="bbox 628 2394 2203 2464; baseline -0.011 -4"><span class='ocrx_word' id='word_1_148' title='bbox 628 2406 1022 2461; x_wconf 88' lang='lat' dir='ltr'><strong>batissimorum</strong></span> <span class='ocrx_word' id='word_1_149' title='bbox 1066 2399 1339 2454; x_wconf 84' lang='lat' dir='ltr'><strong>hominum</strong></span> <span class='ocrx_word' id='word_1_150' title='bbox 1372 2397 1624 2464; x_wconf 64' lang='lat' dir='ltr'><strong>opinione</strong></span> <span class='ocrx_word' id='word_1_151' title='bbox 1657 2394 1929 2460; x_wconf 84' lang='lat' dir='ltr'><strong>vnlgante,</strong></span> <span class='ocrx_word' id='word_1_152' title='bbox 1963 2401 2015 2442; x_wconf 93' lang='lat' dir='ltr'><strong>ut</strong></span> <span class='ocrx_word' id='word_1_153' title='bbox 2044 2403 2203 2455; x_wconf 87' lang='lat' dir='ltr'><strong>super</strong></span> 
     </span>
    </p>
   </div>
   <div class='ocr_carea' id='block_1_27' title="bbox 627 2482 2203 2561">
    <p class='ocr_par' dir='ltr' id='par_1_27' title="bbox 627 2482 2203 2561">
     <span class='ocr_line' id='line_1_27' title="bbox 627 2482 2203 2561; baseline -0.009 -14"><span class='ocrx_word' id='word_1_154' title='bbox 627 2512 722 2551; x_wconf 85' lang='lat' dir='ltr'><strong>vos</strong></span> <span class='ocrx_word' id='word_1_155' title='bbox 754 2495 927 2561; x_wconf 79' lang='lat' dir='ltr'><strong>potius</strong></span> <span class='ocrx_word' id='word_1_156' title='bbox 953 2491 1203 2547; x_wconf 89' lang='lat' dir='ltr'><strong>credatur</strong></span> <span class='ocrx_word' id='word_1_157' title='bbox 1243 2488 1479 2541; x_wconf 89' lang='lat' dir='ltr'><strong>delatum</strong></span> <span class='ocrx_word' id='word_1_158' title='bbox 1518 2485 1728 2539; x_wconf 87' lang='lat' dir='ltr'><strong>culmen</strong></span> <span class='ocrx_word' id='word_1_159' title='bbox 1772 2482 2007 2549; x_wconf 86' lang='lat' dir='ltr'><strong>imperii,</strong></span> <span class='ocrx_word' id='word_1_160' title='bbox 2043 2494 2203 2549; x_wconf 90' lang='lat' dir='ltr'><strong>quam</strong></span> 
     </span>
    </p>
   </div>
   <div class='ocr_carea' id='block_1_28' title="bbox 631 2574 2205 2656">
    <p class='ocr_par' dir='ltr' id='par_1_28' title="bbox 631 2574 2205 2656">
     <span class='ocr_line' id='line_1_28' title="bbox 631 2574 2205 2656; baseline -0.009 -17"><span class='ocrx_word' id='word_1_161' title='bbox 631 2606 725 2654; x_wconf 85' lang='lat' dir='ltr'><strong>per</strong></span> <span class='ocrx_word' id='word_1_162' title='bbox 751 2588 1029 2656; x_wconf 90' lang='lat' dir='ltr'><strong>imperium</strong></span> <span class='ocrx_word' id='word_1_163' title='bbox 1057 2598 1152 2638; x_wconf 89' lang='lat' dir='ltr'><strong>vos</strong></span> <span class='ocrx_word' id='word_1_164' title='bbox 1194 2580 1382 2649; x_wconf 85' lang='lat' dir='ltr'><strong>aliquis</strong></span> <span class='ocrx_word' id='word_1_165' title='bbox 1425 2578 1567 2633; x_wconf 87' lang='lat' dir='ltr'><strong>dicat</strong></span> <span class='ocrx_word' id='word_1_166' title='bbox 1608 2574 1846 2646; x_wconf 80' lang='lat' dir='ltr'><strong>agnosci.</strong></span> <span class='ocrx_word' id='word_1_167' title='bbox 1876 2575 2090 2627; x_wconf 77' lang='lat' dir='ltr'><strong>Certum</strong></span> <span class='ocrx_word' id='word_1_168' title='bbox 2122 2580 2205 2625; x_wconf 91' lang='lat' dir='ltr'><strong>est</strong></span> 
     </span>
    </p>
   </div>
   <div class='ocr_carea' id='block_1_29' title="bbox 628 2663 2206 2746">
    <p class='ocr_par' dir='ltr' id='par_1_29' title="bbox 628 2663 2206 2746">
     <span class='ocr_line' id='line_1_29' title="bbox 628 2663 2206 2746; baseline -0.009 -15"><span class='ocrx_word' id='word_1_169' title='bbox 628 2679 841 2746; x_wconf 87' lang='lat' dir='ltr'><strong>quidem</strong></span> <span class='ocrx_word' id='word_1_170' title='bbox 872 2675 1175 2745; x_wconf 86' lang='lat' dir='ltr'><strong>hujusmodi</strong></span> <span class='ocrx_word' id='word_1_171' title='bbox 1207 2672 1551 2742; x_wconf 87' lang='lat' dir='ltr'><strong>provectioue</strong></span> <span class='ocrx_word' id='word_1_172' title='bbox 1580 2678 1758 2722; x_wconf 88' lang='lat' dir='ltr'><strong>vestra</strong></span> <span class='ocrx_word' id='word_1_173' title='bbox 1784 2665 2007 2734; x_wconf 88' lang='lat' dir='ltr'><strong>pristino</strong></span> <span class='ocrx_word' id='word_1_174' title='bbox 2027 2663 2206 2732; x_wconf 80' lang='lat' dir='ltr'><strong>splen-</strong></span> 
     </span>
    </p>
   </div>
   <div class='ocr_carea' id='block_1_30' title="bbox 626 2756 2204 2823">
    <p class='ocr_par' dir='ltr' id='par_1_30' title="bbox 626 2756 2204 2823">
     <span class='ocr_line' id='line_1_30' title="bbox 626 2756 2204 2823; baseline -0.007 -2"><span class='ocrx_word' id='word_1_175' title='bbox 626 2770 742 2823; x_wconf 89' lang='lat' dir='ltr'><strong>dori</strong></span> <span class='ocrx_word' id='word_1_176' title='bbox 769 2768 1063 2823; x_wconf 77' lang='lat' dir='ltr'><strong>accessisse</strong></span> <span class='ocrx_word' id='word_1_177' title='bbox 1088 2763 1300 2819; x_wconf 87' lang='lat' dir='ltr'><strong>decoris</strong></span> <span class='ocrx_word' id='word_1_178' title='bbox 1324 2762 1627 2823; x_wconf 87' lang='lat' dir='ltr'><strong>cumulum;</strong></span> <span class='ocrx_word' id='word_1_179' title='bbox 1660 2759 1754 2813; x_wconf 85' lang='lat' dir='ltr'><strong>sed</strong></span> <span class='ocrx_word' id='word_1_180' title='bbox 1788 2758 1925 2812; x_wconf 87' lang='lat' dir='ltr'><strong>sicut</strong></span> <span class='ocrx_word' id='word_1_181' title='bbox 1961 2756 2204 2810; x_wconf 89' lang='lat' dir='ltr'><strong>tenttistis</strong></span> 
     </span>
    </p>
   </div>
   <div class='ocr_carea' id='block_1_31' title="bbox 628 2845 2205 2926">
    <p class='ocr_par' dir='ltr' id='par_1_31' title="bbox 628 2845 2205 2926">
     <span class='ocr_line' id='line_1_31' title="bbox 628 2845 2205 2926; baseline -0.009 -15"><span class='ocrx_word' id='word_1_182' title='bbox 628 2861 756 2915; x_wconf 85' lang='lat' dir='ltr'><strong>olim</strong></span> <span class='ocrx_word' id='word_1_183' title='bbox 800 2859 1042 2925; x_wconf 84' lang='lat' dir='ltr'><strong>moribus</strong></span> <span class='ocrx_word' id='word_1_184' title='bbox 1094 2856 1482 2926; x_wconf 84' lang='lat' dir='ltr'><strong>principatum,</strong></span> <span class='ocrx_word' id='word_1_185' title='bbox 1535 2845 1614 2905; x_wconf 75' lang='lat' dir='ltr'><strong>sic</strong></span> <span class='ocrx_word' id='word_1_186' title='bbox 1663 2866 1785 2905; x_wconf 92' lang='lat' dir='ltr'><strong>cum</strong></span> <span class='ocrx_word' id='word_1_187' title='bbox 1830 2864 1927 2903; x_wconf 85' lang='lat' dir='ltr'><strong>vos</strong></span> <span class='ocrx_word' id='word_1_188' title='bbox 1975 2863 2070 2915; x_wconf 89' lang='lat' dir='ltr'><strong>per</strong></span> <span class='ocrx_word' id='word_1_189' title='bbox 2111 2861 2205 2898; x_wconf 90' lang='lat' dir='ltr'><strong>ora</strong></span> 
     </span>
    </p>
   </div>
   <div class='ocr_carea' id='block_1_32' title="bbox 628 2938 2206 3021">
    <p class='ocr_par' dir='ltr' id='par_1_32' title="bbox 628 2938 2206 3021">
     <span class='ocr_line' id='line_1_32' title="bbox 628 2938 2206 3021; baseline -0.009 -14"><span class='ocrx_word' id='word_1_190' title='bbox 628 2952 862 3021; x_wconf 86' lang='lat' dir='ltr'><strong>gentium</strong></span> <span class='ocrx_word' id='word_1_191' title='bbox 900 2952 1181 3021; x_wconf 87' lang='lat' dir='ltr'><strong>impatiens</strong></span> <span class='ocrx_word' id='word_1_192' title='bbox 1230 2947 1422 3002; x_wconf 75' lang='lat' dir='ltr'><strong>secreti</strong></span> <span class='ocrx_word' id='word_1_193' title='bbox 1471 2942 1779 3013; x_wconf 83' lang='lat' dir='ltr'><strong>magnitudo</strong></span> <span class='ocrx_word' id='word_1_194' title='bbox 1821 2941 2099 3002; x_wconf 86' lang='lat' dir='ltr'><strong>detulerit,</strong></span> <span class='ocrx_word' id='word_1_195' title='bbox 2139 2938 2206 2993; x_wconf 86' lang='lat' dir='ltr'><strong>ad</strong></span> 
     </span>
    </p>
   </div>
   <div class='ocr_carea' id='block_1_33' title="bbox 632 3033 2207 3111">
    <p class='ocr_par' dir='ltr' id='par_1_33' title="bbox 632 3033 2207 3111">
     <span class='ocr_line' id='line_1_33' title="bbox 632 3033 2207 3111; baseline -0.006 -17"><span class='ocrx_word' id='word_1_196' title='bbox 632 3059 731 3097; x_wconf 90' lang='lat' dir='ltr'><strong>nos</strong></span> <span class='ocrx_word' id='word_1_197' title='bbox 758 3057 999 3111; x_wconf 87' lang='lat' dir='ltr'><strong>quoque,</strong></span> <span class='ocrx_word' id='word_1_198' title='bbox 1032 3041 1169 3095; x_wconf 81' lang='lat' dir='ltr'><strong>sit-ut</strong></span> <span class='ocrx_word' id='word_1_199' title='bbox 1200 3037 1425 3108; x_wconf 80' lang='lat' dir='ltr'><strong>mystice</strong></span> <span class='ocrx_word' id='word_1_200' title='bbox 1456 3035 1746 3103; x_wconf 84' lang='lat' dir='ltr'><strong>loquuntur</strong></span> <span class='ocrx_word' id='word_1_201' title='bbox 1774 3033 2097 3099; x_wconf 60' lang='lat' dir='ltr'><strong>Scriptura,</strong></span> <span class='ocrx_word' id='word_1_202' title='bbox 2129 3039 2207 3085; x_wconf 87' lang='lat' dir='ltr'><strong>te-</strong></span> 
     </span>
    </p>
   </div>
   <div class='ocr_carea' id='block_1_34' title="bbox 631 3122 2206 3190">
    <p class='ocr_par' dir='ltr' id='par_1_34' title="bbox 631 3122 2206 3190">
     <span class='ocr_line' id='line_1_34' title="bbox 631 3122 2206 3190; baseline -0.009 0"><span class='ocrx_word' id='word_1_203' title='bbox 631 3136 897 3190; x_wconf 84' lang='lat' dir='ltr'><strong>stimoniis</strong></span> <span class='ocrx_word' id='word_1_204' title='bbox 937 3133 1213 3188; x_wconf 85' lang='lat' dir='ltr'><strong>suavitatis</strong></span> <span class='ocrx_word' id='word_1_205' title='bbox 1255 3139 1446 3185; x_wconf 68' lang='lat' dir='ltr'><strong>vestra:</strong></span> <span class='ocrx_word' id='word_1_206' title='bbox 1488 3128 1624 3180; x_wconf 91' lang='lat' dir='ltr'><strong>odor</strong></span> <span class='ocrx_word' id='word_1_207' title='bbox 1664 3126 1897 3179; x_wconf 75' lang='lat' dir='ltr'><strong>advenit.</strong></span> <span class='ocrx_word' id='word_1_208' title='bbox 1954 3122 2019 3176; x_wconf 87' lang='lat' dir='ltr'><strong>Et</strong></span> <span class='ocrx_word' id='word_1_209' title='bbox 2059 3132 2206 3177; x_wconf 91' lang='lat' dir='ltr'><strong>certe</strong></span> 
     </span>
    </p>
   </div>
   <div class='ocr_carea' id='block_1_35' title="bbox 629 3215 2203 3293">
    <p class='ocr_par' dir='ltr' id='par_1_35' title="bbox 629 3215 2203 3293">
     <span class='ocr_line' id='line_1_35' title="bbox 629 3215 2203 3293; baseline -0.008 -14"><span class='ocrx_word' id='word_1_210' title='bbox 629 3242 749 3281; x_wconf 80' lang='lat' dir='ltr'><strong>cum</strong></span> <span class='ocrx_word' id='word_1_211' title='bbox 791 3227 897 3280; x_wconf 88' lang='lat' dir='ltr'><strong>late</strong></span> <span class='ocrx_word' id='word_1_212' title='bbox 942 3223 1277 3293; x_wconf 88' lang='lat' dir='ltr'><strong>prudentium</strong></span> <span class='ocrx_word' id='word_1_213' title='bbox 1322 3219 1594 3273; x_wconf 90' lang='lat' dir='ltr'><strong>hominum</strong></span> <span class='ocrx_word' id='word_1_214' title='bbox 1632 3215 1894 3271; x_wconf 86' lang='lat' dir='ltr'><strong>sententia</strong></span> <span class='ocrx_word' id='word_1_215' title='bbox 1943 3215 2203 3283; x_wconf 69' lang='lat' dir='ltr'><strong>religiosa:</strong></span> 
     </span>
    </p>
   </div>
   <div class='ocr_carea' id='block_1_36' title="bbox 630 3304 2201 3373">
    <p class='ocr_par' dir='ltr' id='par_1_36' title="bbox 630 3304 2201 3373">
     <span class='ocr_line' id='line_1_36' title="bbox 630 3304 2201 3373; baseline -0.008 -4"><span class='ocrx_word' id='word_1_216' title='bbox 630 3316 751 3370; x_wconf 69' lang='lat' dir='ltr'><strong>vitm</strong></span> <span class='ocrx_word' id='word_1_217' title='bbox 780 3323 972 3369; x_wconf 69' lang='lat' dir='ltr'><strong>vestra:</strong></span> <span class='ocrx_word' id='word_1_218' title='bbox 1015 3312 1213 3367; x_wconf 81' lang='lat' dir='ltr'><strong>fuerint</strong></span> <span class='ocrx_word' id='word_1_219' title='bbox 1254 3309 1490 3363; x_wconf 90' lang='lat' dir='ltr'><strong>instituta</strong></span> <span class='ocrx_word' id='word_1_220' title='bbox 1536 3307 1815 3373; x_wconf 88' lang='lat' dir='ltr'><strong>dispersa.</strong></span> <span class='ocrx_word' id='word_1_221' title='bbox 1866 3304 2061 3359; x_wconf 78' lang='lat' dir='ltr'><strong>habere</strong></span> <span class='ocrx_word' id='word_1_222' title='bbox 2098 3319 2201 3356; x_wconf 84' lang='lat' dir='ltr'><strong>non</strong></span> 
     </span>
    </p>
   </div>
   <div class='ocr_carea' id='block_1_37' title="bbox 632 3393 2203 3471">
    <p class='ocr_par' dir='ltr' id='par_1_37' title="bbox 632 3393 2203 3471">
     <span class='ocr_line' id='line_1_37' title="bbox 632 3393 2203 3471; baseline -0.007 -14"><span class='ocrx_word' id='word_1_223' title='bbox 632 3405 898 3471; x_wconf 79' lang='lat' dir='ltr'><strong>potuimus</strong></span> <span class='ocrx_word' id='word_1_224' title='bbox 925 3400 1249 3469; x_wconf 84' lang='lat' dir='ltr'><strong>incognitum</strong></span> <span class='ocrx_word' id='word_1_225' title='bbox 1273 3397 1527 3466; x_wconf 78' lang='lat' dir='ltr'><strong>quidquid</strong></span> <span class='ocrx_word' id='word_1_226' title='bbox 1553 3396 1621 3450; x_wconf 90' lang='lat' dir='ltr'><strong>de</strong></span> <span class='ocrx_word' id='word_1_227' title='bbox 1645 3395 1794 3447; x_wconf 84' lang='lat' dir='ltr'><strong>vobis</strong></span> <span class='ocrx_word' id='word_1_228' title='bbox 1825 3395 1993 3446; x_wconf 83' lang='lat' dir='ltr'><strong>fuerat</strong></span> <span class='ocrx_word' id='word_1_229' title='bbox 2020 3393 2203 3446; x_wconf 90' lang='lat' dir='ltr'><strong>mundi</strong></span> 
     </span>
    </p>
   </div>
   <div class='ocr_carea' id='block_1_38' title="bbox 630 3482 2202 3558">
    <p class='ocr_par' dir='ltr' id='par_1_38' title="bbox 630 3482 2202 3558">
     <span class='ocr_line' id='line_1_38' title="bbox 630 3482 2202 3558; baseline -0.006 -13"><span class='ocrx_word' id='word_1_230' title='bbox 630 3494 974 3547; x_wconf 77' lang='lat' dir='ltr'><strong>atteSIatione</strong></span> <span class='ocrx_word' id='word_1_231' title='bbox 1002 3491 1269 3558; x_wconf 82' lang='lat' dir='ltr'><strong>vulgatum</strong></span> <span class='ocrx_word' id='word_1_232' title='bbox 1301 3503 1314 3538; x_wconf 90' lang='lat'>:</span> <span class='ocrx_word' id='word_1_233' title='bbox 1344 3486 1467 3555; x_wconf 87' lang='lat' dir='ltr'><strong>quia</strong></span> <span class='ocrx_word' id='word_1_234' title='bbox 1495 3486 1632 3539; x_wconf 89' lang='lat' dir='ltr'><strong>sicut</strong></span> <span class='ocrx_word' id='word_1_235' title='bbox 1662 3483 1913 3535; x_wconf 82' lang='lat' dir='ltr'><strong>mediocri</strong></span> <span class='ocrx_word' id='word_1_236' title='bbox 1943 3482 2095 3536; x_wconf 83' lang='lat' dir='ltr'><strong>laude</strong></span> <span class='ocrx_word' id='word_1_237' title='bbox 2119 3482 2202 3535; x_wconf 90' lang='lat' dir='ltr'><strong>di-</strong></span> 
     </span>
    </p>
   </div>
   <div class='ocr_carea' id='block_1_39' title="bbox 629 3575 2202 3653">
    <p class='ocr_par' dir='ltr' id='par_1_39' title="bbox 629 3575 2202 3653">
     <span class='ocr_line' id='line_1_39' title="bbox 629 3575 2202 3653; baseline -0.008 -15"><span class='ocrx_word' id='word_1_238' title='bbox 629 3600 729 3653; x_wconf 85' lang='lat' dir='ltr'><strong>g-na</strong></span> <span class='ocrx_word' id='word_1_239' title='bbox 760 3584 812 3637; x_wconf 92' lang='lat' dir='ltr'><strong>in</strong></span> <span class='ocrx_word' id='word_1_240' title='bbox 842 3582 1162 3635; x_wconf 86' lang='lat' dir='ltr'><strong>immensum</strong></span> <span class='ocrx_word' id='word_1_241' title='bbox 1192 3579 1290 3632; x_wconf 87' lang='lat' dir='ltr'><strong>sibi</strong></span> <span class='ocrx_word' id='word_1_242' title='bbox 1321 3586 1594 3647; x_wconf 90' lang='lat' dir='ltr'><strong>nequeunt</strong></span> <span class='ocrx_word' id='word_1_243' title='bbox 1614 3576 1885 3629; x_wconf 88' lang='lat' dir='ltr'><strong>vindicare</strong></span> <span class='ocrx_word' id='word_1_244' title='bbox 1915 3575 2202 3640; x_wconf 64' lang='lat' dir='ltr'><strong>pratconia,</strong></span> 
     </span>
    </p>
   </div>
   <div class='ocr_carea' id='block_1_40' title="bbox 632 3666 2205 3739">
    <p class='ocr_par' dir='ltr' id='par_1_40' title="bbox 632 3666 2205 3739">
     <span class='ocr_line' id='line_1_40' title="bbox 632 3666 2205 3739; baseline -0.007 -12"><span class='ocrx_word' id='word_1_245' title='bbox 632 3676 703 3727; x_wconf 88' lang='lat' dir='ltr'><strong>ita</strong></span> <span class='ocrx_word' id='word_1_246' title='bbox 729 3674 846 3727; x_wconf 80' lang='lat' dir='ltr'><strong>sine</strong></span> <span class='ocrx_word' id='word_1_247' title='bbox 875 3672 979 3725; x_wconf 88' lang='lat' dir='ltr'><strong>line</strong></span> <span class='ocrx_word' id='word_1_248' title='bbox 1019 3669 1410 3739; x_wconf 65' lang='lat' dir='ltr'><strong>prmdicandum</strong></span> <span class='ocrx_word' id='word_1_249' title='bbox 1448 3668 1649 3733; x_wconf 85' lang='lat' dir='ltr'><strong>rapitur</strong></span> <span class='ocrx_word' id='word_1_250' title='bbox 1680 3666 1731 3719; x_wconf 91' lang='lat' dir='ltr'><strong>in</strong></span> <span class='ocrx_word' id='word_1_251' title='bbox 1772 3666 2019 3733; x_wconf 87' lang='lat' dir='ltr'><strong>populum</strong></span> <span class='ocrx_word' id='word_1_252' title='bbox 2054 3666 2205 3734; x_wconf 88' lang='lat' dir='ltr'><strong>qnid-</strong></span> 
     </span>
    </p>
   </div>
   <div class='ocr_carea' id='block_1_41' title="bbox 630 3740 2207 3834">
    <p class='ocr_par' dir='ltr' id='par_1_41' title="bbox 630 3740 2207 3834">
     <span class='ocr_line' id='line_1_41' title="bbox 630 3740 2207 3834; baseline -0.006 -16"><span class='ocrx_word' id='word_1_253' title='bbox 630 3765 757 3834; x_wconf 85' lang='lat' dir='ltr'><strong>quid</strong></span> <span class='ocrx_word' id='word_1_254' title='bbox 810 3764 950 3817; x_wconf 88' lang='lat' dir='ltr'><strong>bono</strong></span> <span class='ocrx_word' id='word_1_255' title='bbox 1004 3761 1163 3815; x_wconf 84' lang='lat' dir='ltr'><strong>fuerit</strong></span> <span class='ocrx_word' id='word_1_256' title='bbox 1213 3740 1579 3812; x_wconf 70' lang='lat' dir='ltr'><strong>admiratiOnis</strong></span> <span class='ocrx_word' id='word_1_257' title='bbox 1647 3767 1914 3810; x_wconf 89' lang='lat' dir='ltr'><strong>ornatttm.</strong></span> <span class='ocrx_word' id='word_1_258' title='bbox 1962 3756 2207 3809; x_wconf 73' lang='lat' dir='ltr'><strong>Vindicat</strong></span> 
     </span>
    </p>
   </div>
   <div class='ocr_carea' id='block_1_42' title="bbox 630 3846 2204 3923">
    <p class='ocr_par' dir='ltr' id='par_1_42' title="bbox 630 3846 2204 3923">
     <span class='ocr_line' id='line_1_42' title="bbox 630 3846 2204 3923; baseline -0.009 -12"><span class='ocrx_word' id='word_1_259' title='bbox 630 3858 773 3911; x_wconf 90' lang='lat' dir='ltr'><strong>enim</strong></span> <span class='ocrx_word' id='word_1_260' title='bbox 799 3854 898 3908; x_wconf 87' lang='lat' dir='ltr'><strong>sibi</strong></span> <span class='ocrx_word' id='word_1_261' title='bbox 924 3853 1229 3923; x_wconf 87' lang='lat' dir='ltr'><strong>quantitatis</strong></span> <span class='ocrx_word' id='word_1_262' title='bbox 1258 3865 1367 3905; x_wconf 82' lang='lat' dir='ltr'><strong>suae</strong></span> <span class='ocrx_word' id='word_1_263' title='bbox 1389 3851 1509 3919; x_wconf 89' lang='lat' dir='ltr'><strong>jure</strong></span> <span class='ocrx_word' id='word_1_264' title='bbox 1536 3847 1842 3917; x_wconf 78' lang='lat' dir='ltr'><strong>magnitudo</strong></span> <span class='ocrx_word' id='word_1_265' title='bbox 1873 3846 2025 3899; x_wconf 74' lang='lat' dir='ltr'><strong>[anne</strong></span> <span class='ocrx_word' id='word_1_266' title='bbox 2057 3847 2204 3898; x_wconf 84' lang='lat' dir='ltr'><strong>testi-</strong></span> 
     </span>
    </p>
   </div>
   <div class='ocr_carea' id='block_1_43' title="bbox 631 3937 2202 4013">
    <p class='ocr_par' dir='ltr' id='par_1_43' title="bbox 631 3937 2202 4013">
     <span class='ocr_line' id='line_1_43' title="bbox 631 3937 2202 4013; baseline -0.01 -10"><span class='ocrx_word' id='word_1_267' title='bbox 631 3949 839 4011; x_wconf 81' lang='lat' dir='ltr'><strong>monia,</strong></span> <span class='ocrx_word' id='word_1_268' title='bbox 874 3947 995 4013; x_wconf 86' lang='lat' dir='ltr'><strong>quia</strong></span> <span class='ocrx_word' id='word_1_269' title='bbox 1027 3943 1269 3997; x_wconf 86' lang='lat' dir='ltr'><strong>nesciunt</strong></span> <span class='ocrx_word' id='word_1_270' title='bbox 1301 3943 1467 3995; x_wconf 84' lang='lat' dir='ltr'><strong>latere</strong></span> <span class='ocrx_word' id='word_1_271' title='bbox 1496 3939 1755 3993; x_wconf 81' lang='lat' dir='ltr'><strong>miranda.</strong></span> <span class='ocrx_word' id='word_1_272' title='bbox 1793 3938 1923 3991; x_wconf 92' lang='lat' dir='ltr'><strong>llinc</strong></span> <span class='ocrx_word' id='word_1_273' title='bbox 1950 3946 2033 3989; x_wconf 88' lang='lat' dir='ltr'><strong>est</strong></span> <span class='ocrx_word' id='word_1_274' title='bbox 2064 3937 2202 4004; x_wconf 91' lang='lat' dir='ltr'><strong>quod</strong></span> 
     </span>
    </p>
   </div>
   <div class='ocr_carea' id='block_1_44' title="bbox 630 4030 2206 4107">
    <p class='ocr_par' dir='ltr' id='par_1_44' title="bbox 630 4030 2206 4107">
     <span class='ocr_line' id='line_1_44' title="bbox 630 4030 2206 4107; baseline -0.008 -16"><span class='ocrx_word' id='word_1_275' title='bbox 630 4037 955 4107; x_wconf 84' lang='lat' dir='ltr'><strong>principatus</strong></span> <span class='ocrx_word' id='word_1_276' title='bbox 984 4035 1130 4087; x_wconf 85' lang='lat' dir='ltr'><strong>vobis</strong></span> <span class='ocrx_word' id='word_1_277' title='bbox 1155 4048 1218 4086; x_wconf 90' lang='lat' dir='ltr'><strong>ac</strong></span> <span class='ocrx_word' id='word_1_278' title='bbox 1244 4034 1474 4086; x_wconf 85' lang='lat' dir='ltr'><strong>honores</strong></span> <span class='ocrx_word' id='word_1_279' title='bbox 1507 4030 1628 4100; x_wconf 75' lang='lat' dir='ltr'><strong>(Ed.</strong></span> <span class='ocrx_word' id='word_1_280' title='bbox 1665 4031 1810 4084; x_wconf 78' lang='lat' dir='ltr'><strong>Rom.</strong></span> <span class='ocrx_word' id='word_1_281' title='bbox 1842 4032 2090 4096; x_wconf 62' lang='lat' dir='ltr'><strong>adoreas)</strong></span> <span class='ocrx_word' id='word_1_282' title='bbox 2114 4046 2206 4097; x_wconf 79' lang='lat' dir='ltr'><strong>pu-</strong></span> 
     </span>
    </p>
   </div>
   <div class='ocr_carea' id='block_1_45' title="bbox 629 4120 2207 4195">
    <p class='ocr_par' dir='ltr' id='par_1_45' title="bbox 629 4120 2207 4195">
     <span class='ocr_line' id='line_1_45' title="bbox 629 4120 2207 4195; baseline -0.003 -18"><span class='ocrx_word' id='word_1_283' title='bbox 629 4127 767 4181; x_wconf 85' lang='lat' dir='ltr'><strong>hlica</strong></span> <span class='ocrx_word' id='word_1_284' title='bbox 792 4126 910 4195; x_wconf 87' lang='lat' dir='ltr'><strong>jura</strong></span> <span class='ocrx_word' id='word_1_285' title='bbox 947 4124 1366 4177; x_wconf 83' lang='lat' dir='ltr'><strong>commiserunt:</strong></span> <span class='ocrx_word' id='word_1_286' title='bbox 1402 4138 1521 4175; x_wconf 85' lang='lat' dir='ltr'><strong>nam</strong></span> <span class='ocrx_word' id='word_1_287' title='bbox 1566 4122 1703 4187; x_wconf 90' lang='lat' dir='ltr'><strong>quod</strong></span> <span class='ocrx_word' id='word_1_288' title='bbox 1736 4121 2045 4174; x_wconf 86' lang='lat' dir='ltr'><strong>meritorum</strong></span> <span class='ocrx_word' id='word_1_289' title='bbox 2080 4120 2207 4174; x_wconf 86' lang='lat' dir='ltr'><strong>insi-</strong></span> 
     </span>
    </p>
   </div>
   <div class='ocr_carea' id='block_1_46' title="bbox 628 4212 2202 4285">
    <p class='ocr_par' dir='ltr' id='par_1_46' title="bbox 628 4212 2202 4285">
     <span class='ocr_line' id='line_1_46' title="bbox 628 4212 2202 4285; baseline -0.004 -14"><span class='ocrx_word' id='word_1_290' title='bbox 628 4219 744 4285; x_wconf 84' lang='lat' dir='ltr'><strong>gnia</strong></span> <span class='ocrx_word' id='word_1_291' title='bbox 776 4214 1140 4285; x_wconf 69' lang='lat' dir='ltr'><strong>generalitatis</strong></span> <span class='ocrx_word' id='word_1_292' title='bbox 1187 4214 1321 4267; x_wconf 86' lang='lat' dir='ltr'><strong>facta</strong></span> <span class='ocrx_word' id='word_1_293' title='bbox 1368 4223 1491 4265; x_wconf 79' lang='lat' dir='ltr'><strong>sunt</strong></span> <span class='ocrx_word' id='word_1_294' title='bbox 1525 4224 1672 4274; x_wconf 77' lang='lat' dir='ltr'><strong>vola,</strong></span> <span class='ocrx_word' id='word_1_295' title='bbox 1707 4227 1864 4266; x_wconf 90' lang='lat' dir='ltr'><strong>nemo</strong></span> <span class='ocrx_word' id='word_1_296' title='bbox 1911 4212 1977 4264; x_wconf 88' lang='lat' dir='ltr'><strong>ita</strong></span> <span class='ocrx_word' id='word_1_297' title='bbox 2026 4227 2202 4265; x_wconf 83' lang='lat' dir='ltr'><strong>rerum</strong></span> 
     </span>
    </p>
   </div>
   <div class='ocr_carea' id='block_1_47' title="bbox 624 4303 2206 4374">
    <p class='ocr_par' dir='ltr' id='par_1_47' title="bbox 624 4303 2206 4374">
     <span class='ocr_line' id='line_1_47' title="bbox 624 4303 2206 4374; baseline -0.002 -14"><span class='ocrx_word' id='word_1_298' title='bbox 624 4309 824 4361; x_wconf 74' lang='lat' dir='ltr'><strong>arbiter</strong></span> <span class='ocrx_word' id='word_1_299' title='bbox 865 4306 1079 4374; x_wconf 91' lang='lat' dir='ltr'><strong>iniquus</strong></span> <span class='ocrx_word' id='word_1_300' title='bbox 1111 4305 1347 4367; x_wconf 83' lang='lat' dir='ltr'><strong>exstitit,</strong></span> <span class='ocrx_word' id='word_1_301' title='bbox 1393 4304 1480 4371; x_wconf 87' lang='lat' dir='ltr'><strong>qui</strong></span> <span class='ocrx_word' id='word_1_302' title='bbox 1512 4320 1547 4372; x_wconf 87' lang='lat' dir='ltr'><strong>p</strong></span> <span class='ocrx_word' id='word_1_303' title='bbox 1582 4303 1709 4356; x_wconf 91' lang='lat' dir='ltr'><strong>ssim</strong></span> <span class='ocrx_word' id='word_1_304' title='bbox 1740 4318 1834 4355; x_wconf 87' lang='lat' dir='ltr'><strong>vos</strong></span> <span class='ocrx_word' id='word_1_305' title='bbox 1862 4304 2094 4356; x_wconf 64' lang='lat' dir='ltr'><strong>aestimet</strong></span> <span class='ocrx_word' id='word_1_306' title='bbox 2120 4318 2206 4358; x_wconf 88' lang='lat' dir='ltr'><strong>ar-</strong></span> 
     </span>
    </p>
   </div>
   <div class='ocr_carea' id='block_1_48' title="bbox 624 4395 2206 4466">
    <p class='ocr_par' dir='ltr' id='par_1_48' title="bbox 624 4395 2206 4466">
     <span class='ocr_line' id='line_1_48' title="bbox 624 4395 2206 4466; baseline 0.002 -20"><span class='ocrx_word' id='word_1_307' title='bbox 624 4398 753 4450; x_wconf 67' lang='lat' dir='ltr'><strong>c-hes</strong></span> <span class='ocrx_word' id='word_1_308' title='bbox 783 4396 992 4466; x_wconf 73' lang='lat' dir='ltr'><strong>inclyta:</strong></span> <span class='ocrx_word' id='word_1_309' title='bbox 1023 4396 1297 4463; x_wconf 88' lang='lat' dir='ltr'><strong>accepisse</strong></span> <span class='ocrx_word' id='word_1_310' title='bbox 1345 4395 1556 4461; x_wconf 68' lang='grc' dir='ltr'>ιίιιιιοε,</span> <span class='ocrx_word' id='word_1_311' title='bbox 1597 4412 1718 4446; x_wconf 87' lang='grc' dir='ltr'>‹·ιιιιι</span> <span class='ocrx_word' id='word_1_312' title='bbox 1764 4395 1944 4461; x_wconf 86' lang='lat' dir='ltr'><strong>negari</strong></span> <span class='ocrx_word' id='word_1_313' title='bbox 1979 4407 2206 4463; x_wconf 87' lang='lat' dir='ltr'><strong>nequeat</strong></span> 
     </span>
    </p>
   </div>
   <div class='ocr_carea' id='block_1_49' title="bbox 625 4488 2205 4555">
    <p class='ocr_par' dir='ltr' id='par_1_49' title="bbox 625 4488 2205 4555">
     <span class='ocr_line' id='line_1_49' title="bbox 625 4488 2205 4555; baseline -0.004 -13"><span class='ocrx_word' id='word_1_314' title='bbox 625 4491 783 4555; x_wconf 65' lang='lat' dir='ltr'><strong>«IL-ne</strong></span> <span class='ocrx_word' id='word_1_315' title='bbox 810 4503 904 4542; x_wconf 84' lang='lat' dir='ltr'><strong>vos</strong></span> <span class='ocrx_word' id='word_1_316' title='bbox 931 4488 1189 4541; x_wconf 85' lang='lat' dir='ltr'><strong>meruisse</strong></span> <span class='ocrx_word' id='word_1_317' title='bbox 1220 4488 1426 4553; x_wconf 85' lang='lat' dir='ltr'><strong>imperii</strong></span> <span class='ocrx_word' id='word_1_318' title='bbox 1455 4488 1935 4553; x_wconf 65' lang='lat' dir='ltr'><strong>culmen,quorum</strong></span> <span class='ocrx_word' id='word_1_319' title='bbox 1970 4489 2205 4555; x_wconf 81' lang='lat' dir='ltr'><strong>probita—</strong></span> 
     </span>
    </p>
   </div>
   <div class='ocr_carea' id='block_1_50' title="bbox 630 4579 2203 4649">
    <p class='ocr_par' dir='ltr' id='par_1_50' title="bbox 630 4579 2203 4649">
     <span class='ocr_line' id='line_1_50' title="bbox 630 4579 2203 4649; baseline -0.002 -16"><span class='ocrx_word' id='word_1_320' title='bbox 630 4597 734 4636; x_wconf 91' lang='lat' dir='ltr'><strong>tem</strong></span> <span class='ocrx_word' id='word_1_321' title='bbox 764 4581 991 4634; x_wconf 85' lang='lat' dir='ltr'><strong>muudus</strong></span> <span class='ocrx_word' id='word_1_322' title='bbox 1015 4580 1247 4649; x_wconf 78' lang='lat' dir='ltr'><strong>agnovit.</strong></span> <span class='ocrx_word' id='word_1_323' title='bbox 1273 4579 1375 4633; x_wconf 79' lang='lat' dir='ltr'><strong>Sed</strong></span> <span class='ocrx_word' id='word_1_324' title='bbox 1406 4594 1589 4645; x_wconf 90' lang='lat' dir='ltr'><strong>parum</strong></span> <span class='ocrx_word' id='word_1_325' title='bbox 1613 4588 1712 4641; x_wconf 89' lang='lat' dir='ltr'><strong>est,</strong></span> <span class='ocrx_word' id='word_1_326' title='bbox 1741 4579 1982 4647; x_wconf 88' lang='lat' dir='ltr'><strong>quamvis</strong></span> <span class='ocrx_word' id='word_1_327' title='bbox 2005 4579 2203 4642; x_wconf 89' lang='lat' dir='ltr'><strong>judicio</strong></span> 
     </span>
    </p>
   </div>
   <div class='ocr_carea' id='block_1_51' title="bbox 628 4669 2198 4739">
    <p class='ocr_par' dir='ltr' id='par_1_51' title="bbox 628 4669 2198 4739">
     <span class='ocr_line' id='line_1_51' title="bbox 628 4669 2198 4739; baseline -0.002 -14"><span class='ocrx_word' id='word_1_328' title='bbox 628 4674 1019 4735; x_wconf 76' lang='lat' dir='ltr'><strong>univcrsitatis,</strong></span> <span class='ocrx_word' id='word_1_329' title='bbox 1067 4672 1339 4739; x_wconf 82' lang='lat' dir='ltr'><strong>suscipere</strong></span> <span class='ocrx_word' id='word_1_330' title='bbox 1383 4672 1501 4724; x_wconf 73' lang='lat' dir='ltr'><strong>loco</strong></span> <span class='ocrx_word' id='word_1_331' title='bbox 1533 4686 1566 4739; x_wconf 89' lang='lat' dir='ltr'><strong>p</strong></span> <span class='ocrx_word' id='word_1_332' title='bbox 1597 4672 1734 4721; x_wconf 79' lang='lat' dir='ltr'><strong>aunii</strong></span> <span class='ocrx_word' id='word_1_333' title='bbox 1772 4669 1890 4736; x_wconf 84' lang='lat' dir='ltr'><strong>jura</strong></span> <span class='ocrx_word' id='word_1_334' title='bbox 1922 4671 2198 4735; x_wconf 77' lang='lat' dir='ltr'><strong>regnandi.</strong></span> 
     </span>
    </p>
   </div>
   <div class='ocr_carea' id='block_1_52' title="bbox 630 4759 2198 4831">
    <p class='ocr_par' dir='ltr' id='par_1_52' title="bbox 630 4759 2198 4831">
     <span class='ocr_line' id='line_1_52' title="bbox 630 4759 2198 4831; baseline 0 -18"><span class='ocrx_word' id='word_1_335' title='bbox 630 4760 758 4815; x_wconf 82' lang='lat' dir='ltr'><strong>Illud</strong></span> <span class='ocrx_word' id='word_1_336' title='bbox 802 4763 968 4831; x_wconf 82' lang='lat' dir='ltr'><strong>magis</strong></span> <span class='ocrx_word' id='word_1_337' title='bbox 1007 4771 1087 4814; x_wconf 87' lang='lat' dir='ltr'><strong>tst</strong></span> <span class='ocrx_word' id='word_1_338' title='bbox 1133 4762 1447 4816; x_wconf 84' lang='lat' dir='ltr'><strong>admirabile</strong></span> <span class='ocrx_word' id='word_1_339' title='bbox 1494 4761 1633 4829; x_wconf 86' lang='lat' dir='ltr'><strong>quod</strong></span> <span class='ocrx_word' id='word_1_340' title='bbox 1677 4761 1746 4813; x_wconf 83' lang='lat' dir='ltr'><strong>ita</strong></span> <span class='ocrx_word' id='word_1_341' title='bbox 1795 4774 1890 4813; x_wconf 87' lang='lat' dir='ltr'><strong>vos</strong></span> <span class='ocrx_word' id='word_1_342' title='bbox 1928 4759 2198 4813; x_wconf 75' lang='lat' dir='ltr'><strong>hominum</strong></span> 
     </span>
    </p>
   </div>
   <div class='ocr_carea' id='block_1_53' title="bbox 626 4850 2198 4918">
    <p class='ocr_par' dir='ltr' id='par_1_53' title="bbox 626 4850 2198 4918">
     <span class='ocr_line' id='line_1_53' title="bbox 626 4850 2198 4918; baseline 0.001 -17"><span class='ocrx_word' id='word_1_343' title='bbox 626 4851 994 4905; x_wconf 84' lang='lat' dir='ltr'><strong>Iaudabilitate</strong></span> <span class='ocrx_word' id='word_1_344' title='bbox 1025 4852 1263 4905; x_wconf 86' lang='lat' dir='ltr'><strong>firmatos</strong></span> <span class='ocrx_word' id='word_1_345' title='bbox 1292 4851 1593 4918; x_wconf 70' lang='lat' dir='ltr'><strong>sus:-ipiunt</strong></span> <span class='ocrx_word' id='word_1_346' title='bbox 1625 4850 1846 4918; x_wconf 88' lang='lat' dir='ltr'><strong>imperia</strong></span> <span class='ocrx_word' id='word_1_347' title='bbox 1871 4891 1885 4914; x_wconf 90' lang='lat'><strong>,</strong></span> <span class='ocrx_word' id='word_1_348' title='bbox 1918 4859 1977 4901; x_wconf 93' lang='lat' dir='ltr'><strong>ut</strong></span> <span class='ocrx_word' id='word_1_349' title='bbox 2004 4850 2198 4917; x_wconf 70' lang='lat' dir='ltr'><strong>judicia</strong></span> 
     </span>
    </p>
   </div>
   <div class='ocr_carea' id='block_1_54' title="bbox 622 4926 2198 4996">
    <p class='ocr_par' dir='ltr' id='par_1_54' title="bbox 622 4926 2198 4996">
     <span class='ocr_line' id='line_1_54' title="bbox 622 4926 2198 4996; baseline 0.003 -5"><span class='ocrx_word' id='word_1_350' title='bbox 622 4940 731 4991; x_wconf 82' lang='lat' dir='ltr'><strong>sint</strong></span> <span class='ocrx_word' id='word_1_351' title='bbox 755 4940 957 4992; x_wconf 88' lang='lat' dir='ltr'><strong>divina.</strong></span> <span class='ocrx_word' id='word_1_352' title='bbox 1001 4941 1114 4994; x_wconf 81' lang='lat' dir='ltr'><strong>Non</strong></span> <span class='ocrx_word' id='word_1_353' title='bbox 1146 4952 1230 4995; x_wconf 90' lang='lat' dir='ltr'><strong>est</strong></span> <span class='ocrx_word' id='word_1_354' title='bbox 1266 4943 1485 4994; x_wconf 92' lang='lat' dir='ltr'><strong>dnhinm</strong></span> <span class='ocrx_word' id='word_1_355' title='bbox 1524 4926 1724 4994; x_wconf 83' lang='lat' dir='ltr'><strong>electus</strong></span> <span class='ocrx_word' id='word_1_356' title='bbox 1755 4957 1879 4993; x_wconf 85' lang='lat' dir='ltr'><strong>suos</strong></span> <span class='ocrx_word' id='word_1_357' title='bbox 1910 4942 2198 4996; x_wconf 84' lang='lat' dir='ltr'><strong>venerabili</strong></span> 
     </span>
    </p>
   </div>
   <div class='ocr_carea' id='block_1_55' title="bbox 622 5029 2197 5099">
    <p class='ocr_par' dir='ltr' id='par_1_55' title="bbox 622 5029 2197 5099">
     <span class='ocr_line' id='line_1_55' title="bbox 622 5029 2197 5099; baseline 0.004 -19"><span class='ocrx_word' id='word_1_358' title='bbox 622 5029 1087 5093; x_wconf 66' lang='lat' dir='ltr'><strong>prtedestinatione</strong></span> <span class='ocrx_word' id='word_1_359' title='bbox 1120 5032 1420 5086; x_wconf 80' lang='lat' dir='ltr'><strong>Divinitatis</strong></span> <span class='ocrx_word' id='word_1_360' title='bbox 1448 5033 1512 5085; x_wconf 89' lang='lat' dir='ltr'><strong>ad</strong></span> <span class='ocrx_word' id='word_1_361' title='bbox 1544 5043 1705 5086; x_wconf 76' lang='lat' dir='ltr'><strong>tantze</strong></span> <span class='ocrx_word' id='word_1_362' title='bbox 1733 5035 2010 5099; x_wconf 84' lang='lat' dir='ltr'><strong>potestatis</strong></span> <span class='ocrx_word' id='word_1_363' title='bbox 2038 5049 2197 5087; x_wconf 88' lang='lat' dir='ltr'><strong>orna-</strong></span> 
     </span>
    </p>
   </div>
   <div class='ocr_carea' id='block_1_56' title="bbox 621 5122 2196 5191">
    <p class='ocr_par' dir='ltr' id='par_1_56' title="bbox 621 5122 2196 5191">
     <span class='ocr_line' id='line_1_56' title="bbox 621 5122 2196 5191; baseline 0.001 -16"><span class='ocrx_word' id='word_1_364' title='bbox 621 5128 801 5175; x_wconf 86' lang='lat' dir='ltr'><strong>menta</strong></span> <span class='ocrx_word' id='word_1_365' title='bbox 831 5122 1035 5187; x_wconf 85' lang='lat' dir='ltr'><strong>venire,</strong></span> <span class='ocrx_word' id='word_1_366' title='bbox 1065 5138 1198 5191; x_wconf 69' lang='lat' dir='ltr'><strong>quos</strong></span> <span class='ocrx_word' id='word_1_367' title='bbox 1228 5125 1449 5179; x_wconf 71' lang='lat' dir='ltr'><strong>sincera:</strong></span> <span class='ocrx_word' id='word_1_368' title='bbox 1479 5126 1597 5179; x_wconf 86' lang='lat' dir='ltr'><strong>ﬁdei</strong></span> <span class='ocrx_word' id='word_1_369' title='bbox 1629 5126 1942 5179; x_wconf 85' lang='lat' dir='ltr'><strong>documenta</strong></span> <span class='ocrx_word' id='word_1_370' title='bbox 1970 5126 2196 5178; x_wconf 85' lang='lat' dir='ltr'><strong>circum-</strong></span> 
     </span>
    </p>
   </div>
   <div class='ocr_carea' id='block_1_57' title="bbox 618 5211 2195 5285">
    <p class='ocr_par' dir='ltr' id='par_1_57' title="bbox 618 5211 2195 5285">
     <span class='ocr_line' id='line_1_57' title="bbox 618 5211 2195 5285; baseline 0.006 -23"><span class='ocrx_word' id='word_1_371' title='bbox 618 5212 837 5264; x_wconf 80' lang='lat' dir='ltr'><strong>vallant.</strong></span> <span class='ocrx_word' id='word_1_372' title='bbox 893 5211 1031 5265; x_wconf 73' lang='lat' dir='ltr'><strong>Vere</strong></span> <span class='ocrx_word' id='word_1_373' title='bbox 1083 5215 1232 5268; x_wconf 85' lang='lat' dir='ltr'><strong>vobis</strong></span> <span class='ocrx_word' id='word_1_374' title='bbox 1288 5219 1582 5283; x_wconf 79' lang='lat' dir='ltr'><strong>prophetici</strong></span> <span class='ocrx_word' id='word_1_375' title='bbox 1635 5218 1853 5285; x_wconf 88' lang='lat' dir='ltr'><strong>spiritus</strong></span> <span class='ocrx_word' id='word_1_376' title='bbox 1905 5218 2195 5271; x_wconf 89' lang='lat' dir='ltr'><strong>convenire</strong></span> 
     </span>
    </p>
   </div>
   <div class='ocr_carea' id='block_1_58' title="bbox 615 5305 2190 5379">
    <p class='ocr_par' dir='ltr' id='par_1_58' title="bbox 615 5305 2190 5379">
     <span class='ocr_line' id='line_1_58' title="bbox 615 5305 2190 5379; baseline 0.004 -23"><span class='ocrx_word' id='word_1_377' title='bbox 615 5306 777 5360; x_wconf 83' lang='lat' dir='ltr'><strong>verba</strong></span> <span class='ocrx_word' id='word_1_378' title='bbox 818 5305 1151 5359; x_wconf 79' lang='lat' dir='ltr'><strong>dixerimus:</strong></span> <span class='ocrx_word' id='word_1_379' title='bbox 1188 5306 1497 5374; x_wconf 70' lang='lat' dir='ltr'><strong>Priusquam</strong></span> <span class='ocrx_word' id='word_1_380' title='bbox 1535 5322 1581 5362; x_wconf 85' lang='lat' dir='ltr'><strong>te</strong></span> <span class='ocrx_word' id='word_1_381' title='bbox 1616 5312 1889 5379; x_wconf 78' lang='lat' dir='ltr'><strong>formarem</strong></span> <span class='ocrx_word' id='word_1_382' title='bbox 1930 5311 1981 5361; x_wconf 79' lang='lat' dir='ltr'><strong>in</strong></span> <span class='ocrx_word' id='word_1_383' title='bbox 2022 5319 2190 5374; x_wconf 80' lang='lat' dir='ltr'><strong>utero,</strong></span> 
     </span>
    </p>
   </div>
   <div class='ocr_carea' id='block_1_59' title="bbox 616 5393 2193 5468">
    <p class='ocr_par' dir='ltr' id='par_1_59' title="bbox 616 5393 2193 5468">
     <span class='ocr_line' id='line_1_59' title="bbox 616 5393 2193 5468; baseline 0.003 -20"><span class='ocrx_word' id='word_1_384' title='bbox 616 5398 731 5449; x_wconf 78' lang='lat' dir='ltr'><strong>nati</strong></span> <span class='ocrx_word' id='word_1_385' title='bbox 762 5409 808 5450; x_wconf 81' lang='lat' dir='ltr'><strong>te</strong></span> <span class='ocrx_word' id='word_1_386' title='bbox 837 5393 968 5463; x_wconf 82' lang='lat' dir='ltr'><strong>(Jer.</strong></span> <span class='ocrx_word' id='word_1_387' title='bbox 998 5395 1067 5463; x_wconf 92' lang='lat' dir='ltr'><strong>t).</strong></span> <span class='ocrx_word' id='word_1_388' title='bbox 1105 5396 1181 5448; x_wconf 86' lang='lat' dir='ltr'><strong>Ad</strong></span> <span class='ocrx_word' id='word_1_389' title='bbox 1215 5397 1347 5450; x_wconf 87' lang='lat' dir='ltr'><strong>hanc</strong></span> <span class='ocrx_word' id='word_1_390' title='bbox 1376 5413 1469 5451; x_wconf 92' lang='lat' dir='ltr'><strong>vos</strong></span> <span class='ocrx_word' id='word_1_391' title='bbox 1497 5400 1719 5467; x_wconf 80' lang='lat' dir='ltr'><strong>gloriam</strong></span> <span class='ocrx_word' id='word_1_392' title='bbox 1738 5440 1752 5463; x_wconf 89' lang='lat'><strong>,</strong></span> <span class='ocrx_word' id='word_1_393' title='bbox 1788 5400 2193 5468; x_wconf 83' lang='lat' dir='ltr'><strong>incomprehen-</strong></span> 
     </span>
    </p>
   </div>
   <div class='ocr_carea' id='block_1_60' title="bbox 614 5486 2191 5554">
    <p class='ocr_par' dir='ltr' id='par_1_60' title="bbox 614 5486 2191 5554">
     <span class='ocr_line' id='line_1_60' title="bbox 614 5486 2191 5554; baseline 0.003 -17"><span class='ocrx_word' id='word_1_394' title='bbox 614 5487 767 5539; x_wconf 84' lang='lat' dir='ltr'><strong>sibili.</strong></span> <span class='ocrx_word' id='word_1_395' title='bbox 804 5500 1049 5554; x_wconf 69' lang='lat' dir='ltr'><strong>superum</strong></span> <span class='ocrx_word' id='word_1_396' title='bbox 1099 5486 1393 5552; x_wconf 84' lang='lat' dir='ltr'><strong>majestatis</strong></span> <span class='ocrx_word' id='word_1_397' title='bbox 1440 5487 1789 5553; x_wconf 78' lang='lat' dir='ltr'><strong>dispositione</strong></span> <span class='ocrx_word' id='word_1_398' title='bbox 1842 5498 2191 5554; x_wconf 86' lang='lat' dir='ltr'><strong>procurante,</strong></span> 
     </span>
    </p>
   </div>
   <div class='ocr_carea' id='block_1_61' title="bbox 615 5576 2185 5644">
    <p class='ocr_par' dir='ltr' id='par_1_61' title="bbox 615 5576 2185 5644">
     <span class='ocr_line' id='line_1_61' title="bbox 615 5576 2185 5644; baseline 0.004 -18"><span class='ocrx_word' id='word_1_399' title='bbox 615 5576 929 5644; x_wconf 89' lang='lat' dir='ltr'><strong>obsequium</strong></span> <span class='ocrx_word' id='word_1_400' title='bbox 963 5585 1161 5628; x_wconf 69' lang='lat' dir='ltr'><strong>natura:</strong></span> <span class='ocrx_word' id='word_1_401' title='bbox 1188 5576 1382 5628; x_wconf 84' lang='lat' dir='ltr'><strong>mundo</strong></span> <span class='ocrx_word' id='word_1_402' title='bbox 1412 5578 1650 5644; x_wconf 89' lang='lat' dir='ltr'><strong>protulit,</strong></span> <span class='ocrx_word' id='word_1_403' title='bbox 1681 5579 1782 5632; x_wconf 88' lang='lat' dir='ltr'><strong>sub</strong></span> <span class='ocrx_word' id='word_1_404' title='bbox 1806 5581 2040 5634; x_wconf 67' lang='lat' dir='ltr'><strong>custodia</strong></span> <span class='ocrx_word' id='word_1_405' title='bbox 2067 5579 2185 5634; x_wconf 86' lang='lat' dir='ltr'><strong>ftdei</strong></span> 
     </span>
    </p>
   </div>
   <div class='ocr_carea' id='block_1_62' title="bbox 617 5669 2193 5742">
    <p class='ocr_par' dir='ltr' id='par_1_62' title="bbox 617 5669 2193 5742">
     <span class='ocr_line' id='line_1_62' title="bbox 617 5669 2193 5742; baseline 0.006 -27"><span class='ocrx_word' id='word_1_406' title='bbox 617 5676 893 5720; x_wconf 73' lang='lat' dir='ltr'><strong>transacta:</strong></span> <span class='ocrx_word' id='word_1_407' title='bbox 932 5677 1051 5729; x_wconf 77' lang='lat' dir='ltr'><strong>vta:</strong></span> <span class='ocrx_word' id='word_1_408' title='bbox 1092 5669 1329 5736; x_wconf 88' lang='lat' dir='ltr'><strong>probitas</strong></span> <span class='ocrx_word' id='word_1_409' title='bbox 1364 5671 1627 5729; x_wconf 71' lang='lat' dir='ltr'><strong>instituit,</strong></span> <span class='ocrx_word' id='word_1_410' title='bbox 1678 5682 1834 5739; x_wconf 84' lang='lat' dir='ltr'><strong>atque</strong></span> <span class='ocrx_word' id='word_1_411' title='bbox 1872 5674 1936 5726; x_wconf 87' lang='lat' dir='ltr'><strong>ad</strong></span> <span class='ocrx_word' id='word_1_412' title='bbox 1973 5676 2193 5742; x_wconf 86' lang='lat' dir='ltr'><strong>imperia</strong></span> 
     </span>
    </p>
   </div>
   <div class='ocr_carea' id='block_1_63' title="bbox 618 5757 2193 5828">
    <p class='ocr_par' dir='ltr' id='par_1_63' title="bbox 618 5757 2193 5828">
     <span class='ocr_line' id='line_1_63' title="bbox 618 5757 2193 5828; baseline 0.006 -20"><span class='ocrx_word' id='word_1_413' title='bbox 618 5757 902 5810; x_wconf 83' lang='lat' dir='ltr'><strong>clementia</strong></span> <span class='ocrx_word' id='word_1_414' title='bbox 950 5760 1125 5812; x_wconf 89' lang='lat' dir='ltr'><strong>divina</strong></span> <span class='ocrx_word' id='word_1_415' title='bbox 1170 5764 1445 5828; x_wconf 76' lang='lat' dir='ltr'><strong>provexit;</strong></span> <span class='ocrx_word' id='word_1_416' title='bbox 1479 5764 1547 5815; x_wconf 89' lang='lat' dir='ltr'><strong>ob</strong></span> <span class='ocrx_word' id='word_1_417' title='bbox 1587 5764 1686 5815; x_wconf 85' lang='lat' dir='ltr'><strong>hoc</strong></span> <span class='ocrx_word' id='word_1_418' title='bbox 1718 5765 1921 5820; x_wconf 55' lang='lat' dir='ltr'><strong>st&#39;ilicet</strong></span> <span class='ocrx_word' id='word_1_419' title='bbox 1999 5775 2051 5819; x_wconf 88' lang='grc' dir='ltr'><strong>ιιι</strong></span> <span class='ocrx_word' id='word_1_420' title='bbox 2084 5776 2193 5818; x_wconf 82' lang='lat' dir='ltr'><strong>tan-</strong></span> 
     </span>
    </p>
   </div>
   <div class='ocr_carea' id='block_1_64' title="bbox 2286 555 3875 629">
    <p class='ocr_par' dir='ltr' id='par_1_64' title="bbox 2286 555 3875 629">
     <span class='ocr_line' id='line_1_64' title="bbox 2286 555 3875 629; baseline -0.005 -14"><span class='ocrx_word' id='word_1_421' title='bbox 2286 573 2420 615; x_wconf 71' lang='lat' dir='ltr'><strong>&#39;str-.e</strong></span> <span class='ocrx_word' id='word_1_422' title='bbox 2448 561 2790 615; x_wconf 80' lang='lat' dir='ltr'><strong>exsecutione</strong></span> <span class='ocrx_word' id='word_1_423' title='bbox 2832 560 3163 629; x_wconf 87' lang='lat' dir='ltr'><strong>compressi,</strong></span> <span class='ocrx_word' id='word_1_424' title='bbox 3203 558 3558 611; x_wconf 84' lang='lat' dir='ltr'><strong>Ecclesiarum</strong></span> <span class='ocrx_word' id='word_1_425' title='bbox 3591 555 3875 608; x_wconf 85' lang='lat' dir='ltr'><strong>concordia</strong></span> 
     </span>
    </p>
   </div>
   <div class='ocr_carea' id='block_1_65' title="bbox 2295 643 3880 718">
    <p class='ocr_par' dir='ltr' id='par_1_65' title="bbox 2295 643 3880 718">
     <span class='ocr_line' id='line_1_65' title="bbox 2295 643 3880 718; baseline -0.005 -14"><span class='ocrx_word' id='word_1_426' title='bbox 2295 652 2563 705; x_wconf 79' lang='lat' dir='ltr'><strong>diabolica</strong></span> <span class='ocrx_word' id='word_1_427' title='bbox 2595 650 2974 718; x_wconf 86' lang='lat' dir='ltr'><strong>impedimenta</strong></span> <span class='ocrx_word' id='word_1_428' title='bbox 3013 648 3312 702; x_wconf 84' lang='lat' dir='ltr'><strong>succideret</strong></span> <span class='ocrx_word' id='word_1_429' title='bbox 3333 687 3347 707; x_wconf 87' lang='lat'><strong>,</strong></span> <span class='ocrx_word' id='word_1_430' title='bbox 3380 657 3433 699; x_wconf 86' lang='lat' dir='ltr'><strong>et</strong></span> <span class='ocrx_word' id='word_1_431' title='bbox 3462 645 3782 698; x_wconf 82' lang='lat' dir='ltr'><strong>universitas</strong></span> <span class='ocrx_word' id='word_1_432' title='bbox 3812 643 3880 696; x_wconf 84' lang='lat' dir='ltr'><strong>de</strong></span> 
     </span>
    </p>
   </div>
   <div class='ocr_carea' id='block_1_66' title="bbox 2300 731 3880 807">
    <p class='ocr_par' dir='ltr' id='par_1_66' title="bbox 2300 731 3880 807">
     <span class='ocr_line' id='line_1_66' title="bbox 2300 731 3880 807; baseline -0.004 -16"><span class='ocrx_word' id='word_1_433' title='bbox 2300 740 2626 792; x_wconf 88' lang='lat' dir='ltr'><strong>adnnatione</strong></span> <span class='ocrx_word' id='word_1_434' title='bbox 2661 738 2935 807; x_wconf 86' lang='lat' dir='ltr'><strong>gauderet.</strong></span> <span class='ocrx_word' id='word_1_435' title='bbox 2968 739 3081 791; x_wconf 91' lang='lat' dir='ltr'><strong>lloc</strong></span> <span class='ocrx_word' id='word_1_436' title='bbox 3112 735 3392 802; x_wconf 88' lang='lat' dir='ltr'><strong>religioni,</strong></span> <span class='ocrx_word' id='word_1_437' title='bbox 3443 737 3541 787; x_wconf 89' lang='lat' dir='ltr'><strong>hoc</strong></span> <span class='ocrx_word' id='word_1_438' title='bbox 3575 732 3731 797; x_wconf 74' lang='lat' dir='ltr'><strong>fidei,</strong></span> <span class='ocrx_word' id='word_1_439' title='bbox 3776 731 3880 785; x_wconf 88' lang='lat' dir='ltr'><strong>hoc</strong></span> 
     </span>
    </p>
   </div>
   <div class='ocr_carea' id='block_1_67' title="bbox 2299 820 3881 896">
    <p class='ocr_par' dir='ltr' id='par_1_67' title="bbox 2299 820 3881 896">
     <span class='ocr_line' id='line_1_67' title="bbox 2299 820 3881 896; baseline -0.006 -13"><span class='ocrx_word' id='word_1_440' title='bbox 2299 832 2576 883; x_wconf 81' lang='lat' dir='ltr'><strong>serenitati</strong></span> <span class='ocrx_word' id='word_1_441' title='bbox 2608 838 2798 883; x_wconf 69' lang='lat' dir='ltr'><strong>vestra:</strong></span> <span class='ocrx_word' id='word_1_442' title='bbox 2844 827 3144 896; x_wconf 89' lang='lat' dir='ltr'><strong>specialiter</strong></span> <span class='ocrx_word' id='word_1_443' title='bbox 3183 826 3392 880; x_wconf 68' lang='lat' dir='ltr'><strong>coalitus</strong></span> <span class='ocrx_word' id='word_1_444' title='bbox 3434 822 3716 876; x_wconf 87' lang='lat' dir='ltr'><strong>tnandatnr</strong></span> <span class='ocrx_word' id='word_1_445' title='bbox 3754 820 3881 875; x_wconf 78' lang='lat' dir='ltr'><strong>olli-</strong></span> 
     </span>
    </p>
   </div>
   <div class='ocr_carea' id='block_1_68' title="bbox 2295 914 3879 989">
    <p class='ocr_par' dir='ltr' id='par_1_68' title="bbox 2295 914 3879 989">
     <span class='ocr_line' id='line_1_68' title="bbox 2295 914 3879 989; baseline -0.006 -17"><span class='ocrx_word' id='word_1_446' title='bbox 2295 923 2460 983; x_wconf 78' lang='lat' dir='ltr'><strong>cium,</strong></span> <span class='ocrx_word' id='word_1_447' title='bbox 2495 919 2686 989; x_wconf 89' lang='lat' dir='ltr'><strong>quibus</strong></span> <span class='ocrx_word' id='word_1_448' title='bbox 2730 927 2785 973; x_wconf 90' lang='lat' dir='ltr'><strong>et</strong></span> <span class='ocrx_word' id='word_1_449' title='bbox 2816 932 2971 985; x_wconf 88' lang='lat' dir='ltr'><strong>posse</strong></span> <span class='ocrx_word' id='word_1_450' title='bbox 3007 917 3218 980; x_wconf 88' lang='lat' dir='ltr'><strong>omnia,</strong></span> <span class='ocrx_word' id='word_1_451' title='bbox 3262 922 3316 969; x_wconf 89' lang='lat' dir='ltr'><strong>et</strong></span> <span class='ocrx_word' id='word_1_452' title='bbox 3343 914 3599 982; x_wconf 84' lang='lat' dir='ltr'><strong>perlicere</strong></span> <span class='ocrx_word' id='word_1_453' title='bbox 3638 915 3879 967; x_wconf 89' lang='lat' dir='ltr'><strong>videmus</strong></span> 
     </span>
    </p>
   </div>
   <div class='ocr_carea' id='block_1_69' title="bbox 2300 1007 3881 1077">
    <p class='ocr_par' dir='ltr' id='par_1_69' title="bbox 2300 1007 3881 1077">
     <span class='ocr_line' id='line_1_69' title="bbox 2300 1007 3881 1077; baseline -0.004 -13"><span class='ocrx_word' id='word_1_454' title='bbox 2300 1012 2586 1064; x_wconf 89' lang='lat' dir='ltr'><strong>indultum.</strong></span> <span class='ocrx_word' id='word_1_455' title='bbox 2619 1011 2798 1077; x_wconf 85' lang='lat' dir='ltr'><strong>Itaque</strong></span> <span class='ocrx_word' id='word_1_456' title='bbox 2827 1010 2961 1063; x_wconf 84' lang='lat' dir='ltr'><strong>sient</strong></span> <span class='ocrx_word' id='word_1_457' title='bbox 2989 1009 3292 1063; x_wconf 71' lang='lat' dir='ltr'><strong>ittstttuistis</strong></span> <span class='ocrx_word' id='word_1_458' title='bbox 3321 1007 3515 1067; x_wconf 85' lang='lat' dir='ltr'><strong>facere,</strong></span> <span class='ocrx_word' id='word_1_459' title='bbox 3540 1017 3728 1061; x_wconf 74' lang='lat' dir='ltr'><strong>ttavate</strong></span> <span class='ocrx_word' id='word_1_460' title='bbox 3757 1022 3881 1060; x_wconf 76' lang='lat' dir='ltr'><strong>sus—</strong></span> 
     </span>
    </p>
   </div>
   <div class='ocr_carea' id='block_1_70' title="bbox 2298 1096 3881 1169">
    <p class='ocr_par' dir='ltr' id='par_1_70' title="bbox 2298 1096 3881 1169">
     <span class='ocr_line' id='line_1_70' title="bbox 2298 1096 3881 1169; baseline -0.004 -13"><span class='ocrx_word' id='word_1_461' title='bbox 2298 1102 2437 1169; x_wconf 84' lang='lat' dir='ltr'><strong>cepi</strong></span> <span class='ocrx_word' id='word_1_462' title='bbox 2477 1102 2655 1167; x_wconf 85' lang='lat' dir='ltr'><strong>operis</strong></span> <span class='ocrx_word' id='word_1_463' title='bbox 2684 1115 2879 1154; x_wconf 90' lang='lat' dir='ltr'><strong>munus</strong></span> <span class='ocrx_word' id='word_1_464' title='bbox 2922 1100 3062 1166; x_wconf 90' lang='lat' dir='ltr'><strong>quod</strong></span> <span class='ocrx_word' id='word_1_465' title='bbox 3103 1114 3329 1167; x_wconf 91' lang='lat' dir='ltr'><strong>superna</strong></span> <span class='ocrx_word' id='word_1_466' title='bbox 3362 1099 3512 1151; x_wconf 85' lang='lat' dir='ltr'><strong>vobis</strong></span> <span class='ocrx_word' id='word_1_467' title='bbox 3542 1096 3881 1152; x_wconf 82' lang='lat' dir='ltr'><strong>Providentia</strong></span> 
     </span>
    </p>
   </div>
   <div class='ocr_carea' id='block_1_71' title="bbox 2301 1188 3883 1256">
    <p class='ocr_par' dir='ltr' id='par_1_71' title="bbox 2301 1188 3883 1256">
     <span class='ocr_line' id='line_1_71' title="bbox 2301 1188 3883 1256; baseline -0.002 -13"><span class='ocrx_word' id='word_1_468' title='bbox 2301 1191 2491 1244; x_wconf 80' lang='lat' dir='ltr'><strong>videtis</strong></span> <span class='ocrx_word' id='word_1_469' title='bbox 2547 1191 2862 1255; x_wconf 89' lang='lat' dir='ltr'><strong>iujuncttnn.</strong></span> <span class='ocrx_word' id='word_1_470' title='bbox 2897 1190 2962 1244; x_wconf 82' lang='lat' dir='ltr'><strong>Et</strong></span> <span class='ocrx_word' id='word_1_471' title='bbox 2989 1203 3113 1243; x_wconf 89' lang='lat' dir='ltr'><strong>vere</strong></span> <span class='ocrx_word' id='word_1_472' title='bbox 3142 1189 3220 1241; x_wconf 89' lang='lat' dir='ltr'><strong>sic</strong></span> <span class='ocrx_word' id='word_1_473' title='bbox 3247 1188 3428 1241; x_wconf 87' lang='lat' dir='ltr'><strong>decuit</strong></span> <span class='ocrx_word' id='word_1_474' title='bbox 3468 1197 3525 1240; x_wconf 91' lang='grc' dir='ltr'><strong>ιιι</strong></span> <span class='ocrx_word' id='word_1_475' title='bbox 3563 1203 3657 1256; x_wconf 76' lang='grc' dir='ltr'><strong>ρετ</strong></span> <span class='ocrx_word' id='word_1_476' title='bbox 3685 1188 3883 1256; x_wconf 86' lang='lat' dir='ltr'><strong>ptinci-</strong></span> 
     </span>
    </p>
   </div>
   <div class='ocr_carea' id='block_1_72' title="bbox 2301 1280 3885 1353">
    <p class='ocr_par' dir='ltr' id='par_1_72' title="bbox 2301 1280 3885 1353">
     <span class='ocr_line' id='line_1_72' title="bbox 2301 1280 3885 1353; baseline -0.002 -17"><span class='ocrx_word' id='word_1_477' title='bbox 2301 1300 2419 1353; x_wconf 74' lang='lat' dir='ltr'><strong>pt-m</strong></span> <span class='ocrx_word' id='word_1_478' title='bbox 2458 1298 2558 1352; x_wconf 89' lang='lat' dir='ltr'><strong>pax</strong></span> <span class='ocrx_word' id='word_1_479' title='bbox 2604 1285 2797 1336; x_wconf 82' lang='lat' dir='ltr'><strong>debeat</strong></span> <span class='ocrx_word' id='word_1_480' title='bbox 2836 1282 2980 1342; x_wconf 88' lang='lat' dir='ltr'><strong>fieri,</strong></span> <span class='ocrx_word' id='word_1_481' title='bbox 3027 1296 3185 1333; x_wconf 72' lang='lat' dir='ltr'><strong>«nam</strong></span> <span class='ocrx_word' id='word_1_482' title='bbox 3230 1280 3531 1334; x_wconf 84' lang='lat' dir='ltr'><strong>reverentia</strong></span> <span class='ocrx_word' id='word_1_483' title='bbox 3579 1280 3885 1333; x_wconf 71' lang='lat' dir='ltr'><strong>Divinitatis</strong></span> 
     </span>
    </p>
   </div>
   <div class='ocr_carea' id='block_1_73' title="bbox 2301 1371 3882 1440">
    <p class='ocr_par' dir='ltr' id='par_1_73' title="bbox 2301 1371 3882 1440">
     <span class='ocr_line' id='line_1_73' title="bbox 2301 1371 3882 1440; baseline -0.003 -14"><span class='ocrx_word' id='word_1_484' title='bbox 2301 1374 2562 1440; x_wconf 78' lang='lat' dir='ltr'><strong>exposcit.</strong></span> <span class='ocrx_word' id='word_1_485' title='bbox 2595 1372 2725 1426; x_wconf 83' lang='lat' dir='ltr'><strong>Date</strong></span> <span class='ocrx_word' id='word_1_486' title='bbox 2754 1372 2849 1424; x_wconf 88' lang='lat' dir='ltr'><strong>has</strong></span> <span class='ocrx_word' id='word_1_487' title='bbox 2879 1371 3138 1439; x_wconf 88' lang='lat' dir='ltr'><strong>assumpti</strong></span> <span class='ocrx_word' id='word_1_488' title='bbox 3170 1371 3279 1425; x_wconf 86' lang='lat' dir='ltr'><strong>Deo</strong></span> <span class='ocrx_word' id='word_1_489' title='bbox 3309 1380 3493 1424; x_wconf 90' lang='lat' dir='ltr'><strong>nostro</strong></span> <span class='ocrx_word' id='word_1_490' title='bbox 3521 1372 3685 1425; x_wconf 84' lang='lat' dir='ltr'><strong>vestri</strong></span> <span class='ocrx_word' id='word_1_491' title='bbox 3725 1371 3882 1422; x_wconf 89' lang='lat' dir='ltr'><strong>obla-</strong></span> 
     </span>
    </p>
   </div>
   <div class='ocr_carea' id='block_1_74' title="bbox 2305 1461 3879 1531">
    <p class='ocr_par' dir='ltr' id='par_1_74' title="bbox 2305 1461 3879 1531">
     <span class='ocr_line' id='line_1_74' title="bbox 2305 1461 3879 1531; baseline -0.003 -13"><span class='ocrx_word' id='word_1_492' title='bbox 2305 1468 2476 1520; x_wconf 90' lang='lat' dir='ltr'><strong>tiones</strong></span> <span class='ocrx_word' id='word_1_493' title='bbox 2499 1464 2729 1531; x_wconf 90' lang='lat' dir='ltr'><strong>imperii,</strong></span> <span class='ocrx_word' id='word_1_494' title='bbox 2756 1473 2811 1517; x_wconf 89' lang='lat' dir='ltr'><strong>ut</strong></span> <span class='ocrx_word' id='word_1_495' title='bbox 2836 1480 2927 1531; x_wconf 90' lang='lat' dir='ltr'><strong>per</strong></span> <span class='ocrx_word' id='word_1_496' title='bbox 2951 1478 3045 1517; x_wconf 89' lang='lat' dir='ltr'><strong>vos</strong></span> <span class='ocrx_word' id='word_1_497' title='bbox 3071 1462 3233 1531; x_wconf 53' lang='lat' dir='ltr'><strong>possit</strong></span> <span class='ocrx_word' id='word_1_498' title='bbox 3261 1462 3404 1523; x_wconf 85' lang='lat' dir='ltr'><strong>pacis</strong></span> <span class='ocrx_word' id='word_1_499' title='bbox 3426 1462 3623 1514; x_wconf 79' lang='lat' dir='ltr'><strong>fructus</strong></span> <span class='ocrx_word' id='word_1_500' title='bbox 3648 1461 3879 1526; x_wconf 85' lang='lat' dir='ltr'><strong>impleri.</strong></span> 
     </span>
    </p>
   </div>
   <div class='ocr_carea' id='block_1_75' title="bbox 2303 1553 3883 1623">
    <p class='ocr_par' dir='ltr' id='par_1_75' title="bbox 2303 1553 3883 1623">
     <span class='ocr_line' id='line_1_75' title="bbox 2303 1553 3883 1623; baseline -0.002 -14"><span class='ocrx_word' id='word_1_501' title='bbox 2303 1554 2434 1609; x_wconf 75' lang='lat' dir='ltr'><strong>Sine</strong></span> <span class='ocrx_word' id='word_1_502' title='bbox 2463 1555 2625 1608; x_wconf 90' lang='lat' dir='ltr'><strong>dubio</strong></span> <span class='ocrx_word' id='word_1_503' title='bbox 2664 1553 2919 1623; x_wconf 91' lang='lat' dir='ltr'><strong>quidquid</strong></span> <span class='ocrx_word' id='word_1_504' title='bbox 2955 1554 3042 1606; x_wconf 88' lang='lat' dir='ltr'><strong>tali</strong></span> <span class='ocrx_word' id='word_1_505' title='bbox 3091 1555 3226 1607; x_wconf 84' lang='lat' dir='ltr'><strong>facto</strong></span> <span class='ocrx_word' id='word_1_506' title='bbox 3259 1553 3450 1606; x_wconf 70' lang='lat' dir='ltr'><strong>animm</strong></span> <span class='ocrx_word' id='word_1_507' title='bbox 3491 1562 3684 1607; x_wconf 66' lang='lat' dir='ltr'><strong>vestra:</strong></span> <span class='ocrx_word' id='word_1_508' title='bbox 3725 1553 3883 1607; x_wconf 87' lang='lat' dir='ltr'><strong>fuerit</strong></span> 
     </span>
    </p>
   </div>
   <div class='ocr_carea' id='block_1_76' title="bbox 2304 1642 3882 1714">
    <p class='ocr_par' dir='ltr' id='par_1_76' title="bbox 2304 1642 3882 1714">
     <span class='ocr_line' id='line_1_76' title="bbox 2304 1642 3882 1714; baseline -0.002 -16"><span class='ocrx_word' id='word_1_509' title='bbox 2304 1647 2621 1714; x_wconf 65' lang='lat' dir='ltr'><strong>prtestitnm,</strong></span> <span class='ocrx_word' id='word_1_510' title='bbox 2649 1660 2679 1699; x_wconf 89' lang='lat' dir='ltr'><strong>a</strong></span> <span class='ocrx_word' id='word_1_511' title='bbox 2711 1644 2861 1698; x_wconf 82' lang='lat' dir='ltr'><strong>vobis</strong></span> <span class='ocrx_word' id='word_1_512' title='bbox 2888 1642 3090 1697; x_wconf 91' lang='lat' dir='ltr'><strong>mundo</strong></span> <span class='ocrx_word' id='word_1_513' title='bbox 3114 1643 3383 1709; x_wconf 84' lang='lat' dir='ltr'><strong>judicatttr</strong></span> <span class='ocrx_word' id='word_1_514' title='bbox 3412 1643 3736 1709; x_wconf 89' lang='lat' dir='ltr'><strong>impensum.</strong></span> <span class='ocrx_word' id='word_1_515' title='bbox 3770 1644 3882 1697; x_wconf 82' lang='lat' dir='ltr'><strong>Ma-</strong></span> 
     </span>
    </p>
   </div>
   <div class='ocr_carea' id='block_1_77' title="bbox 2304 1734 3883 1805">
    <p class='ocr_par' dir='ltr' id='par_1_77' title="bbox 2304 1734 3883 1805">
     <span class='ocr_line' id='line_1_77' title="bbox 2304 1734 3883 1805; baseline 0 -19"><span class='ocrx_word' id='word_1_516' title='bbox 2304 1750 2465 1805; x_wconf 85' lang='lat' dir='ltr'><strong>gnum</strong></span> <span class='ocrx_word' id='word_1_517' title='bbox 2510 1743 2567 1789; x_wconf 89' lang='lat' dir='ltr'><strong>et</strong></span> <span class='ocrx_word' id='word_1_518' title='bbox 2612 1734 2983 1789; x_wconf 68' lang='lat' dir='ltr'><strong>inaestimabile</strong></span> <span class='ocrx_word' id='word_1_519' title='bbox 3029 1744 3143 1798; x_wconf 90' lang='lat' dir='ltr'><strong>est,</strong></span> <span class='ocrx_word' id='word_1_520' title='bbox 3194 1734 3515 1787; x_wconf 84' lang='lat' dir='ltr'><strong>venerabilis</strong></span> <span class='ocrx_word' id='word_1_521' title='bbox 3559 1734 3883 1801; x_wconf 82' lang='lat' dir='ltr'><strong>imperator,</strong></span> 
     </span>
    </p>
   </div>
   <div class='ocr_carea' id='block_1_78' title="bbox 2231 1823 3883 1896">
    <p class='ocr_par' dir='ltr' id='par_1_78' title="bbox 2231 1823 3883 1896">
     <span class='ocr_line' id='line_1_78' title="bbox 2231 1823 3883 1896; baseline -0.001 -14"><span class='ocrx_word' id='word_1_522' title='bbox 2231 1823 2276 1882; x_wconf 80' lang='grc' dir='ltr'><strong>Β</strong></span> <span class='ocrx_word' id='word_1_523' title='bbox 2309 1839 2525 1896; x_wconf 91' lang='lat' dir='ltr'><strong>propter</strong></span> <span class='ocrx_word' id='word_1_524' title='bbox 2548 1828 2686 1896; x_wconf 90' lang='lat' dir='ltr'><strong>quod</strong></span> <span class='ocrx_word' id='word_1_525' title='bbox 2719 1827 2844 1881; x_wconf 89' lang='lat' dir='ltr'><strong>adse</strong></span> <span class='ocrx_word' id='word_1_526' title='bbox 2868 1828 2907 1881; x_wconf 91' lang='lat' dir='ltr'><strong>ti</strong></span> <span class='ocrx_word' id='word_1_527' title='bbox 2936 1827 3064 1881; x_wconf 89' lang='lat' dir='ltr'><strong>estis</strong></span> <span class='ocrx_word' id='word_1_528' title='bbox 3086 1826 3287 1895; x_wconf 89' lang='lat' dir='ltr'><strong>judicio</strong></span> <span class='ocrx_word' id='word_1_529' title='bbox 3322 1827 3657 1881; x_wconf 89' lang='lat' dir='ltr'><strong>Divinitatis:</strong></span> <span class='ocrx_word' id='word_1_530' title='bbox 3692 1840 3883 1882; x_wconf 79' lang='lat' dir='ltr'><strong>exten-</strong></span> 
     </span>
    </p>
   </div>
   <div class='ocr_carea' id='block_1_79' title="bbox 2308 1919 3883 1989">
    <p class='ocr_par' dir='ltr' id='par_1_79' title="bbox 2308 1919 3883 1989">
     <span class='ocr_line' id='line_1_79' title="bbox 2308 1919 3883 1989; baseline -0.003 -14"><span class='ocrx_word' id='word_1_531' title='bbox 2308 1922 2504 1975; x_wconf 89' lang='lat' dir='ltr'><strong>dtttttttr</strong></span> <span class='ocrx_word' id='word_1_532' title='bbox 2550 1935 2675 1975; x_wconf 87' lang='lat' dir='ltr'><strong>ecce</strong></span> <span class='ocrx_word' id='word_1_533' title='bbox 2725 1932 2843 1973; x_wconf 87' lang='lat' dir='ltr'><strong>vota</strong></span> <span class='ocrx_word' id='word_1_534' title='bbox 2901 1934 3085 1989; x_wconf 84' lang='lat' dir='ltr'><strong>pacem</strong></span> <span class='ocrx_word' id='word_1_535' title='bbox 3136 1919 3586 1983; x_wconf 85' lang='lat' dir='ltr'><strong>desiderantium;</strong></span> <span class='ocrx_word' id='word_1_536' title='bbox 3648 1921 3883 1977; x_wconf 83' lang='lat' dir='ltr'><strong>diuturni</strong></span> 
     </span>
    </p>
   </div>
   <div class='ocr_carea' id='block_1_80' title="bbox 2308 2012 3883 2081">
    <p class='ocr_par' dir='ltr' id='par_1_80' title="bbox 2308 2012 3883 2081">
     <span class='ocr_line' id='line_1_80' title="bbox 2308 2012 3883 2081; baseline 0.001 -15"><span class='ocrx_word' id='word_1_537' title='bbox 2308 2014 2563 2081; x_wconf 88' lang='lat' dir='ltr'><strong>temporis</strong></span> <span class='ocrx_word' id='word_1_538' title='bbox 2593 2022 2763 2068; x_wconf 89' lang='lat' dir='ltr'><strong>tractu</strong></span> <span class='ocrx_word' id='word_1_539' title='bbox 2790 2022 2981 2067; x_wconf 66' lang='lat' dir='ltr'><strong>maeret</strong></span> <span class='ocrx_word' id='word_1_540' title='bbox 3018 2013 3375 2065; x_wconf 74' lang='lat' dir='ltr'><strong>Ecclesiarum</strong></span> <span class='ocrx_word' id='word_1_541' title='bbox 3408 2012 3738 2066; x_wconf 89' lang='lat' dir='ltr'><strong>indivisibi&#39;is</strong></span> <span class='ocrx_word' id='word_1_542' title='bbox 3772 2013 3883 2067; x_wconf 85' lang='lat' dir='ltr'><strong>dis-</strong></span> 
     </span>
    </p>
   </div>
   <div class='ocr_carea' id='block_1_81' title="bbox 2304 2103 3883 2173">
    <p class='ocr_par' dir='ltr' id='par_1_81' title="bbox 2304 2103 3883 2173">
     <span class='ocr_line' id='line_1_81' title="bbox 2304 2103 3883 2173; baseline -0.001 -14"><span class='ocrx_word' id='word_1_543' title='bbox 2304 2107 2442 2159; x_wconf 86' lang='lat' dir='ltr'><strong>cissa</strong></span> <span class='ocrx_word' id='word_1_544' title='bbox 2469 2105 2775 2159; x_wconf 87' lang='lat' dir='ltr'><strong>communio</strong></span> <span class='ocrx_word' id='word_1_545' title='bbox 2800 2122 2814 2169; x_wconf 90' lang='lat'><strong>;</strong></span> <span class='ocrx_word' id='word_1_546' title='bbox 2846 2113 2931 2160; x_wconf 89' lang='lat' dir='ltr'><strong>est</strong></span> <span class='ocrx_word' id='word_1_547' title='bbox 2956 2105 3008 2159; x_wconf 90' lang='lat' dir='ltr'><strong>in</strong></span> <span class='ocrx_word' id='word_1_548' title='bbox 3033 2105 3232 2173; x_wconf 84' lang='lat' dir='ltr'><strong>gemitu</strong></span> <span class='ocrx_word' id='word_1_549' title='bbox 3254 2103 3526 2172; x_wconf 78' lang='lat' dir='ltr'><strong>discerpta</strong></span> <span class='ocrx_word' id='word_1_550' title='bbox 3556 2104 3883 2171; x_wconf 87' lang='lat' dir='ltr'><strong>fraternitas,</strong></span> 
     </span>
    </p>
   </div>
   <div class='ocr_carea' id='block_1_82' title="bbox 2305 2194 3885 2263">
    <p class='ocr_par' dir='ltr' id='par_1_82' title="bbox 2305 2194 3885 2263">
     <span class='ocr_line' id='line_1_82' title="bbox 2305 2194 3885 2263; baseline -0.002 -13"><span class='ocrx_word' id='word_1_551' title='bbox 2305 2211 2426 2250; x_wconf 90' lang='lat' dir='ltr'><strong>eum</strong></span> <span class='ocrx_word' id='word_1_552' title='bbox 2449 2196 2589 2250; x_wconf 90' lang='lat' dir='ltr'><strong>circa</strong></span> <span class='ocrx_word' id='word_1_553' title='bbox 2620 2197 2834 2251; x_wconf 86' lang='lat' dir='ltr'><strong>Patrum</strong></span> <span class='ocrx_word' id='word_1_554' title='bbox 2863 2197 3109 2263; x_wconf 73' lang='lat' dir='ltr'><strong>dogmata</strong></span> <span class='ocrx_word' id='word_1_555' title='bbox 3133 2194 3275 2248; x_wconf 74' lang='lat' dir='ltr'><strong>Varia</strong></span> <span class='ocrx_word' id='word_1_556' title='bbox 3304 2194 3375 2247; x_wconf 76' lang='lat' dir='ltr'><strong>sit</strong></span> <span class='ocrx_word' id='word_1_557' title='bbox 3398 2196 3659 2249; x_wconf 89' lang='lat' dir='ltr'><strong>voluntas.</strong></span> <span class='ocrx_word' id='word_1_558' title='bbox 3694 2195 3885 2249; x_wconf 84' lang='lat' dir='ltr'><strong>Accin-</strong></span> 
     </span>
    </p>
   </div>
   <div class='ocr_carea' id='block_1_83' title="bbox 2304 2285 3884 2358">
    <p class='ocr_par' dir='ltr' id='par_1_83' title="bbox 2304 2285 3884 2358">
     <span class='ocr_line' id='line_1_83' title="bbox 2304 2285 3884 2358; baseline 0.001 -17"><span class='ocrx_word' id='word_1_559' title='bbox 2304 2288 2412 2356; x_wconf 91' lang='lat' dir='ltr'><strong>gite</strong></span> <span class='ocrx_word' id='word_1_560' title='bbox 2451 2302 2580 2355; x_wconf 85' lang='lat' dir='ltr'><strong>ergo</strong></span> <span class='ocrx_word' id='word_1_561' title='bbox 2619 2288 2827 2343; x_wconf 90' lang='lat' dir='ltr'><strong>lumbos</strong></span> <span class='ocrx_word' id='word_1_562' title='bbox 2861 2288 3062 2341; x_wconf 90' lang='lat' dir='ltr'><strong>viribus</strong></span> <span class='ocrx_word' id='word_1_563' title='bbox 3111 2285 3230 2339; x_wconf 81' lang='lat' dir='ltr'><strong>fidei</strong></span> <span class='ocrx_word' id='word_1_564' title='bbox 3258 2325 3274 2350; x_wconf 91' lang='lat'><strong>,</strong></span> <span class='ocrx_word' id='word_1_565' title='bbox 3306 2285 3480 2341; x_wconf 89' lang='lat' dir='ltr'><strong>videte</strong></span> <span class='ocrx_word' id='word_1_566' title='bbox 3520 2286 3605 2341; x_wconf 90' lang='lat' dir='ltr'><strong>cui</strong></span> <span class='ocrx_word' id='word_1_567' title='bbox 3648 2303 3743 2341; x_wconf 86' lang='lat' dir='ltr'><strong>vos</strong></span> <span class='ocrx_word' id='word_1_568' title='bbox 3774 2290 3884 2358; x_wconf 80' lang='lat' dir='ltr'><strong>regi</strong></span> 
     </span>
    </p>
   </div>
   <div class='ocr_carea' id='block_1_84' title="bbox 2293 2371 3885 2449">
    <p class='ocr_par' dir='ltr' id='par_1_84' title="bbox 2293 2371 3885 2449">
     <span class='ocr_line' id='line_1_84' title="bbox 2293 2371 3885 2449; baseline -0.001 -17"><span class='ocrx_word' id='word_1_569' title='bbox 2293 2371 2565 2434; x_wconf 47' lang='lat' dir='ltr'><strong>&#39;Divinitas</strong></span> <span class='ocrx_word' id='word_1_570' title='bbox 2607 2380 2736 2434; x_wconf 85' lang='lat' dir='ltr'><strong>velit</strong></span> <span class='ocrx_word' id='word_1_571' title='bbox 2774 2380 3040 2449; x_wconf 88' lang='lat' dir='ltr'><strong>obsequi,</strong></span> <span class='ocrx_word' id='word_1_572' title='bbox 3072 2388 3325 2447; x_wconf 87' lang='lat' dir='ltr'><strong>quantum</strong></span> <span class='ocrx_word' id='word_1_573' title='bbox 3368 2379 3437 2432; x_wconf 82' lang='lat' dir='ltr'><strong>sit</strong></span> <span class='ocrx_word' id='word_1_574' title='bbox 3464 2379 3602 2448; x_wconf 88' lang='lat' dir='ltr'><strong>quod</strong></span> <span class='ocrx_word' id='word_1_575' title='bbox 3654 2396 3746 2446; x_wconf 93' lang='lat' dir='ltr'><strong>per</strong></span> <span class='ocrx_word' id='word_1_576' title='bbox 3792 2396 3885 2435; x_wconf 87' lang='lat' dir='ltr'><strong>vos</strong></span> 
     </span>
    </p>
   </div>
   <div class='ocr_carea' id='block_1_85' title="bbox 2307 2468 3883 2540">
    <p class='ocr_par' dir='ltr' id='par_1_85' title="bbox 2307 2468 3883 2540">
     <span class='ocr_line' id='line_1_85' title="bbox 2307 2468 3883 2540; baseline 0 -18"><span class='ocrx_word' id='word_1_577' title='bbox 2307 2480 2556 2538; x_wconf 83' lang='lat' dir='ltr'><strong>pr0curat</strong></span> <span class='ocrx_word' id='word_1_578' title='bbox 2582 2471 2812 2536; x_wconf 91' lang='lat' dir='ltr'><strong>impleri.</strong></span> <span class='ocrx_word' id='word_1_579' title='bbox 2848 2470 3099 2524; x_wconf 66' lang='lat' dir='ltr'><strong>Ecclesiae</strong></span> <span class='ocrx_word' id='word_1_580' title='bbox 3132 2468 3449 2523; x_wconf 70' lang='lat' dir='ltr'><strong>veneranda:</strong></span> <span class='ocrx_word' id='word_1_581' title='bbox 3484 2484 3707 2538; x_wconf 61' lang='lat' dir='ltr'><strong>corpus,</strong></span> <span class='ocrx_word' id='word_1_582' title='bbox 3743 2474 3883 2540; x_wconf 86' lang='lat' dir='ltr'><strong>quod</strong></span> 
     </span>
    </p>
   </div>
   <div class='ocr_carea' id='block_1_86' title="bbox 2308 2559 3884 2629">
    <p class='ocr_par' dir='ltr' id='par_1_86' title="bbox 2308 2559 3884 2629">
     <span class='ocr_line' id='line_1_86' title="bbox 2308 2559 3884 2629; baseline 0.002 -16"><span class='ocrx_word' id='word_1_583' title='bbox 2308 2563 2518 2629; x_wconf 90' lang='lat' dir='ltr'><strong>propria</strong></span> <span class='ocrx_word' id='word_1_584' title='bbox 2545 2559 2790 2615; x_wconf 86' lang='lat' dir='ltr'><strong>Christus</strong></span> <span class='ocrx_word' id='word_1_585' title='bbox 2818 2573 3000 2615; x_wconf 79' lang='lat' dir='ltr'><strong>noster</strong></span> <span class='ocrx_word' id='word_1_586' title='bbox 3027 2564 3274 2629; x_wconf 88' lang='lat' dir='ltr'><strong>passione</strong></span> <span class='ocrx_word' id='word_1_587' title='bbox 3299 2560 3556 2628; x_wconf 64' lang='lat' dir='ltr'><strong>fundavit,</strong></span> <span class='ocrx_word' id='word_1_588' title='bbox 3583 2564 3762 2625; x_wconf 67' lang='lat' dir='ltr'><strong>gloria:</strong></span> <span class='ocrx_word' id='word_1_589' title='bbox 3789 2580 3884 2616; x_wconf 86' lang='lat' dir='ltr'><strong>ve-</strong></span> 
     </span>
    </p>
   </div>
   <div class='ocr_carea' id='block_1_87' title="bbox 2305 2650 3884 2723">
    <p class='ocr_par' dir='ltr' id='par_1_87' title="bbox 2305 2650 3884 2723">
     <span class='ocr_line' id='line_1_87' title="bbox 2305 2650 3884 2723; baseline 0.003 -20"><span class='ocrx_word' id='word_1_590' title='bbox 2305 2662 2429 2704; x_wconf 68' lang='lat' dir='ltr'><strong>stra:</strong></span> <span class='ocrx_word' id='word_1_591' title='bbox 2451 2651 2685 2705; x_wconf 87' lang='lat' dir='ltr'><strong>adunare</strong></span> <span class='ocrx_word' id='word_1_592' title='bbox 2714 2650 2864 2705; x_wconf 90' lang='lat' dir='ltr'><strong>factis</strong></span> <span class='ocrx_word' id='word_1_593' title='bbox 2890 2651 3137 2706; x_wconf 90' lang='lat' dir='ltr'><strong>instituit.</strong></span> <span class='ocrx_word' id='word_1_594' title='bbox 3161 2653 3276 2707; x_wconf 81' lang='lat' dir='ltr'><strong>Non</strong></span> <span class='ocrx_word' id='word_1_595' title='bbox 3309 2664 3391 2708; x_wconf 88' lang='lat' dir='ltr'><strong>est</strong></span> <span class='ocrx_word' id='word_1_596' title='bbox 3419 2668 3525 2722; x_wconf 91' lang='lat' dir='ltr'><strong>quo</strong></span> <span class='ocrx_word' id='word_1_597' title='bbox 3553 2654 3718 2723; x_wconf 78' lang='lat' dir='ltr'><strong>magis</strong></span> <span class='ocrx_word' id='word_1_598' title='bbox 3742 2654 3884 2708; x_wconf 81' lang='lat' dir='ltr'><strong>circa</strong></span> 
     </span>
    </p>
   </div>
   <div class='ocr_carea' id='block_1_88' title="bbox 2310 2741 3884 2810">
    <p class='ocr_par' dir='ltr' id='par_1_88' title="bbox 2310 2741 3884 2810">
     <span class='ocr_line' id='line_1_88' title="bbox 2310 2741 3884 2810; baseline 0.004 -19"><span class='ocrx_word' id='word_1_599' title='bbox 2310 2754 2407 2793; x_wconf 92' lang='lat' dir='ltr'><strong>vos</strong></span> <span class='ocrx_word' id='word_1_600' title='bbox 2433 2741 2603 2808; x_wconf 86' lang='lat' dir='ltr'><strong>gratia</strong></span> <span class='ocrx_word' id='word_1_601' title='bbox 2642 2756 2887 2809; x_wconf 70' lang='lat' dir='ltr'><strong>superna:</strong></span> <span class='ocrx_word' id='word_1_602' title='bbox 2917 2742 3213 2809; x_wconf 87' lang='lat' dir='ltr'><strong>majestatis</strong></span> <span class='ocrx_word' id='word_1_603' title='bbox 3242 2743 3482 2805; x_wconf 88' lang='lat' dir='ltr'><strong>eluceat,</strong></span> <span class='ocrx_word' id='word_1_604' title='bbox 3515 2760 3671 2810; x_wconf 86' lang='lat' dir='ltr'><strong>quam</strong></span> <span class='ocrx_word' id='word_1_605' title='bbox 3702 2745 3746 2797; x_wconf 89' lang='lat' dir='ltr'><strong>si</strong></span> <span class='ocrx_word' id='word_1_606' title='bbox 3787 2745 3884 2797; x_wconf 77' lang='lat' dir='ltr'><strong>Ec-</strong></span> 
     </span>
    </p>
   </div>
   <div class='ocr_carea' id='block_1_89' title="bbox 2306 2833 3886 2901">
    <p class='ocr_par' dir='ltr' id='par_1_89' title="bbox 2306 2833 3886 2901">
     <span class='ocr_line' id='line_1_89' title="bbox 2306 2833 3886 2901; baseline 0.003 -16"><span class='ocrx_word' id='word_1_607' title='bbox 2306 2833 2482 2885; x_wconf 67' lang='lat' dir='ltr'><strong>clesiae</strong></span> <span class='ocrx_word' id='word_1_608' title='bbox 2509 2848 2702 2899; x_wconf 89' lang='lat' dir='ltr'><strong>corpus</strong></span> <span class='ocrx_word' id='word_1_609' title='bbox 2742 2848 2836 2898; x_wconf 90' lang='lat' dir='ltr'><strong>per</strong></span> <span class='ocrx_word' id='word_1_610' title='bbox 2866 2843 3095 2886; x_wconf 84' lang='lat' dir='ltr'><strong>vestrum</strong></span> <span class='ocrx_word' id='word_1_611' title='bbox 3136 2845 3412 2901; x_wconf 73' lang='lat' dir='ltr'><strong>reparatur</strong></span> <span class='ocrx_word' id='word_1_612' title='bbox 3450 2836 3717 2899; x_wconf 77' lang='lat' dir='ltr'><strong>officium,</strong></span> <span class='ocrx_word' id='word_1_613' title='bbox 3763 2853 3886 2889; x_wconf 82' lang='lat' dir='ltr'><strong>san-</strong></span> 
     </span>
    </p>
   </div>
   <div class='ocr_carea' id='block_1_90' title="bbox 2306 2922 3879 2993">
    <p class='ocr_par' dir='ltr' id='par_1_90' title="bbox 2306 2922 3879 2993">
     <span class='ocr_line' id='line_1_90' title="bbox 2306 2922 3879 2993; baseline 0.004 -20"><span class='ocrx_word' id='word_1_614' title='bbox 2306 2923 2481 2988; x_wconf 82' lang='lat' dir='ltr'><strong>guinis</strong></span> <span class='ocrx_word' id='word_1_615' title='bbox 2526 2922 2735 2979; x_wconf 89' lang='lat' dir='ltr'><strong>Domini</strong></span> <span class='ocrx_word' id='word_1_616' title='bbox 2768 2923 3132 2990; x_wconf 90' lang='lat' dir='ltr'><strong>redemptione</strong></span> <span class='ocrx_word' id='word_1_617' title='bbox 3178 2924 3486 2979; x_wconf 90' lang='lat' dir='ltr'><strong>formatum.</strong></span> <span class='ocrx_word' id='word_1_618' title='bbox 3532 2926 3626 2980; x_wconf 85' lang='lat' dir='ltr'><strong>Est</strong></span> <span class='ocrx_word' id='word_1_619' title='bbox 3666 2928 3879 2993; x_wconf 87' lang='lat' dir='ltr'><strong>quidem</strong></span> 
     </span>
    </p>
   </div>
   <div class='ocr_carea' id='block_1_91' title="bbox 2307 3014 3883 3084">
    <p class='ocr_par' dir='ltr' id='par_1_91' title="bbox 2307 3014 3883 3084">
     <span class='ocr_line' id='line_1_91' title="bbox 2307 3014 3883 3084; baseline 0.005 -21"><span class='ocrx_word' id='word_1_620' title='bbox 2307 3029 2480 3068; x_wconf 77' lang='lat' dir='ltr'><strong>causa:</strong></span> <span class='ocrx_word' id='word_1_621' title='bbox 2524 3014 2678 3081; x_wconf 86' lang='lat' dir='ltr'><strong>hujus</strong></span> <span class='ocrx_word' id='word_1_622' title='bbox 2706 3017 3068 3070; x_wconf 72' lang='lat' dir='ltr'><strong>vetttstis~itna</strong></span> <span class='ocrx_word' id='word_1_623' title='bbox 3097 3015 3403 3081; x_wconf 86' lang='lat' dir='ltr'><strong>calamitas,</strong></span> <span class='ocrx_word' id='word_1_624' title='bbox 3445 3017 3536 3069; x_wconf 88' lang='lat' dir='ltr'><strong>sed</strong></span> <span class='ocrx_word' id='word_1_625' title='bbox 3573 3033 3665 3084; x_wconf 88' lang='lat' dir='ltr'><strong>pro</strong></span> <span class='ocrx_word' id='word_1_626' title='bbox 3696 3017 3883 3071; x_wconf 72' lang='lat' dir='ltr'><strong>inime—</strong></span> 
     </span>
    </p>
   </div>
   <div class='ocr_carea' id='block_1_92' title="bbox 2309 3106 3881 3175">
    <p class='ocr_par' dir='ltr' id='par_1_92' title="bbox 2309 3106 3881 3175">
     <span class='ocr_line' id='line_1_92' title="bbox 2309 3106 3881 3175; baseline 0.002 -19"><span class='ocrx_word' id='word_1_627' title='bbox 2309 3108 2474 3159; x_wconf 60' lang='lat' dir='ltr'><strong>nittte</strong></span> <span class='ocrx_word' id='word_1_628' title='bbox 2513 3106 2595 3159; x_wconf 92' lang='lat' dir='ltr'><strong>sui</strong></span> <span class='ocrx_word' id='word_1_629' title='bbox 2642 3106 3043 3160; x_wconf 89' lang='lat' dir='ltr'><strong>recentissimus</strong></span> <span class='ocrx_word' id='word_1_630' title='bbox 3081 3107 3254 3175; x_wconf 83' lang='lat' dir='ltr'><strong>dolor,</strong></span> <span class='ocrx_word' id='word_1_631' title='bbox 3292 3117 3347 3161; x_wconf 93' lang='lat' dir='ltr'><strong>et</strong></span> <span class='ocrx_word' id='word_1_632' title='bbox 3386 3118 3532 3160; x_wconf 89' lang='lat' dir='ltr'><strong>tanto</strong></span> <span class='ocrx_word' id='word_1_633' title='bbox 3570 3109 3881 3162; x_wconf 68' lang='lat' dir='ltr'><strong>Christianis</strong></span> 
     </span>
    </p>
   </div>
   <div class='ocr_carea' id='block_1_93' title="bbox 2233 3178 3877 3270">
    <p class='ocr_par' dir='ltr' id='par_1_93' title="bbox 2233 3178 3877 3270">
     <span class='ocr_line' id='line_1_93' title="bbox 2233 3178 3877 3270; baseline 0.004 -22"><span class='ocrx_word' id='word_1_634' title='bbox 2233 3178 2277 3239; x_wconf 80' lang='lat' dir='ltr'><strong>C</strong></span> <span class='ocrx_word' id='word_1_635' title='bbox 2308 3195 2498 3250; x_wconf 70' lang='lat' dir='ltr'><strong>animis</strong></span> <span class='ocrx_word' id='word_1_636' title='bbox 2522 3197 2707 3250; x_wconf 91' lang='lat' dir='ltr'><strong>fortior</strong></span> <span class='ocrx_word' id='word_1_637' title='bbox 2730 3198 2974 3267; x_wconf 82' lang='lat' dir='ltr'><strong>gemitus,</strong></span> <span class='ocrx_word' id='word_1_638' title='bbox 2993 3207 3192 3268; x_wconf 89' lang='lat' dir='ltr'><strong>quanto</strong></span> <span class='ocrx_word' id='word_1_639' title='bbox 3218 3201 3543 3270; x_wconf 89' lang='lat' dir='ltr'><strong>temporibus</strong></span> <span class='ocrx_word' id='word_1_640' title='bbox 3563 3211 3642 3254; x_wconf 89' lang='lat' dir='ltr'><strong>est</strong></span> <span class='ocrx_word' id='word_1_641' title='bbox 3661 3200 3877 3253; x_wconf 53' lang='lat' dir='ltr'><strong>dilatus.</strong></span> 
     </span>
    </p>
   </div>
   <div class='ocr_carea' id='block_1_94' title="bbox 2288 3288 3881 3362">
    <p class='ocr_par' dir='ltr' id='par_1_94' title="bbox 2288 3288 3881 3362">
     <span class='ocr_line' id='line_1_94' title="bbox 2288 3288 3881 3362; baseline 0.002 -22"><span class='ocrx_word' id='word_1_642' title='bbox 2288 3288 2606 3350; x_wconf 66' lang='lat' dir='ltr'><strong>,Videndum</strong></span> <span class='ocrx_word' id='word_1_643' title='bbox 2637 3289 2788 3342; x_wconf 89' lang='lat' dir='ltr'><strong>vobis</strong></span> <span class='ocrx_word' id='word_1_644' title='bbox 2819 3299 2899 3344; x_wconf 89' lang='lat' dir='ltr'><strong>est</strong></span> <span class='ocrx_word' id='word_1_645' title='bbox 2927 3289 2978 3343; x_wconf 77' lang='lat' dir='ltr'><strong>iu</strong></span> <span class='ocrx_word' id='word_1_646' title='bbox 3008 3302 3261 3359; x_wconf 90' lang='lat' dir='ltr'><strong>quantum</strong></span> <span class='ocrx_word' id='word_1_647' title='bbox 3289 3292 3527 3359; x_wconf 79' lang='lat' dir='ltr'><strong>quatidie</strong></span> <span class='ocrx_word' id='word_1_648' title='bbox 3555 3293 3754 3362; x_wconf 88' lang='lat' dir='ltr'><strong>antiqui</strong></span> <span class='ocrx_word' id='word_1_649' title='bbox 3788 3293 3881 3345; x_wconf 58' lang='lat' dir='ltr'><strong>ho.</strong></span> 
     </span>
    </p>
   </div>
   <div class='ocr_carea' id='block_1_95' title="bbox 2305 3377 3905 3457">
    <p class='ocr_par' dir='ltr' id='par_1_95' title="bbox 2305 3377 3905 3457">
     <span class='ocr_line' id='line_1_95' title="bbox 2305 3377 3905 3457; baseline 0.003 -26"><span class='ocrx_word' id='word_1_650' title='bbox 2305 3378 2402 3431; x_wconf 82' lang='lat' dir='ltr'><strong>Stis</strong></span> <span class='ocrx_word' id='word_1_651' title='bbox 2431 3377 2691 3431; x_wconf 87' lang='lat' dir='ltr'><strong>fervescat</strong></span> <span class='ocrx_word' id='word_1_652' title='bbox 2722 3380 2924 3433; x_wconf 90' lang='lat' dir='ltr'><strong>insania</strong></span> <span class='ocrx_word' id='word_1_653' title='bbox 2945 3420 2959 3443; x_wconf 96' lang='lat'><strong>,</strong></span> <span class='ocrx_word' id='word_1_654' title='bbox 2988 3388 3074 3444; x_wconf 85' lang='lat' dir='ltr'><strong>et,</strong></span> <span class='ocrx_word' id='word_1_655' title='bbox 3120 3396 3239 3433; x_wconf 90' lang='lat' dir='ltr'><strong>cum</strong></span> <span class='ocrx_word' id='word_1_656' title='bbox 3267 3382 3394 3434; x_wconf 91' lang='lat' dir='ltr'><strong>olim</strong></span> <span class='ocrx_word' id='word_1_657' title='bbox 3423 3397 3581 3436; x_wconf 84' lang='lat' dir='ltr'><strong>causa</strong></span> <span class='ocrx_word' id='word_1_658' title='bbox 3610 3384 3681 3436; x_wconf 89' lang='lat' dir='ltr'><strong>sit</strong></span> <span class='ocrx_word' id='word_1_659' title='bbox 3709 3384 3905 3457; x_wconf 44' lang='lat' dir='ltr'><strong>decisa‘</strong></span> 
     </span>
    </p>
   </div>
   <div class='ocr_carea' id='block_1_96' title="bbox 2307 3468 3883 3537">
    <p class='ocr_par' dir='ltr' id='par_1_96' title="bbox 2307 3468 3883 3537">
     <span class='ocr_line' id='line_1_96' title="bbox 2307 3468 3883 3537; baseline 0.004 -18"><span class='ocrx_word' id='word_1_660' title='bbox 2307 3468 2409 3519; x_wconf 88' lang='lat' dir='ltr'><strong>line</strong></span> <span class='ocrx_word' id='word_1_661' title='bbox 2436 3469 2737 3531; x_wconf 69' lang='lat' dir='ltr'><strong>sementim,</strong></span> <span class='ocrx_word' id='word_1_662' title='bbox 2764 3472 2907 3537; x_wconf 89' lang='lat' dir='ltr'><strong>pacis</strong></span> <span class='ocrx_word' id='word_1_663' title='bbox 2934 3468 3089 3524; x_wconf 84' lang='lat' dir='ltr'><strong>faciat</strong></span> <span class='ocrx_word' id='word_1_664' title='bbox 3117 3470 3420 3525; x_wconf 89' lang='lat' dir='ltr'><strong>tarditatem</strong></span> <span class='ocrx_word' id='word_1_665' title='bbox 3452 3490 3464 3523; x_wconf 87' lang='lat'><strong>:</strong></span> <span class='ocrx_word' id='word_1_666' title='bbox 3496 3481 3550 3525; x_wconf 90' lang='lat' dir='ltr'><strong>et</strong></span> <span class='ocrx_word' id='word_1_667' title='bbox 3575 3488 3697 3527; x_wconf 90' lang='lat' dir='ltr'><strong>cum</strong></span> <span class='ocrx_word' id='word_1_668' title='bbox 3729 3472 3883 3527; x_wconf 85' lang='lat' dir='ltr'><strong>Chal-</strong></span> 
     </span>
    </p>
   </div>
   <div class='ocr_carea' id='block_1_97' title="bbox 2306 3560 3882 3632">
    <p class='ocr_par' dir='ltr' id='par_1_97' title="bbox 2306 3560 3882 3632">
     <span class='ocr_line' id='line_1_97' title="bbox 2306 3560 3882 3632; baseline 0.004 -19"><span class='ocrx_word' id='word_1_669' title='bbox 2306 3560 2623 3613; x_wconf 82' lang='lat' dir='ltr'><strong>cedonensis</strong></span> <span class='ocrx_word' id='word_1_670' title='bbox 2667 3562 2934 3631; x_wconf 84' lang='lat' dir='ltr'><strong>synodus,</strong></span> <span class='ocrx_word' id='word_1_671' title='bbox 2981 3573 3035 3617; x_wconf 87' lang='lat' dir='ltr'><strong>et</strong></span> <span class='ocrx_word' id='word_1_672' title='bbox 3073 3564 3135 3617; x_wconf 85' lang='grc' dir='ltr'><strong>Β.</strong></span> <span class='ocrx_word' id='word_1_673' title='bbox 3178 3579 3327 3632; x_wconf 68' lang='lat' dir='ltr'><strong>papa:</strong></span> <span class='ocrx_word' id='word_1_674' title='bbox 3369 3564 3561 3619; x_wconf 87' lang='lat' dir='ltr'><strong>Leonis</strong></span> <span class='ocrx_word' id='word_1_675' title='bbox 3598 3566 3882 3619; x_wconf 87' lang='lat' dir='ltr'><strong>constituta</strong></span> 
     </span>
    </p>
   </div>
   <div class='ocr_carea' id='block_1_98' title="bbox 2306 3651 3882 3720">
    <p class='ocr_par' dir='ltr' id='par_1_98' title="bbox 2306 3651 3882 3720">
     <span class='ocr_line' id='line_1_98' title="bbox 2306 3651 3882 3720; baseline 0.004 -17"><span class='ocrx_word' id='word_1_676' title='bbox 2306 3651 2568 3719; x_wconf 86' lang='lat' dir='ltr'><strong>placeant,</strong></span> <span class='ocrx_word' id='word_1_677' title='bbox 2603 3667 2707 3720; x_wconf 86' lang='lat' dir='ltr'><strong>quo</strong></span> <span class='ocrx_word' id='word_1_678' title='bbox 2737 3652 2802 3705; x_wconf 91' lang='lat' dir='ltr'><strong>ad</strong></span> <span class='ocrx_word' id='word_1_679' title='bbox 2834 3652 3109 3708; x_wconf 88' lang='lat' dir='ltr'><strong>caritatem</strong></span> <span class='ocrx_word' id='word_1_680' title='bbox 3138 3656 3332 3710; x_wconf 87' lang='lat' dir='ltr'><strong>reverti</strong></span> <span class='ocrx_word' id='word_1_681' title='bbox 3366 3656 3608 3709; x_wconf 89' lang='lat' dir='ltr'><strong>volumus</strong></span> <span class='ocrx_word' id='word_1_682' title='bbox 3636 3673 3665 3710; x_wconf 89' lang='lat' dir='ltr'><strong>a</strong></span> <span class='ocrx_word' id='word_1_683' title='bbox 3715 3671 3882 3711; x_wconf 81' lang='lat' dir='ltr'><strong>certa-</strong></span> 
     </span>
    </p>
   </div>
   <div class='ocr_carea' id='block_1_99' title="bbox 2308 3742 3880 3816">
    <p class='ocr_par' dir='ltr' id='par_1_99' title="bbox 2308 3742 3880 3816">
     <span class='ocr_line' id='line_1_99' title="bbox 2308 3742 3880 3816; baseline 0.004 -22"><span class='ocrx_word' id='word_1_684' title='bbox 2308 3742 2451 3796; x_wconf 90' lang='lat' dir='ltr'><strong>mine</strong></span> <span class='ocrx_word' id='word_1_685' title='bbox 2481 3758 2585 3795; x_wconf 91' lang='lat' dir='ltr'><strong>non</strong></span> <span class='ocrx_word' id='word_1_686' title='bbox 2629 3744 2879 3798; x_wconf 81' lang='lat' dir='ltr'><strong>desistas.</strong></span> <span class='ocrx_word' id='word_1_687' title='bbox 2913 3743 3215 3813; x_wconf 88' lang='lat' dir='ltr'><strong>Sequuntur</strong></span> <span class='ocrx_word' id='word_1_688' title='bbox 3240 3761 3358 3816; x_wconf 72' lang='lat' dir='ltr'><strong>qua:</strong></span> <span class='ocrx_word' id='word_1_689' title='bbox 3393 3746 3720 3814; x_wconf 81' lang='lat' dir='ltr'><strong>dogmatibus</strong></span> <span class='ocrx_word' id='word_1_690' title='bbox 3751 3764 3880 3814; x_wconf 68' lang='lat' dir='ltr'><strong>pra:-</strong></span> 
     </span>
    </p>
   </div>
   <div class='ocr_carea' id='block_1_100' title="bbox 2307 3833 3878 3905">
    <p class='ocr_par' dir='ltr' id='par_1_100' title="bbox 2307 3833 3878 3905">
     <span class='ocr_line' id='line_1_100' title="bbox 2307 3833 3878 3905; baseline 0.001 -18"><span class='ocrx_word' id='word_1_691' title='bbox 2307 3833 2462 3887; x_wconf 87' lang='lat' dir='ltr'><strong>dictis</strong></span> <span class='ocrx_word' id='word_1_692' title='bbox 2488 3834 2716 3903; x_wconf 55' lang='lat' dir='ltr'><strong>ascripta</strong></span> <span class='ocrx_word' id='word_1_693' title='bbox 2746 3848 2889 3901; x_wconf 86' lang='lat' dir='ltr'><strong>sunt,</strong></span> <span class='ocrx_word' id='word_1_694' title='bbox 2924 3847 2974 3889; x_wconf 90' lang='lat' dir='ltr'><strong>et</strong></span> <span class='ocrx_word' id='word_1_695' title='bbox 3002 3852 3184 3889; x_wconf 86' lang='lat' dir='ltr'><strong>eorum</strong></span> <span class='ocrx_word' id='word_1_696' title='bbox 3208 3837 3550 3905; x_wconf 90' lang='lat' dir='ltr'><strong>sequacibus,</strong></span> <span class='ocrx_word' id='word_1_697' title='bbox 3579 3850 3710 3904; x_wconf 86' lang='lat' dir='ltr'><strong>quos</strong></span> <span class='ocrx_word' id='word_1_698' title='bbox 3742 3853 3878 3904; x_wconf 78' lang='lat' dir='ltr'><strong>pra--</strong></span> 
     </span>
    </p>
   </div>
   <div class='ocr_carea' id='block_1_101' title="bbox 2306 3927 3878 3998">
    <p class='ocr_par' dir='ltr' id='par_1_101' title="bbox 2306 3927 3878 3998">
     <span class='ocr_line' id='line_1_101' title="bbox 2306 3927 3878 3998; baseline 0.002 -20"><span class='ocrx_word' id='word_1_699' title='bbox 2306 3927 2444 3980; x_wconf 88' lang='lat' dir='ltr'><strong>dicta</strong></span> <span class='ocrx_word' id='word_1_700' title='bbox 2471 3928 2786 3981; x_wconf 89' lang='lat' dir='ltr'><strong>auctoritate</strong></span> <span class='ocrx_word' id='word_1_701' title='bbox 2815 3929 3095 3982; x_wconf 79' lang='lat' dir='ltr'><strong>damnatos</strong></span> <span class='ocrx_word' id='word_1_702' title='bbox 3120 3929 3435 3998; x_wconf 86' lang='lat' dir='ltr'><strong>intelligunt,</strong></span> <span class='ocrx_word' id='word_1_703' title='bbox 3470 3944 3574 3982; x_wconf 89' lang='lat' dir='ltr'><strong>non</strong></span> <span class='ocrx_word' id='word_1_704' title='bbox 3606 3928 3878 3982; x_wconf 91' lang='lat' dir='ltr'><strong>recedunt.</strong></span> 
     </span>
    </p>
   </div>
   <div class='ocr_carea' id='block_1_102' title="bbox 2306 4017 3880 4087">
    <p class='ocr_par' dir='ltr' id='par_1_102' title="bbox 2306 4017 3880 4087">
     <span class='ocr_line' id='line_1_102' title="bbox 2306 4017 3880 4087; baseline 0.002 -18"><span class='ocrx_word' id='word_1_705' title='bbox 2306 4018 2510 4070; x_wconf 84' lang='lat' dir='ltr'><strong>Tenent</strong></span> <span class='ocrx_word' id='word_1_706' title='bbox 2541 4017 2715 4071; x_wconf 90' lang='lat' dir='ltr'><strong>adhuc</strong></span> <span class='ocrx_word' id='word_1_707' title='bbox 2744 4018 2795 4071; x_wconf 90' lang='lat' dir='ltr'><strong>in</strong></span> <span class='ocrx_word' id='word_1_708' title='bbox 2838 4021 3202 4087; x_wconf 83' lang='lat' dir='ltr'><strong>complexibus</strong></span> <span class='ocrx_word' id='word_1_709' title='bbox 3243 4035 3436 4073; x_wconf 88' lang='lat' dir='ltr'><strong>nomen</strong></span> <span class='ocrx_word' id='word_1_710' title='bbox 3483 4021 3693 4084; x_wconf 79' lang='lat' dir='ltr'><strong>Acacii,</strong></span> <span class='ocrx_word' id='word_1_711' title='bbox 3726 4036 3880 4087; x_wconf 85' lang='lat' dir='ltr'><strong>quem</strong></span> 
     </span>
    </p>
   </div>
   <div class='ocr_carea' id='block_1_103' title="bbox 2308 4106 3881 4179">
    <p class='ocr_par' dir='ltr' id='par_1_103' title="bbox 2308 4106 3881 4179">
     <span class='ocr_line' id='line_1_103' title="bbox 2308 4106 3881 4179; baseline 0.003 -19"><span class='ocrx_word' id='word_1_712' title='bbox 2308 4108 2488 4161; x_wconf 87' lang='lat' dir='ltr'><strong>vident</strong></span> <span class='ocrx_word' id='word_1_713' title='bbox 2517 4107 2715 4175; x_wconf 88' lang='lat' dir='ltr'><strong>judicio</strong></span> <span class='ocrx_word' id='word_1_714' title='bbox 2741 4109 2883 4162; x_wconf 86' lang='lat' dir='ltr'><strong>sedis</strong></span> <span class='ocrx_word' id='word_1_715' title='bbox 2914 4110 3157 4175; x_wconf 68' lang='lat' dir='ltr'><strong>aposmliv</strong></span> <span class='ocrx_word' id='word_1_716' title='bbox 3176 4125 3220 4162; x_wconf 73' lang='grc' dir='ltr'>τε</span> <span class='ocrx_word' id='word_1_717' title='bbox 3252 4106 3443 4164; x_wconf 89' lang='lat' dir='ltr'><strong>merito</strong></span> <span class='ocrx_word' id='word_1_718' title='bbox 3470 4126 3678 4179; x_wconf 61' lang='lat' dir='ltr'><strong>prauam</strong></span> <span class='ocrx_word' id='word_1_719' title='bbox 3711 4110 3881 4177; x_wconf 65' lang='lat' dir='ltr'><strong>subje-</strong></span> 
     </span>
    </p>
   </div>
   <div class='ocr_carea' id='block_1_104' title="bbox 2306 4200 3881 4274">
    <p class='ocr_par' dir='ltr' id='par_1_104' title="bbox 2306 4200 3881 4274">
     <span class='ocr_line' id='line_1_104' title="bbox 2306 4200 3881 4274; baseline 0.003 -20"><span class='ocrx_word' id='word_1_720' title='bbox 2306 4201 2442 4254; x_wconf 86' lang='lat' dir='ltr'><strong>cisse</strong></span> <span class='ocrx_word' id='word_1_721' title='bbox 2472 4200 2726 4255; x_wconf 82' lang='lat' dir='ltr'><strong>damnati.</strong></span> <span class='ocrx_word' id='word_1_722' title='bbox 2753 4203 2881 4269; x_wconf 84' lang='lat' dir='ltr'><strong>Quis</strong></span> <span class='ocrx_word' id='word_1_723' title='bbox 2903 4219 3005 4255; x_wconf 87' lang='lat' dir='ltr'><strong>non</strong></span> <span class='ocrx_word' id='word_1_724' title='bbox 3031 4204 3284 4274; x_wconf 77' lang='lat' dir='ltr'><strong>ittle&#39;ligat</strong></span> <span class='ocrx_word' id='word_1_725' title='bbox 3312 4206 3555 4259; x_wconf 87' lang='lat' dir='ltr'><strong>simulate</strong></span> <span class='ocrx_word' id='word_1_726' title='bbox 3578 4206 3682 4258; x_wconf 83' lang='lat' dir='ltr'><strong>dici</strong></span> <span class='ocrx_word' id='word_1_727' title='bbox 3710 4224 3721 4257; x_wconf 74' lang='grc' dir='ltr'>ε</span> <span class='ocrx_word' id='word_1_728' title='bbox 3752 4205 3881 4258; x_wconf 82' lang='lat' dir='ltr'><strong>San-</strong></span> 
     </span>
    </p>
   </div>
   <div class='ocr_carea' id='block_1_105' title="bbox 2307 4293 3880 4363">
    <p class='ocr_par' dir='ltr' id='par_1_105' title="bbox 2307 4293 3880 4363">
     <span class='ocr_line' id='line_1_105' title="bbox 2307 4293 3880 4363; baseline 0.001 -18"><span class='ocrx_word' id='word_1_729' title='bbox 2307 4301 2511 4345; x_wconf 89' lang='lat' dir='ltr'><strong>ctorum</strong></span> <span class='ocrx_word' id='word_1_730' title='bbox 2546 4293 2757 4346; x_wconf 84' lang='lat' dir='ltr'><strong>Patrum</strong></span> <span class='ocrx_word' id='word_1_731' title='bbox 2785 4295 3053 4362; x_wconf 88' lang='lat' dir='ltr'><strong>sequimur</strong></span> <span class='ocrx_word' id='word_1_732' title='bbox 3077 4296 3343 4363; x_wconf 84' lang='lat' dir='ltr'><strong>dogmata,</strong></span> <span class='ocrx_word' id='word_1_733' title='bbox 3371 4297 3462 4351; x_wconf 90' lang='lat' dir='ltr'><strong>sed</strong></span> <span class='ocrx_word' id='word_1_734' title='bbox 3488 4314 3591 4349; x_wconf 91' lang='lat' dir='ltr'><strong>non</strong></span> <span class='ocrx_word' id='word_1_735' title='bbox 3618 4297 3880 4363; x_wconf 78' lang='lat' dir='ltr'><strong>diligimus</strong></span> 
     </span>
    </p>
   </div>
   <div class='ocr_carea' id='block_1_106' title="bbox 2308 4382 3880 4454">
    <p class='ocr_par' dir='ltr' id='par_1_106' title="bbox 2308 4382 3880 4454">
     <span class='ocr_line' id='line_1_106' title="bbox 2308 4382 3880 4454; baseline 0.003 -19"><span class='ocrx_word' id='word_1_736' title='bbox 2308 4382 2484 4437; x_wconf 84' lang='lat' dir='ltr'><strong>facta?</strong></span> <span class='ocrx_word' id='word_1_737' title='bbox 2511 4383 2639 4448; x_wconf 64' lang='lat' dir='ltr'><strong>Quae</strong></span> <span class='ocrx_word' id='word_1_738' title='bbox 2662 4399 2690 4436; x_wconf 90' lang='lat' dir='ltr'><strong>a</strong></span> <span class='ocrx_word' id='word_1_739' title='bbox 2716 4396 2899 4437; x_wconf 86' lang='lat' dir='ltr'><strong>sancta</strong></span> <span class='ocrx_word' id='word_1_740' title='bbox 2926 4386 3130 4454; x_wconf 80' lang='lat' dir='ltr'><strong>synodo</strong></span> <span class='ocrx_word' id='word_1_741' title='bbox 3152 4386 3567 4440; x_wconf 78' lang='lat' dir='ltr'><strong>Cltalcedunensi</strong></span> <span class='ocrx_word' id='word_1_742' title='bbox 3597 4389 3880 4440; x_wconf 86' lang='lat' dir='ltr'><strong>constituta</strong></span> 
     </span>
    </p>
   </div>
   <div class='ocr_carea' id='block_1_107' title="bbox 2308 4474 3878 4545">
    <p class='ocr_par' dir='ltr' id='par_1_107' title="bbox 2308 4474 3878 4545">
     <span class='ocr_line' id='line_1_107' title="bbox 2308 4474 3878 4545; baseline 0.002 -21"><span class='ocrx_word' id='word_1_743' title='bbox 2308 4482 2447 4537; x_wconf 91' lang='lat' dir='ltr'><strong>sunt,</strong></span> <span class='ocrx_word' id='word_1_744' title='bbox 2476 4484 2530 4527; x_wconf 87' lang='lat' dir='ltr'><strong>et</strong></span> <span class='ocrx_word' id='word_1_745' title='bbox 2557 4490 2674 4542; x_wconf 64' lang='lat' dir='ltr'><strong>quae</strong></span> <span class='ocrx_word' id='word_1_746' title='bbox 2705 4475 2843 4529; x_wconf 76' lang='lat' dir='ltr'><strong>Leati</strong></span> <span class='ocrx_word' id='word_1_747' title='bbox 2873 4474 3063 4530; x_wconf 86' lang='lat' dir='ltr'><strong>Leonis</strong></span> <span class='ocrx_word' id='word_1_748' title='bbox 3089 4477 3310 4541; x_wconf 57' lang='lat' dir='ltr'><strong>epistoia</strong></span> <span class='ocrx_word' id='word_1_749' title='bbox 3336 4480 3588 4543; x_wconf 85' lang='lat' dir='ltr'><strong>continet,</strong></span> <span class='ocrx_word' id='word_1_750' title='bbox 3620 4479 3878 4545; x_wconf 66' lang='lat' dir='ltr'><strong>fovemus,</strong></span> 
     </span>
    </p>
   </div>
   <div class='ocr_carea' id='block_1_108' title="bbox 2307 4563 3880 4636">
    <p class='ocr_par' dir='ltr' id='par_1_108' title="bbox 2307 4563 3880 4636">
     <span class='ocr_line' id='line_1_108' title="bbox 2307 4563 3880 4636; baseline 0.007 -25"><span class='ocrx_word' id='word_1_751' title='bbox 2307 4575 2643 4627; x_wconf 82' lang='lat' dir='ltr'><strong>veneramur,</strong></span> <span class='ocrx_word' id='word_1_752' title='bbox 2687 4563 3078 4631; x_wconf 86' lang='lat' dir='ltr'><strong>amplectimur,</strong></span> <span class='ocrx_word' id='word_1_753' title='bbox 3112 4566 3203 4620; x_wconf 88' lang='lat' dir='ltr'><strong>sed</strong></span> <span class='ocrx_word' id='word_1_754' title='bbox 3235 4568 3450 4626; x_wconf 83' lang='lat' dir='ltr'><strong>Aeacio.</strong></span> <span class='ocrx_word' id='word_1_755' title='bbox 3491 4571 3579 4636; x_wconf 91' lang='lat' dir='ltr'><strong>qui</strong></span> <span class='ocrx_word' id='word_1_756' title='bbox 3605 4569 3880 4622; x_wconf 82' lang='lat' dir='ltr'><strong>damnato-</strong></span> 
     </span>
    </p>
   </div>
   <div class='ocr_carea' id='block_1_109' title="bbox 2304 4655 3875 4726">
    <p class='ocr_par' dir='ltr' id='par_1_109' title="bbox 2304 4655 3875 4726">
     <span class='ocr_line' id='line_1_109' title="bbox 2304 4655 3875 4726; baseline 0.007 -22"><span class='ocrx_word' id='word_1_757' title='bbox 2304 4667 2421 4704; x_wconf 92' lang='lat' dir='ltr'><strong>rum</strong></span> <span class='ocrx_word' id='word_1_758' title='bbox 2461 4655 2889 4709; x_wconf 88' lang='lat' dir='ltr'><strong>communionem</strong></span> <span class='ocrx_word' id='word_1_759' title='bbox 2936 4667 3147 4709; x_wconf 87' lang='lat' dir='ltr'><strong>secutus</strong></span> <span class='ocrx_word' id='word_1_760' title='bbox 3177 4668 3288 4723; x_wconf 84' lang='lat' dir='ltr'><strong>est,</strong></span> <span class='ocrx_word' id='word_1_761' title='bbox 3338 4660 3691 4726; x_wconf 88' lang='lat' dir='ltr'><strong>impendimus</strong></span> <span class='ocrx_word' id='word_1_762' title='bbox 3735 4669 3875 4715; x_wconf 84' lang='lat' dir='ltr'><strong>vota.</strong></span> 
     </span>
    </p>
   </div>
   <div class='ocr_carea' id='block_1_110' title="bbox 2304 4743 3875 4815">
    <p class='ocr_par' dir='ltr' id='par_1_110' title="bbox 2304 4743 3875 4815">
     <span class='ocr_line' id='line_1_110' title="bbox 2304 4743 3875 4815; baseline 0.007 -21"><span class='ocrx_word' id='word_1_763' title='bbox 2304 4743 2410 4795; x_wconf 83' lang='lat' dir='ltr'><strong>Sed</strong></span> <span class='ocrx_word' id='word_1_764' title='bbox 2444 4744 2567 4810; x_wconf 90' lang='lat' dir='ltr'><strong>quid</strong></span> <span class='ocrx_word' id='word_1_765' title='bbox 2598 4758 2734 4812; x_wconf 78' lang='lat' dir='ltr'><strong>Opus</strong></span> <span class='ocrx_word' id='word_1_766' title='bbox 2777 4754 2861 4799; x_wconf 90' lang='lat' dir='ltr'><strong>est</strong></span> <span class='ocrx_word' id='word_1_767' title='bbox 2898 4745 2966 4799; x_wconf 89' lang='lat' dir='ltr'><strong>de</strong></span> <span class='ocrx_word' id='word_1_768' title='bbox 3002 4745 3253 4814; x_wconf 88' lang='lat' dir='ltr'><strong>judicatis</strong></span> <span class='ocrx_word' id='word_1_769' title='bbox 3294 4749 3450 4802; x_wconf 89' lang='lat' dir='ltr'><strong>rebus</strong></span> <span class='ocrx_word' id='word_1_770' title='bbox 3477 4750 3635 4802; x_wconf 75' lang='lat' dir='ltr'><strong>verba</strong></span> <span class='ocrx_word' id='word_1_771' title='bbox 3668 4750 3875 4815; x_wconf 87' lang='lat' dir='ltr'><strong>facere,</strong></span> 
     </span>
    </p>
   </div>
   <div class='ocr_carea' id='block_1_111' title="bbox 2302 4836 3879 4906">
    <p class='ocr_par' dir='ltr' id='par_1_111' title="bbox 2302 4836 3879 4906">
     <span class='ocr_line' id='line_1_111' title="bbox 2302 4836 3879 4906; baseline 0.004 -19"><span class='ocrx_word' id='word_1_772' title='bbox 2302 4849 2422 4887; x_wconf 89' lang='lat' dir='ltr'><strong>cum</strong></span> <span class='ocrx_word' id='word_1_773' title='bbox 2451 4850 2547 4887; x_wconf 88' lang='lat' dir='ltr'><strong>nos</strong></span> <span class='ocrx_word' id='word_1_774' title='bbox 2576 4836 2775 4889; x_wconf 86' lang='lat' dir='ltr'><strong>hortari</strong></span> <span class='ocrx_word' id='word_1_775' title='bbox 2804 4838 3167 4891; x_wconf 90' lang='lat' dir='ltr'><strong>tantummodo</strong></span> <span class='ocrx_word' id='word_1_776' title='bbox 3192 4838 3380 4894; x_wconf 84' lang='lat' dir='ltr'><strong>deceat</strong></span> <span class='ocrx_word' id='word_1_777' title='bbox 3408 4854 3481 4906; x_wconf 94' lang='lat' dir='ltr'><strong>ut,</strong></span> <span class='ocrx_word' id='word_1_778' title='bbox 3515 4857 3762 4905; x_wconf 50' lang='lat' dir='ltr'><strong>expressa</strong></span> <span class='ocrx_word' id='word_1_779' title='bbox 3789 4858 3879 4896; x_wconf 85' lang='lat' dir='ltr'><strong>su-</strong></span> 
     </span>
    </p>
   </div>
   <div class='ocr_carea' id='block_1_112' title="bbox 2306 4918 3875 5000">
    <p class='ocr_par' dir='ltr' id='par_1_112' title="bbox 2306 4918 3875 5000">
     <span class='ocr_line' id='line_1_112' title="bbox 2306 4918 3875 5000; baseline 0.007 -25"><span class='ocrx_word' id='word_1_780' title='bbox 2306 4926 2484 4989; x_wconf 84' lang='lat' dir='ltr'><strong>perius</strong></span> <span class='ocrx_word' id='word_1_781' title='bbox 2507 4918 2848 4980; x_wconf 77' lang='lat' dir='ltr'><strong>simulatione</strong></span> <span class='ocrx_word' id='word_1_782' title='bbox 2870 4929 3133 4992; x_wconf 89' lang='lat' dir='ltr'><strong>submota,</strong></span> <span class='ocrx_word' id='word_1_783' title='bbox 3158 4929 3257 4982; x_wconf 91' lang='lat' dir='ltr'><strong>sub</strong></span> <span class='ocrx_word' id='word_1_784' title='bbox 3275 4931 3418 4984; x_wconf 88' lang='lat' dir='ltr'><strong>onmi</strong></span> <span class='ocrx_word' id='word_1_785' title='bbox 3443 4933 3670 4999; x_wconf 85' lang='lat' dir='ltr'><strong>puritate</strong></span> <span class='ocrx_word' id='word_1_786' title='bbox 3693 4949 3875 5000; x_wconf 58' lang='lat' dir='ltr'><strong>pact-tn</strong></span> 
     </span>
    </p>
   </div>
   <div class='ocr_carea' id='block_1_113' title="bbox 2303 5013 3877 5091">
    <p class='ocr_par' dir='ltr' id='par_1_113' title="bbox 2303 5013 3877 5091">
     <span class='ocr_line' id='line_1_113' title="bbox 2303 5013 3877 5091; baseline 0.008 -25"><span class='ocrx_word' id='word_1_787' title='bbox 2303 5013 2532 5068; x_wconf 86' lang='lat' dir='ltr'><strong>debeant</strong></span> <span class='ocrx_word' id='word_1_788' title='bbox 2577 5017 2830 5083; x_wconf 87' lang='lat' dir='ltr'><strong>aquibus</strong></span> <span class='ocrx_word' id='word_1_789' title='bbox 2882 5019 3287 5089; x_wconf 62' lang='lat' dir='ltr'><strong>hil‘GdiCtlnlllr</strong></span> <span class='ocrx_word' id='word_1_790' title='bbox 3326 5032 3530 5087; x_wconf 89' lang='lat' dir='ltr'><strong>optare.</strong></span> <span class='ocrx_word' id='word_1_791' title='bbox 3583 5023 3734 5091; x_wconf 86' lang='lat' dir='ltr'><strong>Apud</strong></span> <span class='ocrx_word' id='word_1_792' title='bbox 3782 5038 3877 5078; x_wconf 84' lang='lat' dir='ltr'><strong>vos</strong></span> 
     </span>
    </p>
   </div>
   <div class='ocr_carea' id='block_1_114' title="bbox 2305 5107 3874 5182">
    <p class='ocr_par' dir='ltr' id='par_1_114' title="bbox 2305 5107 3874 5182">
     <span class='ocr_line' id='line_1_114' title="bbox 2305 5107 3874 5182; baseline 0.006 -26"><span class='ocrx_word' id='word_1_793' title='bbox 2305 5107 2430 5158; x_wconf 88' lang='lat' dir='ltr'><strong>tttilti</strong></span> <span class='ocrx_word' id='word_1_794' title='bbox 2458 5117 2541 5161; x_wconf 90' lang='lat' dir='ltr'><strong>est</strong></span> <span class='ocrx_word' id='word_1_795' title='bbox 2566 5108 2739 5160; x_wconf 89' lang='lat' dir='ltr'><strong>omnis</strong></span> <span class='ocrx_word' id='word_1_796' title='bbox 2765 5108 3152 5175; x_wconf 81' lang='lat' dir='ltr'><strong>deprecationis</strong></span> <span class='ocrx_word' id='word_1_797' title='bbox 3180 5125 3367 5175; x_wconf 80' lang='lat' dir='ltr'><strong>causa,</strong></span> <span class='ocrx_word' id='word_1_798' title='bbox 3411 5113 3700 5178; x_wconf 90' lang='lat' dir='ltr'><strong>imperator</strong></span> <span class='ocrx_word' id='word_1_799' title='bbox 3725 5129 3874 5182; x_wconf 83' lang='lat' dir='ltr'><strong>egre-</strong></span> 
     </span>
    </p>
   </div>
   <div class='ocr_carea' id='block_1_115' title="bbox 2301 5200 3872 5271">
    <p class='ocr_par' dir='ltr' id='par_1_115' title="bbox 2301 5200 3872 5271">
     <span class='ocr_line' id='line_1_115' title="bbox 2301 5200 3872 5271; baseline 0.006 -21"><span class='ocrx_word' id='word_1_800' title='bbox 2301 5200 2384 5266; x_wconf 85' lang='lat' dir='ltr'><strong>gie</strong></span> <span class='ocrx_word' id='word_1_801' title='bbox 2412 5214 2427 5252; x_wconf 88' lang='lat'><strong>:</strong></span> <span class='ocrx_word' id='word_1_802' title='bbox 2463 5214 2557 5252; x_wconf 91' lang='lat' dir='ltr'><strong>vos</strong></span> <span class='ocrx_word' id='word_1_803' title='bbox 2586 5200 2668 5252; x_wconf 88' lang='lat' dir='ltr'><strong>his</strong></span> <span class='ocrx_word' id='word_1_804' title='bbox 2698 5215 2760 5254; x_wconf 92' lang='lat' dir='ltr'><strong>ac</strong></span> <span class='ocrx_word' id='word_1_805' title='bbox 2801 5202 2993 5254; x_wconf 89' lang='lat' dir='ltr'><strong>talibus</strong></span> <span class='ocrx_word' id='word_1_806' title='bbox 3022 5202 3252 5270; x_wconf 74' lang='lat' dir='ltr'><strong>religiosi</strong></span> <span class='ocrx_word' id='word_1_807' title='bbox 3294 5204 3472 5271; x_wconf 88' lang='lat' dir='ltr'><strong>operis</strong></span> <span class='ocrx_word' id='word_1_808' title='bbox 3499 5205 3729 5258; x_wconf 78' lang='lat' dir='ltr'><strong>resistite</strong></span> <span class='ocrx_word' id='word_1_809' title='bbox 3760 5206 3872 5259; x_wconf 89' lang='lat' dir='ltr'><strong>viva</strong></span> 
     </span>
    </p>
   </div>
   <div class='ocr_carea' id='block_1_116' title="bbox 2299 5290 3873 5360">
    <p class='ocr_par' dir='ltr' id='par_1_116' title="bbox 2299 5290 3873 5360">
     <span class='ocr_line' id='line_1_116' title="bbox 2299 5290 3873 5360; baseline 0.004 -18"><span class='ocrx_word' id='word_1_810' title='bbox 2299 5290 2739 5354; x_wconf 87' lang='lat' dir='ltr'><strong>caritate;vobis</strong></span> <span class='ocrx_word' id='word_1_811' title='bbox 2782 5291 3055 5354; x_wconf 87' lang='lat' dir='ltr'><strong>imminet,</strong></span> <span class='ocrx_word' id='word_1_812' title='bbox 3104 5305 3153 5344; x_wconf 88' lang='grc' dir='ltr'><strong>ιιι</strong></span> <span class='ocrx_word' id='word_1_813' title='bbox 3188 5294 3276 5360; x_wconf 84' lang='lat' dir='ltr'><strong>qui</strong></span> <span class='ocrx_word' id='word_1_814' title='bbox 3321 5294 3697 5349; x_wconf 56' lang='lat' dir='ltr'><strong>eccle:iasdc:e</strong></span> <span class='ocrx_word' id='word_1_815' title='bbox 3749 5312 3873 5350; x_wconf 86' lang='lat' dir='ltr'><strong>con-</strong></span> 
     </span>
    </p>
   </div>
   <div class='ocr_carea' id='block_1_117' title="bbox 2300 5380 3871 5449">
    <p class='ocr_par' dir='ltr' id='par_1_117' title="bbox 2300 5380 3871 5449">
     <span class='ocr_line' id='line_1_117' title="bbox 2300 5380 3871 5449; baseline 0.005 -18"><span class='ocrx_word' id='word_1_816' title='bbox 2300 5381 2495 5433; x_wconf 64' lang='lat' dir='ltr'><strong>cordia:</strong></span> <span class='ocrx_word' id='word_1_817' title='bbox 2540 5380 2796 5435; x_wconf 87' lang='lat' dir='ltr'><strong>habuistis</strong></span> <span class='ocrx_word' id='word_1_818' title='bbox 2838 5382 2938 5435; x_wconf 90' lang='lat' dir='ltr'><strong>sub</strong></span> <span class='ocrx_word' id='word_1_819' title='bbox 2979 5384 3179 5449; x_wconf 87' lang='lat' dir='ltr'><strong>privata</strong></span> <span class='ocrx_word' id='word_1_820' title='bbox 3224 5386 3327 5435; x_wconf 90' lang='lat' dir='ltr'><strong>vita</strong></span> <span class='ocrx_word' id='word_1_821' title='bbox 3376 5385 3728 5447; x_wconf 86' lang='lat' dir='ltr'><strong>desiderium,</strong></span> <span class='ocrx_word' id='word_1_822' title='bbox 3775 5388 3871 5439; x_wconf 89' lang='lat' dir='ltr'><strong>suh</strong></span> 
     </span>
    </p>
   </div>
   <div class='ocr_carea' id='block_1_118' title="bbox 2301 5471 3872 5545">
    <p class='ocr_par' dir='ltr' id='par_1_118' title="bbox 2301 5471 3872 5545">
     <span class='ocr_line' id='line_1_118' title="bbox 2301 5471 3872 5545; baseline 0.005 -23"><span class='ocrx_word' id='word_1_823' title='bbox 2301 5471 2596 5540; x_wconf 75' lang='lat' dir='ltr'><strong>principatu</strong></span> <span class='ocrx_word' id='word_1_824' title='bbox 2622 5472 2757 5526; x_wconf 88' lang='lat' dir='ltr'><strong>detis</strong></span> <span class='ocrx_word' id='word_1_825' title='bbox 2789 5474 3056 5528; x_wconf 76' lang='lat' dir='ltr'><strong>effectum.</strong></span> <span class='ocrx_word' id='word_1_826' title='bbox 3090 5475 3201 5527; x_wconf 81' lang='lat' dir='ltr'><strong>Non</strong></span> <span class='ocrx_word' id='word_1_827' title='bbox 3233 5475 3325 5528; x_wconf 91' lang='lat' dir='ltr'><strong>fuit</strong></span> <span class='ocrx_word' id='word_1_828' title='bbox 3354 5491 3459 5543; x_wconf 88' lang='lat' dir='ltr'><strong>quo</strong></span> <span class='ocrx_word' id='word_1_829' title='bbox 3498 5476 3665 5545; x_wconf 86' lang='lat' dir='ltr'><strong>magis</strong></span> <span class='ocrx_word' id='word_1_830' title='bbox 3689 5478 3872 5545; x_wconf 77' lang='lat' dir='ltr'><strong>gratia:</strong></span> 
     </span>
    </p>
   </div>
   <div class='ocr_carea' id='block_1_119' title="bbox 2301 5566 3873 5635">
    <p class='ocr_par' dir='ltr' id='par_1_119' title="bbox 2301 5566 3873 5635">
     <span class='ocr_line' id='line_1_119' title="bbox 2301 5566 3873 5635; baseline 0.004 -23"><span class='ocrx_word' id='word_1_831' title='bbox 2301 5570 2490 5615; x_wconf 76' lang='lat' dir='ltr'><strong>vestrm</strong></span> <span class='ocrx_word' id='word_1_832' title='bbox 2512 5566 2753 5616; x_wconf 89' lang='lat' dir='ltr'><strong>cumulus</strong></span> <span class='ocrx_word' id='word_1_833' title='bbox 2778 5567 3078 5628; x_wconf 80' lang='lat' dir='ltr'><strong>accederet,</strong></span> <span class='ocrx_word' id='word_1_834' title='bbox 3106 5582 3261 5635; x_wconf 87' lang='lat' dir='ltr'><strong>quam</strong></span> <span class='ocrx_word' id='word_1_835' title='bbox 3284 5568 3420 5635; x_wconf 88' lang='lat' dir='ltr'><strong>quod</strong></span> <span class='ocrx_word' id='word_1_836' title='bbox 3445 5569 3595 5621; x_wconf 88' lang='lat' dir='ltr'><strong>vobis</strong></span> <span class='ocrx_word' id='word_1_837' title='bbox 3619 5568 3873 5621; x_wconf 78' lang='lat' dir='ltr'><strong>divinitus</strong></span> 
     </span>
    </p>
   </div>
   <div class='ocr_carea' id='block_1_120' title="bbox 2298 5654 3872 5727">
    <p class='ocr_par' dir='ltr' id='par_1_120' title="bbox 2298 5654 3872 5727">
     <span class='ocr_line' id='line_1_120' title="bbox 2298 5654 3872 5727; baseline 0.006 -22"><span class='ocrx_word' id='word_1_838' title='bbox 2298 5654 2479 5706; x_wconf 84' lang='lat' dir='ltr'><strong>datum</strong></span> <span class='ocrx_word' id='word_1_839' title='bbox 2511 5664 2610 5722; x_wconf 80' lang='lat' dir='ltr'><strong>est,</strong></span> <span class='ocrx_word' id='word_1_840' title='bbox 2641 5665 2691 5708; x_wconf 88' lang='grc' dir='ltr'><strong>ιιι</strong></span> <span class='ocrx_word' id='word_1_841' title='bbox 2724 5657 2861 5725; x_wconf 87' lang='lat' dir='ltr'><strong>quod</strong></span> <span class='ocrx_word' id='word_1_842' title='bbox 2890 5673 3103 5726; x_wconf 86' lang='lat' dir='ltr'><strong>semper</strong></span> <span class='ocrx_word' id='word_1_843' title='bbox 3129 5659 3368 5717; x_wconf 76' lang='lat' dir='ltr'><strong>voluistis</strong></span> <span class='ocrx_word' id='word_1_844' title='bbox 3397 5658 3532 5723; x_wconf 78' lang='lat' dir='ltr'><strong>ﬁeri,</strong></span> <span class='ocrx_word' id='word_1_845' title='bbox 3565 5676 3657 5727; x_wconf 72' lang='lat' dir='ltr'><strong>per</strong></span> <span class='ocrx_word' id='word_1_846' title='bbox 3684 5676 3779 5715; x_wconf 87' lang='lat' dir='ltr'><strong>vos</strong></span> <span class='ocrx_word' id='word_1_847' title='bbox 3809 5665 3872 5714; x_wconf 87' lang='lat' dir='ltr'><strong>ad</strong></span> 
     </span>
    </p>
   </div>
   <div class='ocr_carea' id='block_1_121' title="bbox 2305 5748 3875 5819">
    <p class='ocr_par' dir='ltr' id='par_1_121' title="bbox 2305 5748 3875 5819">
     <span class='ocr_line' id='line_1_121' title="bbox 2305 5748 3875 5819; baseline 0.007 -23"><span class='ocrx_word' id='word_1_848' title='bbox 2305 5756 2433 5799; x_wconf 86' lang='lat' dir='ltr'><strong>lt‘l&#39;llt</strong></span> <span class='ocrx_word' id='word_1_849' title='bbox 2463 5763 2583 5800; x_wconf 90' lang='lat' dir='ltr'><strong>ttttttt</strong></span> <span class='ocrx_word' id='word_1_850' title='bbox 2629 5748 2795 5815; x_wconf 83' lang='lat' dir='ltr'><strong>possit</strong></span> <span class='ocrx_word' id='word_1_851' title='bbox 2822 5748 3032 5804; x_wconf 83' lang='lat' dir='ltr'><strong>adduci.</strong></span> <span class='ocrx_word' id='word_1_852' title='bbox 3084 5748 3187 5803; x_wconf 82' lang='lat' dir='ltr'><strong>Nec</strong></span> <span class='ocrx_word' id='word_1_853' title='bbox 3212 5751 3383 5817; x_wconf 42' lang='lat' dir='ltr'><strong>.breve</strong></span> <span class='ocrx_word' id='word_1_854' title='bbox 3426 5752 3694 5819; x_wconf 57' lang='lat' dir='ltr'><strong>specimen</strong></span> <span class='ocrx_word' id='word_1_855' title='bbox 3732 5756 3875 5807; x_wconf 67' lang='lat' dir='ltr'><strong>circa</strong></span> 
     </span>
    </p>
   </div>
  </div>
