4248 6260
347 432 450 486 457

1564 422 1915 481 EPISTOLIE
1958 422 2042 476 ET
2082 423 2415 481 DECRETA.

3510 432 3615 486 458

347 562 446 599 vos
487 545 674 612 gratim
722 543 1019 598 Divinitatis
1060 542 1289 610 effulsit,
1342 543 1533 611 quibus
1569 542 1727 594 datur
1775 552 1931 605 posse
1963 539 2009 593 A
2042 538 2207 592 rectio
2241 556 2253 591 :
2289 542 2408 607 quia
2456 542 2545 593 irri
2573 556 2599 591 a
2631 550 2712 594 est
2753 541 3000 609 quaslibet
3031 543 3081 596 in
3110 542 3311 597 cultttra
3356 544 3448 598 Dei
3485 559 3615 598 con-

348 636 529 688 facere
576 634 719 702 quod
765 649 977 702 semper
1017 634 1259 701 optastis.
1293 633 1627 700 Quapropter
1679 634 1929 700 queniam

348 726 503 780 vobis
530 735 690 778 tantze
716 740 891 779 causa:
921 726 1125 779 titulunt
1155 724 1344 779 videtis
1373 738 1491 777 esse
1519 735 1812 785 servatum,
1845 738 1931 777 re-

349 826 569 870 movete
597 815 852 883 quidquid
895 814 1197 883 amhiguutn
1244 814 1567 867 remansisse
1603 813 1837 867 creditur
1864 814 1929 864 ad

351 909 740 977 plenitudinem
768 908 1103 977 gaudiorum.
1136 907 1241 960 Nos
1281 908 1423 961 enim
1463 922 1562 974 qua
1594 905 1774 959 decuit
1801 906 1931 959 alle-

351 999 530 1052 ctione
561 1014 658 1067 per
687 998 907 1050 Gratum
932 997 1102 1049 virum
1134 996 1489 1050 clarissimum
1514 1036 1529 1059 ,
1574 995 1662 1050 cui
1690 1012 1785 1063 pro
1818 1011 1931 1047 lno-

352 1089 634 1143 deratione
658 1090 741 1142 sui
761 1103 995 1157 congrue
1016 1087 1280 1141 sensimus
1302 1086 1534 1140 officium
1555 1086 1834 1155 legationis
1856 1086 1937 1138 in-

352 1180 594 1249 iunctum
614 1220 630 1241 ,
669 1179 860 1232 litteris
893 1180 1058 1233 vestri
1098 1178 1425 1247 principatus
1452 1178 1686 1243 acceptis
1706 1219 1721 1242 ,
1759 1191 1937 1230 causa:

352 1271 709 1340 magnitudini
736 1271 1134 1332 convenientes,
1169 1280 1193 1305 ⁸
1218 1271 1604 1323 destinavimus
1628 1269 1774 1321 viros
1800 1268 1935 1323 Ger-

352 1377 571 1415 manum
601 1370 653 1415 et
678 1361 937 1415 Joannem
966 1362 1266 1427 epi~copus,
1297 1370 1351 1413 et
1378 1358 1632 1412 Blandum
1665 1357 1939 1428 presbyte-

353 1471 505 1518 rum,
553 1470 652 1507 uec
700 1469 802 1506 non
849 1463 903 1507 et
945 1452 1173 1507 Felicem
1221 1451 1538 1515 diaconum,
1570 1466 1665 1519 per
1694 1466 1827 1519 quos
1856 1451 1933 1514 si,

355 1544 805 1613 quemadmodum
828 1542 1224 1613 praesumimus,
1248 1542 1553 1597 serenitatis
1576 1554 1766 1595 veStrae
1790 1539 1940 1595 favor

356 1636 621 1699 arriserit,
653 1641 946 1691 secundum
975 1650 1092 1702 quae
1120 1634 1366 1688 mandata
1398 1643 1543 1695 sunt,
1579 1633 1937 1687 Ecclesiarum

357 1725 683 1779 adunatione
726 1724 1088 1794 generalitatis
1136 1724 1305 1793 possit
1350 1733 1473 1777 vota
1522 1722 1720 1777 firmari
1765 1724 1940 1791 (anno

361 1816 570 1871 Domini
601 1814 747 1885 519).

850 1906 1179 1962 EPISTULA
1223 1907 1261 1959 Χ
1274 1906 1312 1959 Χ
1326 1906 1453 1959 XIII.

738 1996 767 2035 δ
805 2014 871 2051 an
910 2014 1213 2052 surttsutsu
1254 2014 1545 2053 sucusuu.

426 2089 709 2160 Augustum
729 2089 797 2141 ad
826 2105 996 2158 pacem
1028 2087 1269 2211 Ecctl’esitc
1297 2089 1660 2142 restituendam
1688 2088 1877 2140 cohor-

1032 2169 1117 2211 tan
1160 2174 1263 2211 um.

1032 2169 1263 2212 tandum.

442 2248 719 2303 Hormisda
750 2248 1060 2321 Eupltcmite
1089 2250 1361 2316 Augustae.

439 2340 801 2394 Ecclesiarum
848 2356 946 2409 pax
978 2341 1083 2406 jam
1114 2341 1318 2395 ctrlesti
1360 2339 1697 2393 ordinatione
1725 2353 1942 2405 compo-

361 2431 531 2498 nitur,
560 2446 681 2484 cum
708 2445 803 2484 vos
837 2431 902 2483 ad
937 2431 1216 2500 imperium
1246 2432 1381 2484 Deus
1408 2430 1598 2499 elegit,
1628 2429 1767 2499 apud
1807 2445 1941 2498 quos

361 2536 483 2577 esse
525 2523 788 2591 integrum
835 2537 1048 2591 semper
1089 2524 1361 2592 re'igiouis
1398 2539 1505 2577 sum
1536 2523 1782 2590 cognovit
1818 2521 1943 2576 παρα

361 2624 532 2668 ctum.
565 2613 696 2667 Nam
740 2614 875 2667 sicut
903 2615 954 2667 in
988 2615 1190 2681 privata
1219 2616 1324 2668 vita
1364 2615 1525 2668 Deum
1556 2629 1768 2682 semper
1792 2624 1943 2677 recto

362 2704 616 2772 dogmate
643 2706 911 2769 coluiStis,
946 2716 1001 2758 ttt
1031 2706 1097 2760 de
1128 2706 1401 2775 religionis
1432 2706 1712 2761 concordia
1745 2708 1936 2773 cogita-

365 2796 530 2863 retis,
564 2806 619 2849 et
648 2797 811 2850 multa
846 2798 1061 2865 quidem
1088 2798 1227 2851 inter
1254 2798 1363 2866 ipsa
1403 2798 1609 2866 imperii
1650 2800 1809 2851 vestri
1837 2799 1945 2866 pri-

366 2885 577 2939 mordia
603 2885 736 2939 facta
767 2898 911 2951 sunt,
941 2902 1060 2955 qum
1082 2902 1230 2953 spem
1264 2888 1418 2940 nobis
1437 2888 1782 2942 correctionis
1810 2890 1944 2941 inte-

364 2991 476 3045 εγω
507 2976 845 3043 pollicentur.
877 2976 1027 3031 Unde
1052 2978 1171 3046 quia
1216 2978 1268 3030 in
1298 2978 1450 3031 vobis
1475 2993 1708 3033 amorem
1740 2978 1943 3032 fervere

366 3066 491 3121 fidei
533 3067 883 3136 gratulamur,
916 3078 1137 3136 agentes
1166 3068 1274 3122 Deo
1320 3070 1549 3136 gratias,
1582 3069 1819 3133 quotidie
1849 3084 1944 3137 pro

372 3158 523 3211 vobis
553 3158 710 3212 beato
739 3158 897 3211 Petro
926 3159 1167 3226 apostolo
1202 3160 1579 3226 supplicamus,
1612 3170 1667 3211 ut
1694 3161 1828 3211 votis
1856 3175 1946 3213 ve-

2037 631 2216 691 fessio,
2244 630 2327 683 cui
2356 632 2503 685 deest
2530 632 2647 685 fidei
2678 632 2967 700 plenitudo.
3000 634 3110 686 Iloc
3137 635 3279 688 enim
3307 636 3447 704 quod
3474 651 3503 688 a
3530 651 3616 689 re-

2037 724 2192 790 liquis
2236 725 2346 777 fieri
2393 726 2760 792 poposcimus,
2806 741 2833 778 a
2872 726 3052 778 multis
3092 726 3201 794 jam
3248 726 3616 781 sacerdotibus

2036 823 2243 869 constat
2266 815 2510 869 effectum
2538 832 2551 867 :
2576 826 2629 870 et
2654 818 2827 868 unitas
2855 832 2972 871 csse
2996 817 3134 883 justa
3164 816 3217 869 in
3242 819 3614 871 communione

2038 924 2142 960 non
2178 909 2402 969 poti-rit,
2433 908 2475 961 si
2508 924 2611 960 non
2637 908 2794 961 fuerit
2814 908 2863 960 in
2888 908 3195 963 reversione
3218 917 3425 962 servata
3451 908 3615 979 (anno

2039 996 2251 1050 Domini
2280 998 2431 1066 5I9).

2525 1089 2856 1144 EPISTULA
2900 1087 3136 1145 XXXIV.

2138 1197 2202 1233 AD
2240 1196 2474 1234 JiMNNEﬂ
2512 1195 3168 1235 CONS‘I‘ANTINOPOLITANUI!
3209 1194 3512 1234 ειηεοοιιυκ.

2040 1271 2278 1323 Acacium
2313 1270 2663 1323 damnandum
2684 1314 2697 1337 ,
2736 1280 2785 1323 et
2821 1272 2874 1323 in
2912 1269 3192 1339 legatorum
3228 1270 3455 1324 manibus
3495 1270 3628 1337 ﬁlicis

2457 1342 2820 1409 professionem
2852 1340 3197 1394 mittendam.

2113 1430 2387 1483 llorntisda
2415 1430 2605 1485 Juanni
2628 1430 2881 1499 episcopo
2909 1429 3519 1497 Constantinopolitano.

2113 1521 2462 1576 Reddidimus
2484 1522 2698 1591 quidem
2719 1562 2734 1585 ,
2766 1522 2951 1585 frater,
2979 1537 3268 1590 congruum
3298 1512 3487 1575 litteris
3512 1521 3637 1574 tuis.

2042 1613 2142 1666 sub
2171 1612 2533 1667 ecclesiastica
2562 1613 2803 1666 libertate
2835 1627 3182 1681 responsum;
3223 1621 3279 1667 et
3302 1611 3427 1681 quid
3454 1611 3506 1664 in
3535 1612 3644 1665 bis.

2041 1703 2396 1772 congratulati
2452 1702 2705 1757 fuerimus
2758 1705 3045 1767 insertum,
3107 1703 3196 1772 qui
3260 1702 3618 1756 taciturnitate

2043 1798 2401 1865 prtetcritum,
2431 1798 2707 1852 evidenter
2736 1798 3119 1864 expressimus.
3149 1798 3225 1851 Ac
3270 1795 3392 1851 licet
3426 1804 3617 1849 cuncta

1972 1898 2016 1956 Β
2043 1891 2287 1945 sensibus
2319 1892 2421 1944 tuis
2451 1904 2589 1944 nunc
2621 1890 2811 1943 crebra
2850 1888 3079 1956 legatio,
3122 1902 3261 1941 nunc
3289 1901 3385 1939 usu
3416 1886 3469 1939 in
3512 1884 3615 1938 Er.-

2042 1982 2205 2038 clesia
2224 1984 2486 2036 diuturnae
2507 1979 2925 2035 conversationis
2947 1986 3050 2033 tua:
3070 1986 3305 2032 vetustas
3328 1975 3583 2030 infuderit
3599 2017 3614 2037 .

2038 2073 2189 2141 ,ξω-ει
2230 2082 2403 2125 tamen
2452 2070 2627 2125 adhuc
2665 2071 2821 2124 latius
2852 2069 3062 2139 aperire
3107 2077 3348 2122 nostrum
3398 2066 3618 2135 repetita

2044 2166 2247 2218 ratione
2276 2164 2557 2218 consilium
2589 2180 2602 2215 :
2634 2164 2757 2232 quia
2790 2172 2914 2216 tunc
2939 2162 3075 2215 bene
3119 2160 3186 2214 de
3215 2158 3336 2214 fidei
3369 2157 3633 2213 firmitate.

2044 2255 2345 2314 disseritur.
2402 2252 2613 2323 quando
2665 2252 2995 2321 simplicibus
3048 2250 3227 2305 verbis
3275 2247 3618 2303 concilianda:

2045 2346 2193 2415 pacis
2219 2343 2482 2412 cupiditas
2508 2344 2825 2412 explicatur.
2851 2342 3123 2399 Desideria
3148 2342 3342 2410 quippe
3366 2348 3475 2405 tua,
3496 2339 3631 2409 qui~

2046 2438 2146 2492 bus
2178 2450 2227 2492 te
2268 2437 2333 2491 ad
2372 2437 2789 2493 ecclesiasdcam
2841 2436 3052 2490 testaris
3101 2435 3353 2489 festinare
3394 2447 3618 2487 concor-

2046 2528 2210 2595 diam,
2237 2538 2292 2580 ut
2313 2526 2568 2581 baberent
2594 2536 2770 2594 partes
2798 2526 2901 2579 illa:
2924 2540 3137 2596 semper
3163 2526 3489 2591 optavimus;
3522 2537 3621 2578 nec

2046 2619 2155 2671 sola
2187 2627 2429 2672 votorum
2458 2617 2750 2671 ambitione
2779 2617 3038 2681 contenti,
3070 2617 3151 2670 usi
3180 2616 3340 2670 etiam
3374 2613 3620 2683 precibus

2046 2722 2251 2762 sumus.
2274 2708 2463 2762 Vestro
2485 2716 2609 2761 sunt
2632 2708 2746 2761 btec
2766 2717 2819 2761 et
2840 2707 3018 2761 mundi
3048 2704 3351 2761 testimonio
3376 2706 3619 2760 roborata

2046 2814 2166 2863 qua:
2194 2798 2498 2867 loquimur:
2531 2798 2653 2866 quia
2694 2806 2748 2849 ut
2790 2797 3071 2849 catholica:
3104 2796 3319 2850 unitatis
3358 2796 3620 2862 reparatio

2048 2890 2167 2952 fiat,
2212 2891 2579 2943 auctoritatem
2610 2899 2843 2942 nostram
2886 2888 3193 2955 integritate
3240 2888 3619 2940 submittimus.

2049 2977 2270 3032 lnclinet
2296 2980 2624 3033 orationibus
2653 2978 2851 3031 nostris
2894 2992 3076 3031 aurem
3117 2992 3264 3030 suam
3304 2977 3480 3029 divina
3523 2976 3621 3029 mi.

2048 3070 2269 3134 seratio,
2302 3070 2515 3136 utquod
2542 3067 2762 3121 creditis
2792 3067 3181 3135 postulandum,
3218 3065 3537 3134 sequamini,
3567 3075 3621 3119 et

2047 3157 2236 3211 ametis
2269 3157 2530 3211 oblatum.
2576 3157 2737 3210 Nobis
2788 3172 2890 3210 una
2931 3170 3103 3210 cause
3133 3156 3464 3219 sollicitudo,
3518 3170 3619 3209 una

364 3248 497 3301 stris
540 3247 680 3316 apud
732 3248 1010 3300 Dominum
1057 3247 1395 3314 suffragetur,
1440 3259 1495 3301 et
1534 3262 1749 3301 cursum
1793 3248 1944 3301 bona:
1972 3257 2017 3318 C
2047 3250 2285 3305 custodia
2312 3262 2422 3315 est,
2451 3252 2520 3304 ita
2553 3265 2733 3319 pacem
2766 3263 2959 3317 eupere
2979 3290 2999 3312 ι
3026 3248 3181 3302 utsic
3208 3247 3478 3317 religionis
3499 3288 3513 3310 ,
3542 3246 3619 3300 sic

366 3339 655 3392 voluntatis
701 3339 1006 3407 adimpleat.
1056 3338 1161 3392 Nec
1207 3337 1424 3391 dubium
1466 3348 1549 3391 est
1599 3337 1793 3391 divinis
1852 3352 1942 3391 vos

362 3430 577 3483 auxiliis
605 3429 864 3497 adjuvari,
891 3430 1011 3497 quia
1040 3439 1189 3483 tanto
1216 3429 1490 3497 religionis
1518 3410 1701 3483 studio‘
1722 3428 1941 3482 manda-

362 3522 437 3573 tis
467 3519 775 3573 cmlestibus
801 3520 1049 3573 obeititis.
1082 3520 1215 3572 llinc
1243 3528 1326 3574 cst
1355 3519 1496 3589 quod
1533 3520 1657 3589 quia
1701 3528 1939 3573 sancttnn

361 3611 598 3679 cenjngii
632 3611 797 3665 vestri
822 3619 1028 3663 constat
1055 3625 1173 3664 esse
1205 3612 1531 3678 propositum
1554 3651 1567 3671 ,
1599 3610 1694 3663 bas
1718 3610 1941 3664 ﬁducia-

364 3702 488 3755 Iiter
512 3703 577 3755 ad
612 3713 844 3755 vestram
884 3700 1221 3755 clementiam
1253 3701 1457 3755 litteras
1499 3701 1856 3764 destinamus,
1886 3710 1944 3753 ut

366 3808 463 3858 per
484 3806 583 3845 vos
605 3792 671 3844 ad
697 3791 1073 3859 perficiendam
1100 3790 1353 3844 Ecclesia:
1374 3805 1557 3859 pacem
1585 3791 1760 3844 mariti
1783 3791 1941 3844 vestri

363 3885 536 3952 pietas
564 3884 789 3950 amplius
832 3883 1101 3937 incitetur.
1148 3883 1391 3951 Magnum
1439 3896 1571 3950 opus
1614 3882 1939 3949 arripuistis,

362 3992 553 4045 magna
588 3976 740 4029 vobis
768 3990 927 4029 causa
958 3976 1243 4029 commissa
1273 3986 1375 4030 est.
1411 3976 1509 4029 Per
1536 3992 1631 4029 Vos
1660 3976 1819 4029 etiam
1848 3990 1943 4044 po-

363 4069 517 4133 pulos
550 4066 795 4120 Christus
842 4068 952 4120 vult
992 4066 1057 4120 ad
1107 4067 1361 4121 Ecclesiae
1405 4066 1606 4122 fmdeva
1655 4081 1937 4133 revocare,

362 4173 497 4228 quos
542 4174 636 4227 per
667 4174 726 4212 se
761 4159 930 4212 voluit
959 4174 985 4209 a
1018 4168 1191 4211 morte
1223 4158 1511 4214 redimere.
1552 4159 1736 4228 Magna
1782 4161 1939 4213 etiam

362 4260 546 4304 vestro
570 4250 722 4317 sexui
745 4262 922 4318 parata
946 4259 1031 4304 est
1054 4250 1221 4305 laudis
1242 4252 1475 4318 occasio,
1503 4252 1546 4305 si
1571 4253 1719 4306 vobis
1740 4253 1943 4306 instan-

364 4342 503 4395 tibus
534 4343 782 4396 Ecclesize
809 4358 919 4395 sua“:
938 4341 1183 4397 Christus
1210 4357 1328 4411 qua:
1350 4343 1516 4397 divisa
1546 4344 1753 4397 fuerant
1778 4360 1943 4397 mem-

367 4431 459 4484 bra
488 4434 801 4499 conjungat.
848 4432 954 4487 Nec
991 4433 1106 4501 ejus
1138 4434 1309 4501 major
1347 4442 1428 4488 est
1469 4434 1634 4503 gloria
1658 4476 1671 4498 ,
1704 4450 1819 4503 quae
1848 4435 1943 4488 litt-

363 4536 538 4574 manu:
579 4522 766 4575 salutis
796 4522 991 4591 lignum
1019 4534 1251 4578 scrutata
1293 4535 1412 4591 est,
1457 4537 1508 4579 et
1539 4526 1703 4579 solam
1732 4542 1941 4581 crucem

362 4629 520 4679 quam
548 4614 722 4667 omnis
754 4622 1037 4668 veneratur
1060 4615 1289 4668 mundus
1316 4615 1581 4669 invenit‘.
1613 4617 1942 4684 Superabitis

362 4704 605 4772 quinimo
632 4704 771 4758 illius
797 4707 1006 4771 merita,
1038 4707 1160 4775 quia
1194 4707 1451 4761 Ecclesite
1476 4709 1652 4763 unitas
1678 4725 1771 4777 per
1800 4710 1939 4763 illam

362 4813 518 4851 suum
543 4798 744 4852 invenit
765 4800 997 4866 signum,
1024 4814 1119 4867 per
1140 4814 1240 4853 vos
1260 4810 1340 4853 est
1360 4800 1601 4854 habitura
1626 4803 1939 4855 remedium.

365 4892 499 4958 Agat
527 4890 687 4958 igitur
709 4890 906 4959 jugalis
941 4892 1103 4945 vestri
1132 4892 1374 4961 religiosa
1403 4892 1687 4946 clementia
1707 4932 1720 4955 ,
1751 4902 1805 4945 ιιι
1840 4895 1939 4946 fra-

366 4994 472 5035 tres
501 4991 554 5035 et
582 4982 882 5050 coepiscopi
928 4985 1095 5037 nostri
1126 4985 1225 5037 sub
1250 4999 1315 5037 eo
1346 4984 1506 5038 libelli
1542 4994 1754 5048 tenore,
1784 5001 1938 5053 quiem

362 5074 560 5126 dudum
610 5074 881 5140 misimus,
934 5075 1097 5129 Iidem
1135 5092 1285 5130 suam
1333 5075 1619 5145 dignentur
1658 5089 1932 5139 asserere;

362 5174 624 5231 quatenus
655 5165 884 5231 perfecta
926 5167 1092 5234 pos~it
1117 5182 1239 5243 esse
1264 5182 1381 5237 quae
1409 5177 1491 5221 est
1533 5167 1775 5221 inchoata
1820 5183 1938 5220 cor-

432 5310 457 5335 ι
492 5301 603 5353 lloc
636 5304 753 5354 loco
792 5300 1126 5354 desideratur
1171 5316 1364 5354 nomen
1409 5301 1646 5354 Dioscuri
1697 5302 1729 5352 d
1754 5300 1938 5364 aconi,

362 5370 502 5435 quod
550 5371 602 5423 in
644 5372 882 5436 cpistoli~
914 5372 1258 5438 sequentibus
1299 5385 1607 5435 expressum
1648 5371 1940 5435 invenitur,

366 5442 485 5493 licet
514 5456 617 5492 non
649 5441 748 5493 hoc
775 5440 980 5494 ordine.
1011 5440 1140 5491 Nam
1188 5444 1239 5492 itt
1267 5441 1395 5507 ipsis
1424 5450 1540 5507 post
1576 5442 1782 5493 nomina
1825 5441 1940 5508 epi-

364 5524 646 5578 scoporum
672 5512 965 5577 legatorum
990 5525 1112 5562 mox
1144 5512 1399 5575 nominati
1424 5512 1763 5576 reperiuntur
1783 5511 1941 5561 ambo

366 5581 521 5647 legati
554 5581 761 5633 diucmti
806 5590 859 5631 et
900 5582 1189 5633 novissime
1222 5580 1452 5633 Blandus
1496 5582 1793 5647 presbyter.
1839 5579 1940 5632 Sed

366 5651 523 5717 hujus
554 5652 795 5717 epistola:
836 5650 1149 5702 auctoritate
1189 5650 1289 5703 dici
1330 5662 1502 5717 potest
1558 5666 1739 5701 errore
1786 5649 1942 5701 libra-

364 5722 564 5775 riorum
613 5721 869 5773 aet-tdisse
916 5718 1053 5787 quod
1098 5720 1167 5772 ibi
1215 5720 1381 5773 series
1444 5721 1714 5772 nominum
1758 5720 1823 5771 sit
1863 5720 1941 5768 in-

366 5806 542 5855 versa,
570 5801 620 5845 et
643 5790 852 5844 diaconi
874 5798 995 5845 ante
1014 5791 1382 5859 presbyterum
1409 5791 1561 5858 positi
1586 5788 1936 5855 reperiantur.

804 5880 807 5881 '
1509 5860 1631 5913 Sev.
1670 5860 1862 5909 limus.

2048 3342 2429 3395 vinerabilium
2471 3342 2687 3395 Patrum
2715 3342 2999 3394 constituta
3027 3349 3304 3394 serventur
3327 3355 3341 3392 :
3370 3338 3617 3408 quoniam

2044 3450 2163 3503 quae
2205 3434 2346 3489 inter
2387 3449 2446 3488 se
2489 3448 2723 3488 consona
2772 3432 3088 3487 credulitate
3134 3447 3238 3485 nou
3285 3431 3616 3499 discrepant,

2045 3540 2253 3591 mquum
2284 3534 2366 3579 est
2392 3534 2447 3579 ut
2472 3523 2629 3580 simili
2661 3522 3034 3577 observatione
3059 3523 3368 3576 subsistant.
3397 3521 3499 3576 Sed
3525 3536 3620 3575 cur

2044 3615 2244 3670 diutius
2292 3614 2676 3668 immoramurl
2722 3615 2835 3669 Scis
2882 3616 2996 3682 ipse
3044 3613 3258 3668 unitatis
3299 3628 3455 3667 causa
3495 3613 3639 3682 quid‘

2045 3711 2222 3777 exigat
2249 3752 2263 3775 ,
2297 3710 2402 3763 scis
2432 3710 2545 3777 ipse
2572 3723 2675 3777 qua
2718 3710 2797 3762 via
2830 3708 2894 3762 ad
2929 3707 3067 3763 beati
3099 3708 3239 3763 Petri
3270 3708 3495 3777 apostoli
3523 3708 3619 3762 de-

2045 3799 2170 3853 beas
2198 3801 2381 3854 venire
2426 3800 2775 3853 consortium.
2812 3799 2984 3855 [labes
3032 3799 3235 3854 itineris
3275 3801 3348 3854 tui
3397 3801 3643 3866 ducem,-

2044 3904 2200 3959 quem
2235 3901 2286 3944 te
2308 3892 2416 3958 jam
2444 3890 2593 3958 sequi
2619 3892 2846 3957 asseris,
2888 3890 3225 3946 Chalcedone
3263 3891 3495 3945 habitum
3528 3908 3651 3960 pro-

2045 3982 2298 4052 religionc
2346 3993 2685 4038 conventum.
2738 3983 2852 4038 Jam
2907 3994 2959 4039 te
3003 4000 3243 4054 quoque,
3292 3986 3429 4055 quod
3476 3985 3641 4041 idem.

2045 4075 2293 4144 amplecti
2323 4085 2549 4129 tesmtus
2577 4091 2657 4144 es,
2692 4074 2829 4129 beati
2865 4075 3058 4130 Leonis
3087 4078 3398 4131 redeuntem
3428 4076 3646 4147 dogma.

2043 4167 2405 4222 comitabitur.
2432 4167 2557 4221 Ilmc
2586 4169 2630 4222 si
2659 4171 2889 4236 placent,
2922 4169 3101 4222 Acacii
3124 4169 3365 4224 defensio
3385 4170 3647 4224 damnati-

2047 4274 2151 4311 nou
2183 4259 2389 4326 placeat
2416 4276 2430 4315 :
2465 4259 2564 4311 hoc
2596 4269 2677 4312 est
2705 4261 2845 4327 quod
2893 4260 3017 4313 boni
3045 4262 3210 4314 studii
3240 4278 3266 4313 a
3296 4260 3651 4330 perfectione.

2046 4361 2167 4403 vota
2198 4350 2497 4418 suspendit.
2540 4350 2596 4403 Si
2646 4361 2769 4405 sunt
2802 4352 2943 4404 enim
2995 4352 3084 4405 illa
3124 4352 3403 4406 adversum
3444 4352 3538 4407 Dei
3568 4362 3645 4406 et.

2048 4442 2180 4511 legis
2209 4442 2325 4509 ejus
2373 4442 2617 4495 inimicos
2659 4441 3038 4496 venerabilium
3085 4442 3297 4495 Patrum
3329 4457 3621 4510 congrega-

2052 4534 2195 4588 tione
2224 4532 2482 4600 disposita
2503 4572 2519 4596 ,
2551 4542 2607 4585 ut
2637 4531 2876 4601 qui~quis
2904 4546 2998 4585 eos
3037 4531 3088 4584 iu
3132 4514 3504 4584 communione
3539 4545 3622 4584 se-

2048 4632 2321 4693 queretur,
2348 4622 2456 4690 jam
2488 4630 2613 4675 tunc
2643 4622 2802 4675 latam
2832 4621 3034 4675 subiret
3074 4620 3125 4675 in
3159 4634 3252 4673 sua
3279 4618 3621 4673 damnatione

2048 4712 2399 4776 sententiam;
2453 4728 2557 4766 non
2604 4719 2728 4766 sunt
2772 4711 2932 4781 igitur
2972 4726 3106 4764 nova
3154 4724 3273 4777 qua:
3316 4716 3622 4761 constanter

2048 4802 2406 4869 exsequimur,
2442 4802 2535 4856 sed
2569 4802 2903 4871 temporibus
2949 4802 3055 4855 illis
3100 4800 3235 4853 facta
3264 4798 3455 4867 judicia
3480 4798 3620 4867 justa

2052 4894 2264 4946 Patrum
2310 4892 2691 4946 constitutione
2732 4904 3027 4944 servamus.
3074 4890 3360 4943 Hortamur
3406 4888 3616 4957 itaque,

2052 4987 2234 5049 frater,
2262 4993 2317 5038 et
2343 4993 2574 5038 mentem
2604 4992 2744 5037 tuam
2773 4982 2864 5036 Dei
2891 4983 3055 5036 ποειτὶ
3088 4979 3448 5035 misericordia
3474 4980 3595 5047 adjtt

2045 5084 2199 5129 vaute
2228 5075 2501 5143 pulsamus
2521 5116 2534 5139 ,
2584 5085 2639 5127 ut
2667 5074 2732 5125 ab
2759 5072 2905 5126 omni
2937 5083 2987 5126 Ie
3029 5072 3397 5127 haereticorum
3427 5081 3602 5125 conta-

2046 5168 2229 5236 gione,
2267 5166 2516 5219 Acacium
2556 5180 2674 5219 cum
2703 5163 3019 5231 sequacibus
3046 5162 3157 5217 suis
3187 5161 3615 5223 condemnando,

2116 5302 2144 5339 ὶ»
2180 5301 2498 5368 ΙίιιρΙιεπιὶπ,
2530 5298 2719 5368 coniux
2750 5298 2941 5352 .lusdni
2971 5299 3304 5366 imperatoris
3328 5342 3342 5363 ,
3389 5300 3610 5366 insignis

2050 5372 2243 5437 pietate
2264 5367 2481 5434 l'emina,
2506 5377 2657 5420 antea
2685 5367 2936 5437 Lupicina
2960 5370 3229 5423 nominata
3257 5372 3367 5422 fuit.
3393 5369 3615 5434 Quando

2052 5456 2176 5494 vero
2213 5440 2453 5492 Justinus
2497 5438 2782 5504 imperator
2810 5439 2977 5491 factus
3007 5448 3120 5500 est,
3151 5438 3361 5491 nomine
3404 5437 3613 5501 Euphe-

2048 5511 2164 5562 mite
2209 5510 2427 5561 illustris
2471 5508 2749 5576 martyris,
2798 5510 2847 5561 in
2894 5509 3048 5576 cujus
3078 5509 3290 5561 basilica
3326 5506 3609 5559 Chalcedo-

2047 5594 2209 5633 nense
2236 5578 2514 5631 concilium
2556 5577 2879 5631 celebratum
2928 5579 3130 5637 fuerat,
3160 5576 3435 5642 conjugctn
3463 5590 3612 5627 suam

2046 5651 2255 5718 pietatis
2299 5662 2426 5715 ergo
2458 5646 2721 5718 appellari
2766 5648 2963 5718 voluit,
3012 5655 3290 5718 antequam
3330 5645 3471 5718 illam
3506 5646 3603 5718 A_u-

2042 5713 2208 5785 gusta:
2258 5713 2408 5769 titulo
2438 5713 2733 5771 decoraret.
2765 5716 2999 5768 Zonaras
3029 5722 3081 5765 ct
3124 5713 3394 5767 Cedrcuus
3425 5714 3475 5766 in
3521 5714 3615 5768 ,Ιιιο

2044 5790 2202 5843 stitio.
2235 5786 2364 5841 Ssv.
2398 5787 2597 5841 limus.

2117 5863 2132 5879 ‘
2155 5857 2372 5917 Helena.
2394 5853 2724 5911 Constantini
2747 5862 2935 5909 mater.
2955 5852 3051 5905 Clit
3065 5852 3147 5907 isti
3167 5867 3376 5907 crucem
3396 5854 3618 5908 invenit.
