4262 6264
608 389 715 447 4δᾶ

1946 404 2315 462 IIOIHIISD/F.
2361 407 2559 463 PAI’JE

3776 418 3873 471 MO

608 506 949 577 disjungens,
983 526 1085 565 una
1116 515 1394 566 nobiscum
1427 514 1678 568 dominici
1711 517 1949 584 corporis
1977 519 2185 585 partiei~
2223 525 2452 587 Aquam
2484 521 2784 576 sollicitudo
2826 536 3007 579 nostra
3052 528 3371 590 cessaverit,
3415 538 3518 581 tant
3550 533 3879 591 serenissimi

608 596 824 661 patioue
854 602 1109 665 pascaris.
1132 601 1185 655 Si
1212 602 1487 655 nobiscum
1518 604 1761 658 universa
1794 608 2071 673 praedicas,
2095 626 2190 663 cur

611 690 883 744 nobiscum
917 706 1019 745 noo
1069 695 1310 747 universa
1342 695 1707 750 condemnas?
1737 699 1884 753 Tunc
1922 700 2065 754 enim
2095 717 2190 756 no-

610 779 814 834 biscum
865 798 983 849 qna:
1030 799 1348 839 veneramur
1396 788 1770 855 amplecteris.
1821 791 1866 844 si
1914 791 2188 846 nobiscum

608 887 727 938 qum
756 873 1088 928 detestamur
1133 876 1425 934 horrueris.
1479 881 1583 935 Pax
1629 882 1831 949 integra
1881 884 2051 938 nescit
2092 885 2191 938 ali-

608 976 769 1025 quam
802 958 998 1018 habere
1019 966 1356 1032 distantiam,
1401 981 1453 1024 et
1479 971 1635 1026 unius
1670 974 1756 1027 Dei
1788 989 1909 1027 vera
1936 990 2057 1028 esse
2087 990 2190 1026 non

610 1058 785 1118 potest
812 1055 912 1109 nisi
959 1058 1011 1110 iu
1057 1060 1413 1117 confessionis
1444 1065 1645 1119 unitate
1685 1066 1913 1120 cultura.
1952 1067 2189 1135 Quapro-

611 1148 729 1205 pter
758 1145 1052 1201 salutantes
1084 1158 1135 1203 te
1164 1149 1412 1206 fraterna:
1448 1154 1685 1208 caritatis
1721 1155 1945 1221 affectu,
1980 1156 2191 1224 petitio-

609 1247 731 1287 nem
758 1244 923 1302 tuam,
955 1241 1156 1306 missis,
1188 1243 1327 1299 sicut
1348 1248 1597 1312 sperasti,
1626 1248 2043 1315 religiosissimis
2065 1250 2193 1302 viris

612 1324 880 1381 Germano
926 1345 987 1383 ac
1033 1332 1241 1389 Joanne
1292 1337 1588 1407 episcopis,
1633 1349 1658 1376 ιι
1708 1340 1887 1395 Felice
1934 1341 2191 1404 diacono,

615 1414 870 1475 Dioscoro
906 1422 1158 1491 diacono,
1192 1436 1352 1496 atque
1384 1429 1583 1484 Blando
1616 1430 1948 1502 presbytero,
1992 1434 2193 1501 signiti-

612 1524 796 1567 camus
826 1529 944 1567 esse
970 1520 1314 1587 completam.
1346 1521 1408 1574 Ili
1440 1537 1566 1577 vero
1597 1525 1788 1592 quibus
1816 1524 2012 1579 fuerint
2043 1543 2162 1579 man
2182 1557 2196 1566 -

613 1600 749 1656 datis
781 1603 1019 1661 instructi
1069 1622 1192 1663 ante
1234 1611 1583 1680 allegationcs
1628 1630 1842 1677 eorum,
1892 1617 1935 1670 si
1965 1619 2198 1685 cogites,

613 1692 886 1747 evidenter
914 1711 1191 1765 agnosces.
1223 1700 1284 1753 lli
1318 1717 1396 1769 pat
1416 1719 1498 1756 em
1532 1712 1672 1757 tuam
1704 1705 1801 1759 sttb
1829 1721 1887 1760 ea
1913 1722 2016 1776 qua
2056 1723 2197 1775 s:epe

614 1788 926 1854 scripsimus
961 1792 1294 1858 professione
1323 1797 1634 1864 snscipient.
1665 1798 1830 1867 Imple
1855 1813 2001 1868 ergo,
2036 1801 2198 1855 frater

614 1878 924 1945 carissime,
957 1883 1204 1950 gaudium
1253 1895 1529 1951 nostrum,
1561 1904 1592 1941 e
1662 1898 1808 1943 tuum
1853 1891 1918 1943 ad
1964 1907 2061 1945 nos
2107 1908 2199 1959 per
2234 1895 2276 1952 Β

616 1983 711 2021 eos
740 1982 901 2023 recue
948 1973 1068 2027 fidei
1118 1983 1221 2028 ture
1270 1977 1484 2031 remitte
1527 1980 1882 2047 pra~conium,
1926 1991 1984 2036 ut
2026 1999 2117 2051 per
2149 1997 2198 2037 te

617 2059 887 2117 universis
914 2064 1067 2118 detur
1090 2068 1395 2134 exemplum
1433 2064 1596 2137 (anno
1630 2072 1840 2127 Domini
1868 2073 2015 2141 5l9).

1113 2158 1439 2214 EPISTULA
1477 2161 1565 2213 XX
1580 2161 1688 2215 XV.

1236 2267 1300 2302 an
1345 2241 1575 2305 neuneu.

616 2334 742 2411 Cum
760 2340 873 2411 jant
913 2341 1062 2411 [idem
1090 2342 1389 2394 catholicam
1424 2344 1745 2410 proﬁteatur,
1778 2347 1853 2398 illi
1881 2348 2197 2411 po'issiumm

683 2409 747 2527 ge
774 2409 1073 2491 stabilienda
1105 2428 1226 2480 pace
1247 2409 1593 2483 cogitandum,
1624 2432 1715 2485 pro
1744 2434 1844 2485 qua
1871 2409 1976 2487 ipse
2002 2420 2196 2487 legatos

724 2489 971 2527 csttnaml.

724 2489 972 2533 csttuavit.

687 2566 968 2624 I‘Iormisda
998 2572 1191 2627 Joanui
1216 2575 1471 2643 episc0po
1497 2576 2113 2649 Constantinopolitano.

686 2660 759 2712 Ea
786 2676 903 2729 quae
946 2665 1141 2718 caritas
1190 2675 1274 2719 tua
1321 2666 1597 2724 destinatis
1640 2670 1831 2725 litteris
1880 2671 2197 2741 significavit

611 2752 925 2814 agnovimus
945 2794 958 2817 ,
996 2765 1047 2808 et
1093 2758 1420 2824 gratulamur
1449 2760 1513 2814 ad
1544 2763 1927 2819 conscientiam
1959 2773 2194 2819 nostram

611 2840 735 2895 ﬁdei
769 2850 873 2897 ture
905 2844 1099 2899 iudiiia
1140 2850 1450 2913 pervenisse
1479 2871 1492 2904 :
1522 2862 1767 2921 aptantes
1815 2865 1870 2909 ut
1914 2858 2196 2910 intentioni

610 2942 735 2999 tua),
770 2949 926 3003 quam
950 2948 1148 2991 rectam
1170 2954 1295 2994 esse
1315 2941 1578 3010 cupimus,
1613 2944 1827 3012 plenum
1852 2946 1993 2999 Deus
2014 2955 2195 3000 noster

609 3026 751 3078 circa
782 3026 1203 3082 ecclesiasticam
1239 3046 1419 3095 pacem
1458 3033 1754 3089 concedere
1794 3037 2041 3104 dignetur
2069 3037 2196 3090 elle-

609 3130 772 3185 ctnm,
803 3122 955 3185 cujus
984 3134 1133 3186 spent
1165 3122 1343 3174 animo
1388 3138 1634 3192 supernae
1668 3126 1958 3195 maiestatis
1986 3143 2195 3181 assum-

608 3208 811 3275 psimus
839 3226 853 3261 :
880 3211 1001 3276 quia
1027 3212 1401 3281 inperatoretn
1430 3217 1833 3272 serenissimum
1859 3220 1922 3274 ad
1948 3219 2048 3273 hoc
2072 3237 2191 3289 pro-

609 3300 837 3355 videntia
869 3305 1045 3358 divina
1089 3307 1387 3372 iudicamus
1419 3310 1645 3364 electum
1668 3353 1683 3376 ,
1730 3324 1785 3366 ut
1816 3329 1910 3382 per
1935 3331 2056 3368 eum
2092 3315 2190 3369 Ec-

608 3391 894 3445 clesiarum
929 3395 1307 3465 redintegratio
1341 3401 1500 3451 tantis
1534 3404 1860 3469 temporibus
1892 3404 2189 3459 desiderata

611 3486 908 3551 proveniat.
939 3488 1276 3557 Quapropter
1308 3490 1432 3543 licet
1462 3509 1576 3559 quae
1612 3510 1707 3563 pro
1734 3495 1855 3549 lich
1886 3497 2091 3551 unitate
2119 3497 2191 3550 fa-

608 3575 795 3630 cienda
825 3588 950 3631 sunt
993 3589 1094 3633 tute
1125 3583 1365 3635 caritatis
1390 3596 1479 3637 not
1505 3586 1630 3639 tiam
1666 3589 1828 3642 latere
1868 3605 1970 3643 non
2002 3594 2189 3657 possit,

610 3667 817 3732 legatos
845 3675 1018 3721 tamen
1042 3668 1355 3735 direximus,
1382 3691 1515 3737 quos
1545 3677 1681 3728 ratio
1703 3694 1877 3732 causae
1901 3684 2152 3745 poscebat
2176 3702 2187 3735 :

607 3756 800 3823 quibus
832 3757 1200 3822 hortantibus.
1247 3773 1301 3818 et
1328 3781 1446 3832 qua:
1472 3766 1581 3832 jam
1627 3769 1825 3831 pridem
1864 3786 1891 3822 a
1939 3774 2092 3826 nobis
2119 3775 2189 3828 si-

608 3850 885 3917 gnificata,
934 3866 987 3909 et
1018 3872 1137 3924 qua:
1167 3873 1335 3927 nuper
1385 3860 1570 3913 iterata
1605 3872 1759 3925 sunt.
1804 3865 1868 3917 ad
1911 3866 2185 3923 elicitum.

607 3941 836 3997 Domino
867 3956 1053 4001 nostro
1083 3960 1325 4012 auctore,
1363 3954 1693 4017 perveniant.

1098 4038 1430 4094 EPISTULA
1471 4040 1513 4094 Χ
1527 4041 1563 4093 Χ
1576 4042 1710 4097 XVI.

612 4139 679 4176 Αυ
709 4139 1135 4181 ADCHIDIACONUM
1170 4144 1236 4181 ΕΤ
1267 4144 1473 4184 ειειιωι
1504 4147 2188 4190 CUNSTANTINOPOIJTANUM.

608 4214 886 4270 Cat/colicis
936 4216 1289 4296 hirreticorunt
1345 4223 1572 4276 molestia
1626 4225 1879 4296 liberatis,
1929 4228 2081 4296 legati
2125 4229 2193 4280 ad

938 4304 1114 4356 pacem
1137 4291 1541 4357 conﬁrmandam
1567 4295 1853 4348 mittuntur.

682 4375 960 4431 llormisda
991 4378 1294 4437 Theodosio
1333 4385 1712 4439 arcltidiacono
1740 4388 2191 4461 ConSIautinopo-

606 4466 806 4531 litano,-
828 4478 881 4521 et
912 4471 1174 4525 universis
1201 4474 1480 4528 catholicis
1503 4492 1531 4527 a
1566 4476 1698 4545 pari.

676 4556 886 4610 Gratias
924 4560 1308 4616 misericordize
1337 4564 1529 4617 divina:
1560 4578 1922 4634 competenter
1960 4573 2188 4629 exsolvi-

604 4748 659 4791 et
687 4754 804 4793 nam
844 4751 1052 4810 tempus
1083 4744 1316 4798 oblatum
1350 4755 1459 4808 est.
1494 4764 1599 4817 quo
1647 4749 1782 4805 lidos
1824 4752 2017 4807 milites
2058 4771 2185 4808 suos

604 4834 863 4888 catholica
889 4851 1210 4903 recuperare
1232 4839 1400 4907 possit
1424 4839 1683 4896 Ecclesia.
1702 4844 1832 4909 Quze
1853 4847 1992 4900 enim
2017 4847 2187 4915 major

604 4920 840 4975 animum
870 4934 1061 4980 vestrae
1084 4938 1259 4996 potest
1279 4930 1521 4984 obtinere
1543 4931 1871 4999 juconditas,
1895 4952 2051 5005 quant
2077 4953 2186 4990 ma-

608 5016 781 5069 lorum
825 5031 1238 5075 commemorata
1271 5022 1549 5090 depulsio?
1580 5024 1796 5079 Gaudiis
1839 5028 2187 5094 pnesentibtts

607 5116 953 5173 compensate
996 5108 1304 5165 aflltclionis
1349 5113 1685 5167 incommoda
1714 5134 1722 5166 :
1756 5117 1875 5184 quia
1910 5116 2050 5172 Deus
2086 5136 2185 5174 no-

603 5210 737 5265 ster,
770 5200 862 5270 qui
911 5204 1147 5257 remedio
1176 5206 1305 5269 fuit,
1355 5210 1597 5261 adversis
1636 5210 1861 5277 opprimi
1906 5212 2183 5267 caritatem

605 5303 841 5347 vestram
874 5294 1080 5359 noluit,
1112 5297 1205 5349 sed
1237 5298 1468 5365 probari.
1501 5299 1631 5354 Nam
1663 5303 1706 5355 si
1759 5304 2006 5358 transacd
2051 5315 2184 5359 tent-

602 5385 750 5452 poris
779 5384 915 5438 mala
938 5399 1059 5438 cum
1090 5388 1359 5454 praesenti,
1385 5405 1504 5456 qua:
1530 5391 1705 5444 divina
1734 5409 1856 5447 csse
1886 5410 1990 5448 non
2019 5396 2187 5451 ambi-

602 5477 763 5545 gitur,
794 5478 1142 5533 retributione
1161 5481 1540 5547 compcnsctis,
1562 5486 1680 5551 quis
1701 5484 1909 5539 dubitat
1927 5490 2179 5555 ampliora

607 5584 702 5623 vos
733 5571 945 5638 praemia
976 5584 1360 5627 consecuturos
1383 5587 1539 5642 quam
1567 5590 1762 5631 nocere
1807 5580 2067 5646 potuisset
2092 5581 2183 5633 ad-

602 5662 871 5715 versitas?
902 5662 965 5716 Et
994 5663 1236 5731 quamvis
1268 5679 1364 5731 pro
1402 5673 1541 5717 statu
1576 5665 1694 5719 lidei
1732 5670 2010 5723 catholica-
2052 5687 2181 5723 nuu-

678 5783 703 5810 ⁸
734 5776 809 5849 Ex
840 5777 1062 5843 epistola
1093 5778 1361 5844 trigesima
1404 5777 1634 5831 secunda
1671 5783 2005 5845 [tl'n’t'etlctllc
2040 5792 2180 5849 patet

606 5861 675 5912 qu
700 5848 743 5899 id
793 5848 891 5898 hoc
935 5849 1049 5901 ltv'o
1094 5849 1305 5901 nomina
1339 5850 1627 5914 legatorum
1676 5848 2180 5906 diaconoruutante

2295 629 2327 681 p
2360 613 2549 679 iniipis
2591 614 2760 668 sacris
2788 614 3037 671 affatibus
3078 616 3318 682 incitati,
3370 618 3572 684 legatos
3610 620 3881 679 destinare

2294 707 2616 767 curavimus,
2650 721 2875 776 quorum
2906 708 3102 771 ollicio.
3136 710 3247 765 Deo
3273 722 3523 778 auctore,
3554 713 3606 766 in
3639 713 3722 768 Itis
3762 730 3882 780 qua:

2294 810 2437 863 smpe
2468 797 2836 851 mandavimus
2863 800 2942 852 sul
2965 801 3117 868 scqui
3147 816 3251 854 non
3275 801 3579 858 dubitamus
3605 804 3875 860 elTecttttn.

2300 888 2365 941 Et
2392 888 2512 944 ideo
2542 900 2911 958 competenter
2938 893 3176 955 ei'itcre,
3208 903 3266 946 ut
3307 894 3558 948 Ecclesia:
3598 895 3879 951 catholica:

2298 980 2398 1033 lioc
2446 981 2772 1049 prtecipuum
2813 992 3005 1036 vestra;
3055 985 3384 1041 liberationis
3430 1002 3621 1041 munus
3662 990 3880 1058 possitis

2294 1071 2510 1140 offerre,
2559 1082 2842 1142 quatenus,
2889 1076 3121 1143 repulsis
3168 1078 3416 1131 omnibus
3458 1094 3576 1146 quae
3623 1080 3878 1135 hactenus

2297 1174 2610 1225 nocuerunt,
2648 1165 2698 1217 iu
2729 1181 2829 1218 una
2870 1181 3026 1235 qnam
3066 1183 3280 1232 semper
3309 1169 3609 1236 optavimus
3639 1185 3878 1225 commu-

2298 1255 2455 1306 nione
2500 1257 2864 1321 gratulantes,
2914 1258 3023 1312 Deo
3068 1269 3252 1313 nostro
3303 1259 3487 1314 laudes
3529 1261 3728 1317 referte
3761 1258 3877 1316 sine

2294 1347 2595 1405 cessatione
2619 1350 2886 1415 possimus

2776 1442 3104 1497 EPISTULA
3144 1442 3404 1497 XXXVII.

2392 1545 2457 1583 AD
2492 1545 2833 1584 JESTINIANUM
2877 1547 3275 1589 υοιιεδτιοοιιυιι
3312 1549 3546 1589 ιῖοκιτειι
3589 1549 3785 1593 POSTEA
3868 1578 3871 1585 ν

2774 1618 2973 1655 ιυετικι
3012 1618 3395 1658 ευοεεεεοιιεδι.

2299 1692 2487 1757 Sperat
2515 1693 2624 1761 fore
2652 1703 2705 1745 ιι
2755 1695 2865 1766 ejus
2897 1710 3049 1763 opera
3075 1712 3248 1762 pacem
3287 1696 3515 1750 Era/asia
3540 1698 3874 1766 adipiscatur,

2456 1774 2502 1816 et
2533 1765 2684 1816 niissu
2712 1763 2775 1815 ab
2807 1780 2864 1817 eo
2896 1781 3104 1818 munera
3134 1782 3185 1818 sc
3213 1782 3272 1818 ac
3303 1768 3465 1824 coisse
3496 1763 3712 1821 nuntiat.

2378 1854 2652 1908 llnrntlsda
2683 1854 2982 1908 Justiniauo
3010 1856 3122 1908 viro
3150 1856 3365 1910 illustri.

2375 1945 2751 2009 Magnitudinis
2794 1957 2985 2000 vcsme
3037 1947 3239 2001 litteras
3284 1956 3480 2000 sanctas
3530 1948 3648 2002 fidei
3700 1950 3877 2012 plenas

2302 2051 2484 2090 amore
2514 2036 2864 2103 suscepimus,
2897 2037 3110 2103 quibus,
3139 2036 3204 2089 ad
3235 2038 3587 2092 exercendam
3616 2040 3751 2105 apud
3782 2056 3875 2095 vos

2303 2126 2695 2185 prtedicatioiiis
2727 2128 3036 2191 apostolica:
3067 2128 3397 2192 lirmitatem,
3430 2132 3878 2197 opportunitatem

2302 2220 2455 2273 nobis
2496 2220 2809 2289 provenisse
2854 2220 3109 2274 divinitus
3156 2221 3459 2276 nuntiastis.
3493 2223 3642 2277 Unde
3686 2224 3878 2278 indesi-

2301 2321 2492 2366 neuter
2520 2310 2747 2363 Domino
2789 2319 2973 2365 nostro
3010 2312 3218 2379 agimus
3266 2310 3493 2372 gratias.
3540 2314 3629 2381 qui
3674 2314 3737 2366 ad
3771 2324 3876 2367 tam

2302 2406 2552 2467 pra'clara
2582 2401 2812 2454 remedia
2847 2410 2901 2454 et
2929 2413 3137 2467 tempus
3177 2402 3330 2455 vob‘s
3355 2411 3409 2457 et
3433 2403 3666 2457 animum
3711 2404 3876 2459 dedit.

2301 2494 2360 2548 Et
2412 2510 2507 2545 Im"
2556 2494 2769 2561 quidem
2816 2493 3050 2558 desuper
3105 2493 3202 2546 ista
3254 2493 3565 2552 agnovimus
3610 2493 3876 2557 ordinari,

2300 2595 2580 2656 postquam
2613 2584 2659 2638 ei
2690 2583 2875 2637 detulit
2900 2582 3076 2636 divina
3107 2584 3357 2651 majestas
3381 2584 3681 2651 imperium.
3711 2584 3799 2651 qui
3822 2600 3878 2637 se

2298 2678 2362 2731 ad
2395 2676 2818 2744 componendam
2852 2675 3210 2730 Ecclesiarnm
3238 2692 3419 2741 pacem
3445 2677 3634 2732 indicat
3666 2678 3877 2737 ordina-

2301 2778 2427 2821 tum.
2464 2769 2600 2831 Ergo
2638 2775 2803 2820 restat
2832 2773 2889 2819 ut
2916 2766 3148 2819 universi
3180 2766 3415 2835 episcopi
3443 2768 3607 2834 partis
3636 2766 3876 2821 Orienta-

2300 2859 2395 2925 lis,
2424 2859 2571 2927 juxta
2604 2857 2766 2912 libelli
2810 2857 3006 2910 seriem
3028 2897 3042 2919 ,
3083 2857 3148 2911 ad
3180 2858 3528 2912 correctionis
3572 2859 3876 2924 pervenisse

2298 2964 2357 3002 se
2398 2956 2662 3002 testentur
2689 2946 2959 3001 effectum.
3010 2948 3164 3000 Patet
3189 2948 3503 3001 veneranda:
3529 2948 3610 3001 via
3654 2964 3875 3003 concor-

2297 3039 2434 3092 diaz:
2467 3048 2586 3091 nota
2620 3038 2845 3105 (notata)
2875 3047 3000 3092 sunt
3021 3047 3215 3106 optatte
3243 3038 3472 3092 remedia
3491 3039 3753 3093 sanitatis.
3781 3042 3875 3093 Sa-

2295 3131 2541 3185 cerdotes
2570 3131 2657 3199 qui
2701 3130 3019 3185 Catholicam
3065 3145 3249 3199 pacem
3289 3129 3625 3192 desiderant,
3674 3132 3875 3197 profes-

2297 3224 2502 3277 sionem
2531 3221 2847 3276 catholicam
2880 3237 2982 3273 non
3008 3230 3294 3284 recusent;
3334 3236 3437 3274 non
3469 3221 3608 3274 enim
3632 3236 3765 3289 opus
3792 3233 3876 3275 est

2240 3290 2262 3311 Δ

2297 3315 2537 3383 partibus
2563 3328 2802 3368 etrorem
2828 3312 3045 3381 corrigi,
3076 3314 3169 3366 sed
3202 3312 3455 3366 radicitus
3482 3314 3762 3382 amputari.
3796 3315 3876 3369 ln-

2296 3406 2469 3459 sistite
2501 3404 2681 3473 igitur,
2727 3405 2864 3458 sicut
2893 3404 3167 3472 coepistis,
3214 3413 3270 3455 ιιι
3300 3419 3506 3458 merces
3531 3405 3667 3471 apud
3714 3406 3877 3459 Deum

2297 3506 2507 3560 vestra,
2541 3510 2658 3563 qua:
2689 3495 2757 3549 de
2799 3496 2922 3549 boni
2961 3496 3141 3563 operis
3194 3496 3531 3551 inchoatione
3579 3497 3739 3551 habet
3782 3498 3877 3551 ini-

2297 3587 2424 3639 timn
2444 3628 2458 3649 ,
2487 3586 2553 3641 de
2585 3586 2910 3655 perfectione
2941 3596 3299 3655 consequatur
3326 3588 3597 3641 effectum.
3631 3590 3875 3644 Animum

2292 3678 2508 3745 quidem
2548 3686 2784 3733 vestrum
2832 3678 2987 3730 talem
3032 3678 3194 3732 missa
3225 3679 3289 3730 ad
3340 3694 3437 3732 nos
3465 3680 3877 3733 tcSIanturallo-

2295 3772 2440 3836 quia,
2471 3781 2522 3820 ut
2555 3769 2620 3821 ad
2656 3768 3038 3835 plenitudinem
3071 3768 3195 3822 boni
3228 3767 3481 3837 propositi
3512 3784 3615 3822 non
3651 3770 3875 3823 multum

2295 3861 2576 3929 indigeatis
2624 3861 2832 3914 hortatu
2869 3877 2882 3914 :
2916 3861 3079 3914 nostri
3129 3868 3304 3915 tamen
3346 3861 3591 3915 desiderii
3649 3877 3709 3916 ea
3758 3880 3874 3930 quat

2297 3968 2442 4019 Spem
2472 3953 2615 4007 dedit
2648 3954 2783 4008 ratio
2806 3954 3025 4021 (oratio)
3072 3954 3303 4016 amplius
3325 3954 3833 4009 aeceuditardorcm
3860 3975 3873 4017 ;

2294 4055 2348 4096 et
2376 4044 2581 4098 avidius
2610 4046 2800 4114 gaudia
2834 4045 3040 4111 impleri
3084 4045 3360 4112 cupimus,
3400 4062 3517 4111 qua:
3547 4047 3743 4101 instare
3768 4045 3876 4114 jam

2295 4135 2550 4189 divinitus
2582 4136 2923 4189 arbitramur.
2974 4135 3107 4188 Ilittc
3146 4135 3394 4202 estquod
3424 4137 3634 4190 beatum
3662 4137 3872 4191 Petrum

2293 4227 2593 4290 apostolum
2623 4228 2862 4294 quotidie
2888 4226 3202 4293 suppliciter
3225 4227 3590 4289 obsecranms,
3616 4237 3674 4281 ιιι,
3702 4228 3873 4289 vobis,

2295 4332 2388 4382 per
2417 4333 2550 4382 quos
2594 4316 2853 4383 integrari
2890 4316 3125 4369 membra
3175 4330 3270 4371 sua
3319 4306 3648 4385 sancta‘jam
3696 4330 3876 4397 sperat

2295 4407 2531 4463 Ecclesia
2556 4449 2569 4469 .
2601 4418 2656 4462 et
2680 4409 2932 4463 clfeetum
2964 4408 3100 4461 Deus
3128 4408 3396 4471 celerem,
3430 4416 3484 4461 et
3510 4408 3734 4462 salutem
3781 4408 3875 4461 tri-

2294 4500 2419 4551 buat
2468 4499 2782 4564 longiorem.
2834 4498 2942 4552 Nos
2990 4499 3201 4564 quidem
3254 4498 3447 4553 vestris
3490 4498 3680 4552 animis
3720 4498 3874 4552 obsc-

2222 4612 2267 4670 υ
2294 4601 2523 4657 quentes
2551 4590 2693 4641 viros
2718 4587 3013 4643 direximus
3038 4630 3052 4649 ,
3092 4590 3156 4641 ad
3180 4588 3510 4642 solidandam
3541 4589 3640 4642 sub
3663 4599 3873 4658 aposto-

606 4662 744 4713 tnus,
768 4665 886 4719 qua:
919 4649 1075 4704 lidetn
1106 4664 1337 4707 vestiam
1366 4657 1452 4707 diu
1486 4656 1729 4713 laborare
1754 4675 1856 4714 non
1882 4677 2031 4727 passa
2062 4674 2181 4717 est:
2220 4660 2225 4705 ί

2295 4680 2409 4734 lica:
2452 4680 2817 4749 di~positionis
2847 4682 3188 4736 ordinatione
3228 4682 3590 4736 concordiam.
3623 4682 3870 4735 Vestrrm

2293 4780 2408 4837 est,
2442 4781 2497 4825 ut
2524 4771 2662 4825 sicut
2694 4786 2789 4826 nos
2821 4771 2975 4824 home
3022 4771 3302 4825 intentioni
3343 4771 3389 4824 di
3411 4787 3530 4825 esse
3572 4772 3868 4838 noluinms,

2294 4863 2361 4915 ita
2391 4878 2485 4916 eos
2529 4862 2665 4926 apud
2714 4876 2811 4915 nos
2850 4871 3087 4929 Optatum
3121 4864 3322 4916 referre
3350 4861 3556 4915 faciatis
3603 4861 3869 4916 ell'eclutn.

2295 4953 2483 5006 Munus
2536 4966 2772 5010 vestrum
2841 4956 3142 5007 veneranda
3208 4954 3437 5007 sacraria
3494 4963 3867 5021 susceperunt;

2295 5042 2438 5109 quod
2498 5043 2726 5110 amplius
2782 5043 2938 5097 beato
2985 5044 3140 5097 Petro
3188 5044 3428 5107 apostolo
3475 5042 3677 5098 facietis
3722 5058 3872 5097 accc.

2292 5132 2452 5200 ptius,
2484 5132 2526 5185 si
2559 5147 2653 5200 per
2681 5148 2772 5185 vos
2815 5143 3051 5200 optatam
3082 5133 3336 5186 Ecclesia:
3379 5134 3677 5200 receperint
3706 5134 3873 5189 unita~

2293 5232 2396 5275 tetu
2425 5227 2591 5287 (anno
2618 5222 2824 5275 Domini
2855 5222 3003 5278 5l9l.

2756 5312 3083 5366 EPISTULA
3127 5313 3165 5365 Χ
3178 5313 3215 5364 Χ
3230 5312 3408 5364 XVIII.

2362 5421 2427 5457 AD
2465 5419 2711 5457 CELERI-2)!
2754 5418 2820 5456 ΕΤ
2861 5419 3141 5457 ινΑτιιιειυιι
3182 5417 3518 5458 CLARISSIMOS
3557 5420 3792 5459 AUIJCDS.

2537 5492 2753 5563 Legatos
2783 5495 2835 5546 iu
2862 5508 3016 5561 causa
3046 5495 3186 5558 paris
3218 5494 3615 5563 coodjuvandos.

2360 5582 2638 5636 Ilormisda
2665 5582 2836 5637 Celeri
2868 5592 2920 5637 et
2952 5583 3182 5637 Patricio
3211 5598 3237 5634 a
3268 5583 3401 5651 pari.

2360 5673 2609 5737 Quamvis
2648 5689 2745 5743 pro
2790 5675 2889 5729 loci
2923 5675 3091 5728 nostri
3131 5672 3560 5732 consideratione
3597 5678 3664 5733 de
3707 5692 3863 5731 causa

2292 5804 2339 5853 ιι·
2359 5785 2815 5859 esbyterinomeu
2834 5785 3001 5859 posita
3026 5785 3383 5859 reperiantur,
3414 5797 3471 5842 ut
3495 5787 3601 5843 dixi
3631 5804 3787 5859 supra
3811 5789 3865 5841 iu

2297 5858 2435 5910 notis
2464 5855 2703 5917 ejusdem
2736 5857 2990 5919 cpistola).
3026 5859 3150 5913 διν.
3186 5856 3382 5910 Βικιιςε.
