4248 6260
360 412 461 465 ιιι

1564 426 1909 484 εριδτοιτε
1948 428 2033 484 ΕΤ
2072 429 2404 486 DECRETA.

3502 428 3607 500 iis

359 530 493 584 tidei
536 529 817 586 catholica:
862 532 1078 589 minime
1107 543 1286 591 tacete
1318 539 1611 607 possimus,
1656 554 1831 599 tamen
1872 546 1936 598 ad
1972 549 2014 604 Α
2045 549 2353 602 beatitudini
2376 558 2565 603 vestrae
2589 551 3001 617 significavimus
3031 573 3042 606 :
3072 557 3213 623 quod
3245 556 3295 611 in
3324 558 3605 629 Scampina

361 621 507 673 hanc
537 629 742 686 partem
788 622 1161 677 serenissimus
1208 627 1453 697 princeps
1501 645 1823 701 magnopere
1860 635 1939 688 di-

362 708 529 762 rectis
556 708 804 763 affatibus
830 721 1072 765 nostrum
1106 716 1343 771 incitavit
1369 720 1598 773 studium
1621 764 1635 785 ,
1670 739 1764 789 pro
1788 724 1937 791 cujus

362 798 569 866 legatos
621 799 891 855 voluntate
962 803 1272 859 direximus.
1341 809 1404 862 Et
1461 811 1582 879 quia
1640 812 1936 879 hujusmodi

358 902 523 940 causa
554 889 784 942 filiorum
816 890 1069 946 Ecclesia:
1096 895 1363 950 sublevari
1388 897 1580 953 debeat
1602 902 1821 967 auxilio,
1856 917 1940 955 sa-

360 979 598 1031 lutantes
637 993 731 1032 vos
778 980 922 1033 cultu
970 992 1130 1050 atque
1160 984 1562 1042 honorificentia
1594 993 1934 1058 competenti,

361 1068 636 1134 pttSCiﬂlllS
681 1077 738 1122 ttt
776 1084 871 1137 pro
921 1072 1279 1127 ecclesiastica
1314 1090 1443 1142 pace
1478 1079 1821 1145 allegationes
1848 1094 1935 1133 eo-

361 1174 483 1213 rum
535 1161 625 1228 qui
653 1161 844 1215 directi
871 1172 996 1216 sunt
1043 1164 1179 1233 apud
1203 1168 1409 1219 animos
1439 1169 1764 1222 serenissimi
1794 1169 1937 1236 prin-

355 1250 494 1318 cipis
522 1250 787 1317 adjuvetis
813 1269 825 1305 :
854 1253 1113 1321 siquidem
1138 1267 1325 1309 vestra:
1351 1258 1678 1312 celsitudinis
1703 1260 1934 1315 laborem

359 1354 469 1393 non
510 1356 670 1408 parva
714 1343 993 1397 retributio
1033 1345 1393 1413 subsequitur,
1435 1363 1553 1400 cum
1586 1349 1934 1416 omnipotenti

364 1430 477 1483 Deo
519 1445 616 1485 nos
642 1432 840 1501 gratias
868 1433 1171 1500 persolvere
1199 1435 1266 1489 de
1300 1437 1492 1490 vestris
1516 1438 1769 1506 operibus
1799 1438 1935 1493 fece-

360 1522 480 1575 ritis
509 1524 668 1591 (anno
700 1523 909 1577 Domini
940 1525 1091 1591 519).

852 1618 1168 1673 EPISTULA
1221 1620 1458 1675 XXXIX.

491 1724 555 1760 Al!
594 1723 916 1762 PR£I-‘ECTUI
954 1725 1235 1764 PR£TORIO
1274 1727 1814 1768 THFSSAIDNICENSEM.

791 1798 987 1853 Eadem
1016 1818 1129 1870 quae
1155 1804 1207 1855 in
1235 1804 1506 1871 superi..ri.

2042 643 2262 696 civitate
2307 642 2499 696 factum
2549 652 2631 697 est
2676 646 2862 698 vestris
2911 648 3238 702 orationibus
3287 661 3461 706 tacere
3500 669 3605 708 non

2042 734 2397 801 permisimus.
2428 733 2722 802 Antequam
2769 751 2866 789 nos
2913 739 3310 807 ivgrederemur
3339 743 3390 796 in
3421 744 3606 799 civita-

2042 834 2145 877 tem
2189 825 2391 892 ipsam,
2425 826 2745 880 venerabilis
2787 826 2978 894 Trojus
3027 828 3283 899 (Troilus)
3323 835 3605 904 episcopus

2039 927 2159 964 cum
2189 926 2286 964 suo
2314 914 2459 965 clero
2486 914 2569 967 vel
2603 915 2756 981 plebe
2785 914 2837 969 in
2877 931 3152 971 occursum
3182 921 3333 975 nobis
3357 937 3604 991 egressus

2039 1013 2141 1055 est.
2170 1001 2236 1055 Et
2262 1003 2529 1069 quomodo
2558 1005 2693 1059 Dens
2718 1004 2767 1057 in
2801 1004 2911 1072 ipsa
2951 1007 3037 1060 die
3067 1007 3371 1065 benedictus
3408 1022 3517 1080 est,
3550 1026 3607 1068 ct

2039 1104 2157 1157 quae
2193 1091 2448 1144 festivitas
2477 1108 2568 1159 per
2595 1093 2761 1159 ipsius
2791 1095 3039 1161 pietatem
3069 1106 3150 1151 est
3189 1101 3466 1157 subsecuta
3488 1149 3502 1171 ,
3535 1109 3602 1160 ad

2039 1182 2277 1233 notitiam
2307 1182 2634 1248 apostolatus
2661 1184 2820 1236 vestri
2849 1184 3146 1242 referimus.
3177 1190 3337 1247 Nobis
3364 1210 3602 1262 praesen-

2039 1271 2198 1333 tibus,
2230 1271 2313 1323 vel
2339 1285 2435 1324 suo
2460 1272 2608 1326 clero
2632 1282 2687 1326 et
2716 1274 2981 1330 nobilibus
3000 1278 3128 1333 viris
3155 1281 3317 1346 ipsius
3344 1285 3597 1353 civitatis,

2039 1360 2271 1414 libellum
2302 1361 2649 1431 subscripsit,
2685 1367 2918 1431 porrexit
2947 1385 2958 1419 :
2990 1371 3349 1439 suscepimus,
3384 1385 3436 1429 et
3462 1391 3600 1444 pra:-

2038 1462 2190 1506 sente
2227 1453 2373 1507 omni
2408 1453 2553 1507 clero
2583 1455 2664 1508 vel
2710 1456 2899 1523 plebe,
2948 1460 2999 1511 in
3029 1462 3195 1527 gradu
3239 1480 3336 1518 suo
3377 1481 3405 1519 a
3443 1483 3602 1522 servo

2038 1551 2214 1595 vestro
2255 1543 2413 1595 Petro
2454 1542 2661 1597 notario
2697 1555 2893 1601 sancta:
2940 1549 3188 1605 Ecclesia:
3230 1553 3482 1610 Romana:
3522 1570 3603 1614 est

2037 1635 2281 1687 relectus.
2332 1632 2459 1686 Erat
2505 1644 2796 1689 conventus
2842 1637 2891 1689 in
2943 1638 3156 1695 basilica
3206 1644 3385 1701 Sancti
3435 1642 3597 1707 Petri.

2035 1724 2363 1778 Confitemnr
2398 1727 2705 1782 beatitudini
2743 1737 2963 1795 vestrae,
3002 1739 3198 1785 tantam
3233 1734 3601 1804 devotionem,

2040 1804 2212 1869 tantas
2242 1816 2350 1867 Deo
2381 1816 2585 1881 laudes,
2616 1828 2787 1871 tantas
2816 1819 3094 1889 lacrymas,
3126 1832 3264 1875 tanta
3287 1825 3475 1893 gaudia
3503 1828 3603 1881 dif-

434 1891 712 1945 llormisda
765 1892 1016 1960 praefecto
1076 1897 1323 1963 praetorio
1364 1895 1827 1952 Tbessalonicensi
1885 1909 1939 1952 et
1968 1896 2013 1957 Β
2043 1904 2178 1958 licile
2208 1905 2260 1959 in
2290 1906 2393 1959 alio
2434 1908 2627 1976 populo
2660 1908 2906 1962 vidimus.
2955 1910 3124 1976 Prope
3151 1891 3336 1968 omnes
3360 1929 3481 1969 cum
3516 1931 3603 1971 ce-

362 1981 574 2035 caeteris
600 1981 893 2036 illustribus
918 1997 947 2035 a
978 1983 1113 2052 pari.

436 2072 585 2127 Licet
608 2088 703 2141 pro
741 2088 899 2127 causa
929 2074 1286 2129 ecclesiaSIica
1329 2091 1596 2145 nunquam
1638 2077 1934 2131 sollicitudo

362 2173 551 2216 nostra
582 2165 899 2227 cessaverit,
935 2175 1108 2218 tamen
1139 2166 1473 2234 imperatoris
1502 2168 1825 2222 serenissitni
1850 2184 1927 2221 sa-

363 2254 473 2306 cris
502 2250 738 2306 affatibus
763 2256 1057 2322 promptius
1088 2256 1310 2321 incitati,
1343 2257 1543 2326 legatos
1559 2271 1678 2311 cum
1701 2257 1934 2313 celestis

362 2344 748 2399 utisericitrdize
770 2348 948 2400 favore
969 2346 1295 2411 direximus;
1325 2364 1548 2415 quorum
1574 2348 1750 2404 ofiicio
1773 2351 1930 2414 bona,

360 2453 478 2505 quae
507 2436 577 2489 de
605 2436 856 2504 principis
880 2448 1058 2491 mente
1086 2441 1475 2506 prazsumimus,
1502 2442 1834 2509 impleantur.
1871 2442 1934 2493 Et

292 2535 297 2539 '
360 2528 483 2581 ideo
510 2527 802 2582 salutantes
830 2529 1230 2595 amplitudinem
1263 2542 1525 2596 vestram,
1561 2532 1706 2585 cultu
1744 2543 1796 2585 et
1838 2533 1933 2586 lto-

361 2634 491 2673 nore
519 2634 627 2687 quo
652 2620 869 2688 dignum
910 2630 1027 2683 est,
1079 2623 1349 2690 poscimus
1393 2633 1449 2677 ttt
1480 2640 1574 2691 pro
1606 2625 1934 2694 redintegra—

359 2710 503 2764 tione
550 2710 673 2764 fidei
704 2720 937 2765 vestrum
970 2712 1320 2767 commodetis
1350 2715 1613 2779 studium,
1646 2730 1744 2769 nec
1772 2718 1931 2771 tantis

362 2803 595 2857 fidelium
641 2804 836 2858 tardari
882 2815 1001 2859 vota
1056 2806 1380 2875 temporibus
1418 2809 1775 2877 permittatis:
1810 2812 1930 2880 quia

359 2900 466 2948 uori
493 2904 578 2949 est
605 2895 822 2949 dubium
852 2898 1074 2952 celsitud
1099 2914 1220 2951 nem
1254 2911 1483 2954 vestram
1516 2902 1742 2957 fructum
1775 2912 1931 2956 tanta:

362 2985 533 3038 laudis
563 2987 869 3055 acquirere,
904 2988 946 3041 si
979 3004 1075 3056 per
1099 3005 1217 3042 eam
1245 3006 1362 3056 qua:
1390 2992 1458 3046 ab
1502 2994 1748 3047 omnibus
1780 2995 1931 3047 bonis

360 3088 633 3145 optantur,
668 3081 756 3135 Dei
807 3085 972 3136 nostri
1016 3086 1378 3140 misericordia
1422 3095 1708 3156 operante,
1740 3106 1931 3160 prove-

361 3170 510 3223 niant
538 3172 701 3241 (anno
731 3172 935 3227 Domini
964 3174 1111 3231 5l9).

910 3266 1236 3321 EPISTULA
1275 3268 1385 3323 XL.

362 3370 428 3406 AD
478 3371 796 3409 ANASTAS'UU
853 3372 919 3409 ΕΤ
972 3372 1272 3413 PALUATIAII
1325 3374 1658 3414 CLARISSIMAS
1710 3376 1930 3415 FEMINAS

434 3439 785 3487 δεκλτοῐςιμ.
828 3442 945 3489 ρυλε
983 3444 1224 3482 TEIPORE
1264 3445 1668 3483 PERSECUTIDNIS
1707 3446 1932 3484 ANAS'I'A-

430 3508 494 3545 Sll
535 3509 634 3547 PRO
673 3512 791 3549 FIDE
828 3512 1031 3550 CATHOL
1056 3512 1120 3551 CA
1160 3514 1484 3553 INCONCUSSE
1524 3515 1847 3555 ΒΤΕΉΒΔΚΤ.

546 3642 552 3647 ,
803 3586 989 3639 Eadem
1017 3604 1130 3658 qua:
1158 3590 1208 3641 in
1240 3590 1508 3659 superiori.

436 3675 715 3731 llormisda
747 3679 1041 3732 Anastasia:
1069 3688 1123 3733 et
1154 3680 1423 3735 Palmatia:
1452 3698 1478 3733 a
1512 3682 1646 3751 pari.

437 3764 595 3816 Bona:
625 3766 908 3821 volun'atis
936 3768 1168 3823 studium
1198 3770 1387 3823 divina,-
1413 3787 1624 3839 semper
1652 3772 1935 3827 comitatur

364 3854 735 3921 prosperitatis
758 3856 996 3913 effectus.
1028 3856 1119 3912 Dei
1144 3862 1307 3913 ItOSlri
1333 3860 1655 3928 providentia
1684 3863 1934 3930 temporis

360 3948 583 3999 facultas
611 3947 783 4000 oblata
827 3958 937 4014 est,
970 3948 1021 4002 in
1051 3966 1152 4019 qua
1198 3966 1294 4019 pro
1334 3952 1452 4029 ﬁdei
1481 3962 1672 4007 vestrae
1717 3956 1934 4021 praemio

359 4038 604 4094 debeatis
631 4039 821 4098 anniti.
874 4042 946 4096 De
991 4057 1220 4112 superna
1266 4044 1510 4113 primitus
1548 4046 1932 4111 misericordia,

359 4129 616 4199 deinceps
644 4130 711 4184 de
738 4133 1064 4188 conscientia
1090 4134 1494 4188 clementissimi
1526 4135 1778 4203 principis
1804 4151 1935 4205 pra:-

359 4230 671 4289 sumentes,
702 4222 903 4292 legatos
931 4239 1026 4292 pro
1056 4226 1325 4293 religionis
1356 4226 1631 4279 catholica
1670 4240 1826 4279 causa
1854 4227 1934 4279 di-

361 4311 623 4375 reximus,
653 4325 748 4379 per
774 4327 908 4379 quos
935 4314 1335 4383 amplitudinem
1361 4324 1590 4369 vestram
1625 4314 1818 4369 debita:
1848 4332 1939 4370 ve-

361 4402 654 4454 nerationis
690 4402 982 4459 salutamus
1017 4405 1221 4468 officio;
1264 4406 1588 4473 postulantes
1627 4415 1687 4459 ut
1718 4423 1813 4473 pro
1843 4423 1934 4461 ec-

358 4491 679 4545 clesiastica:
708 4493 1155 4562 redintegratione
1191 4496 1488 4551 concordia:
1517 4506 1750 4549 vestrum
1788 4496 1935 4549 labo-

362 4596 475 4633 rem
493 4591 652 4649 atque
671 4596 885 4650 operam
906 4598 1008 4637 non
1030 4585 1253 4653 negetis,
1272 4594 1532 4652 quatenus
1548 4600 1689 4649 cum,
1708 4585 1935 4651 tenui-is
1964 4594 2012 4651 ι)

361 4671 693 4735 remotisque
722 4672 784 4724 iis
811 4687 944 4741 quos
972 4674 1278 4741 apostolicae
1297 4674 1442 4728 sedis
1464 4674 1736 4727 damnavit
1758 4676 1961 4727 atteto-'

362 4758 519 4822 ritas,
547 4759 613 4812 ad
647 4775 803 4813 unam
822 4800 836 4824 ,
865 4777 982 4830 qua:
1009 4771 1151 4816 recta
1179 4775 1260 4816 εει
1281 4802 1295 4827 ,
1326 4767 1756 4817 communionem
1789 4763 1938 4832 plebs

359 4850 663 4904 Christiana
698 4852 947 4917 redierit,
992 4855 1203 4909 beatum
1237 4855 1449 4909 Petrum
1476 4858 1774 4923 apostolum
1795 4895 1809 4917 ,
1844 4869 1938 4923 pro

360 4942 512 5009 cujus
538 4940 643 4994 ﬁde
670 4942 909 5008 nitimur,
951 4944 1001 4997 in
1034 4947 1225 4999 vestris
1266 4946 1483 5014 possitis
1508 4944 1704 4999 habere
1731 4944 1938 4997 actibus

359 5034 662 5101 adiutorem
693 5035 854 5103 (anno
883 5034 1090 5087 Domini
1115 5036 1260 5104 519).

504 5124 891 5181 EXEMPLUM
929 5109 1419 5183 SUGGESTIONIS
1456 5126 1794 5182 securae/ta

361 5232 592 5269 GERIANI
633 5232 701 5269 ΕΤ
751 5233 988 5283 ΙΟΔΝΝΙς,
1042 5234 1301 5281 EPISCUPI,
1351 5233 1552 5272 FELICIS
1601 5234 1665 5271 ΕΤ
1703 5232 1936 5271 ωοεςυιιι

618 5303 979 5350 DIACONDRUH,
1022 5305 1087 5342 ET
1126 5304 1311 5342 BLANDI
1351 5303 1690 5342 PRESBYTLBI.

528 5378 733 5443 Quanto
761 5393 876 5430 cum
900 5378 1093 5431 honore
1121 5380 1327 5449 Scampi
1356 5379 1541 5449 fuerint
1566 5379 1776 5448 accepti.

436 5467 492 5521 lo
518 5470 731 5524 civitate
758 5471 1075 5524 Aulonitana
1109 5487 1214 5541 quo
1243 5471 1431 5525 ordine
1459 5487 1578 5525 cum
1614 5472 1702 5524 Dei
1732 5470 1932 5539 adjuto-

364 5562 446 5615 rio
472 5562 810 5631 pervenimus
831 5605 845 5627 ,
876 5572 929 5617 et
954 5563 1223 5631 quomodo
1251 5576 1435 5616 sumus
1461 5562 1693 5631 suscepti
1722 5561 1788 5615 ab
1825 5561 1937 5627 epi-

366 5667 532 5721 scopo
565 5654 801 5708 civitatis
846 5653 1013 5722 ipsius
1033 5694 1048 5719 ,
1079 5662 1132 5708 et
1161 5653 1286 5722 quid
1330 5663 1411 5706 est
1434 5664 1607 5707 actum
1629 5694 1643 5716 ,
1676 5653 1761 5707 vel
1789 5652 1943 5721 quale

367 5759 682 5814 responsum
710 5746 1005 5804 dederunt.
1047 5755 1101 5799 ct
1130 5745 1249 5814 quia
1285 5744 1397 5798 hmc
1429 5746 1698 5813 promisit,
1729 5752 1785 5797 ut
1824 5758 1943 5797 cum

370 5840 785 5909 metropolitano
823 5854 919 5892 suo
951 5836 1153 5893 faceret
1199 5836 1458 5899 Iibe'lnm,
1498 5834 1548 5888 in
1579 5835 1678 5887 alia
1723 5834 1943 5901 epistola

2037 1996 2140 2049 reis
2162 1996 2258 2050 viri
2286 2012 2407 2051 cum
2436 1999 2775 2063 mulio-ribus,
2804 2000 2999 2055 milites
3020 2016 3138 2055 cum
3163 2005 3410 2060 crucibus
3447 2007 3498 2060 in
3527 2009 3603 2062 ci-

2037 2086 2197 2140 vitate
2238 2101 2333 2141 nos
2358 2099 2726 2152 susceperunt.
2769 2089 3059 2144 Celebratae
3089 2102 3210 2145 sunt
3240 2095 3446 2160 missa),
3486 2098 3603 2150 nul-

2036 2175 2138 2229 lius
2170 2191 2361 2231 nomen
2392 2178 2678 2231 obnoxium
2720 2180 2991 2247 religionis
3039 2191 3120 2234 cst
3162 2184 3468 2249 recitatum,
3501 2189 3602 2243 nisi

2036 2278 2236 2323 tantum
2266 2270 2604 2325 beatitudinis
2629 2282 2842 2327 vestrm.
2866 2272 3056 2326 Noster
3082 2276 3362 2344 episcopus
3384 2294 3603 2333 venera-

2037 2361 2154 2413 bilis
2199 2359 2495 2415 Germanus
2529 2361 2742 2415 missam
2791 2362 3097 2416 celebravit.
3143 2365 3205 2417 Et
3249 2366 3604 2434 promiserunt

2036 2466 2134 2504 nec
2160 2461 2343 2519 postea
2375 2452 2610 2513 recitari,
2644 2454 2745 2505 nisi
2771 2469 2905 2522 quos
2933 2455 3088 2509 sedes
3117 2458 3401 2523 apostolica
3425 2475 3604 2517 susce-

2038 2542 2131 2609 pit.
2162 2542 2365 2608 Quanta
2409 2557 2438 2594 a
2470 2542 2621 2595 nobis
2660 2552 2873 2612 operata
2904 2554 3058 2611 sunt,
3095 2546 3229 2600 Deus
3261 2548 3521 2616 propitius
3551 2551 3604 2606 in

2038 2634 2184 2688 vobis
2206 2644 2510 2689 conservet.
2535 2635 2689 2689 lstatu
2713 2636 2991 2704 epistolam
3024 2648 3147 2692 ante
3177 2639 3387 2707 triginta
3417 2642 3605 2695 millia-

2037 2724 2111 2776 ria
2142 2739 2170 2775 a
2204 2723 2423 2794 Lignido
2468 2723 2718 2789 fecimus,
2749 2734 3025 2790 sperantes
3055 2727 3167 2797 ipsa
3206 2728 3293 2782 die
3340 2730 3392 2782 in
3419 2731 3603 2785 eadem

2035 2816 2166 2868 civit
2183 2825 2253 2869 tte
2276 2830 2395 2870 cum
2419 2813 2511 2868 Dei
2535 2816 2800 2884 adjutorio
2832 2816 3126 2884 pervenire.
3161 2818 3227 2871 Et
3248 2822 3513 2888 quomodo
3538 2823 3602 2875 ad

2037 2921 2134 2958 nos
2156 2907 2395 2974 pervenit
2418 2906 2733 2974 Scampinus
2752 2907 3053 2974 episcopus,
3077 2922 3349 2976 speramus
3372 2920 3424 2964 et
3442 2911 3605 2976 ipsius

2035 3000 2263 3053 civitatis
2310 2998 2514 3067 Lignidi
2564 3000 2870 3067 episcopum
2917 2998 3107 3052 similia
3154 2999 3349 3053 facere.
3379 3001 3529 3065 Quod
3560 3002 3606 3055 si

2035 3092 2231 3145 factum
2266 3091 2451 3155 fuerit,
2482 3090 2602 3142 data
2629 3090 2907 3143 occasione
2948 3090 3320 3143 rescrihemus.
3366 3091 3607 3160 Scampis

2036 3188 2190 3242 nobis
2217 3188 2429 3255 positis,
2459 3196 2580 3256 post
2609 3186 2836 3248 missas,
2872 3185 2998 3237 liora
3027 3185 3318 3238 comatoria
3339 3226 3352 3249 ,
3384 3184 3606 3251 Stepha-

1946 3277 2001 3331 ηυ
2038 3298 2136 3336 nus
2162 3290 2217 3335 et
2242 3281 2492 3335 Leontius
2519 3296 2607 3334 vv.
2642 3294 2723 3334 ec.
2770 3279 2838 3333 ab
2883 3280 3203 3348 imperatore
3241 3277 3389 3330 missi
3437 3277 3486 3330 in
3517 3292 3607 3330 oe—

2033 3391 2247 3430 cursum
2280 3375 2435 3429 nobis
2456 3383 2738 3436 venerunt,
2768 3374 2943 3427 adhuc
2966 3371 3263 3425 nescientes
3289 3384 3384 3422 nos
3411 3368 3460 3421 in
3488 3383 3608 3437 par-

2036 3467 2175 3521 tibus
2195 3467 2519 3522 Gratciarum
2550 3466 2769 3532 positos,
2803 3466 2923 3532 quia
2970 3451 3091 3517 talia
3123 3461 3367 3515 mandata
3399 3458 3609 3512 fuerttnt

2034 3558 2215 3610 comiti
2251 3556 2524 3623 Stephano
2552 3556 2696 3618 data,
2732 3562 2789 3606 ut
2824 3554 2890 3606 ad
2924 3562 3100 3621 partes
3132 3550 3296 3603 Italia:
3324 3548 3609 3609 transirent

2037 3626 2088 3702 in
2116 3663 2395 3702 occursum
2427 3656 2687 3701 no~trum.
2724 3647 2817 3698 Est
2846 3643 3150 3707 Stephanus
3173 3641 3302 3701 iste,
3334 3639 3422 3705 qui
3450 3638 3608 3691 modo

2036 3738 2248 3800 dicitur,
2282 3737 2348 3790 de
2378 3736 2647 3803 parentela
2677 3735 2769 3788 filii
2801 3735 2964 3787 vestri
3001 3731 3236 3799 magistri
3268 3730 3490 3783 militum
3513 3728 3608 3781 Vi-

2038 3827 2238 3881 taliani.
2282 3827 2345 3879 lli
2378 3827 2531 3879 nobis
2571 3826 2946 3879 nuntiaverunt
2989 3822 3271 3875 Pa'ricium
3309 3827 3606 3872 senatorem

2039 3921 2388 3988 proscriptum
2428 3930 2482 3973 et
2515 3920 2565 3971 in
2596 3918 2840 3971 exsilium
2881 3916 3121 3968 missum.
3170 3914 3273 3967 Pro
3299 3926 3399 3979 qua
3428 3923 3604 3965 tamen

2037 4026 2193 4064 causa
2220 4051 2234 4073 ,
2266 4010 2365 4065 nisi
2408 4008 2670 4077 quomodo
2698 4007 2765 4060 ad
2798 4023 2893 4061 nos
2926 4005 3249 4073 pervenerit,
3283 4018 3389 4057 non
3418 4016 3609 4070 possu-

2040 4116 2155 4154 mus
2202 4099 2402 4164 dicere,
2434 4098 2557 4168 quia
2583 4113 2686 4151 non
2712 4107 2793 4150 est
2819 4098 2884 4151 de
2916 4096 3110 4149 talibus
3136 4095 3295 4149 rebus
3326 4091 3477 4145 facile
3512 4091 3609 4144 de-

2042 4194 2291 4247 liberare.
2326 4192 2525 4246 Dicitur
2566 4204 2739 4245 tamen
2779 4202 2830 4245 et
2872 4190 3245 4256 apocvisiarios
3274 4187 3610 4241 Thessaloni-

2040 4283 2217 4336 censis
2251 4280 2504 4336 Ecclesia:
2538 4282 2738 4344 teneri,
2787 4282 2923 4347 apttd
2962 4296 3095 4348 quos
3134 4280 3316 4332 dicunt
3363 4279 3611 4344 epistolas

2042 4371 2277 4423 inventa-
2308 4386 2322 4433 ;
2357 4383 2452 4436 pro
2481 4384 2583 4435 qua
2635 4382 2793 4420 causa
2816 4407 2830 4429 ,
2863 4369 3128 4420 nescimus
3158 4384 3172 4419 :
3215 4381 3335 4418 cum
3385 4366 3513 4433 ipsis
3557 4376 3612 4419 et

2041 4459 2441 4520 Philumenam,
2496 4457 2860 4519 Demetr’um,
2909 4457 3337 4524 Magistriamnn,
3382 4467 3435 4509 et
3480 4456 3611 4508 alias

2040 4562 2315 4616 personas,
2342 4564 2565 4614 quarum
2594 4548 2806 4601 nomina
2830 4548 3154 4614 ignoramus.
3186 4546 3285 4598 Ista
3316 4554 3460 4609 sunt,
3482 4559 3611 4611 quo-

2041 4637 2196 4689 modo
2224 4637 2589 4703 prtediximus,
2620 4653 2736 4703 quae
2773 4636 3094 4689 audivimus.
3129 4634 3204 4688 De
3233 4647 3390 4685 causa
3430 4644 3607 4685 tamen

2040 4746 2116 4783 CCI
2137 4708 2401 4783 lesiastica
2426 4744 2545 4782 cum
2581 4730 2674 4783 Dei
2701 4726 3058 4797 misericordit
3086 4739 3334 4794 prospera
3370 4724 3612 4776 nuntian-

2044 4828 2146 4873 tur.
2169 4819 2465 4873 Cosmatetn
2496 4831 2666 4871 tamen
2690 4818 2953 4872 medicum
2977 4829 3073 4881 pro
3094 4829 3195 4883 qua
3217 4826 3372 4866 causa
3397 4812 3450 4864 in
3468 4812 3611 4866 Italia

2042 4911 2206 4974 venit,
2233 4911 2440 4977 penitus
2464 4910 2756 4977 intelligere
2781 4924 2883 4963 non
2909 4906 3198 4976 potuimus,
3224 4904 3323 4957 nisi
3349 4905 3467 4970 hoc,
3492 4904 3612 4973 quia

2044 5001 2252 5055 fortiter
2291 5003 2564 5071 qua-ritur,
2614 5001 2679 5053 de
2722 5014 2826 5065 quo
2861 4997 3068 5052 debetis
3110 5012 3230 5050 esse
3272 4994 3517 5060 solliciti,
3563 5005 3613 5047 nt

2046 5092 2247 5159 sciatis,
2278 5109 2369 5161 pro
2398 5108 2500 5162 qua
2529 5107 2685 5145 causa
2714 5090 2906 5145 ibidem
2937 5088 3099 5143 venit.

2396 5204 2556 5258 I'I'EM
2592 5202 2839 5256 TERTIA
2881 5200 3267 5257 SUGGESTIO

2370 5310 2681 5349 LEGATORUSI
2721 5308 3288 5348 SUPBANOMINATOBUII.

2109 5396 2383 5465 Liquidum
2408 5394 2709 5463 pervenisse,
2740 5407 2785 5447 et
2804 5398 2958 5465 juata
2986 5398 3095 5464 ejus
3126 5395 3365 5448 inauda'a
3393 5408 3561 5444 omnia

2724 5477 2943 5533 peracta.
3386 5486 3387 5493 η

2122 5556 2174 5609 ltt
2200 5556 2300 5609 alia
2323 5554 2542 5624 epistola
2570 5554 2982 5609 sitniticavimus
3011 5552 3318 5607 beatitudini
3343 5560 3530 5603 vestra:
3553 5551 3618 5603 de

2045 5650 2327 5717 Scampina
2355 5646 2573 5699 civitate
2601 5647 2667 5700 de
2698 5646 2986 5700 venerabili
3015 5643 3175 5709 'l‘rojo
3203 5641 3474 5709 episcopo,
3509 5658 3615 5707 qtto

2047 5741 2234 5796 ordine
2258 5738 2490 5793 libellum
2513 5736 2680 5802 dedit,
2702 5747 2755 5790 et
2776 5734 2945 5802 qualis
2971 5731 3227 5787 festivitas
3249 5742 3325 5784 est
3351 5732 3615 5786 celebrata

2054 5834 2104 5887 in
2137 5834 2245 5902 ipsa
2291 5828 2521 5885 civitate.
2554 5828 2683 5882 Cum
2736 5826 2831 5879 Dei
2859 5823 3217 5879 misericordia
3247 5824 3494 5879 venimus
3529 5822 3613 5875 Li-
