4262 6264
662 417 767 473 N3

1992 414 2358 475 HORMISDE
2399 415 2593 471 ΡΔΡᾹΞ

3809 418 3909 473 444

662 529 901 601 gttidunt,
927 530 1284 587 Tlteodoritus
1305 531 1588 599 ειιίςσοριιε
1619 532 1935 587 venerabilis
1963 534 2039 585 vir
2070 532 2233 598 ipsius
2261 533 2307 593 Α
2339 530 2511 582 ritttali
2568 531 2784 585 caritate
2837 540 3026 582 vestrt‘e
3079 530 3374 584 sanctitatis
3394 571 3407 594 ,
3457 531 3597 600 quod
3654 533 3907 587 unitatem

664 621 891 676 civitatis
919 622 1041 675 t-imi
1063 624 1164 676 iter
1192 622 1429 675 libellum
1474 622 1646 685 dedit,
1691 622 1780 688 qui
1809 622 2021 678 libellus
2048 626 2099 679 itt
2131 626 2232 679 Ec-

662 713 823 770 clesia
861 720 942 765 est
971 711 1225 773 reiectus,
1271 721 1325 765 et
1362 712 1539 765 omnia
1580 712 1872 767 secundum
1901 716 2174 768 constituti
2198 735 2236 762 ι-

666 818 786 857 nem
817 810 1047 855 vestram
1077 810 1201 855 sunt
1240 802 1397 855 laeta.
1449 802 1649 872 Rogate
1682 804 1879 867 De'tm;
1916 816 2128 872 sperate
2169 807 2237 861 ab

661 892 913 961 apostolis
944 892 1062 959 eius
1100 893 1407 949 beatissimo
1452 896 1611 949 Peer
1639 906 1693 951 et
1731 895 1926 963 Paulo,
1976 907 2033 951 ιιι
2061 898 2233 963 Deus,

662 986 753 1051 qni
794 983 936 1037 initia
971 985 1090 1039 talia
1132 984 1352 1038 donavit
1378 987 1712 1043 orationibus
1740 989 1961 1047 vestris,
1993 989 2239 1042 similiter

663 1083 955 1139 sequantur
974 1073 1087 1145 [sic]
1106 1085 1160 1129 et
1186 1091 1467 1143 prospera,
1489 1085 1546 1130 ut
1561 1068 2027 1143 tempora‘coronae
2046 1090 2237 1135 vestrae

662 1166 1050 1223 incorrectione
1063 1168 1414 1223 Ecclesiarum
1433 1184 1645 1237 semper
1664 1169 2041 1236 prtndicmttur.
2064 1174 2235 1235 Quam

660 1256 941 1322 epistolam
992 1256 1057 1311 ad
1118 1240 1470 1325 apostolatum
1533 1268 1768 1315 vestrum
1815 1260 2107 1316 direximus
2149 1262 2239 1316 die

663 1362 919 1405 nonarum
951 1348 1283 1404 Martiarum.

1037 1458 1416 1514 EXEMPLUM
1456 1458 1865 1515 RELATIONIS

992 1569 1211 1606 ANDBEA'I
1252 1568 1480 1607 EPISCOPI
1519 1570 1895 1608 PREVALITANI.

660 1665 892 1718 Contine!
934 1665 1302 1736 simulationmt
1347 1667 1697 1736 episcoporum
1746 1668 1800 1719 in
1852 1668 2049 1733 synrdo
2096 1669 2241 1736 Epiri

728 1736 842 1788 nevi
861 1779 875 1801 ,
905 1743 950 1787 et
987 1750 1100 1799 qua:
1129 1734 1368 1802 Scampis
1394 1749 1438 1787 et
1470 1735 1671 1806 Lignidi
1702 1738 1754 1787 in
1784 1744 1999 1789 adventu
2041 1734 2242 1809 legato-

728 1822 843 1858 rum
869 1814 982 1861 acta
1006 1814 1142 1859 sunt.

2338 622 2788 678 sanctissimarum
2821 623 2909 677 Dei
2959 624 3315 678 Ecclesiarum
3344 624 3635 678 secundum
3672 634 3908 679 veterem

2337 714 2550 768 Patrum
2583 716 2808 783 requiris
2843 716 3212 779 traditionem,
3246 726 3297 769 et
3329 717 3649 769 laeerstores
3679 718 3912 770 rationa-

2336 806 2457 858 bilis
2486 808 2660 875 gregis
2690 806 2889 861 Christi
2919 806 3097 859 animo
3134 806 3408 874 repulsare
3441 808 3648 873 (amore
3677 806 3909 872 pulsare)

2339 894 2575 949 festinas.
2604 894 2792 950 Certus
2820 898 2984 964 igitur
3006 897 3164 958 scitu,
3205 911 3300 963 per
3329 896 3506 948 omnia
3539 897 3873 967 sanctissime
3894 938 3908 958 ,

2338 986 2480 1054 quia,
2522 988 2811 1040 secundum
2839 986 2980 1055 quod
3006 988 3156 1040 vobis
3202 967 3421 1054 scripsi,
3463 1000 3563 1039 una
3589 997 3761 1038 tecum
3790 1003 3908 1040 cunt

2341 1079 2563 1131 veritate
2597 1080 2836 1132 sentiens
2859 1119 2873 1141 ,
2898 1092 3087 1132 omnes
3128 1092 3159 1129 a
3188 1078 3584 1146 te_repudiatos
3631 1077 3911 1132 lwretieos

2341 1180 2507 1218 renuo
2536 1174 2591 1218 et
2611 1181 2736 1233 ego,
2768 1182 2948 1235 pacem
2976 1135 3618 1235 diligensfganctissimas
3643 1168 3785 1221 enim
3816 1167 3910 1219 Dei

2344 1256 2607 1309 l‘frclesios
2628 1297 2642 1319 ,
2675 1257 2725 1309 id
2750 1267 2835 1310 est
2872 1260 3164 1324 superioris
3192 1266 3384 1311 vestra:
3414 1266 3470 1311 et
3507 1258 3729 1311 novella:
3758 1258 3910 1310 istius

2343 1348 2524 1400 lloma:
2556 1363 2713 1400 unam
2742 1362 2863 1401 esse
2886 1350 3089 1415 accipio
3112 1348 3253 1400 illam
3278 1349 3461 1402 sedem
3490 1348 3713 1412 apostoli
3740 1346 3907 1412 Petri,

2340 1449 2393 1491 et
2424 1439 2575 1492 istius
2600 1438 2853 1507 Augusta:
2890 1439 3120 1492 civitatis
3149 1453 3304 1491 unam
3335 1451 3455 1491 esse
3482 1437 3699 1491 detinio.
3731 1437 3909 1489 Omni-

2342 1529 2439 1583 bus
2465 1534 2597 1583 actis
2641 1546 2668 1582 a
2715 1531 2910 1603 sanctis
2948 1531 3049 1583 illis
3077 1540 3306 1599 quatuor
3351 1530 3599 1597 synodis,
3634 1530 3686 1582 id
3712 1537 3795 1582 est
3823 1527 3907 1582 Ni-

2341 1634 2519 1684 cmna,
2566 1621 3182 1688 Constantitmpolitana,
3217 1621 3512 1687 Ephesina,
3541 1631 3594 1675 et
3618 1620 3908 1674 Chalcedo-

2343 1710 2527 1774 nensi,
2557 1709 2625 1764 de
2669 1710 3071 1763 conﬁrmatione
3104 1710 3223 1764 ﬁdei
3265 1720 3320 1764 et
3356 1720 3494 1764 statu
3525 1710 3773 1764 Ecclesia:
3826 1725 3908 1763 as-

2341 1802 2562 1861 sentior,
2594 1809 2648 1855 et
2688 1801 2815 1856 nihil
2862 1803 3088 1856 titubare
3118 1804 3185 1855 de
3234 1804 3367 1858 bene
3404 1803 3651 1871 indicatis
3698 1805 3909 1871 patior:

730 1917 956 1970 Domino
1004 1932 1216 1985 semper
1268 1932 1391 1973 meo
1447 1918 1778 1985 beatissimo,
1841 1930 1896 1975 et
1945 1924 2233 1992 apnsmnm
2254 1892 2314 1954 ’Β
2341 1893 2431 1946 ευιΙ
2457 1902 2514 1947 et
2531 1906 2786 1948 conantes
2815 1905 2904 1948 aut
2930 1896 2972 1919 ‘°
2992 1896 3178 1950 euixos
3198 1895 3436 1964 (scissus)
3465 1912 3633 1963 usque
3656 1895 3722 1949 ad
3750 1910 3909 1948 unttnt

658 2008 786 2062 sede
816 2008 997 2061 intima
1030 2007 1371 2062 veneratione
1400 2008 1762 2077 praaferendo,
1795 2021 1952 2079 atque
1982 2014 2238 2080 angelicis

659 2100 863 2153 meritis
905 2100 1233 2168 com-quando
1297 2101 1432 2170 patri
1493 2110 1697 2170 patrum
1745 2117 1895 2171 papa:
1945 2103 2238 2158 Ilormisd.e

658 2191 921 2245 Andreas.

725 2282 1122 2338 Commendans
1155 2299 1239 2338 me
1286 2282 1583 2340 humillime
1608 2287 1845 2355 vestigiis
1874 2289 2065 2342 vestris
2107 2289 2238 2358 piis-

658 2376 827 2440 simis,
862 2376 1037 2429 indico
1067 2385 1283 2444 propter
1313 2377 1573 2446 synodum
1608 2377 1748 2445 Epiri
1801 2380 1960 2444 novi,
1988 2380 2238 2449 quoniam

658 2468 925 2519 tinxerunt
969 2466 1421 2519 anatltetnatizare
1480 2467 1619 2520 intra
1671 2469 1989 2533 semetipsos
2034 2469 2239 2538 aliquas

664 2572 939 2626 personas.
969 2557 1080 2611 Hoc
1110 2558 1472 2611 tantummodo
1500 2560 1712 2629 ingenio
1741 2561 1821 2614 nsi
1850 2571 1991 2624 sunt,
2017 2572 2072 2615 ut
2103 2578 2162 2616 os
2184 2564 2236 2616 in

659 2664 752 2701 sua
782 2649 903 2701 mali
932 2648 979 2701 ia
1012 2659 1268 2715 caperent
1298 2667 1309 2701 :
1341 2649 1533 2717 quibus
1578 2651 1773 2706 restitit
1803 2653 1977 2705 divina
2006 2653 2239 2707 Trinitas

659 2755 752 2808 pcr
781 2749 983 2794 vestras
1012 2751 1222 2794 sanctas
1254 2755 1439 2809 preces
1470 2758 1484 2806 ;
1517 2751 1571 2795 et
1597 2757 1716 2795 cum
1760 2743 2075 2811 deprehensi
2113 2744 2240 2797 fuis-

658 2841 777 2885 sent
800 2832 851 2885 in
884 2846 976 2885 sua
1002 2832 1225 2897 malitia,
1253 2848 1520 2901 nunquam
1547 2837 1811 2901 potuimus
1840 2833 2239 2903 archiepiscopo

662 2923 886 2977 suadere
948 2933 1003 2977 ιιι
1032 2922 1096 2977 ad
1151 2924 1285 2977 viam
1315 2923 1554 2977 veritatis
1581 2932 1636 2978 et
1666 2923 1729 2976 ad
1760 2933 1931 2977 vestra
1978 2938 2237 2993 prmeepta

657 3022 977 3069 verteretur.
1009 3013 1111 3069 Sed
1140 3016 1299 3068 modo
1329 3030 1449 3068 cum
1480 3014 1810 3068 advenerunt
1842 3015 2129 3068 beatissimi
2159 3028 2237 3069 at-

658 3120 759 3173 que
787 3106 1065 3159 Sanctis-sit
1091 3106 1106 3159 i
1133 3104 1335 3159 domini
1376 3105 1610 3174 episcopi
1642 3104 1723 3158 vel
1755 3106 1962 3159 diaconi
1992 3105 2179 3159 directi
2208 3122 2237 3160 a

657 3204 839 3250 sancta
886 3212 1079 3250 corona
1126 3206 1334 3257 vestra.
1376 3206 1721 3251 occurrerunt
1770 3199 1874 3251 illis
1922 3198 2240 3267 Scatnpinns

658 3288 938 3355 cpisc0pus
964 3289 1044 3339 vir
1085 3287 1427 3342 beatissimus
1458 3289 1653 3357 Trujns
1698 3305 1817 3344 cunt
1861 3292 2005 3345 omni
2047 3293 2239 3360 gaudio

660 3385 714 3428 et
736 3377 1120 3431 lttminaribns:
1145 3386 1220 3445 et,
1249 3390 1493 3445 porrecto
1510 3380 1687 3434 libel'o
1701 3382 1988 3434 secundum
2005 3395 2236 3437 vestram

662 3466 1100 3534 przeceptionetn,
1134 3470 1311 3521 statim
1358 3472 1554 3537 recepti
1593 3481 1715 3523 sunt
1746 3472 1795 3522 in
1834 3486 1963 3538 pace
2003 3474 2232 3539 Christi,

659 3566 715 3610 et
744 3558 933 3610 missas
960 3559 1295 3612 eeltbravere
1325 3576 1447 3613 eum
1475 3562 1727 3629 episcopo
1757 3563 1809 3616 itt
1837 3562 2116 3628 Scampina
2156 3567 2236 3620 ci-

661 3648 843 3699 vitate.
878 3642 941 3699 Et
967 3646 1209 3700 videntes
1238 3649 1655 3717 Lignidonenses
1678 3655 1816 3721 quod
1849 3654 1972 3709 fecit
1994 3654 2239 3726 Scampi-

661 3752 782 3800 ntts,
814 3738 972 3791 simili
1005 3739 1163 3792 modo
1191 3751 1244 3795 et
1274 3741 1371 3808 ipsi
1403 3743 1571 3795 secuti
1603 3752 1745 3797 sunt.
1778 3744 1928 3798 Nunc
1955 3746 2081 3799 dttm
2111 3748 2239 3801 istas

663 3829 868 3881 litteras
893 3828 1024 3882 ordia
1049 3845 1284 3895 aremus,
1308 3833 1616 3898 supervenit
1640 3834 2007 3903 Magistrianus
2022 3837 2088 3889 de
2110 3839 2240 3892 urbe

659 3918 1269 3986 Const-tttinopolitana,
1300 3923 1386 3988 qui
1418 3925 1675 3975 nuntiavit
1700 3924 1827 3992 quia
1874 3926 1982 3980 Deo
2012 3927 2239 3996 propitio

661 4012 910 4077 precibus
941 4013 1138 4066 sanctis
1168 4015 1361 4067 vestris
1390 4024 1443 4066 et
1472 4015 2041 4083 Constantinopolitani
2075 4019 2237 4071 mise-

661 4111 783 4153 rnnt
811 4103 1089 4155 anathema
1121 4104 1340 4167 Acacio,
1374 4112 1426 4156 et
1455 4120 1575 4157 cum
1610 4120 1739 4172 pace
1772 4107 1973 4159 Pascha
2002 4108 2239 4162 celebra-

662 4199 871 4244 verunt.
900 4190 1014 4244 Jam
1062 4192 1203 4258 quod
1248 4202 1519 4260 sequatur,
1549 4204 1726 4248 vestra
1760 4194 2072 4251 intercessio
2101 4200 2241 4266 apud

662 4282 826 4336 Deum
848 4284 1074 4347 laboret,
1104 4295 1162 4338 ut
1185 4287 1251 4338 ad
1281 4287 1573 4354 perfectum
1596 4288 1737 4340 servi
1763 4291 1905 4342 sedis
1932 4292 2240 4357 apostolica:

661 4373 1019 4429 inveniantur.
1057 4378 1318 4444 Epistolas
1359 4393 1487 4431 vero
1537 4395 1669 4449 quas
1723 4381 2125 4436 destinaverunt
2174 4384 2238 4436 ad

660 4480 834 4518 meam
882 4466 1232 4521 humilitatem
1275 4484 1433 4536 supra
1479 4485 1597 4522 meo
1622 4472 1755 4524 orati
1806 4472 1901 4525 viri
1953 4473 2242 4529 beatissimi

659 4557 893 4624 episcopi
950 4559 1133 4627 pietati
1194 4569 1386 4614 vestrm
1427 4560 1640 4630 jubetas
1670 4566 1960 4621 transmisi.
2008 4566 2237 4637 Accepta

659 4645 745 4700 die
776 4662 880 4715 quo
907 4663 1089 4715 supra.

1078 4741 1095 4762 '
1138 4738 1516 4794 EXEMPLUM
1558 4741 1819 4796 “BELLI

869 4844 1080 4883 JOANNIS
1119 4846 1348 4885 ῑριεοορι
1387 4848 2012 4889 CONSTANTINOPOLII'A“.

660 4914 973 4970 Catholicam
1002 4919 1151 5000 ﬁdem
1182 4923 1467 5000 pro/iterur.
1506 4922 1779 5000 [iterem-os
1822 4943 1990 4981 attines
2026 4938 2073 4981 et
2109 4945 2238 4998 prte-

1074 4994 1219 5059 cipue
1245 4994 1483 5045 Acacium
1514 4997 1813 5047 detestatur.

733 5076 958 5130 Dom'no
986 5095 1103 5131 meo
1131 5096 1223 5148 per
1264 5085 1440 5136 omnia
1472 5086 1810 5138 sanctissimo
1849 5097 1901 5139 et
1928 5087 2235 5142 beatissimo

662 5165 811 5218 fratri
840 5174 892 5219 t‘l
931 5170 1299 5225 connninistro
1341 5174 1638 5230 llortnisdae
1677 5175 1909 5231 Joannes
1952 5174 2236 5250 episcopus

654 5258 705 5309 itt
742 5257 968 5310 Domino
993 5260 1239 5317 salutem.

729 5349 972 5405 Redditis
998 5352 1126 5406 mihi
1157 5354 1346 5409 litteris
1373 5369 1565 5413 vestra:
1592 5361 1909 5422 sanctitatis,
1943 5362 1992 5416 itt
2020 5361 2236 5419 Christo

656 5443 818 5496 frater
841 5445 1149 5509 carissime,
1197 5462 1290 5514 per
1317 5447 1535 5503 Gratum
1566 5454 1917 5508 clarissimum
1950 5458 2231 5523 comitem,

654 5542 703 5583 vt
737 5548 879 5588 nunc
908 5551 1003 5601 per
1032 5536 1359 5591 Germanum
1388 5553 1441 5593 et
1470 5541 1727 5598 Joannem
1761 5547 2235 5602 reverendissimos

655 5625 969 5691 episcopos,
1024 5626 1253 5680 Felicem
1284 5638 1339 5682 et
1377 5629 1684 5686 Dioscorum
1728 5638 2094 5692 sanctissimos
2122 5637 2234 5692 dia-

656 5728 841 5777 conos,
869 5725 921 5767 et
948 5716 1203 5769 blandum
1231 5720 1617 5790 presbyterum,
1654 5724 1861 5782 lzetatns
1892 5745 2007 5782 sum
2030 5729 2095 5785 de
2120 5731 2198 5799 spi

726 5825 745 5845 ‘
777 5824 1006 5889 I‘Ipi-lulu
1040 5830 1152 5883 sive
1183 5830 1413 5887 litteiltts.

2340 1985 2543 2051 apicem
2586 1985 2896 2053 placitorum
2927 1987 3259 2055 perturbare,
3294 1988 3471 2054 lapsos
3496 2001 3617 2042 esse
3660 2001 3688 2039 a
3729 1994 3909 2040 sancta

2342 2076 2433 2130 Dei
2465 2078 2696 2144 generali
2719 2088 2771 2131 et
2793 2078 3083 2147 apostolica
3113 2077 3348 2132 Ecclesia
3372 2076 3585 2163 δειράδι
3611 2078 3713 2130 tuis
3732 2076 3909 2130 verbis

2339 2176 2483 2219 reete
2522 2166 2677 2219 dictis
2719 2166 2996 2220 evidenter
3029 2176 3213 2229 utens,
3260 2183 3352 2234 per
3393 2158 3673 2235 praesentia
3714 2166 3911 2234 scripta

2342 2253 2455 2308 inec
2485 2255 2608 2310 dico
2636 2273 2649 2309 :
2682 2256 2855 2309 Prima
2881 2257 3023 2309 salus
3051 2265 3163 2314 est.
3196 2267 3353 2310 recta:
3395 2256 3515 2310 tidei
3550 2256 3785 2325 regulam
3816 2271 3908 2309 eu-

2339 2344 2570 2408 stodire,
2603 2356 2657 2400 et
2698 2362 2726 2398 a
2763 2346 2974 2400 Patrum
3009 2346 3290 2401 tradilione
3320 2346 3617 2400 nullatenus
3655 2346 3908 2407 deviare;

2339 2442 2463 2508 quia
2495 2456 2601 2494 non
2648 2450 2820 2509 potest
2866 2441 3074 2495 Domini
3118 2443 3282 2494 nostri
3321 2440 3445 2494 Jesu
3472 2439 3669 2494 CltriSti
3697 2448 3909 2506 prmter-

2342 2532 2475 2586 mitti
2503 2535 2785 2595 sententia,
2818 2533 3079 2586 dicentis:
3114 2532 3194 2585 Tu
3223 2550 3275 2586 es
3309 2531 3508 2594 Pe'rns,
3541 2543 3585 2584 e!
3608 2547 3759 2599 super
3784 2529 3910 2581 hanc

2340 2634 2535 2692 pe‘ram
2570 2624 2838 2677 wdirirato
2865 2618 3145 2677 Eccleiam
3178 2640 3336 2675 meam
3367 2621 3578 2683 (Matth.
3610 2622 3744 2687 xvt).
3789 2619 3911 2673 Haec

2341 2728 2457 2780 qua:
2489 2712 2628 2766 dicta
2660 2723 2783 2766 sunt
2821 2728 2998 2767 rerum
3044 2714 3335 2777 t-rnbantur
3360 2712 3679 2767 eﬂectibus:
3709 2711 3828 2779 quia
3860 2711 3909 2763 in

2341 2802 2467 2856 sede
2495 2804 2784 2871 apostolica
2832 2803 3151 2857 inviolabilis
3184 2818 3396 2871 semper
3442 2802 3702 2856 catholica
3737 2812 3907 2854 custo-

2341 2893 2484 2947 ditur
2510 2894 2715 2961 religio.
2748 2894 2819 2948 De
2846 2893 2944 2949 hac
2970 2894 3128 2963 igitur
3149 2894 3254 2948 [ide
3280 2910 3383 2946 non
3406 2893 3598 2947 cadere
3618 2894 3913 2961 cupientes,

2341 2995 2396 3038 et
2426 2986 2637 3040 Patrum
2669 2994 2953 3054 sequentes
2984 2986 3315 3054 inomnibus
3348 2985 3630 3039 constituta
3652 3024 3667 3047 ,
3697 2984 3910 3038 anathe»

2342 3079 2655 3131 matizamus
2675 3092 2864 3131 omnes
2888 3078 3137 3134 Ita-reses.
3168 3078 3433 3144 praecipue
3461 3091 3586 3129 vero
3609 3075 3913 3129 Nestorium

2344 3168 2674 3233 hrcreticum,
2706 3168 2817 3237 qui,
2843 3167 3106 3236 quondam
3140 3165 3733 3229 Constantinopolitanae
3764 3164 3911 3217 urbis

2266 3254 2311 3314 C
2343 3260 2662 3327 episcttpns,
2710 3259 2990 3313 damnatus
3032 3258 3083 3311 itt
3133 3257 3361 3311 concilio
3405 3255 3669 3324 Epltesino
3698 3270 3727 3307 a
3760 3256 3911 3308 beato

2342 3350 2633 3405 Caelestino
2659 3366 2789 3420 papa
2820 3352 2966 3403 urbis
2992 3351 3196 3414 nonne,
3220 3361 3272 3403 et
3296 3364 3323 3402 a
3352 3347 3644 3403 venerabili
3672 3347 3787 3402 viro
3813 3347 3912 3415 Cv-

2342 3443 2462 3495 rillo
2486 3443 2741 3510 episcopo
2776 3442 3150 3495 Alexandrina:
3177 3440 3406 3494 civitatis
3434 3458 3445 3491 :
3476 3450 3531 3493 et
3554 3454 3655 3493 una
3679 3453 3798 3492 cum
3829 3439 3914 3491 illo

2340 3534 2846 3587 anathematizamus
2878 3534 3224 3603 Eutychetetn
3268 3544 3320 3586 et
3347 3533 3658 3586 Dioscorum
3690 3534 3911 3587 Alexan-

2339 3625 2509 3678 drina:
2524 3625 2753 3679 civitatis
2771 3626 3105 3694 episcopum,
3129 3626 3406 3678 damnatos
3430 3624 3482 3677 in
3505 3635 3687 3677 sartrta
3712 3624 3914 3694 synodo

2341 3715 2761 3770 Chalcedonensi
2787 3757 2802 3780 ,
2850 3728 3006 3784 quam
3041 3723 3356 3768 venerantes
3399 3713 3673 3780 sequimur
3707 3722 3762 3766 et
3805 3728 3912 3765 am-

2344 3806 2646 3874 plecdmnr,
2676 3823 2794 3875 qua:
2817 3820 3050 3874 sequens
3076 3815 3311 3858 sanetam
3338 3803 3596 3873 synodum
3623 3803 3912 3870 Nicmnam,

2342 3897 2685 3963 apostolicam
2721 3894 2877 3949 iidem
2911 3895 3218 3963 prmdicavit
3248 3912 3262 3949 :
3297 3894 3377 3946 his
3419 3894 3797 3959 coniungentes
3823 3892 3911 3945 Ti-

2344 3987 2615 4040 motheum
2653 3986 2993 4050 tarricidam.
3029 3984 3271 4039 jElnrum
3304 3986 3754 4053 cognominatum,
3785 3998 3912 4035 ana-

2346 4082 2781 4141 thematizamus,
2831 4089 2885 4132 et
2930 4078 3086 4146 hujus
3125 4078 3439 4143 discipulum
3470 4087 3523 4131 et
3552 4090 3831 4146 sequacem
3864 4076 3913 4128 in

2343 4173 2591 4225 Omnibus
2617 4172 2828 4224 l’t-trnnt
2852 4170 3264 4224 Alexandrinum
3293 4171 3535 4224 similiter
3555 4170 3913 4224 condemnan-

2345 4275 2443 4318 tes.
2496 4266 3022 4318 Anatbentatizatnus
3069 4264 3311 4317 similiter
3356 4263 3606 4316 Acacium
3649 4262 3913 4328 quondam

2342 4357 2949 4426 Constantinopolitanze
2983 4356 3129 4409 urbis
3155 4358 3460 4424 episeopum
3485 4354 3799 4421 eomplicem
3829 4369 3911 4405 eo-

2346 4465 2486 4514 rum,
2516 4459 2568 4502 et
2598 4464 2876 4518 sequacem
2916 4450 3110 4502 factum
3135 4490 3149 4512 ,
3183 4466 3278 4501 nec
3306 4464 3408 4500 non
3437 4457 3490 4502 et
3520 4458 3914 4515 perseveran'es

2344 4554 2531 4591 eorum
2577 4539 2936 4593 communioni
2967 4548 3020 4591 et
3060 4538 3488 4608 participationi:
3520 4553 3742 4607 quorum
3775 4539 3914 4589 enim

2264 4625 2319 4683 D
2342 4628 2460 4696 quis
2504 4629 2929 4683 communionettt
2962 4628 3351 4694 complectitur,
3384 4643 3567 4680 eorum
3611 4635 3664 4680 et
3690 4626 3913 4678 similem

2343 4717 2787 4785 adjudicationem
2838 4720 2889 4770 in
2938 4719 3381 4773 contlentnatione
3424 4718 3789 4784 con~eqnitnr.
3837 4716 3914 4769 Si.

2344 4810 2455 4862 mili
2486 4810 2644 4860 ntodo
2681 4820 2734 4864 et
2782 4810 2994 4863 l‘etrum
3044 4810 3429 4863 Antiochenam
3471 4809 3915 4869 condemnantes,

2345 4899 2854 4954 anathentatizamtts
2880 4917 2999 4954 cum
3023 4902 3336 4969 st-qttaeibus
3359 4902 3492 4964 suis,
3523 4912 3570 4953 et
3597 4900 3645 4953 in
3674 4897 3915 4951 omnibus

2341 4988 2453 5043 suis
2485 4989 2760 5060 (omnibus
2789 4990 3153 5060 supradictis).
3201 4991 3349 5045 Unde
3382 4991 3666 5057 probamus
3705 5002 3755 5043 et
3801 5004 3914 5040 am.

2343 5079 2628 5147 plectimur
2685 5082 2938 5150 epistolas
2981 5096 3166 5134 omnes
3231 5081 3287 5134 Β.
3340 5082 3529 5136 [Αὐιιίς
3578 5097 3726 5148 papa:
3774 5080 3915 5133 urbis

2346 5170 2561 5234 Rontte,
2605 5188 2734 5240 quas
2765 5171 3084 5238 c0n-eripsit
3126 5173 3192 5223 de
3224 5180 3363 5223 recta
3399 5173 3520 5222 title.
3564 5174 3915 5238 Qll:lpl‘0|tlel‘,

2344 5262 2482 5316 sicut
2514 5262 2883 5329 prmdiximtts,
2915 5272 3198 5331 sequentes
3229 5262 3278 5313 itt
3308 5262 3552 5315 rmnibus
3579 5278 3636 5313 se
3660 5267 3761 5311 tem
3789 5278 3906 5324 apo-

2343 5353 2616 5415 stnlicam,
2649 5364 2695 5406 et
2734 5353 3082 5421 praedicamus
3119 5352 3297 5406 omnia
3322 5366 3442 5415 qua:
3469 5351 3536 5404 ab
3568 5351 3677 5415 ipsa
3704 5352 3913 5404 decreta

2344 5452 2496 5504 sunt,
2545 5453 2597 5496 et
2646 5452 2920 5510 protutet'ca
2961 5459 3121 5511 spero
3168 5445 3217 5496 itt
3263 5458 3364 5496 una
3407 5442 3781 5497 Cnntntuttionc
3829 5459 3902 5495 vo-

2340 5536 2576 5598 biscum,
2622 5551 2778 5603 qnam
2811 5536 3101 5603 apostolica
3145 5536 3301 5590 sedes
3340 5536 3624 5607 praedicat,
3654 5552 3738 5591 tne
3779 5536 3890 5589 fn'u

2340 5641 2479 5689 rum,
2517 5626 2567 5678 in
2596 5641 2695 5694 qua
2721 5636 2798 5678 est
2828 5626 3027 5695 integra
3064 5627 3382 5682 CltriStiana:
3424 5628 3695 5696 religionis
3720 5638 3771 5682 et
3798 5642 3891 5696 per

2339 5719 2474 5773 fecta
2507 5717 2768 5772 soliditas.
2803 5716 3183 5775 Promittcntes
3210 5720 3261 5773 itt
3294 5720 3538 5791 sequenti
3566 5731 3802 5789 tempore
3844 5735 3910 5772 rc-

2413 5842 2451 5860 “
2486 5841 2567 5894 Al.
2592 5842 2725 5896 nisos
2780 5841 2947 5896 "Mitt.
