4262 6264
317 416 423 473 M5

1479 419 1834 477 erasmus
1876 420 1960 476 ET
2001 417 2337 489 omnem.

3464 418 3567 471 μϐ

316 540 627 602 questratos
655 546 685 584 a
712 533 1087 587 communione
1119 532 1372 587 Ecclesia:
1398 532 1673 587 catholica:
1698 573 1711 594 ,
1742 533 1791 585 id
1820 542 1902 587 est
1931 539 1975 595 Α
2006 530 2419 585 considerationi
2456 540 2643 587 vestra:
2678 532 3029 600 portitorique
3060 532 3408 601 relinquimus
3431 534 3571 601 quod

318 626 373 678 iu
399 622 653 677 omnibus
677 638 780 676 non
803 624 1201 677 consentientes
1229 624 1340 675 sedi
1361 624 1687 690 apostolica,
1714 638 1895 676 eorum

318 714 538 767 nomina
563 713 702 766 inter
720 727 870 767 serra
894 728 1000 765 non
1020 712 1286 766 recitando
1309 728 1429 765 esse
1452 712 1722 781 mysteria.
1747 711 1897 777 Quod

316 805 363 856 si
412 804 465 856 in
510 804 691 870 aliquo
720 816 749 855 a
796 801 1129 870 professione
1172 817 1289 856 mea
1326 803 1569 857 dubitare
1601 810 1895 869 Ientavero,

317 894 401 945 his
430 908 566 960 quos
588 886 883 946 condemns
894 892 965 957 vi,
989 908 1084 961 per
1104 892 1601 948 condemnationem
1630 896 1896 961 propriam

312 990 630 1036 consortem
663 997 748 1035 me
777 997 895 1035 esse
927 982 1199 1049 profiteor.
1245 983 1377 1037 Iluie
1407 999 1536 1037 vero
1584 985 1897 1053 professioni

315 1070 615 1139 subscripsi
649 1086 765 1125 mea
797 1088 980 1136 manu,
1011 1083 1064 1126 et
1092 1073 1261 1127 direxi
1293 1088 1388 1141 per
1416 1076 1611 1139 scripta
1645 1076 1735 1129 tibi
1767 1076 1901 1129 llor-

319 1162 509 1216 utide
541 1172 725 1216 saneto
752 1172 808 1216 et
854 1163 1162 1217 beatissimo
1210 1164 1355 1218 fratri
1403 1175 1458 1219 et
1499 1180 1649 1234 papa:
1695 1182 1899 1235 magn-te

320 1253 534 1316 ltomr,
566 1269 659 1319 per
684 1254 1074 1318 suprascriptos
1094 1253 1415 1308 Germanum
1444 1264 1498 1309 et
1524 1255 1781 1310 Joannem
1810 1272 1900 1309 ve.

320 1342 591 1397 nerabiles
615 1344 894 1409 episcopos
913 1383 928 1403 ,
961 1354 1017 1398 et
1048 1343 1277 1399 Felicem
1309 1354 1364 1399 et
1393 1344 1700 1400 Dioscorum
1722 1345 1900 1399 diacoo

319 1452 443 1500 nos,
474 1447 527 1489 et
560 1436 816 1489 Blandum
854 1435 1241 1505 presbyterum.
1272 1435 1339 1489 Et
1369 1438 1475 1489 alia
1514 1454 1709 1490 manu:
1736 1438 1901 1491 Joan-

316 1540 416 1579 nes
447 1526 813 1581 misericordia
860 1527 951 1580 Dei
993 1528 1275 1596 episcopus
1302 1528 1899 1595 Constantinopolitanae

318 1618 548 1671 novella:
597 1617 780 1676 Romae
828 1616 928 1671 hac
976 1633 1093 1672 mea
1144 1618 1473 1685 professione
1522 1621 1897 1685 consentiens,

317 1707 575 1763 omnibus
626 1708 944 1777 supradictis
1000 1709 1291 1776 subscripsi
1335 1723 1495 1763 sanus
1548 1709 1598 1762 iu
1653 1708 1695 1761 D
1731 1709 1896 1762 mino.

321 1798 451 1852 Data
500 1813 684 1853 mense
728 1798 917 1852 Martio
959 1798 1047 1853 die
1078 1798 1146 1852 27
1186 1796 1320 1868 (‘28),
1366 1798 1651 1853 indictione
1699 1797 1901 1853 duode-

2001 620 2177 689 eloqui
2208 637 2312 673 non
2352 621 2609 675 valemus.
2651 621 2695 674 A
2729 621 2922 687 palatio
2951 623 3002 674 in
3041 622 3321 676 ecclesiam
3366 637 3573 679 summa

2000 728 2121 767 cum
2172 712 2487 768 celebritate
2540 714 2901 779 pervenimus,
2932 722 2987 768 ut
3019 714 3136 767 fidei
3166 715 3573 784 animorumque

2000 803 2339 857 concordiam
2381 805 2457 871 (α)
2498 803 2752 857 solemnis
2780 819 2990 873 quoque
3020 804 3302 859 celebritas
3351 806 3571 860 robora-

2001 904 2102 948 ret.
2137 893 2233 946 Vix
2264 893 2408 947 credi
2441 902 2616 961 potest
2655 894 2771 962 quis
2805 893 2961 947 fletus
2987 894 3295 957 laitantium,
3324 911 3443 964 qua:
3474 895 3571 948 iiii-

2002 986 2260 1043 mensitas
2289 985 2447 1041 fuerit
2478 986 2873 1056 exundatioque
2906 989 3218 1054 populorum
3244 1004 3258 1040 :
3286 988 3394 1054 ipsa
3421 1002 3570 1041 suam

2001 1076 2236 1130 ltetitiam
2268 1077 2418 1130 turba
2456 1076 2775 1131 mirabitur:
2809 1092 2906 1132 nec
2930 1077 3163 1131 dubitari
3213 1085 3420 1146 poterat
3460 1092 3569 1128 ma-

2000 1183 2124 1225 num
2152 1166 2392 1222 adfuisse
2429 1167 2729 1230 ctelestem,
2760 1182 2879 1235 qua:
2910 1168 3071 1221 talem
3114 1166 3311 1219 mundo
3342 1165 3568 1219 contulit

1999 1261 2278 1317 unitatem.
2311 1260 2490 1315 Acacii
2530 1260 2953 1328 prmvaricatoris
2987 1258 3418 1313 anathematizati
3469 1272 3568 1310 no-

1999 1365 2120 1405 men
2139 1351 2204 1405 de
2221 1349 2485 1419 diptychis
2505 1349 2902 1411 ecclesiasticis,
2928 1349 3019 1403 sed
3041 1360 3093 1402 et
3114 1358 3426 1402 caeteroruin
3457 1347 3570 1414 epi—

2005 1455 2314 1511 scoporum,
2347 1442 2434 1508 qui
2458 1455 2577 1494 eum
2605 1439 2657 1491 in
2686 1438 3060 1493 communione
3088 1437 3255 1491 secuti
3296 1447 3440 1499 sunt,
3467 1435 3572 1491 sub

1999 1540 2185 1587 nostro
2213 1512 2505 1597 conspectu
2532 1529 2895 1597 significamus
2921 1543 3119 1581 erasos.
3146 1527 3411 1582 Anastasii
3442 1541 3573 1592 quo-

1998 1638 2103 1692 que
2125 1638 2186 1677 ac
2214 1622 2446 1677 Zenonis
2483 1620 2699 1674 nomina
2749 1620 2996 1674 similiter
3036 1620 3102 1673 ab
3145 1619 3331 1674 altaris
3382 1617 3573 1671 recita-

2000 1714 2145 1769 tione
2176 1716 2421 1769 submota
2449 1731 2461 1766 :
2496 1729 2593 1780 pax
2627 1723 2708 1766 est
2735 1712 3064 1766 orationibus
3098 1710 3288 1765 vestris
3314 1708 3573 1763 Christia-

2002 1821 2190 1859 norum
2250 1806 2516 1859 mentibus
2569 1804 2775 1857 reddita
2816 1820 2828 1855 :
2864 1818 2963 1856 una
3015 1804 3177 1856 totius
3220 1812 3273 1855 et
3322 1800 3575 1854 Ecclesia:

326 1890 491 1954 rima,
513 1889 845 1958 (consulibus
862 1888 1077 1942 domino
1095 1888 1303 1944 JuSIiuo
1325 1888 1645 1957 imperatore
1664 1894 1898 1956 Augu~to
1929 1899 1977 1959 Β

1940 1899 1978 1959 Β
2000 1897 2201 1963 anima,
2244 1912 2346 1950 una
2385 1895 2566 1949 laetitia
2602 1912 2616 1948 :
2647 1895 2796 1952 solus
2824 1895 2968 1962 luget
2998 1894 3210 1947 humani
3241 1893 3449 1960 generis
3474 1891 3574 1943 iui-

321 1991 375 2036 ct
404 1980 609 2037 Eraclio
641 1978 973 2052 [Eutharico]
1002 1994 1120 2034 v.c.
1144 1996 1247 2034 mra
1278 1977 1475 2048 oLvu),
1506 1992 1770 2032 consensu
1797 1977 1895 2031 do-

322 2075 454 2130 mini
480 2074 672 2129 .lostini
699 2074 1042 2142 imperatoris
1064 2074 1313 2144 Augusti,
1346 2074 1631 2130 Eutharico
1659 2072 1772 2127 viro
1790 2072 1897 2127 cla-

308 2167 540 2221 rrissimo
563 2166 788 2220 consule
813 2170 977 2229 (anno
1006 2165 1214 2219 Domini
1243 2166 1389 2233 5l9).

815 2256 981 2312 ΙΪΕΜ
1022 2256 1196 2313 SUGG
1208 2257 1399 2312 ESTIU

325 2365 554 2404 ςειυιηι
586 2366 652 2403 ET
681 2364 893 2404 JOANNIS
918 2362 1299 2415 ενιεεοροιιυκ,
1324 2364 1524 2403 FELICIS
1540 2364 1605 2402 ΕΤ
1639 2362 1896 2411 ιιιοεεοιιι,

594 2455 952 2505 υιΑιιυκοιιωι,
986 2455 1054 2495 ΕΤ
1081 2455 1265 2494 BLANDI
1291 2454 1631 2493 Ριιιδιιγτιῖιιι.

325 2531 532 2594 Quanto
574 2546 691 2584 cum
740 2532 929 2584 honore
975 2531 1036 2581 ab
1068 2531 1373 2599 imperatore
1418 2528 1517 2582 sint
1570 2526 1762 2595 accepti
1806 2540 1827 2579 :
1868 2542 1900 2579 a

392 2622 599 2676 Joanne
640 2622 876 2691 episeopo
916 2622 1035 2687 ﬁdei
1066 2621 1202 2689 (Ed.
1269 2621 1423 2675 liom.
1455 2619 1601 2671 addit
1639 2617 1899 2685 libellum)

392 2713 758 2782 subscriptum,
788 2721 841 2765 et
862 2714 1047 2767 Acacio
1073 2710 1365 2779 ueterisque
1389 2708 1719 2763 sectatoribus
1750 2707 1899 2759 dant-

398 2806 555 2869 natis,
584 2820 751 2872 pacem
785 2803 1023 2865 Ecclesia:
1055 2802 1332 2857 redditam.

401 2897 519 2950 Non
564 2898 729 2950 miiai
755 2912 819 2949 ur
848 2895 1175 2963 apostolatus
1219 2895 1383 2949 vestri
1426 2891 1668 2961 precibus
1711 2899 1898 2945 cuncta

326 2988 483 3041 nobis
528 3004 781 3057 prospera
831 2991 1179 3052 successisse,
1225 2986 1455 3042 scientes
1484 2987 1627 3053 quod
1673 2983 1902 3052 amplius

328 3090 510 3133 nostro
541 3079 841 3135 ministerio
885 3089 1061 3133 vestra
1113 3094 1209 3147 pro
1240 3079 1392 3133 nobis
1429 3079 1672 3133 elaboret
1706 3080 1897 3132 oratio.

328 3175 399 3226 lta
428 3174 573 3227 enim
620 3182 764 3226 totus
789 3187 848 3225 se
886 3171 1235 3226 ecclesiastici
1278 3172 1476 3240 negotii
1509 3170 1626 3224 tulit
1655 3177 1897 3228 eventus.

329 3275 384 3317 ut
410 3263 646 3318 dubitari
679 3279 782 3317 non
817 3263 981 3330 pos-it
1011 3263 1147 3314 beati
1176 3262 1316 3316 Petri
1349 3277 1442 3325 per
1470 3260 1674 3328 singula
1707 3271 1892 3326 prove-
1925 3258 1971 3319 C

330 3358 475 3411 uisse
501 3356 852 3416 miraculum;
888 3355 1117 3423 primum
1147 3353 1285 3420 quod
1314 3360 1515 3407 tantum
1548 3352 1600 3404 in
1644 3351 1771 3418 ipsis
1810 3350 1896 3418 qui

329 3447 588 3517 dignitate
638 3448 924 3515 funguntur
972 3446 1270 3500 invenimus
1310 3444 1583 3513 religionis
1610 3443 1895 3507 ardorem,

328 3549 387 3591 ut
417 3538 732 3600 Vitalianus,
763 3537 1045 3605 Pompeius
1078 3545 1133 3589 et
1161 3534 1493 3590 .lustinianus
1531 3534 1682 3587 nobis
1707 3546 1896 3586 occur-

329 3638 514 3682 rerent
543 3628 597 3681 in
626 3630 812 3681 decem
842 3626 1094 3688 millibus,
1137 3626 1281 3682 etde
1309 3625 1537 3680 adventu
1567 3632 1749 3678 nostro
1776 3637 1897 3677 cum

332 3729 513 3773 vestra
554 3719 841 3784 gruiarum
886 3719 1094 3771 actione
1122 3715 1335 3785 gloriari
1379 3731 1483 3770 non
1513 3715 1901 3769 arbitrarentur

335 3810 631 3878 indignum.
660 3809 858 3864 Deinde
883 3809 1023 3877 quod
1049 3819 1190 3863 tanta
1230 3811 1326 3862 fuit
1347 3809 1507 3863 etiam
1539 3808 1591 3865 in
1628 3807 1779 3877 plebe
1808 3808 1898 3861 de-

333 3903 493 3969 votio,
528 3913 585 3954 ut
609 3917 732 3971 pars
760 3900 987 3956 maxima
1033 3901 1347 3969 populorum
1375 3915 1498 3955 cum
1535 3899 1707 3955 cereis
1738 3900 1897 3953 simul

334 4006 384 4047 et
412 3994 656 4048 laudibus
682 3993 871 4047 vestris
902 4005 1142 4045 nostrum
1174 3993 1570 4061 prmtolaretur
1590 3992 1898 4047 adventum.

335 4086 441 4139 Sub
467 4086 567 4138 hac
594 4084 772 4151 itaque
790 4085 1108 4153 celebritate
1134 4084 1363 4137 secunda
1390 4084 1521 4136 feria
1554 4083 1901 4137 hebdomadte

338 4176 550 4242 majoris
578 4173 1094 4241 Constantinopolim
1121 4176 1347 4239 sospites
1376 4172 1676 4241 hilaresque
1705 4185 1899 4225 conve-

336 4268 508 4321 nimus
541 4281 556 4321 :
582 4275 905 4333 posteroque
926 4263 1015 4317 die
1046 4262 1285 4329 piissimo
1315 4262 1539 4329 principi
1571 4262 1898 4328 prtesentati,

334 4366 478 4409 tanto
505 4357 623 4424 ejus
652 4354 871 4408 relevati
916 4368 1097 4406 sumus
1136 4352 1348 4414 aliectu,
1383 4352 1509 4404 utsi
1548 4351 1648 4403 alia
1682 4350 1902 4404 minime

338 4447 725 4510 prmcedorent.
751 4446 861 4499 sola
897 4444 1051 4499 nobis
1071 4444 1135 4496 ad
1173 4444 1418 4496 solatium
1453 4442 1672 4511 piissimi
1709 4442 1903 4510 princi-

336 4538 412 4606 pis
430 4538 602 4608 gratia
634 4538 928 4592 suffecisset
955 4553 970 4591 :
1002 4536 1097 4591 sed
1125 4536 1454 4589 orationibus
1481 4536 1673 4589 vestris
1701 4534 1898 4603 majora

335 4636 510 4681 secuta
545 4636 692 4679 sunt.
726 4628 851 4679 Nam
891 4642 956 4680 eo
973 4627 1061 4681 die
1092 4628 1190 4679 sub
1217 4639 1433 4681 senatus
1462 4626 1637 4680 cuncti
1664 4640 1899 4695 prrcsen-
1934 4624 1983 4682 D

335 4718 401 4773 tia
433 4719 673 4786 episcopi
701 4734 912 4787 quoque
941 4728 1165 4786 quatuor
1192 4718 1497 4783 adfuerunt,
1520 4734 1653 4783 quos
1673 4717 1905 4770 Joannes

334 4809 950 4877 Constantinopolitanus
997 4807 1222 4861 antistes
1262 4824 1357 4878 pro
1388 4808 1553 4877 partis
1582 4825 1692 4862 sua:
1717 4809 1903 4861 defen-

334 4900 483 4955 sione
516 4898 903 4960 transmiserat,
936 4899 1127 4966 quibus
1161 4897 1469 4966 apostolica:
1497 4897 1639 4950 sedis
1672 4896 1904 4949 libellum

337 4990 687 5053 ostendimus,
722 4987 1008 5055 omniaque
1036 4988 1087 5042 in
1119 5004 1183 5041 eo
1216 4998 1355 5041 recta
1394 4989 1752 5056 canonicaque
1789 5002 1909 5042 esse

336 5081 694 5149 probavimus.
724 5084 1000 5135 l’ostremo
1024 5079 1203 5146 quinta
1236 5078 1392 5143 feria,
1424 5079 1523 5131 hoc
1553 5089 1652 5142 est,
1674 5078 1725 5130 iit
1755 5092 1907 5131 omna

341 5172 540 5223 Domini
566 5171 630 5221 ad
657 5171 908 5236 palatium
936 5172 989 5223 in
1019 5170 1255 5239 generali
1301 5178 1570 5223 conventu
1610 5168 1768 5222 venit‘
1798 5168 1909 5232 epi-

338 5272 553 5326 scopus,
586 5266 641 5310 et
665 5260 900 5324 perlecto
935 5258 1114 5313 libello
1139 5258 1498 5321 consentiens,
1531 5274 1650 5311 cum
1695 5274 1903 5311 summa

334 5355 620 5409 devotione
641 5356 1122 5425 sub.~cripsit.Quis
1146 5357 1373 5425 explicet
1401 5366 1593 5426 quanta
1628 5357 1735 5411 illic
1765 5359 1910 5426 prin-

334 5443 465 5509 cipis
513 5445 715 5510 pariter
758 5459 819 5497 ac
868 5456 1085 5499 senatus
1128 5447 1303 5501 la-titia
1339 5445 1518 5513 fuerit,
1551 5461 1682 5516 quas
1727 5448 1797 5501 ibi
1830 5449 1906 5501 Ia-

332 5550 545 5603 crymas
570 5535 757 5607 gaudia
790 5539 1115 5606 pepererint,
1146 5553 1278 5607 quas
1309 5554 1468 5593 voces
1499 5539 1579 5593 vel
1612 5541 1664 5593 in
1696 5540 1905 5593 laudem

335 5630 612 5698 ptincipis,
638 5629 718 5682 vel
747 5629 799 5681 in
830 5629 973 5682 sedis
1004 5642 1217 5695 vestrm,
1241 5633 1400 5685 totius
1417 5642 1584 5685 coetus
1607 5642 1657 5684 et
1690 5632 1816 5685 cleri
1837 5633 1911 5683 fa-

337 5737 427 5773 \ur
456 5722 675 5775 emisit?
706 5720 970 5789 Explicari
1002 5720 1115 5775 btet:
1141 5723 1398 5776 relatione
1430 5740 1533 5778 non
1566 5724 1908 5791 possunf,sed

406 5831 483 5900 (ιι)
514 5833 650 5884 ΕιΙιι.
678 5831 834 5885 Rom.
870 5832 1015 5887 addit
1044 5836 1431 5887 communionis.

1999 1989 2188 2047 micus,
2222 1998 2412 2045 vesme
2445 1987 2619 2055 precis
2644 1986 3037 2054 expugnatione
3067 1985 3303 2037 collisus.
3326 1982 3485 2035 Orate
3515 1991 3573 2033 ut

1999 2078 2387 2133 Antiochenam
2423 2091 2634 2145 quoque
2656 2076 2848 2130 similis
2882 2074 3365 2145 felicitasillustt‘et
3393 2072 3575 2125 Eccle-

1997 2171 2157 2235 siam,
2176 2170 2244 2224 de
2269 2169 2422 2238 cujus
2451 2168 2691 2223 antistite
2719 2168 2894 2223 adhuc
2921 2177 3173 2222 traczatus
3203 2175 3389 2220 nutare
3417 2179 3517 2218 con
3549 2193 3575 2205 -

1996 2264 2249 2332 spicitur;
2286 2263 2536 2333 quoniam
2576 2263 2716 2317 inter
2754 2262 2967 2315 diversa
2997 2271 3115 2314 Vttla
3162 2260 3474 2329 populorum
3506 2256 3578 2310 de

1999 2371 2240 2425 personae
2260 2354 2523 2408 eleCtioue
2550 2370 2653 2409 non
2687 2351 3207 2407 constat.(2retlimtts
3231 2360 3406 2402 tamen
3430 2346 3571 2415 quod

2000 2445 2247 2514 precibus
2275 2444 2619 2500 beatitudinis
2638 2454 2827 2499 vestrm
2846 2444 2912 2496 de
2943 2444 3054 2503 ipsa
3085 2455 3297 2510 quoque
3325 2438 3578 2495 velociter

1999 2535 2265 2591 ordinatio
2293 2533 2451 2603 digna
2482 2534 2782 2601 proveniat.
2816 2543 2872 2587 ut
2902 2543 3074 2602 empta
3104 2547 3200 2600 pax
3247 2528 3576 2597 temporibus

2001 2625 2193 2680 vestris
2234 2640 2328 2691 per
2375 2640 2587 2677 omnem
2639 2623 2893 2676 mundum
2947 2623 3143 2691 pariter
3195 2620 3474 2688 dirigatur,
3524 2626 3575 2672 et

1999 2715 2209 2771 cunctis
2227 2715 2278 2767 in
2306 2717 2653 2782 apostolicam
2673 2714 2911 2783 partilms
2940 2714 3367 2769 communionem
3395 2712 3554 2764 fidem

2001 2822 2104 2875 que
2147 2807 2586 2860 convenientibus
2637 2805 2892 2873 perfecte,
2940 2806 3075 2858 sicut
3130 2804 3331 2875 pridem
3384 2803 3579 2867 fuerat,

2002 2880 2251 2950 omnibus
2293 2895 2548 2951 membris
2591 2895 2750 2964 capiti
2794 2911 2893 2947 suo
2919 2904 3266 2950 connectatur
3316 2895 3573 2949 Ecclesia.

2604 2984 2988 3038 SUGGESTIO

2003 3091 2233 3130 otoscttm
2250 3091 2453 3131 DIACONI
2470 3092 2567 3129 res
2581 3089 2839 3129 rumoxw
2859 3075 3573 3144 (Pollianerrﬂsunotacoxuu.

2073 3164 2293 3218 Nuntiat
2319 3181 2434 3236 qua:
2469 3164 2842 3303 Tltessalquicaz
2866 3174 2909 3215 et
2934 3161 3368 3232 Constautt'oOpoli
3395 3171 3510 3233 acta

2716 3242 2914 3285 ucrant.
3314 3248 3317 3249 ν

2716 3242 2914 3285 iterant.
3314 3248 3317 3249 '

2073 3323 2357 3379 lneffabilis
2382 3323 2477 3377 Dei
2508 3323 2894 3389 omnipotentis
2923 3319 3306 3383 misericordia,
3338 3328 3388 3373 et
3412 3321 3576 3387 pietas

2003 3416 2142 3483 ejus,
2176 3431 2333 3484 quam
2362 3430 2523 3483 super
2555 3416 2845 3467 humanum
2879 3427 3046 3482 genus
3075 3411 3365 3464 clementer
3411 3410 3578 3464 effun-

2005 3506 2105 3571 dit,
2140 3506 2387 3560 humauis
2408 3505 2609 3559 viribus
2631 3504 2881 3558 aestimari
2912 3520 3016 3559 non
3037 3511 3229 3570 potest,
3263 3517 3576 3556 neesermo-

2004 3598 2156 3650 nibus
2183 3596 2464 3664 explicari;
2486 3595 2578 3649 sed
2595 3594 2787 3648 sufficit
2810 3593 2924 3661 ejus
2947 3602 3151 3646 tantum
3174 3592 3396 3646 consilia
3412 3592 3575 3645 devo-

2002 3689 2070 3742 tis
2089 3688 2330 3742 sensibus
2347 3688 2621 3753 admirari,
2642 3688 2844 3741 etscire
2862 3686 3034 3738 omnia
3055 3684 3191 3738 bona
3223 3684 3290 3737 de
3310 3684 3424 3751 ejus
3458 3694 3577 3736 tan-

2003 3787 2111 3832 tum
2129 3778 2313 3847 gratia:
2331 3778 2564 3847 pendere
2587 3776 2857 3831 remediis.
2884 3776 2975 3829 Est
3006 3776 3103 3828 ista
3120 3774 3427 3844 quotidiana
3452 3790 3575 3841 pro-

2000 3869 2144 3923 batio
2174 3884 2187 3919 :
2217 3868 2472 3920 audacter
2488 3875 2661 3920 tamen
2685 3881 2949 3935 praesumo
2972 3865 3170 3928 dicere,
3190 3862 3403 3917 demitte
3422 3878 3578 3915 meus

2002 3959 2309 4015 beatissime
2328 3959 2618 4028 papa,quia
2644 3971 2878 4026 praesens
2898 3971 3056 4009 causa
3082 3956 3345 4025 praeterita
3374 3964 3577 4008 cuncta

2004 4051 2348 4113 transcendit,
2380 4066 2537 4118 quam
2566 4050 2702 4103 Deus
2727 4051 2915 4102 vestris
2941 4048 3269 4114 temporibus
3293 4058 3342 4099 et
3370 4047 3582 4100 meritis

2002 4145 2314 4197 reservavit.
2341 4142 2477 4207 Quid
2521 4143 2573 4195 in
2607 4141 2813 4196 Aulone
2838 4142 2903 4194 sit
2933 4151 3131 4203 actum,
3158 4139 3282 4207 quid
3314 4138 3583 4205 Scampis,

2002 4233 2127 4301 quid
2156 4233 2361 4302 Lignidi
2418 4233 2571 4285 fuerit
2616 4232 2980 4292 subsecutum,
3012 4230 3279 4282 anteriore
3316 4228 3580 4296 significa-

2004 4323 2146 4377 tione
2186 4324 2447 4390 sttggessi.
2480 4320 2558 4373 Ad
2591 4316 3019 4373 'l‘ltcssalonicatit
3047 4319 3420 4384 p‘ervenimtts;
3448 4331 3587 4385 quas

2006 4413 2328 4465 intentiones
2380 4408 2859 4479 (contentiones)
2912 4407 3250 4459 habuerimus
3300 4420 3418 4460 cum
3467 4407 3581 4473 epi-

2007 4517 2172 4570 scopo
2194 4501 2679 4563 TilCSSﬂiOltiCCllsi,
2709 4509 2762 4554 et
2790 4516 2909 4569 quae
2931 4500 3066 4552 dicta
3094 4498 3284 4551 iuerint
3310 4498 3391 4551 vel
3419 4498 3583 4550 etiam

2006 4592 2315 4657 constituta,
2346 4595 2531 4644 harum
2565 4592 2836 4659 portitoris
2867 4590 2982 4643 viva
3017 4590 3373 4641 insinuatione
3400 4587 3579 4640 disce-

2009 4683 2096 4738 tis.
2125 4682 2276 4749 Quod
2310 4693 2483 4735 tamen
2514 4696 2618 4735 non
2647 4689 2858 4748 oportet
2885 4680 3158 4749 prteteriie
3188 4677 3420 4739 silentio,
3455 4677 3581 4728 ιιιβί-

2009 4791 2172 4828 nuare
2205 4791 2308 4827 non
2353 4774 2561 4827 differo.
2606 4774 2732 4827 Post
2777 4774 2939 4826 multa
2988 4772 3277 4826 certamina
3331 4769 3585 4839 prmfatus

2008 4867 2289 4933 episcopus
2328 4867 2534 4918 ratione
2557 4866 2831 4917 convictus
2858 4865 3093 4918 libellum
3122 4864 3456 4919 subscribere
3485 4881 3580 4916 vo-

2009 4955 2105 5009 luit
2125 4971 2139 5008 :
2159 4955 2251 5008 sed
2283 4956 2402 5024 quia
2432 4953 2671 5023 episcopi
2701 4953 2788 5022 qui
2816 4956 2916 5007 sub
2941 4955 3057 5022 ejus
3093 4962 3219 5006 sunt
3247 4954 3584 5010 ordinatione

2009 5047 2280 5102 constituti
2327 5062 2511 5101 omnes
2541 5063 2643 5099 nou
2676 5045 2918 5110 aderant,
2948 5046 3002 5098 in
3035 5046 3287 5114 praesenti
3320 5044 3420 5097 hoc
3451 5060 3576 5100 con-

2008 5139 2173 5202 venit,
2222 5140 2321 5190 hoc
2374 5137 2636 5204 promisit,
2670 5147 2726 5189 nt
2757 5147 2875 5204 post
2926 5135 3043 5188 dies
3098 5147 3335 5200 sanctos,
3385 5151 3491 5188 uno
3522 5152 3587 5188 ev

2011 5231 2165 5283 nobis
2188 5246 2217 5283 a
2245 5229 2372 5283 sede
2399 5227 3000 5293 Constantinopolitanae
3031 5227 3182 5279 urbis
3208 5226 3435 5289 directo.
3469 5228 3585 5295 epi-

2009 5323 2185 5388 scopis
2206 5323 2556 5388 conpregatis,
2576 5319 2663 5384 qui
2696 5319 2747 5370 iu
2771 5319 2885 5386 ejus
2906 5328 3030 5373 sunt
3051 5320 3268 5373 dimcesi
3286 5319 3584 5373 constituti.

2011 5412 2244 5465 libellum
2273 5410 2668 5462 subscribereut
2695 5425 2708 5460 :
2732 5410 2871 5478 quod
2895 5426 3017 5462 cum
3045 5411 3136 5464 Dei
3167 5409 3436 5476 adjutorio
3466 5421 3587 5460 crc-

2013 5503 2189 5555 dimus
2234 5513 2353 5551 esse
2395 5499 2792 5564 complendum.
2848 5499 2971 5553 Ilmc
3017 5511 3136 5551 sunt
3189 5496 3586 5553 Thessalonica!

2013 5589 2317 5645 constituta.
2363 5588 2559 5640 Vestris
2602 5590 2928 5643 orationibus
2971 5587 3330 5642 commendati
3356 5586 3421 5637 ad
3449 5584 3586 5639 Chn-

2013 5680 2533 5748 stautinopolitanam
2563 5681 2899 5749 pervenimus
2920 5681 3191 5733 civitatem
3205 5677 3336 5730 feria
3354 5692 3427 5730 set
3446 5676 3586 5730 unda

1940 5832 1943 5837 ἴ
2016 5772 2359 5827 hebdomadis
2409 5772 2749 5825 autbeutira'.
2789 5772 3000 5825 Decimo
3052 5771 3118 5824 ab
3166 5769 3295 5824 urbe
3330 5768 3589 5839 prsedirta.
