4262 6264
657 419 756 472 M7

1990 408 2361 465 HOllMlSDE
2399 408 2482 463 PA
2493 408 2599 464 PE

3809 414 3911 469 458

656 529 903 586 milliario
958 527 1215 581 sublimes
1242 534 1296 579 et
1322 522 1584 591 magnifici
1637 518 1736 575 viri
1788 523 1940 576 nobis
1980 538 2225 575 occurre-
2257 524 2300 580 Α
2335 521 2536 575 nicaret
2563 521 2864 590 cpiscopus,
2898 523 2986 589 qui
3019 522 3255 577 libellum
3302 524 3548 593 primitus
3591 542 3698 582 non
3727 528 3909 593 dedis-

656 629 800 683 runt,
832 621 968 672 inter
1007 632 1139 685 quos
1163 624 1286 667 sunt
1332 613 1586 682 magister
1635 611 1860 665 militum
1908 612 2227 674 Vitalianus,

655 709 938 777 Pompeius
964 718 1016 760 et
1045 706 1391 766 Justinianns,
1419 714 1474 758 et
1504 704 1591 757 alii
1622 712 1919 767 senatores,
1946 705 2229 771 cunctique

663 800 983 871 (multique)
1004 798 1278 852 catholicae
1308 798 1424 851 fidei
1455 797 1646 851 ardore
1672 811 1735 850 ac
1755 796 2022 851 desiderio
2052 797 2230 850 redin-

654 891 923 960 tegrandaa
959 889 1103 955 paris
1149 889 1425 942 ardebant.
1467 890 1600 955 Quid
1627 890 1816 956 plura?
1845 888 1977 942 Cum
2006 888 2228 942 summis

656 996 792 1047 pene
819 982 1056 1034 omnium
1087 980 1293 1047 gaudiis
1317 981 1645 1048 ingredimur
1672 980 1959 1033 civitatem.
1978 980 2092 1033 Alia
2116 980 2225 1044 die,

654 1088 769 1141 qme
797 1084 878 1125 est
910 1071 1062 1124 tertia
1098 1073 1246 1132 feria,
1289 1071 1509 1139 piissimi
1546 1070 1798 1140 principis
1843 1082 2227 1138 prtesentamnr

654 1164 986 1231 aspectibus:
1019 1172 1241 1216 cunctus
1265 1164 1371 1217 illic
1400 1165 1585 1217 aderat
1613 1173 1853 1230 senatus,
1881 1164 1931 1216 itt
1966 1178 2071 1228 quo
2100 1168 2229 1217 eon—

656 1266 816 1306 ventu
846 1263 997 1307 erant
1020 1264 1073 1306 et
1105 1254 1338 1321 episcopi
1361 1264 1762 1322 quatuor,quos
1784 1255 2067 1321 episcopus
2088 1252 2229 1307 Con-

654 1344 1155 1413 stantinopolitanus
1188 1360 1283 1413 pro
1322 1361 1415 1400 sua
1461 1360 1686 1413 persona
1735 1344 2025 1398 direxerat.
2061 1344 2228 1398 Obtu-

654 1432 814 1486 limus
848 1435 1188 1489 beatitudinis
1221 1446 1408 1488 vestra:
1442 1440 1665 1500 litteras,
1700 1450 1833 1504 quas
1872 1436 2227 1489 clementissi-

654 1538 771 1576 mus
803 1524 1048 1592 princeps
1082 1539 1200 1577 cum
1239 1525 1427 1593 grandi
1461 1527 1755 1579 reverentia
1789 1526 2043 1594 suscepit.
2080 1526 2225 1579 Dicta

654 1623 778 1665 sunt
806 1630 923 1682 qua:
968 1626 1091 1668 ante
1135 1616 1586 1669 examinationem
1623 1632 1800 1669 causa:
1842 1617 2077 1683 Oportuit
2107 1618 2228 1671 inti-

654 1721 800 1758 mare
824 1725 835 1757 :
863 1721 983 1758 mox
1012 1722 1168 1760 causa
1199 1718 1374 1776 coepta
1396 1719 1496 1762 est.
1517 1709 1838 1762 llortabatur
1863 1725 1960 1762 nos
1988 1712 2227 1765 clemen-

654 1794 887 1849 tissimus
935 1798 1240 1865 imperator,
1272 1799 1371 1852 hoc
1404 1800 1626 1853 dicens:
1660 1800 1846 1853 Videte
1876 1802 2105 1854 civitatis
2132 1804 2227 1853 liii-

2331 624 2430 665 set.
2467 613 2583 666 Pari
2633 612 2790 666 modo
2819 621 2874 666 et
2911 629 3098 667 omnes
3148 615 3584 670 archimandrita:
3631 621 3911 676 fecerunt:

2330 704 2469 770 apud
2501 719 2632 777 quos
2662 705 3112 758 archimandritas
3137 715 3191 759 et
3221 710 3512 762 certamina
3534 725 3632 763 nos
3664 711 3915 768 habuisse

2330 796 2684 862 suggeriinns,
2718 796 3018 850 dicentibus
3051 797 3152 851 illis
3181 815 3192 849 :
3224 798 3435 853 Sufficit
3469 803 3594 869 quia
3640 803 3909 872 archiepi-

2329 900 2524 953 SCtlplIS
2552 894 2736 939 noster
2758 886 2908 947 fecit;
2942 901 3039 940 nos
3072 888 3269 941 factum
3302 888 3419 955 ejus
3447 892 3744 960 sequimur.
3774 891 3912 958 Quid

2328 974 2593 1045 amplius?
2623 976 2754 1029 Post
2783 976 2949 1030 multa
2986 978 3302 1043 certamina,
3328 979 3429 1047 ipsi
3461 995 3675 1050 quoque
3706 984 3910 1037 ratione

2328 1067 2589 1132 convicti,
2640 1066 2849 1120 libellos
2900 1068 3074 1121 modis
3122 1069 3372 1122 omnibus
3425 1070 3749 1125 obtulerunt.
3786 1071 3908 1127 Post

2331 1155 2444 1210 hzi-c
2474 1157 2674 1222 omnia,
2714 1158 2820 1211 Deo
2847 1156 3087 1225 jirvattte,
3124 1158 3175 1211 in
3197 1159 3478 1212 ecclesiam
3512 1161 3907 1227 processimus:

2328 1257 2383 1299 et
2427 1247 2603 1312 qualia
2640 1247 2829 1314 gaudia
2864 1249 2998 1301 facta
3040 1249 3149 1301 sint
3192 1250 3439 1314 unitatis,
3470 1260 3525 1304 et
3560 1242 3911 1319 quemadmo-

2329 1339 2455 1393 dum
2496 1339 2633 1393 Deus
2664 1340 2975 1393 benedictus
3022 1340 3112 1405 sit,
3148 1356 3264 1410 qua:
3295 1341 3480 1396 laudes
3504 1358 3718 1411 quoque
3751 1343 3909 1397 beato

2331 1428 2491 1484 Petro
2522 1431 2789 1498 apostolo,
2824 1441 2876 1484 et
2907 1431 3054 1484 vobis
3086 1433 3267 1484 relatae
3292 1442 3440 1499 sunt,
3472 1433 3637 1499 ipsius
3680 1434 3906 1488 actionis

2329 1521 2762 1577 consideratione
2793 1523 3117 1590 perspicitis,
3149 1522 3290 1590 quod
3323 1540 3439 1577 mea
3468 1525 3646 1593 lingua
3681 1540 3785 1579 non
3812 1541 3907 1579 va-

2332 1615 2402 1669 let
2444 1616 2733 1683 explicare.
2766 1616 2907 1668 Nihil
2942 1625 3025 1669 est
3054 1616 3397 1670 subsecutum
3447 1617 3738 1670 secundum
3785 1628 3903 1671 vota

2332 1705 2689 1769 inimicorum,
2720 1721 2825 1759 non
2864 1706 3075 1772 seditio,
3110 1722 3214 1759 non
3245 1707 3433 1761 ell‘usio
3464 1707 3765 1775 sanguinis,
3800 1724 3903 1762 non

2333 1796 2607 1857 tumultus,
2634 1796 2770 1863 quod
2802 1798 2963 1851 veluti
2997 1807 3258 1852 terrentes
3301 1798 3499 1852 initnici
3531 1809 3686 1853 antea
3716 1801 3907 1869 praedi-

653 1890 734 1957 jus
765 1891 1098 1959 episcopum,
1124 1900 1177 1943 et
1202 1891 1426 1944 invicem
1456 1890 1609 1945 vobis
1641 1892 1859 1958 pacilico
1891 1892 2079 1946 ordine
2106 1893 2228 1946 red-
2264 1883 2542 1962 Bcebant.
2574 1888 2674 1956 Ipsi
2701 1903 2807 1954 quo
2827 1904 2912 1953 tuo
2957 1889 3303 1942 ecclesiastici
3334 1889 3904 1961 ConstantinOpolitani

652 1981 761 2035 dite
791 1982 1073 2036 rationem.
1093 1982 1200 2035 Nos
1226 1998 1256 2035 e
1282 1992 1465 2036 contra
1499 1983 1870 2051 respondimus
1894 1982 2056 2049 :Qnid
2088 1984 2224 2036 imus

652 2073 716 2125 ad
766 2073 1075 2142 episcopum
1121 2077 1413 2129 certamina
1469 2075 1687 2130 facere?
1732 2075 1982 2128 dominus
2043 2086 2225 2129 noster

655 2163 993 2217 beatissimus
1024 2180 1154 2234 papa
1186 2166 1483 2228 Hortnisda,
1511 2166 1599 2234 qui
1630 2180 1728 2221 nos
1757 2166 1978 2228 direxit,
2000 2183 2105 2220 non
2129 2182 2225 2219 no-

657 2255 737 2307 bis
768 2257 1019 2323 prircepit
1048 2267 1257 2312 certare
1283 2275 1295 2310 :
1327 2258 1419 2311 sed
1455 2272 1563 2324 prce
1593 2258 1838 2312 manibus
1869 2257 2128 2313 habemus
2164 2258 2224 2312 li-

652 2342 845 2399 bellum
890 2363 1047 2414 quem
1076 2363 1261 2401 omnes
1286 2350 1523 2416 episcom
1555 2350 1793 2403 volentes
1835 2350 1947 2403 sedi
2001 2358 2224 2417 aposto-

655 2438 769 2491 lica:
795 2440 1125 2494 reconciliari
1168 2440 1446 2505 fecerunt;
1477 2441 1521 2494 si
1553 2442 1792 2509 pra-cipit
1824 2442 1989 2509 pictae
2022 2452 2220 2505 veSIra,

653 2530 892 2598 legatur;
929 2533 1048 2585 etsi
1081 2533 1240 2603 estin
1273 2534 1389 2601 ipso
1427 2534 1565 2601 quod
1598 2534 1889 2603 ignoretur.
1924 2544 2015 2587 aut
2039 2549 2220 2588 verum

652 2637 771 2676 esse
804 2639 907 2675 non
938 2623 1209 2684 credatur,
1236 2624 1449 2688 dicant,
1496 2634 1547 2677 cl
1575 2634 1697 2678 tunc
1725 2625 2069 2679 ostendi-mus
2094 2626 2223 2678 nihil

651 2723 801 2765 extra
829 2712 1089 2780 judicium
1131 2713 1552 2768 ecclesiasticum
1582 2715 1633 2767 in
1675 2717 1862 2768 eodem
1894 2714 2075 2768 libello
2101 2730 2223 2769 esse

649 2805 1004 2872 consciiptutn
1028 2822 1042 2869 ;
1065 2806 1216 2858 autsi
1240 2806 1311 2859 illi
1339 2818 1556 2873 possunt
1579 2807 1774 2861 docere
1798 2809 1922 2877 quia
1953 2824 2056 2861 non
2090 2818 2218 2860 cun-

650 2895 789 2947 venit
823 2910 881 2948 re
906 2896 1065 2963 igioni
1095 2897 1369 2950 catholica:
1391 2937 1405 2961 ,
1439 2908 1564 2951 tunc
1595 2898 1748 2952 nobis
1798 2899 2055 2953 incumbit
2097 2916 2218 2968 pro-

649 2985 797 3039 bare.
824 2985 1071 3039 Relectns
1102 2996 1183 3040 est
1226 2987 1434 3041 libellus
1479 2989 1579 3042 sub
1625 3000 1917 3059 conspectu
1963 2992 2222 3058 principis

646 3087 700 3131 et
729 3092 965 3132 senatus.
999 3080 1103 3132 Nos
1125 3080 1303 3133 statim
1335 3080 1747 3148 subjunximus:
1780 3082 1967 3136 Dieant
1989 3098 2217 3150 pra'sen-

647 3177 725 3223 tes
748 3179 973 3238 quatuor
992 3174 1224 3240 episcopi
1246 3172 1337 3241 qui
1362 3172 1555 3239 adsunt
1579 3190 1672 3237 pro
1702 3186 1929 3242 persona
1956 3173 2221 3229 Coastan-

2327 1976 2673 2042 admirantes,
2701 1987 2756 2031 et
2800 1978 2909 2032 Deo
2954 1979 3151 2045 gratias
3182 1978 3495 2042 referentes,
3543 1982 3727 2035 dicunt
3772 1998 3943 2035 num.

2328 2081 2485 2135 quam
2523 2082 2581 2121 se
2613 2068 2920 2122 meminisse
2952 2068 3075 2122 ullis
3107 2071 3438 2138 temporibus
3481 2079 3682 2125 tantam
3713 2075 3899 2142 papuli

2326 2160 2719 2214 multtudinem
2773 2164 3217 2215 communicasse.
3269 2162 3364 2216 llis
3402 2163 3708 2233 adimpletis
3747 2166 3907 2221 etiam

2324 2251 2771 2306 clementissimus
2814 2252 3106 2322 imperator
3148 2255 3212 2307 ad
3260 2256 3643 2311 beatitudinem
3674 2270 3905 2313 vestram

2325 2356 2418 2396 sua
2447 2344 2640 2412 scripta
2670 2344 2961 2411 subjunxit,
2990 2344 3231 2399 ordinem
3262 2346 3336 2400 rei
3377 2358 3543 2415 gesta:
3571 2349 3903 2417 signiﬁcans,

2325 2435 2573 2490 similiter
2616 2446 2670 2490 et
2708 2437 2791 2489 vir
2821 2439 3294 2492 reverendissimns
3335 2440 3569 2495 Joannes
3596 2440 3905 2497 Constanti-

2327 2526 2652 2591 noiiolitame
2682 2527 2913 2581 civitatis
2942 2530 3191 2582 antistes.
3219 2530 3442 2584 Noveris
3484 2534 3641 2586 etiam
3669 2545 3723 2588 et
3752 2548 3901 2589 saera

2324 2618 2593 2684 generalia
2616 2632 2735 2671 esse
2778 2618 2942 2683 edita,
2972 2628 3130 2687 atque
3157 2620 3431 2674 credimus
3462 2621 3568 2675 Deo
3602 2624 3830 2692 propitio
3852 2635 3904 2679 et

2327 2711 2521 2763 vestris
2546 2710 2747 2764 sanctis
2789 2712 3123 2765 orationibus
3150 2727 3244 2780 per
3284 2715 3559 2768 universas
3604 2716 3903 2784 provincias

2326 2802 2640 2870 quantocius
2660 2802 2936 2855 destinari.
2956 2802 3079 2855 llam
3099 2801 3562 2872 Constantinopoli
3590 2814 3733 2873 gesta
3756 2816 3899 2872 sunt,

2326 2901 2382 2946 et
2423 2906 2562 2945 nunc
2593 2892 2659 2944 de
2695 2892 3025 2945 Antiochena
3076 2891 3313 2945 Ecclesia
3360 2902 3650 2959 tractatur;
3684 2903 3738 2950 et
3783 2896 3900 2949 ideo

2325 2983 2498 3036 adhuc
2537 2983 2828 3046 laboratur,
2855 2983 2975 3051 quia
3021 2983 3255 3037 nonduin
3288 2999 3514 3052 persona
3561 3001 3791 3055 congrua
3821 2996 3900 3041 est

2323 3073 2514 3127 electa.
2542 3073 2670 3127 Oret
2698 3088 2829 3140 ergo
2856 3074 3124 3127 beatitudo
3148 3085 3319 3129 vestra
3343 3075 3616 3138 intentius,
3650 3086 3705 3129 ut
3738 3077 3898 3141 Deos,

2322 3166 2412 3232 qui
2450 3166 2646 3220 vestris
2690 3165 2938 3233 precibus
2982 3177 3234 3220 exoratus
3261 3168 3897 3234 Constantinopolitanam

648 3261 1249 3330 tinopolitaniepiscopi
1282 3262 1327 3315 si
1371 3263 1484 3317 hmc
1507 3281 1624 3333 qua:
1656 3266 1705 3316 in
1739 3266 1917 3319 libello
1968 3268 2217 3336 li-gumnr
2245 3247 2292 3309 ο
2323 3258 2331 3312 Ῐ

2213 3287 2217 3298 ›
2245 3247 2292 3309 C
2323 3258 2616 3313 Ecclesiam
2661 3259 2966 3324 apostolica:
3009 3259 3120 3311 sedi
3153 3259 3383 3313 restituit
3409 3301 3423 3322 ,
3459 3261 3571 3329 ipse
3601 3270 3655 3315 et
3682 3261 3896 3332 dignam

643 3353 805 3417 gestis
835 3354 1161 3407 ecolesiastic
1185 3372 1209 3407 s
1244 3356 1462 3410 minime
1498 3360 1876 3412 continentur?
1909 3360 2217 3428 Responde-

642 3450 761 3493 runt
778 3440 954 3495 omnia
978 3457 1098 3495 vera
1122 3459 1260 3497 esse.
1284 3445 1540 3514 Postquaa
1562 3461 1662 3499 nos
1681 3449 2089 3515 subjnnximus:
2114 3451 2217 3505 Do-

641 3546 784 3584 tmne
815 3532 902 3597 itnj
924 3543 1121 3595 erator,
1147 3543 1201 3587 et
1229 3535 1381 3587 nobis
1423 3537 1677 3603 grandem
1713 3538 1948 3591 laborem
1976 3541 2208 3609 episcopi

640 3620 996 3684 abstule:unt,
1028 3634 1079 3676 et
1122 3624 1222 3676 sibi
1254 3627 1658 3679 convenientem
1701 3643 1811 3681 rem
1854 3628 2093 3683 fecerunt
2135 3633 2215 3685 di-

640 3726 764 3765 cere
808 3713 1106 3767 veritatem.
1137 3714 1255 3767 Mox
1297 3715 1747 3772 clementissimus
1796 3720 2086 3785 imperator
2131 3722 2213 3777 bis

639 3800 728 3869 qui
760 3801 984 3877 aderant
1022 3802 1155 3855 dixit
1180 3804 1482 3872 episcopis:
1520 3806 1584 3859 Et
1625 3806 1667 3859 si
1709 3824 1832 3861 vera
1873 3820 2018 3873 sunt,
2046 3826 2213 3879 quare

638 3910 743 3948 non
767 3893 977 3948 facitis?
1011 3895 1266 3950 Sitnilitcr
1297 3906 1350 3949 et
1378 3897 1633 3966 aliquanti
1674 3899 1741 3953 de
1775 3902 1964 3954 ordine
1992 3914 2208 3957 senato-

638 3988 718 4039 rio
733 3986 979 4040 dixerunt
1001 4004 1013 4038 :
1032 3986 1139 4040 Dios
1162 3987 1279 4040 laici
1311 4003 1528 4055 sumus;
1559 3990 1733 4043 dicitis
1763 3991 1877 4045 lnec
1907 4007 2029 4045 vera
2058 4009 2208 4048 esse:

639 4078 819 4140 facite,
858 4088 911 4131 et
939 4094 1036 4132 nos
1063 4070 1366 4147 sequemur.
1394 4079 1698 4134 Intermissa
1725 4097 1913 4149 quarta
1944 4084 2073 4136 feria
2101 4086 2213 4153 epi-

636 4184 834 4236 sc0pus
862 4169 1479 4237 Constantinopolitanus
1502 4172 1552 4224 in
1576 4173 1772 4241 palatio
1802 4175 2035 4243 suscepit
2057 4189 2087 4227 a
2113 4192 2210 4228 no-

635 4259 717 4314 bis
762 4260 1018 4327 libellum,
1059 4270 1113 4315 et
1165 4261 1423 4330 imprimis
1469 4265 1619 4332 quasi
1660 4267 1885 4325 tentavit
1925 4266 2207 4332 epistolam

634 4355 809 4419 p0tius
853 4352 1028 4409 facere
1078 4370 1235 4422 quam
1289 4356 1548 4409 libellum.
1584 4356 1691 4411 Sed
1728 4374 1831 4410 non
1860 4368 1994 4426 post
2043 4359 2208 4413 multa

636 4444 925 4497 certamina
957 4445 1057 4499 hoc
1079 4446 1345 4510 convenit,
1370 4450 1684 4514 prommiuin
1710 4450 1977 4504 modicum
2008 4451 2206 4515 lacere,

630 4544 685 4588 et
715 4535 1035 4616 subjtingere
1074 4552 1196 4591 mox
1240 4537 1499 4604 libellum,
1538 4544 1986 4609 quemadmodum
2032 4555 2203 4598 vestra

630 4629 903 4685 beatitudo
930 4632 1165 4687 dictavit.
1202 4632 1536 4703 Subscriptio
1578 4638 1646 4689 ab
1689 4636 1879 4689 eodem
1934 4638 2071 4691 laeta
2102 4648 2203 4702 est,

631 4722 813 4778 libello
880 4727 1239 4791 conveniens,
1294 4729 1540 4783 similiter
1595 4738 1651 4783 et
1697 4731 2000 4795 datarum,
2054 4736 2208 4801 cujus

629 4815 950 4883 exemplaria
979 4826 1033 4870 et
1061 4818 1245 4872 Graece
1268 4830 1322 4873 et
1350 4820 1534 4874 Latine
1564 4822 1884 4888 apostolatui
1916 4834 2095 4877 vestro
2121 4825 2203 4877 di-

634 4906 887 4960 reximus.
916 4910 1039 4963 l'ost
1066 4910 1260 4966 factum
1299 4913 1534 4966 libellum
1561 4930 1753 4968 nomen
1786 4918 1965 4970 Acacii
1995 4918 2062 4971 de
2088 4919 2203 4986 dip-

631 5000 805 5067 tychis
825 5010 908 5053 est
936 5003 1191 5067 deletum,
1224 5006 1472 5060 similiter
1501 5017 1555 5060 et
1581 5007 1861 5072 l‘hravita’,
1894 5010 2200 5077 Euphemii,

625 5086 916 5143 Macedonii
962 5106 1015 5145 et
1056 5093 1370 5148 Timothei:
1411 5108 1461 5149 et
1505 5113 1608 5150 non
1661 5099 1832 5151 solum
1868 5099 1970 5153 hoc
2005 5100 2057 5154 in
2089 5101 2200 5169 ipsa

624 5184 735 5236 sola
774 5184 1019 5247 ecclesia,
1054 5187 1104 5239 in
1131 5205 1231 5256 qua
1259 5192 1542 5259 episcopus
1579 5203 1779 5258 manet,
1821 5211 2007 5250 verum
2040 5201 2199 5253 etiam

623 5291 718 5345 per
745 5290 934 5330 omnes
962 5279 1216 5334 ecclesias
1246 5297 1365 5334 cum
1396 5285 1582 5349 grandi
1612 5285 1910 5353 diligentia,
1960 5288 2072 5341 Deo
2098 5290 2196 5343 ad-

618 5368 824 5435 jutore,
870 5370 1203 5437 suggerimus
1259 5372 1424 5425 fuisse
1470 5376 1691 5429 factum.
1724 5378 1980 5432 Similiter
2026 5380 2198 5436 deleta

617 5467 744 5511 sunt
771 5458 837 5511 de
857 5457 1123 5529 diptychis
1145 5459 1377 5513 Zenonis
1399 5472 1453 5516 et
1482 5468 1747 5521 Anastasii
1794 5470 2036 5522 nomina.
2072 5472 2198 5538 Epi-

617 5552 766 5620 scopi
806 5550 1139 5608 diversarunt
1181 5554 1478 5619 civitatum,
1510 5559 1692 5625 quanti
1725 5561 1925 5614 inventi
1958 5574 2101 5626 sunt,
2132 5563 2197 5615 li-

620 5642 814 5698 bellum
860 5645 1105 5699 similiter
1148 5645 1457 5700 obtulerunt
1489 5666 1499 5698 :
1527 5657 1581 5703 ct
1609 5665 1730 5704 cum
1776 5652 1961 5721 grandi
1992 5656 2194 5707 cautela

617 5737 950 5802 suggerirnus
977 5739 1326 5808 custoditum,
1361 5756 1427 5797 nc
1481 5742 1598 5811 quis
1641 5744 1916 5800 nobiscum
1957 5760 2193 5801 commu—

685 5826 716 5858 ⁴
740 5827 899 5879 Sacra
928 5828 1282 5895 imperatoris.

2242 4602 2291 4659 Ι)

2323 3366 2607 3417 personam
2646 3350 2810 3403 donet
2848 3351 2898 3402 in
2934 3350 3214 3403 Antiochia
3260 3350 3629 3415 ordinandam,
3677 3360 3732 3406 et
3768 3354 3897 3407 assi-

2318 3442 2452 3492 iluas
2470 3439 2668 3492 adtinet
2701 3439 2988 3492 lticclesias.
3017 3439 3313 3494 lle-scribite
3350 3442 3601 3510 episcopo
3632 3442 3896 3497 Consran-

2320 3531 2688 3598 tinopolitano.
2706 3530 2761 3583 Si
2782 3530 2990 3583 videtur
3010 3529 3323 3583 beatitudini
3346 3542 3538 3585 vestra:
3570 3532 3727 3586 facite
3749 3540 3897 3586 men-

2320 3621 2519 3675 tionem
2550 3620 2949 3674 damnationum
2989 3622 3174 3675 Severi
3204 3632 3257 3676 et
3300 3624 3510 3676 illorum
3538 3640 3673 3691 quos
3728 3629 3897 3679 nomi-

2318 3714 2480 3767 nastis
2503 3714 2554 3766 in
2584 3714 2809 3779 cpismla
2837 3715 2923 3768 illa
2954 3729 3114 3781 quam
3164 3714 3453 3783 scripsistis
3501 3717 3567 3769 ad
3603 3720 3893 3771 secundam

2315 3804 2521 3872 Syriam
2551 3820 2647 3874 per
2673 3804 2935 3860 Joannem
2967 3815 3021 3858 et
3049 3805 3291 3875 Sergium
3335 3808 3647 3868 mooaehos,
3678 3808 3779 3861 hoc
3809 3811 3889 3875 ip-

2315 3908 2439 3946 sum
2457 3893 2549 3947 det
2583 3892 2647 3947 ad
2693 3893 3067 3962 imperatorem
3114 3894 3491 3949 rescribentes.
3531 3895 3583 3949 Si
3635 3897 3892 3962 feceritis,

2316 3984 2525 4039 videtur
2555 3984 2684 4039 mihi
2716 3986 3080 4040 necessarium
3112 4000 3253 4039 esse.

2916 4098 2935 4118 ‘
2977 4097 3306 4152 EPISTULA

2791 4193 2987 4231 JUSTINI
3012 4194 3078 4231 Δί)
3106 4192 3431 4231 ιιοιυιιδωιι.

2313 4262 2564 4317 Joannem
2593 4268 2883 4334 episcopum
2906 4266 3210 4319 catholicam
3234 4270 3385 4332 ﬁdem
3407 4268 3700 4332 ampliatum
3728 4266 3891 4319 luere-

2386 4336 2511 4387 tt'cos
2558 4336 3031 4397 auathematt’zasse,
3091 4346 3240 4401 atque
3292 4351 3477 4388 nomen
3525 4337 3718 4401 Acacit',
3777 4353 3893 4388 cum

2387 4406 2604 4457 aliorum
2648 4405 3086 4458 schismaticorum
3113 4406 3419 4469 nominibus,
3448 4422 3475 4458 ε
3503 4406 3664 4458 sacris
3700 4407 3888 4458 tabulis

2385 4488 2692 4541 expuucmm
2720 4491 2845 4528 esse.

2387 4562 2569 4616 Victor
2597 4563 2864 4627 Justinus,
2898 4563 3034 4631 pius,
3068 4566 3217 4630 felix,
3257 4565 3506 4637 inclytus,
3536 4565 3890 4633 triumphator

2316 4668 2529 4722 semper
2568 4657 2857 4725 Augusms,
2893 4656 3187 4710 Hormisda:
3218 4657 3555 4710 sanctissimo
3599 4657 3888 4723 (sacratis-

2316 4743 2487 4810 sitno)
2541 4761 2605 4798 ac
2654 4746 2962 4799 beatissimo
3018 4747 3422 4815 arcliicpi~eopo
3477 4755 3532 4800 et
3576 4746 3888 4813 patriarcha:

2316 4836 2508 4906 (almae
2529 4837 2675 4891 urbis
2704 4837 2886 4889 Romae
2903 4842 2946 4904 j.

2385 4909 2534 4983 scias
2562 4928 2804 4981 ellectum
2830 4928 3003 4995 nobis,
3029 4936 3181 4995 pater
3210 4927 3634 4997 religiosissime,
3664 4934 3718 4980 et
3746 4926 3885 4994 quod

2311 5018 2400 5072 diu
2442 5018 2664 5072 summis
2692 5018 2880 5071 studiis
2912 5021 3267 5085 quaerebatur,
3303 5018 3510 5071 noveris
3546 5018 3880 5085 patefactum,

2311 5118 2365 5163 et
2409 5120 2690 5178 antequam
2723 5110 3040 5163 advenerint
3069 5110 3155 5178 qui
3190 5125 3218 5161 a
3251 5110 3399 5162 vobis
3429 5109 3677 5163 destinati
3719 5118 3879 5161 sunt:

2310 5202 2449 5271 quod
2480 5202 2712 5255 Joannes
2752 5201 2834 5254 vir
2878 5200 3217 5253 beatissimus
3262 5199 3484 5252 antistes
3518 5214 3669 5251 nova?
3694 5208 3886 5251 vestra:

2311 5296 2573 5364 (nostra!)
2608 5294 2788 5346 Roma:
2821 5308 2920 5344 una
2950 5308 3072 5345 cum
3113 5292 3259 5344 clero
3301 5290 3415 5355 ejus
3460 5291 3743 5341 Vobiscum
3764 5305 3885 5342 scn-

2311 5386 2467 5447 tiunt,
2514 5385 2671 5438 nullis
2719 5385 2985 5437 variantes
3038 5381 3486 5450 ambiguitatibus,
3517 5378 3676 5432 nullis
3720 5380 3883 5434 divisi

2309 5474 2625 5537 discat‘diis;
2656 5474 2794 5527 scias
2840 5472 3072 5527 libellum
3102 5473 3169 5526 ab
3204 5487 3269 5525 eo
3314 5470 3694 5538 subscriptum,
3722 5488 3877 5540 quem

2309 5564 2638 5619 oll‘urendum
2709 5562 3069 5623 indicaveras,
3146 5562 3607 5615 sanctissimorum
3665 5560 3878 5613 l‘atrnm

2309 5656 2535 5713 concilio
2549 5661 2954 5723 congruentem.
2969 5654 3166 5707 Omnes
3194 5662 3519 5707 concurrunt
3536 5651 3697 5706 alacri
3720 5667 3881 5720 opere

2311 5747 2375 5799 ad
2406 5745 2743 5812 suscipienda
2778 5754 2893 5797 vota
2937 5755 3040 5797 tam
3092 5756 3262 5797 vestra
3314 5759 3471 5811 quam
3509 5743 3881 5798 Constantiano
