4262 6264
299 365 390 419 H9
1489 348 1838 404 EPISTOUE
1879 346 1965 401 ΕΤ
2005 342 2317 401 DECRETA
2329 381 2341 393 .

3436 336 3540 388 450

298 474 543 545 politanre
584 468 750 535 sedis,
782 481 917 538 quos
948 463 1189 519 veritatis
1228 474 1481 515 coruscus
1530 460 1701 528 fulgor
1746 459 1865 512 illu-
1896 462 1940 519 Α
1972 454 2292 527 procuravit.
2332 452 2533 508 Idcirco
2580 452 2629 505 in
2674 450 2921 505 omnibus
2970 450 3080 504 Deo
3120 462 3311 517 magno
3349 451 3547 517 gratias

294 567 457 618 minat
485 579 499 626 ;
531 576 717 614 omnes
741 559 1047 614 accelerant
1073 552 1447 617 libentissime,
1476 565 1610 619 quos
1641 550 1870 604 oblectat

300 658 373 707 ria
428 652 696 715 dilucida;
730 658 1025 716 sequuntur
1068 645 1199 700 scita
1250 643 1463 695 Patrum
1508 639 1865 700 sanctissima,

303 750 441 813 leges
472 741 906 810 probatissimas:
939 733 1245 789 etconciliis
1265 728 1614 801 quorumdam
1647 727 1869 782 ﬁrmatis

296 837 381 903 qui
434 847 637 887 rectum
682 829 935 883 tenebam
985 824 1249 878 tramitem
1285 862 1299 885 ,
1344 822 1568 873 aliorum
1614 819 1869 872 correctis

293 904 383 994 qui
414 923 741 991 vagabantur
770 915 976 977 incerti,
1008 915 1060 966 in
1090 926 1156 965 eo
1190 926 1274 964 res
1300 909 1582 976 colligitur,
1608 917 1663 959 ut
1696 906 1869 958 unita-

286 1006 403 1071 Tem
436 1014 724 1069 individua:
753 1006 1031 1064 Trinitatis
1075 1005 1173 1071 ipsi
1204 1016 1414 1071 quoque
1454 999 1655 1051 unitate
1693 997 1872 1049 colant

296 1108 580 1162 mentium.
611 1104 863 1171 Negatutn
893 1107 977 1151 est
1019 1097 1155 1150 inter
1181 1092 1358 1147 divina
1387 1091 1637 1159 mysteria
1669 1101 1872 1140 memo-

297 1205 431 1255 riam
462 1200 517 1252 in
547 1206 818 1266 posterum
852 1191 965 1245 ﬁeri
988 1189 1121 1260 (pro
1151 1198 1338 1240 tenore
1371 1180 1531 1236 libelli
1552 1194 1708 1249 quem
1732 1178 1874 1231 dixi-

298 1296 458 1358 mus)
484 1287 661 1343 Acacii
700 1278 1120 1354 praevaricatoris
1150 1276 1415 1346 quondam
1457 1273 1611 1341 hujus
1642 1270 1873 1342 (regim)

300 1383 451 1436 urbis
473 1378 729 1448 episcopi,
753 1388 855 1428 nec
883 1388 988 1427 non
1027 1371 1256 1424 aliorum
1287 1366 1644 1427 sacerdomm,
1676 1362 1765 1432 qui
1791 1362 1872 1415 vel

302 1471 464 1540 primi
489 1478 675 1522 contra
704 1466 993 1520 constituta
1019 1467 1284 1515 venerunt
1303 1456 1617 1525 apostolica,
1640 1454 1727 1508 vel
1758 1466 1883 1505 sue.

303 1573 548 1617 cessares
572 1559 773 1612 erroris
802 1554 928 1608 facti
954 1563 1098 1614 sunt,
1133 1550 1277 1604 nulla
1318 1563 1485 1616 usque
1526 1546 1589 1598 ad
1632 1545 1874 1598 ultimum

304 1655 446 1708 diem
478 1667 631 1706 suum
674 1648 984 1720 ptenitentia
1025 1643 1276 1698 correCti.
1312 1642 1375 1695 Et
1414 1638 1662 1707 quoniam
1691 1650 1878 1689 omnes

307 1756 504 1799 nostrm
536 1743 781 1811 regiones
801 1736 1150 1792 admouenda:
1180 1731 1490 1802 (religionis
1517 1725 1878 1794 admonendi)

1974 549 2211 603 referens
2241 557 2430 599 cuncta
2463 543 2855 612 sapientissime
2880 541 3548 611 gubernanti,annuntiare

1974 640 2064 693 tibi
2088 652 2271 707 pacem
2294 635 2441 705 pacis
2468 634 2575 688 ﬁlio
2601 634 2859 701 numiavi,
2888 634 2937 684 in
2965 631 3212 685 omnibus
3235 629 3342 683 Deo
3364 643 3548 682 aman-

1974 731 2212 791 tissime;
2244 738 2300 780 ut
2331 724 2461 779 illud
2488 725 2740 793 gaudium
2786 724 2972 784 salias,
2994 738 3099 787 quo
3143 720 3305 798 [)avid
3334 719 3547 789 quidem

1974 819 2265 875 secundum
2294 819 2464 885 legem
2496 814 2547 868 in
2583 828 2720 868 arere
2764 814 2853 868 Dei
2885 812 3220 866 revocatione
3265 810 3553 879 ﬁguraliter

1974 909 2271 964 exsultabat
2301 904 2396 977 (ΙΙ
2433 905 2555 975 Reg.
2608 904 2751 973 vin),
2782 904 3010 970 apostoli
3053 916 3179 955 vero
3201 916 3294 969 per
3319 900 3541 969 gratiam

1976 997 2237 1052 veraciter
2265 994 2599 1049 lartabantur.
2627 993 2813 1046 Gaude
2847 993 3026 1059 itaque
3074 990 3126 1043 in
3161 990 3386 1042 Domino
3424 1004 3554 1057 gan-

1975 1091 2119 1145 ditnn
2153 1098 2255 1142 tua:
2294 1087 2620 1142 conveniens
2674 1084 2967 1151 sanctitati,
3018 1078 3072 1137 et'
3112 1082 3287 1135 scribe
3320 1095 3383 1133 ea
3432 1095 3553 1148 qua:

1975 1190 2212 1232 vestrum
2242 1178 2528 1245 benignum
2564 1176 2798 1228 animum
2827 1174 3043 1235 decent,
3074 1172 3234 1225 homo
3264 1169 3354 1223 Dt-i
3383 1187 3396 1221 :
3428 1184 3550 1222 nam

1977 1284 2094 1335 qua:
2127 1270 2334 1320 fuerant
2368 1265 2537 1318 divisa
2567 1264 2851 1331 conjuncta
2883 1277 3027 1325 sunt,
3060 1269 3115 1314 ct
3155 1260 3397 1327 diSpersa
3441 1257 3555 1313 col-

1979 1357 2111 1409 let-ta
2161 1365 2322 1417 sunt;
2378 1363 2433 1408 et
2458 1368 2577 1421 qum
2612 1353 2765 1420 longe
2806 1359 2959 1404 erant
3002 1348 3102 1402 sibi
3145 1348 3371 1401 invicem
3419 1348 3554 1400 adu-

1978 1459 2100 1503 nata
2126 1456 2250 1501 sunt
2286 1462 2301 1510 ;
2338 1455 2413 1510 et,
2445 1444 2582 1497 sicut
2620 1450 2829 1510 oportet
2870 1440 3048 1494 dicere
3088 1448 3139 1493 et
3169 1439 3294 1491 olim
3325 1438 3550 1506 scripsi,

1982 1550 2233 1608 utrasque
2264 1538 2557 1597 Ecclesias,
2596 1544 2699 1588 tam
2724 1533 2951 1587 senioris
2980 1548 3137 1599 quam
3162 1545 3311 1583 nova:
3352 1530 3553 1591 ltoinaz,

1981 1645 2141 1684 unam
2170 1644 2291 1683 esse
2318 1627 2594 1682 evidenter
2621 1625 2950 1693 intelligens,
2980 1633 3035 1677 et
3065 1623 3344 1690 utriusque
3374 1636 3554 1675 earum

1984 1738 2140 1778 unam
2166 1724 2351 1777 sedem
2380 1731 2526 1775 recte
2554 1734 2674 1773 esse
2697 1718 2989 1783 difﬁnicns,
3020 1715 3396 1769 indivisibilem
3419 1714 3557 1767 adn-

308 1845 454 1901 sunt,
485 1844 544 1885 nt
572 1808 881 1900 exemplum
926 1828 1199 1881 imitentur
1227 1822 1456 1875 civitais
1499 1821 1681 1887 regite,
1716 1816 1879 1870 desti-
1915 1816 1957 1874 Β
1988 1815 2277 1875 nationem,
2309 1820 2364 1867 et
2394 1812 2667 1880 utriusque
2695 1820 2999 1862 nostrorum
3026 1822 3317 1861 consonam
3365 1808 3558 1860 contir-

310 1927 479 1977 nanda
526 1923 721 1990 ubique
768 1917 1074 1989 principalia
1124 1924 1386 1985 praecepta
1433 1912 1702 1975 duximus,
1737 1918 1883 1961 tanto

311 2018 600 2081 ﬁngi-amns
629 2010 905 2078 religionis
934 2006 1134 2069 ol‘ﬁcio,
1177 2013 1325 2057 tanto
1368 2002 1677 2055 uﬁ‘ectamns
1707 1999 1884 2052 studio

312 2122 496 2175 pacem
516 2104 792 2163 catholica:
819 2101 938 2155 ﬁdei
970 2113 1066 2168 pro
1094 2098 1481 2151 remuneranda
1512 2092 1725 2147 ccelitus
1758 2104 1886 2158 pace

314 2205 513 2249 nostra:
562 2192 887 2262 reipublicae,
933 2205 1026 2259 pro
1073 2187 1410 2242 conciliando
1457 2182 1711 2249 subjectis
1754 2180 1887 2233 meis

313 2303 547 2356 superno
578 2285 842 2355 prmsidio.
873 2282 1009 2349 Quid
1053 2291 1227 2335 autem
1260 2278 1459 2348 (enim)
1490 2277 1690 2344 gratius
1733 2290 1885 2341 tepe-

313 2383 411 2436 riri
433 2381 644 2452 potest?
674 2376 1048 2448 quidjustitts?
1075 2374 1200 2443 quid
1243 2370 1538 2428 illustrius?
1566 2384 1725 2437 quam
1754 2383 1888 2434 quos

314 2476 454 2528 idem
480 2486 700 2542 regnum
731 2473 984 2527 continet.
1016 2466 1364 2535 ejusdemque
1403 2461 1524 2514 ﬁdei
1559 2460 1732 2513 cultus
1758 2459 1890 2511 irra-

316 2566 449 2631 diat,
479 2580 573 2618 eos
626 2577 730 2615 non
776 2560 987 2614 diversa
1025 2555 1374 2620 contendere,
1417 2552 1511 2605 sed
1553 2550 1795 2603 collectis
1838 2551 1888 2600 in

315 2657 504 2711 eodem
521 2654 786 2713 sensibus,
802 2652 1040 2705 instituta
1063 2646 1306 2701 venerari
1337 2658 1439 2696 non
1463 2645 1689 2694 humana
1715 2647 1891 2691 mente

317 2750 448 2813 lata;
478 2748 571 2800 sed
602 2744 769 2799 divini
802 2741 1077 2811 prudentia
1107 2736 1372 2805 Spiritus?
1400 2736 1526 2789 Oret
1572 2733 1727 2801 igitur
1775 2746 1891 2784 ves-

313 2848 418 2890 tra:
450 2837 712 2905 religionis
755 2835 1036 2898 sanctitas,
1064 2840 1117 2883 ut
1146 2828 1286 2898 quod
1318 2825 1556 2895 pervigili
1589 2824 1763 2877 studio
1797 2837 1891 2888 pro

317 2928 605 2983 concordia
658 2925 1020 2979 Ecclesiarum
1067 2921 1349 2976 catholica:
1406 2918 1530 2971 lidei
1582 2924 1890 2983 lrocuratur

314 3020 489 3074 divini
528 3017 764 3071 numeris
809 3013 1105 3085 epitulatio,
1134 3012 1244 3081 jugi
1289 3011 1639 3079 perpetuitate
1683 3004 1890 3059 servati

313 3122 537 3165 annuat.

391 3201 579 3253 Datum
614 3215 643 3251 χ
667 3198 767 3251 cal.
802 3197 917 3250 Maii
946 3193 1408 3261 Constantinopoli
1436 3195 1484 3244 ‘.

695 3308 1071 3365 EXEMPLUM
1114 3303 1523 3361 RELA'HONIS

424 3417 655 3457 EHSCOPI
713 3413 1315 3454 (τοκετιικτικοιιοιιτηι
1358 3412 1423 3449 ΑΒ
1465 3408 1783 3449 ΙΙΟΙιΙΙδυΑΜ.

292 3495 421 3548 .Ecc
443 3497 563 3550 esire
582 3512 756 3565 pacem
786 3494 965 3546 initam
989 3508 1094 3565 esse
1134 3490 1349 3550 nuutiat,
1374 3488 1589 3555 ideoque
1615 3487 1890 3553 plurimum

802 3580 916 3616 eum
941 3564 1165 3634 gaudere
1192 3571 1378 3613 monet.

388 3658 617 3709 Domino
646 3670 766 3710 meo
791 3670 882 3723 per
905 3655 1081 3707 omnia
1113 3661 1299 3707 sancto
1329 3661 1383 3705 et
1412 3650 1521 3703 Deo
1548 3646 1764 3700 amabili
1790 3647 1891 3699 ira-

316 3750 389 3801 tri
438 3759 490 3802 et
529 3746 895 3801 connninistro
942 3744 1241 3798 llormisdac
1289 3740 1521 3795 Joannes
1569 3741 1621 3790 in
1673 3737 1895 3791 Domino

315 3841 570 3893 salutem.
664 3844 671 3853 ’

386 3933 613 3999 Quando
646 3931 783 3985 Deus
822 3928 1035 3998 propria
1074 3924 1330 3981 mirabilia
1378 3925 1429 3976 in
1471 3922 1582 3976 suis
1624 3928 1894 3989 operatur,

315 4032 445 4076 tunc
476 4031 691 4090 Oportet
722 4036 784 4074 ea
812 4036 930 4087 qua:
969 4019 1165 4073 divinis
1195 4016 1386 4069 litteris
1431 4013 1775 4067 continentur
1819 4009 1900 4077 ip-

316 4114 433 4166 sius
458 4111 752 4180 Scriptura:
782 4109 1003 4163 vocibus
1033 4106 1349 4161 ﬁduciabter
1386 4102 1692 4156 exclamare
1723 4117 1737 4154 :
1771 4099 1897 4163 Quis

320 4206 560 4271 loquetur
605 4203 855 4269 potentias
896 4200 1103 4252 Domini
1144 4206 1233 4249 aut
1279 4195 1480 4247 auditas
1532 4193 1681 4261 faciet
1727 4205 1897 4243 omnes

314 4296 497 4346 [naides
542 4296 652 4362 ejus
702 4293 753 4343 in
791 4291 927 4343 omni
968 4300 1191 4356 tempore
1221 4285 1405 4356 (Psal.
1433 4282 1567 4351 cv)?
1598 4284 1733 4335 Ecce
1754 4284 1897 4334 enim

314 4386 481 4437 talem
515 4385 662 4453 pium
707 4384 1003 4451 principem
1038 4382 1289 4435 Romanas
1320 4378 1632 4442 reipublicae
1678 4375 1898 4428 suscita-

322 4477 417 4537 vit,
438 4477 582 4543 quali
610 4475 778 4527 multo
808 4484 932 4527 ante
964 4482 1018 4526 et
1044 4470 1305 4524 catholica
1333 4468 1601 4536 indigebat
1632 4465 1895 4530 Ecclesia,

316 4577 374 4619 ct
394 4582 556 4618 onine
578 4579 743 4633 genus
767 4564 1041 4617 hominum
1067 4561 1246 4615 videre
1282 4561 1549 4627 cupiebat.
1576 4558 1800 4626 Ideoque
1830 4556 1897 4609 ita

322 4658 481 4710 etiam
528 4672 696 4710 cornu
738 4655 1055 4725 (coronam)
1102 4655 1287 4722 gratize
1332 4667 1492 4718 super
1532 4667 1651 4704 eum
1693 4650 1901 4705 caelitus

317 4748 635 4810 declinavit,
662 4757 724 4801 ut
758 4764 786 4801 a
814 4747 1038 4801 ﬂuenter
1070 4748 1118 4799 in
1151 4760 1364 4799 sacrum
1395 4745 1514 4812 ejus
1543 4753 1702 4810 caput
1746 4744 1903 4796 mise-

324 4840 560 4892 ricordia
607 4838 918 4892 funderetur
964 4856 975 4888 :
1023 4838 1272 4903 omnique
1321 4834 1745 4888 annuntiationis
1788 4832 1903 4901 ejus

322 4940 567 4997 tempore
588 4946 709 4984 cum
738 4945 923 4997 magna
964 4943 1094 4982 voce
1128 4928 1294 4981 Deum
1328 4926 1566 4981 omnium
1611 4925 1900 4993 principem

322 5020 780 5083 gloriﬁcaverunt,
813 5018 1061 5087 quoniam
1112 5019 1271 5072 talem
1322 5016 1577 5071 verticem
1629 5017 1762 5069 meis
1794 5030 1905 5068 ma-

327 5110 483 5161 nibus
515 5109 607 5160 tali
649 5123 841 5162 COI'OIII
874 5109 1169 5163 decoravit.
1201 5108 1247 5161 Is
1277 5122 1405 5161 vero
1437 5109 1701 5161 maximus
1737 5106 1905 5172 impe-

326 5209 472 5252 rator
510 5202 737 5266 primam
769 5213 985 5251 suorum
1024 5201 1375 5252 certaminum
1407 5200 1658 5266 palmam,
1694 5197 1906 5253 devicto

330 5287 568 5351 inimico,
598 5289 874 5341 evidenter
908 5290 1141 5341 ostendit
1179 5306 1192 5353 ;
1221 5289 1517 5342 secundum
1547 5287 1756 5342 virtutis
1794 5288 1908 5356 ejus

331 5378 607 5442 meritum,
629 5378 1016 5449 adunationemj
1036 5381 1382 5433 sanctissimis
1415 5380 1670 5433 Ecclesiis
1698 5380 1906 5447 sapien-

334 5468 537 5521 tissime
575 5473 951 5537 comparavit:
987 5484 1207 5539 regnum
1255 5470 1374 5536 ejus
1415 5471 1629 5522 tertium
1677 5469 1904 5530 bonum,

323 5557 589 5627 dissipata
621 5559 925 5626 coiijunxit,
956 5569 1010 5614 et
1059 5575 1241 5628 pacem
1281 5560 1458 5613 mundi
1505 5558 1907 5627 sapientissime

406 5698 426 5714 ⁸
454 5698 611 5747 Anno
639 5695 846 5749 Domini
870 5695 991 5756 519,
1021 5709 1141 5748 cum
1168 5695 1323 5764 legati
1355 5703 1532 5748 essent
1564 5693 1734 5748 adhuc
1766 5692 1910 5747 Cou—

335 5766 701 5834 s'antinopoli.

1986 1905 2274 1960 mationem
2323 1918 2442 1957 cum
2492 1900 2678 1969 judicii
2726 1900 3028 1968 integritate
3074 1912 3360 1967 cognosco.
3412 1896 3559 1951 Unde

1986 2012 2110 2067 rogo
2149 1996 2314 2048 Deum
2355 2009 2567 2061 semper
2610 2008 2729 2046 eam
2780 1990 3197 2060 inseparabilem
3242 2003 3558 2058 permanere

1985 2087 2312 2140 orationibus
2348 2089 2652 2138 sanctorum
2684 2085 3045 2151 apostolorum
3081 2091 3137 2136 et
3179 2090 3282 2134 tua:
3315 2081 3561 2149 precibus

1986 2179 2304 2241 sanctitatis,
2324 2196 2367 2243 pc
2390 2193 2415 2231 r
2443 2191 2577 2245 quas
2609 2176 2794 2230 donari
2822 2176 2974 2229 nobis
2995 2187 3047 2228 et
3073 2177 3321 2228 universo
3364 2173 3562 2227 mundo

1987 2270 2461 2324 clementissimum
2489 2277 2544 2322 ιιι
2574 2266 3087 2321 Chris'ianissimum
3118 2266 3408 2333 principem
3437 2263 3562 2318 Jus-

1990 2362 2178 2423 tinum,
2206 2368 2259 2412 et.
2283 2359 2573 2430 piissimam
2604 2359 2721 2427 cjus
2764 2374 2805 2411 cr
2832 2359 3075 2424 niuem,
3105 2365 3340 2413 nostram
3384 2368 3564 2408 autem

1990 2452 2151 2505 tiliam
2182 2450 2555 2519 Euphemiam,
2599 2450 2651 2503 iu
2686 2464 2813 2517 pace
2843 2448 3022 2503 multis
3051 2447 3382 2516 temporibus
3416 2460 3565 2499 cem-

1994 2550 2257 2609 pre-atnr,
2285 2555 2378 2609 per
2407 2540 2584 2593 omnia
2624 2539 2931 2594 beatissime
2975 2539 3156 2592 fratrr.
3183 2537 3363 2591 Gavisi
3408 2538 3476 2603 igi
3502 2552 3566 2590 ur

1991 2633 2057 2686 de
2092 2632 2367 2700 pra-sentit
2417 2630 2988 2685 reverendissiinorum
3039 2631 3436 2698 episcoporum,
3466 2643 3566 2681 nec

1994 2738 2097 2776 non
2143 2730 2195 2775 et
2239 2722 2555 2775 cericorum
2587 2728 2909 2781 vestrorum,
2939 2718 3139 2788 gratias
3180 2719 3405 2784 agimus,
3439 2733 3566 2783 quo-

1995 2816 2134 2867 niam
2168 2811 2460 2866 secundutn
2507 2812 2816 2879 ριιιίιίιιιθιιι
2866 2826 2897 2862 ιι
2938 2818 3102 2863 strain
3149 2810 3280 2862 tales
3322 2809 3567 2876 paciﬁcos

1996 2912 2138 2963 viros
2188 2916 2243 2961 et
2275 2918 2462 2962 vestrae
2506 2905 2696 2974 dignos
2725 2902 2870 2957 sedis
2890 2907 3091 2970 aposto‘
3118 2915 3193 2954 eo
3235 2901 3566 2961 destinastis,

1995 3005 2231 3072 regulam
2253 2982 2463 3055 Patrum
2492 2999 2539 3051 si
2580 3013 2609 3051 e
2634 2995 2843 3049 confusi
2883 3009 2953 3048 ne
2981 3004 3280 3056 servantis,
3308 2992 3567 3060 tidemquo

1998 3094 2281 3148 indivisam
2301 3089 2691 3146 custodientes.
2715 3087 2946 3152 Quorum
2972 3084 3358 3153 aenplet-tentcs
3382 3083 3435 3135 iu
3456 3099 3568 3136 om-

1919 3171 1963 3232 C
1997 3188 2151 3241 nibus
2210 3193 2466 3244 mentem,
2505 3189 2694 3233 cuncta
2753 3194 2848 3247 per
2895 3191 2989 3231 eos
3043 3176 3108 3230 ad
3149 3192 3207 3229 sa
3235 3175 3568 3230 isfartionem

1997 3287 2189 3334 vestrae
2216 3276 2423 3345 egimus
2453 3272 2775 3328 sanctitatis.
2805 3271 3028 3325 Omnem
3057 3270 3110 3322 in
3140 3269 3355 3323 Christo
3382 3267 3569 3322 frater-

1998 3370 2235 3431 nitatem,
2267 3382 2386 3435 quae
2417 3379 2537 3418 cum
2569 3372 2746 3417 vestra
2773 3371 2856 3416 est
2888 3362 3190 3426 sanctitate,
3221 3375 3321 3428 ego
3362 3374 3570 3430 quoque

1996 3471 2049 3516 et
2080 3464 2184 3514 mei
2215 3459 2503 3526 plurimum
2534 3456 2826 3510 salutantes
2848 3456 2930 3505 '“.

2388 3591 2764 3648 EXEMPLUM
2809 3591 3159 3645 EPISTOL/E

1994 3742 2275 3781 διῖετιωλκι
2308 3742 2372 3777 Αἰ)
2405 3739 2701 3778 ΙΙθΒὶΙΙὸἿΑὶΙ
2722 3764 2735 3785 ,
2764 3737 2847 3776 CUI
2895 3738 2957 3775 υε
2998 3737 3300 3777 Ρηοδτιιιιτρι
3333 3736 3570 3775 PERT-IDIA

2338 3811 2402 3847 ΕΤ
2430 3811 2572 3848 ΙΝΙΤΑ
2602 3809 2732 3846 ΡΑΟΙὶ
2762 3808 3231 3851 ςυκϐειΑτυιΛτυιι.

1998 3927 2123 3983 Cum
2152 3930 2263 3998 jam
2299 3925 2527 3998 Ecclesia
2571 3942 2694 3996 pace
2741 3930 2973 3995 fruatur,
3024 3940 3118 3998 pro
3154 3926 3451 3993 imperatore
3504 3924 3571 3976 ad

2427 3996 2588 4061 Deum
2619 4012 2790 4065 preces
2823 3996 3116 4066 futtdendat.

2057 4130 2278 4185 Domino
2301 4146 2419 4185 meo
2440 4130 2777 4184 sanctissimo
2797 4127 3089 4183 llormisda:
3104 4127 3273 4194 primo
3288 4127 3541 4197 archipon
3554 4159 3573 4170 -

2002 4224 2127 4277 tiﬁci
2153 4233 2207 4279 et
2226 4239 2370 4294 papze
2400 4222 2545 4275 urbis
2565 4223 2694 4276 llom
2714 4239 2741 4270 ι·
2765 4221 3093 4274 Justinianus
3124 4235 3301 4274 comes
3324 4221 3571 4276 salutem.

2075 4314 2401 4367 Veneranda:
2442 4311 2747 4365 sanctitatis
2786 4320 2978 4362 vestrm
3020 4310 3324 4376 pr-dicatio
3373 4314 3575 4379 regula-

1998 4419 2137 4465 rum,
2185 4418 2302 4471 qute
2341 4402 2552 4455 Christo
2580 4400 2686 4453 Deo
2717 4413 2811 4467 pro
2848 4398 3201 4451 Ecclesiarum
3244 4413 3371 4463 pace
3404 4410 3455 4452 et
3481 4416 3576 4467 pro

1935 4534 1978 4591 υ
2005 4494 2173 4561 plebis
2194 4490 2478 4546 concordia
2503 4490 2701 4557 jugiter
2721 4487 3001 4553 supplicat,
3036 4485 3287 4553 quidquid
3316 4502 3454 4540 nunc
3485 4504 3577 4555 per

2008 4584 2492 4640 beatissimossuos
2512 4580 2818 4635 sacerdotes
2844 4580 3028 4631 annuit
3049 4578 3429 4645 peragendum,
3457 4595 3577 4648 pro-

2008 4678 2131 4745 pitia
2180 4674 2459 4727 divinitate
2506 4682 2695 4725 iuncta
2750 4668 2962 4722 ell‘ecmi
3008 4669 3206 4721 sociata
3257 4677 3402 4732 sunt,
3437 4671 3574 4724 nulla

2008 4781 2230 4835 prorsus
2254 4763 2603 4832 quorumdam
2636 4760 2844 4813 valente
2882 4757 3167 4811 discordia.
3199 4758 3359 4826 Igitur
3388 4762 3577 4815 vesuis

2007 4858 2173 4911 sacris
2213 4852 2541 4909 orationibus
2573 4866 2635 4903 ac
2678 4850 3124 4917 prteceptionibus
3154 4850 3574 4906 orthodoxoruin

2016 4952 2117 5006 ﬁde
2147 4949 2358 5007 muniti,
2390 4944 2654 5012 supplices
2682 4943 2912 5011 petimus
2936 4950 2991 4994 ut
3020 4939 3073 4994 hi
3106 4956 3201 5010 pro
3234 4944 3571 4999 sanctissimo

2019 5047 2259 5110 Aultusto
2286 5048 2487 5097 nostro,
2514 5037 2677 5089 totius
2712 5033 2832 5087 ﬁdei
2866 5033 3090 5099 fautore,
3125 5050 3325 5103 proque
3350 5037 3464 5105 ejus
3498 5056 3571 5093 η..

2018 5134 2244 5201 publica,
2278 5146 2374 5200 pro
2421 5128 2576 5182 nobis
2615 5139 2824 5195 quoque
2873 5124 3240 5178 mandatorum
3282 5136 3569 5182 vestrorum

2016 5220 2556 5281 custodibusqeterno
2586 5215 2711 5281 [legi
2744 5216 2983 5268 consueti
3009 5214 3369 5283 impetrabiles
3393 5228 3567 5283 preces

2017 5314 2208 5366 oll‘erre
2243 5309 2553 5378 dignemini,
2592 5322 2795 5375 nosque
2842 5305 2991 5360 vobis
3040 5305 3268 5360 ﬁdeliter
3314 5307 3569 5375 supplices

2016 5404 2202 5456 vestris
2230 5398 2515 5453 sa'utit‘eris
2546 5398 2989 5465 rescriprionibus
3014 5398 3232 5452 visitare
3257 5398 3434 5465 (anno
3478 5398 3566 5449 Do.

2016 5494 2143 5547 mini
2167 5492 2325 5555 519).

2088 5689 2130 5712 “
2160 5691 2311 5741 Anno
2335 5686 2540 5766 Domini
2559 5684 2678 5739 :‘il9.
2711 5684 2825 5736 lluc
2863 5682 3003 5737 refer
3027 5680 3334 5735 relationem
3365 5679 3584 5736 Joannes

2018 5774 2172 5827 supra
2184 5766 2526 5815 recensrtam.
