4262 6264
640 346 735 400 iiii
1965 333 2336 392 HORMISDE
2377 334 2577 390 PAPA‘J

2246 454 2291 510 Α
2323 453 2677 514 exspectatam
2712 442 3068 496 sacrosanctis
3097 441 3353 496 Ecciesiis
3379 440 3724 495 concordiam
3750 442 3897 508 pacis

1036 449 1408 507 EXEiiPLUM
1452 445 1804 503 EPISTOLA‘J

1104 556 1314 595 ΡΟΜΡΕΙΙ
1346 557 1409 592 Ml
1440 552 1761 591 ιιοιιιιιςιιιιιι.

640 639 716 690 De
738 646 986 703 prostrata
1018 633 1251 701 perﬁdia.
1278 641 1326 703 et
1351 645 1471 696 pace
1496 627 1771 703 Orientalis
1792 627 2039 681 Ecclesia:
2058 629 2212 691 inita,

1098 701 1323 768 pontiﬁci
1349 702 1755 770 congratulatur.

711 818 935 869 Domino
971 828 1091 867 meo
1118 812 1426 866 beatissimo
1454 821 1508 865 et
1541 811 1840 879 apostolico
1889 812 2027 879 patri
2073 809 2215 862 Hor-

633 907 821 961 misdtc
852 904 1256 973 archiepiscopo
1273 904 1590 957 universalis
1620 902 1879 956 Ecclesite
1905 901 2216 970 Pompeius.

704 996 913 1050 Sanctis
944 994 1285 1049 beatitudinis
1329 1004 1522 1049 vestra:
1549 994 1795 1061 precibus
1824 992 2217 1062 omnipotentis

644 1088 735 1140 Dei
763 1087 933 1155 pietas
964 1097 1181 1139 exorata
1237 1094 1397 1138 tanta:
1426 1085 1579 1138 nobis
1609 1084 1728 1137 ﬁdei
1759 1084 2053 1153 principem
2089 1098 2221 1136 con-

637 1180 841 1235 donare
871 1177 1080 1246 digna'a
1112 1186 1214 1239 est,
1243 1184 1301 1229 ut
1328 1174 1744 1244 religiosissimis
1776 1174 2077 1227 clementiae
2102 1173 2220 1239 ejus

642 1270 847 1324 meritis
889 1268 1270 1335 redintegratio
1299 1267 1444 1333 pacis
1483 1263 1888 1324 ecclesiasticae,
1920 1277 2040 1331 quae
2078 1263 2219 1315 vot's

634 1361 875 1415 omnium
910 1357 1142 1410 ﬁdelium
1168 1356 1508 1424 poscebatur,
1537 1354 1658 1421 jure
1680 1351 1924 1405 videatur
1947 1366 2072 1405 esse
2098 1352 2217 1405 col.

637 1454 778 1513 ista;
809 1448 863 1502 in
888 1451 1037 1514 cujus
1067 1448 1205 1515 regis
1243 1454 1504 1514 proventu
1534 1443 1859 1499 solidissima
1890 1441 2218 1511 principatus

639 1539 720 1593 sui
748 1538 1089 1592 fundamenta
1119 1536 1285 1590 sancti
1321 1536 1551 1604 Spiritus
1582 1534 1895 1603 operatione
1919 1532 2217 1597 constituit,

638 1642 759 1698 qua:
782 1638 985 1682 tantum
1017 1627 1181 1681 robur
1202 1627 1442 1680 obtinent
1465 1626 1769 1679 stabilitatis
1796 1625 2032 1690 invictae,
2051 1638 2221 1693 quan-

641 1730 752 1772 tum
802 1719 1024 1771 actionis
1064 1717 1381 1770 excellentia
1429 1716 1588 1769 unica
1629 1725 1683 1769 et
1712 1715 2047 1769 admirabilis
2072 1719 2220 1769 testi-

643 1821 837 1862 matur.
867 1808 932 1861 Et
959 1808 1079 1861 ideo
1107 1807 1457 1861 reverendam
1492 1808 1653 1859 vestri
1680 1808 2018 1872 pontiﬁcatus
2050 1807 2214 1860 beati-
2245 1806 2292 1865 Β

643 1898 877 1949 tudinem
905 1897 1051 1949 cultu
1083 1896 1465 1963 reciprocantis
1492 1895 1711 1963 alloquii
1738 1897 2052 1962 salutantes,
2071 1910 2218 1964 quae-

641 2001 829 2040 sumus
882 1995 938 2038 ut
977 1986 1143 2054 magis
1173 1987 1445 2054 magisque
1489 2000 1587 2053 pro
1611 1984 2011 2039 clementissimi
2058 1992 2219 2054 atque

642 2074 807 2129 invict
827 2075 975 2127 ssimi
1046 2076 1251 2127 domini
1313 2075 1477 2127 nostri
1541 2074 1796 2143 principis
1864 2073 2218 2143 prosperitato

642 2178 797 2218 orare
838 2165 1152 2231 dignemini,
1197 2172 1457 2233 quatenus
1507 2164 1791 2219 ioeﬁ'abilis
1839 2165 2220 2235 omnipotentis

646 2252 737 2305 Dei
766 2253 934 2321 pietas
956 2268 1051 2307 sua
1082 2254 1243 2319 dona,
1271 2254 1321 2306 in
1366 2254 1559 2322 quibus
1584 2254 1747 2306 etiam
1789 2254 1995 2307 fructus
2025 2262 2219 2308 vestras

642 2343 1494 2413 agricolationisexuberat,justis
1516 2345 1707 2412 gratia:
1727 2344 2077 2413 opitulatione
2097 2359 2221 2398 cus-

647 2432 813 2485 todiat
861 2434 1052 2488 :nobis
1092 2450 1302 2503 quoque
1350 2435 1470 2488 ﬁliis
1512 2436 1702 2489 vestris
1746 2434 2015 2504 spirituali
2068 2437 2220 2490 vobis

643 2522 1016 2591 eonglutinatis
1038 2524 1251 2591 affectu,
1280 2540 1414 2593 quos
1433 2525 1589 2594 hujus
1615 2526 1793 2593 operis
1816 2527 2047 2579 maxime
2075 2541 2220 2579 sem-

652 2626 747 2677 per
795 2612 1092 2666 sollicitutlo
1130 2614 1459 2681 perstrinxit,
1514 2613 1852 2682 suﬂragatrix
1900 2614 2217 2667 intercessio

644 2704 1007 2757 sanctimoniae
1036 2704 1351 2771 pontiﬁcalis
1374 2707 1589 2758 assistat
1617 2707 1793 2772 (anno
1816 2704 2029 2758 Domini
2056 2706 2210 2773 5l9).

1044 2836 1133 2890 EX
1144 2836 1368 2891 EMPLU
1382 2836 1425 2889 Μ
1469 2836 1823 2893 ΕΡΙΞΤΟΙΑΕ

982 2940 1209 2979 JULIANJE
1242 2942 1425 2979 ANICI£
1448 2945 1514 2980 AD
1542 2940 1865 2981 ιιαιιιιιιδωιι.

646 3014 765 3068 Prte
794 3017 929 3068 entia
954 3019 1231 3087 legatorum
1262 3031 1431 3068 omnes
1451 3014 1692 3069 Erclesite
1713 3017 2052 3071 dissensiones
2081 3035 2218 3071 com-

720 3088 907 3153 positas
935 3102 1039 3139 esse
1065 3091 1295 3150 nuntiat;
1328 3089 1416 3140 hos
1458 3104 1560 3139 non
1592 3088 1691 3141 nisi
1727 3088 1933 3155 ﬁrmata
1962 3104 2085 3157 pace
2109 3091 2219 3143 dis-

716 3159 890 3209 cedere
915 3175 961 3223 p.
978 3158 1303 3209 rmittendum
1315 3195 1331 3209 .

717 3270 941 3322 Donnno
962 3270 1267 3324 beatissimo
1289 3269 1425 3337 patri
1449 3270 1749 3324 iiormisda:
1769 3269 1982 3324 Julian’a
2009 3273 2217 3328 Anicia.

719 3357 968 3411 Precibus
998 3370 1190 3410 ves'rae
1233 3358 1594 3420 beatitudinis,
1641 3360 1872 3413 adventu
1919 3362 2217 3430 legatorum

646 3444 955 3515 principalis
982 3448 1125 3499 sedis
1165 3448 1473 3513 apostolicae
1513 3448 1663 3502 elisis
1693 3450 1967 3503 erroribus
2000 3452 2220 3505 lucretio

643 3548 852 3596 eorum,
884 3532 939 3585 in
967 3534 1223 3588 unitatem
1256 3536 1375 3590 ﬁdei
1401 3537 1678 3591 catholicae
1708 3539 2058 3593 convenimus
2094 3555 2224 3594 con-

648 3630 851 3696 gregali
908 3626 1067 3681 simul
1112 3630 1177 3681 ad
1229 3630 1390 3683 ubera
1440 3640 1680 3683 materna
1732 3630 1984 3685 Ecclesia:
2022 3632 2086 3686 in
2134 3634 2222 3688 die

650 3731 849 3774 sanctte
875 3721 1304 3774 resurrectionis.
1337 3726 1668 3790 Quapropter
1696 3723 1837 3792 ston
1861 3726 2221 3780 venerationis

649 3814 982 3878 alloqucntes
1050 3813 1385 3867 sanctitatem
1438 3825 1698 3877 veStram,
1755 3813 2105 3868 admonemus
2163 3824 2222 3869 ut

646 3906 903 3961 intimetis
924 3949 939 3971 ,
981 3907 1258 3961 destinatis
1296 3922 1325 3959 a
1360 3907 1511 3961 vobis
1557 3907 2017 3963 reverendissimis
2045 3908 2176 3961 viris
2201 3953 2215 3976 ,

648 3995 792 4049 ttulio
814 3996 969 4048 modo
999 3996 1304 4058 abscedere,
1328 4011 1637 4065 antequam,
1670 3999 1808 4051 sicut
1840 3999 2216 4065 prae-videritis,

650 4098 706 4139 ut
752 4094 984 4152 oportet,
1044 4090 1320 4141 ﬁrmentur
1367 4104 1429 4143 ea
1461 4104 1581 4158 quae
1623 4090 1759 4143 bene
1797 4088 2053 4155 disltosita
2096 4098 2220 4143 sunt

647 4177 713 4228 ab
732 4175 809 4229 eis
834 4193 846 4227 :
872 4185 948 4239 ut,
977 4178 1259 4243 amputatis
1282 4179 1526 4233 omnibus
1562 4179 1803 4247 reliquiis
1850 4180 2102 4233 trattsami
2132 4196 2219 4233 er-

648 4266 805 4324 roris,
839 4262 1118 4330 impendiis
1147 4273 1333 4317 vestra:
1376 4265 1718 4320 beatitudinis
1750 4267 1997 4320 roborata
2041 4266 2216 4320 unitas

647 4353 712 4405 ad
741 4353 984 4408 effecmm
1008 4365 1317 4422 perpetuum
1340 4356 1801 4427 deducatur(attno
1827 4358 2033 4412 Domini
2061 4359 2209 4425 5i9).

1044 4467 1420 4523 EXEMI'LUM
1458 4470 1818 4525 EPISTOLIE

959 4576 1325 4614 ASASTASItE
1366 4579 1441 4615 AD
1485 4579 1867 4619 HOBSIISDAI

646 4672 714 4726 Ut
748 4690 837 4742 pro
866 4674 1079 4743 piissimi
1100 4674 1418 4747 imperatoris
1442 4676 1604 4729 salute
1625 4693 1793 4746 preces
1819 4679 1885 4731 ad
1910 4678 2072 4731 Deum
2094 4679 2213 4747 [un—

1232 4744 1341 4807 dat,
1371 4756 1623 4811 precatur.

716 4832 937 4885 Domino
974 4842 1157 4885 sancto
1195 4843 1250 4885 et
1302 4832 1611 4888 beatissimo
1641 4837 1775 4903 patri
1821 4848 2026 4906 patrum
2080 4840 2215 4893 lior-

579 4913 585 4922 ’
645 4923 828 4975 misdae
856 4924 1255 4991 archiepiscopo
1286 4924 1603 4978 universalis
1632 4927 1881 4983 Ecclesiae
1909 4934 2213 4985 Anastasia.

719 5012 885 5065 Divini
913 5014 1122 5067 luminis
1144 5015 1384 5069 illuxisse
1412 5017 1565 5070 nobis
1600 5019 1821 5083 gratiam
1860 5022 2050 5075 merito
2082 5038 2205 5091 pro-

645 5102 885 5165 fitemur,
934 5115 1087 5171 apost
1127 5106 1263 5159 latus
1313 5108 1475 5160 vestri
1526 5110 1879 5162 reverentiam
1928 5112 1981 5164 itt
2023 5126 2210 5167 sancto

642 5193 821 5246 corde-
850 5196 1015 5246 nosui
1048 5203 1227 5249 tenere
1269 5200 1585 5252 memoriam
1634 5201 1859 5267 paginali
1915 5205 2211 5259 assertione

643 5291 958 5347 noscentes;
987 5285 1164 5339 veraci
1193 5302 1423 5356 namque
1458 5306 1557 5359 spe
1603 5294 1922 5346 conlidimus
1966 5311 2210 5364 supernae

642 5374 1025 5430 misericordia:
1069 5378 1494 5445 propitiationem
1527 5382 1596 5435 de
1628 5383 1915 5449 pontiﬁcali
1955 5388 2210 5443 interces-

641 5471 793 5523 sione
838 5470 1153 5531 subsistere,
1204 5469 1421 5525 domine
1472 5474 1778 5530 beatissime
1822 5488 1877 5531 et
1916 5482 2211 5548 apostolico

642 5563 841 5612 honore
872 5559 1205 5628 suscipiende
1241 5569 1406 5627 pater.
1439 5561 1728 5632 Pervigiles
1751 5577 2048 5622 vestrarum
2081 5586 2208 5623 ora-

642 5651 841 5705 tionum
872 5653 1127 5718 excubiae,
1163 5662 1216 5707 et
1255 5652 1494 5714 miranda
1539 5656 1961 5713 victoriosissimi
2016 5662 2213 5729 princi-

643 5740 722 5808 pis
765 5741 895 5795 ﬁdes
943 5744 1224 5812 splendore
1261 5745 1525 5801 catholico
1565 5760 1780 5816 semper
1807 5752 2084 5818 irradians,
2118 5754 2207 5806 diu

3793 327 3899 380 452

2320 535 2570 596 restituit,
2598 547 2758 601 quam
2802 532 3049 585 omnibus
3093 530 3377 599 triumphis
3420 531 3533 585 suis
3570 530 3897 585 solidissime

2321 624 2544 677 firmatis
2575 623 2829 675 invicmm
2849 621 2969 689 jure
2991 621 3225 675 exsultat
3251 621 3589 688 prmcolttisse
3615 621 3888 674 vexilfmn.

2320 706 2549 782 ideoque
2586 712 2784 765 illibata
2816 721 3012 765 vestra:
3044 713 3378 780 paternitatis
3417 713 3771 765 sanctimonia
3799 728 3896 778 pro

2320 794 2682 857 incolumitate
2712 814 2872 871 atque
2897 804 3248 871 prosperitate
3276 802 3512 869 praedicti
3542 804 3744 857 domini
3776 820 3897 856 nos-

2320 894 2385 945 tri
2416 894 2634 961 Augusti
2661 902 2783 945 vota
2815 907 3111 961 precesque
3156 892 3510 959 onmipotenti
3562 892 3673 945 Deo
3700 890 3896 946 olferre

2322 983 2640 1037 indesinenti
2692 984 3091 1037 continuatione
3145 986 3415 1052 persistat,
3461 997 3519 1039 ut
3569 985 3914 1039 ineli‘abilent'

2321 1084 2585 1129 tantorum
2618 1075 2875 1129 bonormn
2906 1076 3152 1143 gratiam,
3173 1091 3333 1145 quam
3366 1078 3482 1145 ipse
3512 1078 3612 1145 piis
3633 1078 3752 1144 ejus
3776 1092 3897 1131 seu.-

2320 1169 2467 1221 sibus
2504 1168 2806 1236 inspiravit,
2836 1168 2901 1221 ad
2934 1168 3131 1221 futura:
3159 1182 3371 1237 quoque
3400 1169 3742 1223 beatitudinis
3774 1184 3898 1237 pro-

2323 1264 2515 1317 fectum
2543 1278 2862 1317 conservare
2886 1264 3153 1331 dignetur.
3171 1263 3393 1316 Domino
3413 1262 3573 1316 etiam
3600 1262 3758 1331 jugali
3788 1262 3896 1316 lilio

2322 1365 2518 1419 vestro,
2541 1363 2597 1407 et
2626 1354 2751 1406 tnihi
2781 1355 3035 1421 peculiari
3061 1353 3272 1407 cultrici
3302 1364 3518 1420 vestrze,
3541 1367 3661 1405 cum
3683 1352 3891 1416 sobole,

2319 1462 2476 1516 qnam
2507 1446 2662 1501 nobis
2706 1446 2963 1499 Dominus
3006 1448 3211 1501 donare
3250 1446 3496 1515 diglltius
3524 1456 3631 1511 est,
3658 1459 3689 1498 a
3717 1459 3895 1500 veSIro

2322 1536 2637 1606 pontiﬁcatu
2682 1538 2855 1590 oratio
2886 1538 3185 1607 benigniter
3213 1538 3571 1606 impendatur,
3601 1543 3754 1605 cujus
3783 1539 3895 1592 suf-

2320 1628 2487 1698 fragio
2514 1629 2681 1681 divini
2721 1630 2915 1681 lavaris
2950 1630 3209 1695 protectio
3248 1629 3401 1682 nobis
3429 1629 3723 1683 clementer
3750 1628 3888 1697 aspi-

2322 1728 2402 1772 τοι
2428 1721 2610 1785 (anno
2638 1717 2849 1770 Domini
2883 1718 2984 1773 519
3004 1715 3045 1785 ).

2729 1828 3105 1884 EXEMPLUM
3140 1829 3494 1885 EPdSTOLAS

2320 1938 2634 1976 TBEODOIKITI
2667 1936 2893 1976 EPISCOPI
2927 1937 3244 1977 LIGNIDENSIS
3276 1939 3341 1975 AD
3366 1937 3661 1975 ιιοιιιιιδυριιι
3698 1938 3890 1976 ΡΛΡΑΜ.

2484 2012 2787 2065 Gratulatur
2810 2013 3042 2079 pontiﬁci
3072 2014 3134 2064 de
3155 2013 3340 2064 unione
3362 2011 3727 2064 Eccles‘arum.

2393 2101 2617 2155 Domino
2641 2111 2828 2155 sancto
2852 2102 3008 2155 beato
3048 2100 3373 2169 praedicabili
3403 2113 3455 2156 et
3480 2102 3746 2155 adoranda
3766 2115 3891 2166 apo-

2323 2191 2483 2244 tolico
2511 2192 2644 2259 patri
2677 2191 2973 2244 Ilormisda:
3006 2206 3153 2261 papa:
3179 2192 3325 2245 urbis
3353 2193 3534 2245 Romae
3565 2192 3781 2245 humilis
3811 2193 3892 2245 fa-

2320 2283 2496 2335 mulus
2526 2292 2646 2335 tuus
2673 2286 2698 2335 Ἰ
2718 2284 3051 2337 heodoritus.

2392 2374 2521 2428 Mea!
2543 2376 2757 2441 quidem
2787 2375 3094 2443 exiguitatis
3119 2390 3222 2428 non
3248 2389 3366 2428 esse
3394 2386 3499 2427 tam
3531 2389 3719 2443 magna
3758 2388 3891 2443 prte-

2320 2477 2551 2528 Sumere,
2582 2477 2635 2520 et
2676 2467 2739 2519 ad
2781 2478 3018 2521 vestium
3059 2467 3204 2536 pium
3252 2477 3494 2519 sanctum
3541 2465 3891 2534 apostolatnm

2321 2558 2495 2627 pusilli
2519 2573 2765 2613 sermone
2786 2571 3075 2622 praesentes
3100 2560 3345 2628 parvulas
3374 2560 3643 2613 destinare
3659 2560 3891 2627 paginas.

2322 2634 2426 2703 Sed
2458 2650 2601 2716 quia,
2638 2665 2732 2717 pro
2760 2650 2919 2703 insita
2948 2652 3100 2703 vobis
3142 2652 3490 2713 humanitate,
3525 2651 3612 2719 pio
3643 2651 3893 2719 propitia-

2323 2742 2486 2795 tionis
2512 2742 2692 2794 animo
2730 2741 2908 2795 omnia
2950 2751 3079 2795 nutu
3114 2741 3409 2794 Divinitatis
3454 2752 3732 2809 protegere
3760 2754 3893 2794 oon-

2321 2832 2603 2897 suevistis,
2640 2834 2870 2888 lucidum
2904 2834 3045 2887 diem
3083 2843 3136 2887 et
3168 2836 3329 2887 totius
3372 2832 3545 2887 festivi
3572 2835 3673 2887 atis
3719 2833 3894 2903 reple-

2322 2933 2433 2977 tum
2459 2924 2603 2977 omni
2641 2923 2945 2977 reddidistis
2971 2924 3188 2988 mundo,
3226 2935 3279 2978 et
3308 2926 3500 2979 vestris
3541 2924 3894 2993 pradicandis

2328 3014 2578 3083 precibus
2615 3012 2680 3067 ad
2708 3013 2987 3082 pristinum
3026 3015 3263 3068 veritatis
3295 3016 3579 3085 (unitatis)
3610 3016 3895 3069 revocastis

2324 3114 2462 3159 statu
2489 3122 2540 3170 ιι,
2571 3116 2624 3159 et
2652 3106 2703 3158 in
2734 3121 2893 3159 unum
2939 3107 3269 3160 concordare
3325 3107 3405 3159 vel
3452 3107 3739 3174 subjugare
3775 3119 3895 3158 ves-

2329 3200 2423 3253 tris
2465 3198 2887 3268 prasdicaltilibtts
2931 3207 2982 3251 et
3027 3198 3314 3252 adorandis
3357 3198 3561 3251 meritis
3609 3197 3894 3250 annnistis.

2327 3287 2556 3357 ideoque
2577 3288 2680 3342 etsi
2712 3289 2846 3342 meis
2871 3287 3091 3341 obrutus
3122 3289 3584 3366 ἱηὶιιιιίιειιὶιιιιεηθι
3604 3289 3670 3341 ab
3700 3288 3777 3341 cis
3802 3304 3894 3340 tm-

2326 3379 2485 3447 dique
2499 3393 2808 3447 oppressus,
2826 3394 2887 3431 es
2907 3379 3072 3447 ipsius
3084 3378 3175 3450 [F.
3196 3380 3322 3448 ipsi-
3338 3377 3349 3447 ι
3364 3389 3635 3433 τειτθειιυδ
3655 3377 3894 3441 infernis,

2326 3480 2637 3523 recurrente
2652 3470 2719 3523 ad
2745 3469 2990 3537 religiosa
3012 3470 3230 3538 vestigia
3260 3481 3435 3524 vestra
3459 3470 3656 3524 famulo
3678 3478 3766 3524 tuo
3785 3470 3894 3524 viro

2324 3560 2576 3631 religioso
2632 3563 2851 3616 Pulione
2887 3564 3221 3633 (Pollione),
3251 3565 3501 3633 usurpavi
3548 3582 3633 3621 nte
3674 3560 3775 3618 t'am
3804 3582 3897 3634 per

2324 3670 2483 3717 cum,
2514 3669 2671 3723 quam
2714 3654 2874 3709 etiam
2916 3654 3000 3709 itis
3031 3657 3264 3725 parvolis
3316 3668 3366 3710 et
3416 3659 3621 3724 exiguis
3663 3658 3893 3721 chartis,

2323 3744 2515 3798 vestris
2556 3744 2904 3812 prmdicandis
2944 3761 2995 3801 et
3042 3748 3326 3802 adorattdis
3377 3761 3703 3814 praesentare
3734 3750 3897 3803 vesti-

2230 3888 2237 3893 ,
2322 3834 2443 3903 giis,
2469 3835 2700 3889 divinum
2732 3836 2983 3891 omnibus
3008 3839 3208 3893 viribus
3240 3838 3531 3893 exhortans
3558 3838 3814 3903 favorem,
3842 3848 3895 3893 et

2321 3924 2464 3978 clara
2489 3939 2619 3979 Voce
2646 3940 2766 3979 cum
2809 3927 3058 3981 omnibus
3100 3930 3316 3982 omnino
3355 3943 3553 3982 canens
3582 3949 3592 3980 :
3622 3928 3798 3983 Gloria
3842 3930 3895 3983 in

2320 4015 2533 4069 excelsis
2564 4014 2687 4081 Deo,
2720 4025 2766 4069 et
2790 4017 2840 4069 in
2869 4029 3003 4071 terra
3032 4033 3137 4087 pax
3156 4018 3443 4071 hominibus
3463 4021 3605 4072 bona
3626 4020 3897 4073 voluntatis

2322 4103 2482 4172 (Luc.
2516 4119 2549 4157 tt
2570 4106 2605 4171 ).
2626 4105 2714 4173 qui
2747 4120 2841 4175 pro
2865 4121 2957 4161 sna
2988 4106 3518 4175 incompt'ebensibi‘i
3549 4125 3583 4177 p
3608 4120 3746 4163 etate
3778 4123 3897 4162 ves-

2322 4195 2419 4248 ttis
2448 4196 2687 4249 miriﬁcis
2717 4198 2968 4264 operibus
2990 4198 3168 4249 omnia
3199 4197 3518 4251 illuminavit
3549 4208 3602 4251 et
3630 4199 3894 4262 liberavit,

2320 4296 2374 4341 et
2419 4286 2650 4341 lucidum
2680 4297 2733 4342 et
2774 4289 2939 4341 totius
2987 4288 3295 4342 festivitatis
3342 4288 3603 4356 repletum
3654 4289 3796 4343 diem
3843 4289 3895 4343 in

2321 4386 2431 4431 toto
2456 4378 2585 4432 orbe
2609 4379 2805 4432 vestris
2843 4379 2951 4432 Deo
2977 4378 3151 4448 dignis
3186 4378 3429 4445 precibus
3460 4380 3725 4446 praestitit,
3754 4390 3808 4432 et
3828 4381 3895 4431 ah

2320 4471 2464 4524 omtti
2512 4471 2787 4540 iniquitate
2833 4471 3047 4539 eripuit,
3090 4485 3139 4525 et
3183 4485 3397 4524 omnem
3429 4470 3625 4524 nodum
3673 4472 3894 4539 colliga-

2246 4531 2293 4590 θ
2323 4561 2482 4615 tionis
2530 4561 2777 4626 absolvit,
2826 4572 2879 4614 et
2922 4576 3135 4616 omnem
3182 4562 3427 4616 semitam
3479 4563 3705 4631 aperuit.
3751 4563 3896 4617 lianc

2320 4651 2500 4721 itaque
2530 4653 2896 4722 gratulationis
2930 4653 3186 4721 repletam
3226 4654 3315 4722 pio
3351 4663 3535 4708 vestro
3566 4656 3786 4722 pronius
3814 4655 3893 4707 of-

2317 4742 2495 4796 ferens
2535 4742 2890 4810 apostolatui,
2939 4743 3199 4810 deprecor
3243 4744 3316 4796 uti
3349 4758 3444 4810 pro
3481 4759 3614 4797 mea:
3651 4744 3897 4797 ﬁebilitas

2321 4836 2391 4888 tis
2440 4835 2730 4904 esigttitatc
2779 4836 2972 4887 vestris
3024 4834 3122 4902 piis
3170 4835 3418 4903 precibus
3459 4850 3725 4889 memores
3772 4849 3895 4888 esse

2317 4926 2641 4994 dignemini,
2686 4928 2902 4980 domine
2942 4935 3126 4979 sancte
3174 4929 3325 4980 l2eate
3373 4928 3669 4994 apostolice
3717 4939 3785 4994 pa
3811 4942 3890 4978 ev.

2289 5019 2549 5108 .Accepta
2599 5032 2688 5070 snt
2722 5016 2973 5071 calendas
3002 5016 3065 5069 Jtt
3091 5019 3147 5080 ii,
3179 5018 3397 5071 domino
3443 5017 3730 5070 Eutharico
3782 5018 3891 5070 tiro

2318 5108 2614 5162 clarissimo
2636 5107 2856 5161 consule
2883 5110 3059 5171 (anno
3087 5108 3293 5160 Domini
3316 5106 3467 5161 519‘.

2849 5217 3174 5271 EPISTULA
3220 5217 3353 5270 XLI.

2570 5324 2635 5360 AD
2662 5324 2949 5362 Cl-ZRIMNUI
2988 5324 3344 5369 C£TEBOSQUE
3382 5321 3638 5360 LEGATOS.

2319 5397 2393 5449 De
2421 5413 2589 5449 eorum
2608 5397 2954 5449 incolumitate
2976 5407 3023 5449 et
3052 5399 3198 5449 rebus
3220 5396 3370 5465 gestis
3392 5397 3576 5448 certior
3599 5396 3710 5463 ﬁeri
3731 5398 3893 5467 cupit.

2388 5486 2665 5539 iiormisda
2695 5486 2959 5539 Germano
2990 5497 3042 5540 et
3069 5488 3198 5553 (ad.
3231 5484 3453 5552 Joanni)
3488 5485 3774 5553 episcopis,
3796 5485 3894 5540 Fe-

2319 5573 2404 5627 lici
2426 5583 2479 5627 et
2504 5574 2760 5628 Dioscoro
2790 5574 3051 5640 diaconis,
3084 5588 3139 5629 et
3163 5576 3364 5629 Blando
3404 5578 3750 5645 presbyteto.

2388 5664 2710 5731 Opinionum
2732 5664 3016 5717 diversitas
3038 5666 3128 5718 diu
3170 5680 3267 5720 nos
3291 5664 3416 5720 facit
3444 5666 3511 5721 de
3540 5669 3892 5737 prosperitate

2319 5762 2488 5807 vestra
2538 5753 2621 5806 vel
2650 5754 2716 5809 de
2747 5764 3005 5822 susceptae
3047 5756 3272 5811 actionis
3298 5756 3554 5825 qualitate
3584 5759 3755 5813 sollici
3782 5772 3842 5811 os
3874 5775 3882 5807 :
3954 5776 3961 5779 ·
