4262 6264
326 309 423 363 ιδδ

1523 311 1874 367 EPISTULA)
1918 313 2003 365 ET
2046 313 2378 371 DECRETA.

3478 329 3581 383 454

327 424 589 496 praecipue
616 438 740 477 cum
784 422 917 477 nihil
958 431 1163 478 certum
1198 430 1302 475 tam
1353 422 1607 476 diuturno
1659 434 1901 493 tempore
1932 426 1981 483 Α
2009 420 2260 491 alloquia,
2284 424 2462 493 inquo
2486 424 2621 480 ratio
2650 429 2972 497 poposcerit,
2993 433 3414 501 competentibus
3444 436 3579 489 solt-

328 527 511 571 restraa
557 515 857 570 dilectionis
907 517 1267 584 potuissemus
1302 516 1653 583 rescriptione
1693 531 1888 586 cogno-

324 623 486 663 scere.
526 608 630 661 Nos
662 618 838 661 tamen
870 618 1082 676 reperta
1114 607 1301 661 latoris
1324 607 1607 662 occasione
1639 608 1751 663 lucc
1781 609 1895 677 ipsa

319 702 622 771 signiﬁcare
678 701 986 754 maluimus.
1047 702 1380 769 Quapropter
1428 701 1719 754 salutaritt-s
1773 718 1894 756 cum

316 796 412 849 Dei
453 795 839 863 omnipotentis
866 795 1064 848 auxilio
1098 795 1390 848 incolumes
1420 810 1518 847 nos
1549 809 1670 848 esse
1699 810 1899 862 cogno-

315 887 474 949 scite,
502 887 641 955 quod
674 895 729 939 et
767 886 838 940 de
872 886 1023 937 vobis
1058 884 1243 937 audire
1271 883 1659 938 desideramus.
1694 884 1798 938 Sed
1843 895 1898 937 ut

314 980 384 1032 de
407 979 657 1032 omnibus
682 992 798 1046 qua:
834 987 983 1045 gesta
1014 986 1139 1029 sunt
1171 985 1404 1028 nostram
1440 974 1647 1041 plenius
1676 974 1896 1042 possitis

314 1070 583 1122 instruere
616 1068 909 1133 notionem,
941 1085 967 1116 a
996 1065 1185 1134 quibus
1216 1066 1478 1133 personis,
1512 1066 1591 1117 vel
1627 1066 1677 1118 in
1705 1065 1898 1131 quibus

317 1161 450 1213 locis
475 1161 629 1223 bene,
658 1147 797 1213 sicut
823 1158 1114 1220 credimus,
1144 1158 1374 1225 suscepti
1407 1156 1634 1225 fueritis.
1670 1157 1748 1209 vel
1783 1157 1852 1211 ub
1879 1197 1892 1218 ,

316 1261 409 1302 aut
436 1251 538 1302 sub
572 1266 674 1318 qua
709 1248 995 1301 fesrivitate
1028 1247 1443 1301 resurrectionis
1486 1245 1772 1300 dominica:
1801 1262 1894 1299 ca-

316 1359 344 1395 r
369 1354 449 1394 tas
479 1351 654 1393 vestra
689 1340 919 1393 tenuerit
942 1339 1106 1392 diem.
1126 1338 1189 1392 Et
1212 1337 1336 1408 quid
1367 1337 1624 1406 deinceps
1653 1337 1896 1405 egeritis,

316 1449 412 1503 per
442 1434 619 1485 omnia
649 1432 922 1500 rescriptis
953 1431 1289 1485 currentibus
1318 1430 1611 1491 declarate,
1635 1439 1896 1498 quatenus

316 1542 413 1581 ves
442 1539 551 1579 ram
569 1523 659 1594 [Γ.
677 1541 745 1579 no
778 1522 935 1593 tram]
956 1523 1327 1592 cogitationem
1343 1522 1409 1576 de
1426 1533 1597 1575 vestra
1616 1530 1670 1575 et
1683 1522 1894 1575 a’ctuum

316 1617 614 1687 prosperita
646 1632 676 1670 e
706 1617 945 1670 relevare
980 1614 1219 1682 possitis,
1251 1621 1305 1667 et
1330 1614 1375 1666 si
1405 1614 1532 1680 quid
1558 1610 1895 1693 instructioni

315 1724 473 1779 quam
497 1709 810 1777 suscepisﬁs
834 1721 1009 1761 eauszc
1038 1707 1287 1768 defuerit,
1310 1704 1633 1773 subiungere
1654 1718 1774 1756 cum
1802 1702 1893 1756 Dei

316 1802 486 1857 nostri
504 1803 697 1855 solatio
710 1800 1003 1854 valeamus.
1028 1799 1154 1852 Data
1170 1814 1237 1850 v.1
1255 1797 1504 1851 calendas
1518 1796 1680 1849 Maias
1696 1795 1890 1849 Eutlta-
1928 1802 1973 1862 Β

315 1899 425 1952 t'ico
453 1897 569 1951 viro
596 1894 894 1949 clarissimo
917 1893 1138 1947 consule
1171 1902 1344 1957 (anno
1373 1890 1579 1944 Domini
1612 1890 1765 1957 5l9).

851 2003 1180 2060 EPISTOLA
1219 2004 1376 2058 XLII.

742 2112 817 2149 Δυ
862 2111 1108 2149 εοδυειι
1148 2110 1463 2149 ιΕοΑτοε.

316 2209 465 2264 Dolet
491 2210 609 2263 illos
636 2226 735 2261 non
763 2210 980 2262 scribere
1004 2222 1023 2261 :
1052 2225 1103 2261 se
1140 2206 1415 2260 Paulinum
1437 2216 1504 2259 ad
1537 2209 1892 2276 imperatorem

948 2276 1144 2330 misisse
1178 2280 1269 2330 ait.

384 2392 665 2447 IIortnisda
693 2392 884 2460 quibus
923 2406 1106 2459 supra.

382 2485 607 2537 Animus
661 2493 840 2536 noster
892 2482 1141 2535 diuturna
1189 2472 1430 2535 redditur
1484 2484 1892 2551 exspectatione

312 2577 576 2629 sollicitus
606 2593 616 2625 :
648 2574 915 2642 praecipue
943 2574 1008 2625 ad
1039 2583 1238 2626 tantum
1274 2574 1443 2640 princi
1470 2590 1568 2626 o-m
1609 2574 1885 2649 tlestinai,

310 2667 409 2719 sub
429 2665 704 2719 celeritate
728 2679 823 2717 nos
844 2663 1104 2718 certiores
1132 2663 1452 2718 debuissetis
1492 2664 1730 2719 efﬁcere.
1758 2667 1889 2720 Nam

310 2766 436 2810 ante
463 2756 604 2809 diem
628 2756 972 2809 AScensionis
994 2754 1276 2807 dominicte
1306 2754 1511 2808 litteras
1541 2764 1746 2809 vestras
1776 2772 1892 2811 cre-

309 2848 573 2900 debamus
619 2863 715 2901 nos
764 2862 919 2917 posse
965 2848 1258 2916 Suscipere.
1294 2847 1491 2901 Idcirco
1545 2860 1651 2902 tam
1697 2860 1889 2904 vestra:

307 2939 590 3007 sospitatis
619 2940 833 3004 indicia,
862 2955 1017 3009 quant
1048 2939 1337 3008 profectqu
1360 2954 1559 3003 causa:,
1584 2954 1742 3006 quam
1773 2956 1893 3009 per-

310 3031 571 3100 agendam
605 3047 727 3086 cum
757 3033 848 3085 Dei
878 3031 1050 3085 nostri
1078 3031 1353 3097 juvamine
1383 3032 1714 3098 suscepistis,
1750 3030 1892 3084 desi-

309 3122 562 3175 deramus
586 3137 893 3189 agnoscere.
930 3120 1208 3174 Paulinum
1236 3120 1491 3174 Eccles'm
1521 3120 1773 3173 Romana.-
1796 3120 1889 3173 de-

310 3212 576 3266 fensorem
602 3227 724 3265 cum
756 3213 969 3279 scriptis
1018 3211 1373 3279 prtesenttbus
1413 3212 1685 3263 destinare
1727 3226 1886 3264 cura-

310 3303 508 3366 vimus,
543 3313 648 3355 tam
688 3302 907 3370 principi
953 3301 1178 3366 litteras,
1222 3317 1379 3369 quam
1426 3301 1665 3368 singulis,
1699 3301 1890 3368 quibus

308 3394 579 3461 oportuit,
646 3391 956 3461 dirigentes.
1030 3392 1365 3461 Quapropter
1422 3391 1588 3445 Deum
1646 3401 1887 3444 nostrum

309 3484 561 3555 congruis
610 3485 855 3553 precibus
884 3498 1122 3550 oramus,
1163 3494 1221 3537 ut
1248 3483 1360 3552 ipse
1402 3482 1625 3535 salutem
1660 3491 1886 3535 vestram

308 3590 403 3629 sua
433 3575 811 3643 propitiatione
837 3575 1123 3639 custodiat,
1154 3583 1207 3626 et
1235 3587 1411 3626 causa:
1435 3570 1643 3639 qualem
1672 3571 1886 3623 deside-

310 3680 494 3718 ramus
506 3666 798 3720 concedere
817 3666 1059 3735 diguetnr
1075 3663 1342 3717 effectum.
1360 3663 1459 3729 Qui
1478 3659 1568 3732 [F.
1586 3661 1731 3733 quia]
1757 3659 1885 3714 nihil

312 3754 635 3821 majusinter
657 3756 837 3809 titulos
849 3755 1030 3822 optimi
1047 3753 1379 3823 imperatoris
1392 3752 1704 3818 ascribitur,
1722 3766 1880 3819 quam

311 3848 358 3899 si
379 3861 500 3904 eum
533 3848 770 3901 Ecclesia
794 3846 897 3900 Gru
916 3862 999 3911 ca,
1030 3859 1268 3914 prmsens
1293 3853 1345 3898 et
1362 3843 1561 3906 futura,
1596 3844 1889 3913 praedicare

312 3950 579 3992 mereatur
618 3940 763 4001 pacis
807 3946 1100 3991 auctorem.
1145 3936 1273 3988 Data
1309 3950 1361 3987 Ill
1400 3935 1651 3987 caiendas
1702 3934 1884 3995 Maias,

313 4026 599 4081 Eutharico
620 4030 733 4080 viro
754 4026 1054 4081 clarissimo
1078 4025 1299 4078 consule
1319 4025 1481 4094 (anno
1508 4020 1714 4076 Domini
1738 4023 1885 4093 519).

827 4138 1156 4192 EPISTULA
1196 4137 1372 4191 XLIII.

782 4249 808 4282 Α
818 4245 846 4281 D
898 4244 1098 4281 κυεοιῖδι
1148 4242 1384 4283 ιεῦλτοε

398 4336 473 4390 De
515 4336 595 4389 Itis
640 4353 750 4405 qua:
790 4350 945 4408 agant
984 4339 1085 4391 vult
1124 4355 1177 4391 se
1220 4339 1454 4392 moneri:
1485 4338 1803 4409 Stephanum

920 4409 1260 4461 commendat.

381 4521 664 4573 llormisda
702 4521 889 4589 legatis
916 4522 1113 4574 nostris
1143 4524 1333 4590 quibus
1363 4538 1545 4591 supra.

379 4610 616 4663 Necesse
650 4619 733 4664 est
758 4621 813 4663 ut
841 4613 923 4665 vel
952 4612 1020 4666 de
1064 4612 1314 4681 injunctte
1353 4615 1575 4667 actionis
1622 4623 1761 4668 statu
1806 4617 1887 4669 vel

309 4698 374 4754 de
402 4712 598 4753 vestra:
623 4700 923 4754 dilectionis
962 4702 1257 4770 cogitemus
1293 4701 1532 4756 absentia
1561 4744 1577 4769 ,
1610 4714 1665 4758 et
1690 4706 1888 4774 probis

311 4791 472 4844 rebus
497 4792 801 4845 Sollicitudo
821 4804 999 4847 nostra
1042 4810 1144 4847 non
1178 4795 1372 4863 patitur
1392 4796 1658 4849 scribendi
1691 4798 1888 4863 quasli-

310 4881 400 4935 bet
431 4882 743 4935 ocrasioncs
770 4884 1037 4937 omittere.
1068 4887 1306 4937 Antehac
1335 4901 1427 4952 per
1468 4885 1883 4953 Magistriannm,

307 4972 395 5037 qui
430 4970 482 5022 in
514 4972 818 5041 Symmachi
846 4974 1050 5041 patricii
1082 4976 1339 5029 remeavit
1377 4977 1711 5043 obsequium,
1744 4978 1887 5031 litte-

309 5074 395 5111 ras
442 5062 649 5113 caritati
696 5076 883 5116 vestra:
923 5064 1245 5131 direximus,
1279 5066 1549 5120 hortantes
1590 5078 1643 5119 ttt
1698 5085 1795 5122 nos
1823 5069 1889 5121 de

309 5154 577 5207 universis
608 5170 724 5222 qua:
754 5158 803 5208 in
836 5172 991 5209 causa
1040 5158 1406 5213 ecclesiastica
1450 5173 1595 5229 geSta
1640 5172 1763 5214 sunt
1806 5164 1885 5215 vel

310 5255 571 5311 geruntur
622 5263 725 5300 non
757 5250 1076 5303 omitteretis
1127 5251 1412 5316 instruere,
1453 5253 1594 5320 quod
1624 5264 1678 5307 et
1709 5252 1889 5308 facere

310 5350 407 5402 pro
452 5348 650 5390 nostra:
696 5340 1033 5407 rogitationis
1081 5344 1403 5397 revelatione
1452 5346 1676 5400 debetis.
1710 5347 1886 5402 Nostri

307 5426 453 5477 enirn
502 5428 609 5481 voti
640 5440 721 5481 est
771 5440 825 5482 ut
854 5432 1018 5484 labori
1048 5445 1223 5487 vestro
1256 5434 1397 5489 Deus
1426 5440 1765 5507 omnipotens
1793 5442 1886 5495 de-

307 5514 602 5569 sideratum
636 5521 932 5574 concedere
974 5522 1221 5591 dignetur
1250 5526 1515 5583 effectum.
1556 5530 1883 5597 Stephanum

308 5607 700 5674 negotiatorem
750 5627 843 5678 per
889 5628 1044 5680 quem
1076 5616 1227 5667 vobis
1275 5628 1455 5670 nostra
1502 5622 1887 5675 eontradeutur

2003 513 2088 564 tiis
2110 513 2353 581 adjuvate
2372 556 2386 579 ,
2417 517 2537 585 quia
2570 517 2710 579 hunc
2730 533 2942 587 seraper
2970 535 3210 577 nosuum
3241 516 3404 580 finisse
3432 540 3578 581 reco-

2002 604 2128 657 litis.
2164 605 2205 658 D
2225 616 2291 659 ita
2319 608 2509 663 eodem
2538 609 2623 664 die
2651 609 2813 681 (armo
2839 613 3043 667 Domini
3070 616 3217 685 5l9).

2482 733 2510 765 "
2536 732 2863 787 EPISTOLA
2908 733 3092 789 XLIV.

2359 882 2398 923 .
2426 845 2493 881 AD
2530 843 2782 883 JUSTINCM
2835 847 3138 888 AUGUSTUM.

2002 933 2299 1018 Gratulatur
2323 953 2434 1018 cunt
2461 942 2570 1018 ejus
2593 957 2751 1018 opera
2783 942 3228 1018 Constantinopoli
3258 963 3358 1012 pax
3386 948 3570 1018 vigeat,

2071 1005 2166 1056 hoc
2196 1006 2362 1076 ipsum
2401 1005 2683 1063 Aniiocltia:
2708 1023 2753 1064 et
2782 1005 3455 1086 Alexandriw'faciendumv
3481 1005 3571 1073 cn:

2074 1086 2171 1127 ret.

2074 1188 2350 1244 liormisda
2376 1193 2657 1269 episcopus
2690 1195 2901 1249 Justiuo
2930 1199 3191 1266 Angusto.
3386 1266 3387 1269 η

2073 1280 2246 1334 Lectis
2276 1264 2575 1339 clementiae
2619 1299 2809 1341 vestra:
2857 1293 3081 1357 paginis,
3112 1307 3231 1359 quite
3279 1294 3572 1348 restitutam

2004 1374 2125 1429 ﬁdei
2156 1378 2498 1431 concordiam
2528 1380 2861 1446 nuntiabant,
2896 1382 2947 1434 io
2976 1383 3169 1437 divina?
3210 1386 3376 1439 laudis
3407 1389 3574 1441 canti-

1999 1482 2120 1519 cum
2145 1483 2295 1521 mens
2317 1469 2477 1522 totius
2503 1470 2752 1524 Ecclesia)
2787 1474 2901 1525 laeta
2928 1477 3186 1543 prorupit,
3207 1492 3311 1543 quo
3330 1480 3567 1533 canitur:

1999 1553 2179 1608 Gloria
2233 1557 2284 1609 in
2335 1557 2547 1611 excelsis
2596 1559 2723 1624 Deo,
2756 1573 2801 1612 et
2849 1563 2902 1614 in
2950 1571 3087 1615 terra
3142 1582 3243 1631 pax
3290 1570 3575 1622 hominibus

2001 1647 2144 1701 bona:
2169 1651 2444 1702 voluntatis
2474 1651 2491 1720 (
2518 1651 2643 1703 Luc.
2675 1667 2708 1705 ll
2734 1653 2775 1721 ).
2809 1653 2972 1721 Hujus
3000 1656 3155 1724 igitur
3178 1658 3361 1712 ﬁducia
3392 1660 3572 1729 hymni

1999 1739 2210 1808 dignam
2287 1742 2529 1795 ﬁdelibus
2598 1745 2801 1797 meritis
2864 1748 3085 1813 glu-riam
3163 1751 3573 1821 felicitatemque

2002 1833 2324 1898 praesumite.
2366 1830 2547 1903 Neque
2592 1836 2730 1889 enim
2767 1846 2817 1891 te
2855 1838 2921 1891 ita
2955 1840 3061 1893 Deo
3084 1842 3335 1909 placitum
3379 1846 3573 1912 princi-

2001 1936 2117 1985 pem
2166 1922 2228 1974 ad
2256 1922 2460 1990 imperii
2503 1928 2756 1980 verticem
2805 1926 3063 1983 humanus
3109 1940 3309 1984 tantum
3342 1950 3571 1993 consen-

1996 2026 2086 2064 sus
2118 2014 2297 2067 evexit
2332 2056 2344 2077 ,
2381 2023 2431 2068 te
2474 2016 2571 2069 sibi
2615 2018 2823 2071 divinus
2873 2019 3019 2073 favor
3058 2032 3181 2076 ante
3231 2025 3572 2078 formaverat.

1996 2101 2235 2156 Tradidit
2269 2104 2411 2158 enim
2442 2106 2536 2159 tibi
2566 2109 2799 2161 Orientis
2839 2108 3119 2177 imperium
3192 2122 3246 2166 ttt
3289 2113 3405 2181 ejus
3448 2129 3573 2177 Ope-

1997 2209 2111 2246 rmn
2159 2196 2313 2249 lie'res
2357 2196 2800 2263 inStrumentum;
2837 2207 2995 2269 atque
3044 2201 3164 2255 ideo
3202 2211 3261 2256 ut
3308 2204 3486 2258 hocin
3521 2215 3573 2260 te

1995 2283 2362 2349 propheticum
2419 2282 2619 2339 dictum
2654 2287 2775 2354 jure
2805 2290 3087 2343 conveniat
3124 2291 3405 2346 efﬁciatis:
3439 2293 3573 2346 Con-

1993 2372 2169 2424 stituet;
2202 2389 2285 2426 eos
2336 2374 2591 2443 principes
2640 2393 2790 2446 supir
2836 2394 3034 2431 omnem
3083 2392 3301 2445 terram;
3332 2398 3573 2437 memores

1994 2473 2139 2515 erant
2158 2448 2381 2517 nominis
2413 2467 2507 2526 tui.
2543 2456 2776 2535 Domine,
2805 2469 2857 2520 in
2898 2471 3033 2522 omni
3072 2473 3311 2541 progenie
3346 2483 3390 2527 et
3418 2492 3572 2543 gene-

1993 2557 2186 2608 ratioiie
2220 2559 2237 2626 (
2268 2555 2409 2611 PSul.
2441 2563 2620 2627 κων).
2670 2560 2876 2613 Etenim
2909 2576 3029 2615 cum
3065 2565 3156 2616 tibi
3204 2566 3276 2618 sit
3315 2564 3571 2622 Christia-

1994 2660 2115 2697 nam
2167 2662 2349 2715 pacem
2406 2662 2621 2702 servare
2668 2652 3020 2719 pr0positum,
3063 2655 3184 2721 quis
3217 2664 3266 2707 te
3308 2656 3514 2712 dubitet
3540 2674 3569 2711 a

1993 2738 2205 2792 Christo
2249 2754 2369 2793 esse
2392 2739 2641 2794 dilectum
2678 2742 3059 2812 (delectum)?
3086 2745 3207 2798 llaec
3251 2747 3418 2815 prima
3450 2759 3572 2804 sunt

1993 2830 2152 2883 vestri
2188 2829 2526 2884 fundamenta
2557 2832 2902 2898 principatus,
2939 2834 3103 2887 Deum
3147 2835 3248 2902 plac
3268 2852 3388 2891 asse
3416 2839 3572 2907 justi-

1994 2922 2100 2985 tia,
2153 2932 2207 2975 et
2251 2922 2505 2976 a-civisse
2554 2924 2702 2976 vobis
2758 2925 3225 2980 excellentissima:
3275 2930 3570 2997 tnajestatis

1991 3011 2207 3074 auxilia,
2227 3012 2353 3065 dum
2380 3013 2716 3067 adversarios
2737 3014 2852 3082 ejus
2877 3018 3023 3069 velut
3055 3020 3298 3086 preprios
3330 3022 3569 3089 compri-

1994 3102 2136 3153 mitis
2187 3100 2448 3155 inimicos.
2505 3101 2626 3155 llaac
2677 3102 2929 3156 nimirum
2980 3107 3207 3160 maxima
3260 3109 3570 3176 reipublicae

1917 3162 1963 3222 Ο
1996 3190 2335 3244 fundamenta
2368 3202 2509 3255 sunt,
2548 3191 2648 3245 hoc
2691 3193 2922 3246 sulidum
2974 3195 3336 3267 invictumque
3383 3201 3564 3254 robur.

1991 3280 2172 3351 Neque
2191 3283 2334 3335 enim
2362 3282 2607 3337 humanis
2627 3283 2816 3337 ictibus
2838 3294 3011 3354 potest
3028 3300 3146 3340 esse
3171 3289 3405 3357 pervium
3427 3294 3568 3360 quod

1991 3384 2075 3428 est
2103 3373 2299 3427 divinae
2333 3375 2518 3443 gratia:
2549 3375 2795 3430 ﬁrmitate
2826 3375 3099 3431 vallatum.
3134 3378 3308 3433 Testis
3337 3391 3419 3434 est
3445 3381 3568 3435 huic

1992 3467 2297 3534 prophetica
2329 3464 2638 3534 Scriptura;
2664 3467 2735 3519 ait
2769 3468 2909 3520 enim
2945 3486 2956 3520 :
2992 3466 3142 3539 Εἰρῃὶ
3174 3469 3336 3523 David
3371 3488 3569 3526 servum

1991 3570 2177 3619 meum,
2220 3556 2330 3608 oleo
2358 3544 2536 3610 sancto
2573 3572 2686 3609 meo
2729 3558 2856 3611 uinci
2883 3575 3036 3612 eum:
3064 3576 3244 3615 manus
3283 3564 3417 3615 enim
3458 3580 3569 3617 mea

1990 3648 2325 3700 auritiabitur
2370 3648 2435 3709 ei,
2478 3660 2524 3701 et
2569 3648 2830 3702 brachium
2884 3667 3053 3703 meum
3099 3655 3405 3723 confortabit
3451 3671 3568 3710 eum

1992 3734 2159 3801 (Pani.
2174 3737 2448 3805 Lxxxvtu).
2465 3735 2658 3792 Contra
2675 3750 2851 3794 autem
2864 3741 3059 3796 frustra
3075 3757 3240 3809 arma,
3264 3745 3455 3800 frustra
3469 3748 3566 3802 sibi

1993 3824 2176 3890 Copias
2204 3828 2417 3893 quatrit,
2442 3843 2597 3895 quem
2622 3831 2788 3897 gratia
2813 3846 3044 3899 superna
3073 3834 3331 3888 destituit.
3359 3837 3566 3892 Etenim

1991 3917 2252 3970 veraciter
2306 3918 2561 3986 scriptum
2614 3929 2698 3973 est
2744 3938 2758 3973 τ
2805 3919 2925 3975 Νίσί
2977 3923 3225 3979 homines
3270 3931 3568 3984 custodierit

1992 4007 2240 4059 deitatem
2266 4049 2279 4071 ,
2336 4009 2389 4060 in
2465 4024 2652 4062 vanum
2705 4012 2916 4081 vigilant
2980 4016 3066 4082 qui
3119 4017 3408 4070 custodiunt
3455 4035 3568 4071 eam

1992 4095 2383 4167 (Psal.cxxvt).
2409 4099 2638 4155 Bellabis
2663 4111 2714 4155 tu
2729 4103 2941 4171 quidem
2969 4105 3152 4161 divino
3175 4116 3315 4161 tutus
3342 4110 3565 4175 auxilio,

1992 4189 2447 4244 excellentissime
2468 4193 2738 4261 princeps,
2765 4206 2822 4249 et
2862 4206 2964 4251 ture
3004 4199 3310 4267 reipublicae
3337 4201 3465 4272 jugo
3490 4203 3568 4259 fe-

1993 4279 2387 4335 racissimarum
2436 4286 2674 4349 gentium
2728 4287 2864 4340 colla
2916 4291 3225 4355 submittes;
3276 4294 3370 4346 sed
3423 4297 3568 4351 nulla

1992 4368 2209 4421 victoria
2246 4381 2421 4438 potest
2451 4388 2571 4426 esse
2599 4378 2958 4441 praestantior,
2990 4395 3146 4447 quam
3173 4384 3313 4449 quod
3352 4383 3568 4441 humani

1993 4458 2204 4527 generis
2240 4459 2451 4513 hostem
2470 4470 2612 4537 \post
2636 4463 2858 4531 quaesita
2889 4474 2994 4519 tam
3024 4468 3166 4538 longi
3198 4476 3453 4539 temporis
3480 4479 3569 4529 ﬁr-

1920 4534 2263 4600 Dmameota
2314 4534 2603 4604 subvertis.
2654 4550 2941 4607 Enimvero
2995 4534 3315 4611 ceterorum
3378 4573 3565 4619 natura

1999 4636 2299 4705 praeliorum
2326 4639 2572 4695 distincta
2617 4642 2882 4711 gentibus,
2909 4645 3217 4714 regionibus
3260 4654 3566 4721 terminata,

1996 4742 2187 4781 cruore
2229 4730 2464 4797 polluta;
2505 4733 2619 4785 bare
2656 4750 2814 4788 omne
2852 4751 3022 4805 genus
3065 4739 3348 4794 humanum
3395 4745 3567 4810 palma

1996 4817 2403 4884 complectitur,
2449 4822 2588 4876 hunc
2635 4826 2885 4880 omnibus
2936 4828 3244 4895 regionibus
3283 4832 3569 4900 imputabis

1999 4909 2375 4980 (importabis)
2403 4913 2758 4981 triumphum;
2791 4927 2843 4971 et
2873 4919 3011 4985 quod
3044 4919 3235 4973 divina:
3266 4924 3565 4989 proximum

1998 5001 2180 5069 pietati
2212 5014 2314 5065 est,
2354 4989 2447 5071 qui
2491 5005 2647 5072 paulo
2685 5015 2811 5062 ante
2834 5009 2995 5062 ductu
3025 5009 3221 5063 diaboli
3256 5016 3569 5080 grassaban-

2000 5102 2103 5157 tur,
2135 5109 2276 5147 nuuc
2304 5094 2369 5148 ad
2412 5098 2639 5165 propria:
2667 5100 2858 5154 salutis
2887 5101 3132 5155 effectum
3158 5104 3275 5158 sine
3300 5110 3570 5177 sanguinis

1996 5181 2255 5237 effusione
2278 5185 2581 5239 vincuntur.
2618 5187 2836 5242 Durabit
2868 5190 3027 5259 igitur
3067 5194 3222 5259 hujus
3252 5195 3561 5251 Christianae

1998 5272 2234 5325 victoria:
2271 5289 2366 5342 per
2392 5290 2561 5327 rerum
2591 5276 2907 5345 triumphus.
2944 5283 3124 5351 Neque
3149 5285 3288 5338 enim
3316 5298 3565 5353 poterunt

1998 5359 2115 5413 labe
2147 5365 2396 5429 temporis
2421 5363 2648 5428 aboleri,
2676 5380 2793 5432 qua:
2826 5369 2875 5420 in
2902 5371 3227 5436 sempiterna
3258 5373 3378 5427 ﬁdei
3400 5375 3557 5428 stabie

2000 5448 2148 5502 litate
2171 5450 2382 5504 fundata
2406 5462 2550 5507 sunt.
2583 5454 2918 5510 Permanebit
2940 5460 3098 5527 longe
3122 5462 3330 5530 lateque
3358 5474 3551 5517 vestro-

1997 5553 2111 5592 rum
2156 5540 2289 5592 fama
2335 5540 2616 5609 factorum,
2648 5556 2704 5601 et
2725 5552 2860 5601 sicut
2884 5549 3079 5602 divinis
3103 5551 3412 5616 designatur
3452 5555 3563 5606 elo-

1996 5633 2153 5700 quiis,
2185 5635 2237 5686 in
2264 5653 2459 5690 onmem
2487 5648 2673 5693 terram
2699 5642 2849 5694 exivit
2869 5658 3022 5696 sonus
3050 5659 3246 5709 eorum,
3278 5655 3323 5697 et
3355 5649 3405 5700 in
3435 5650 3562 5715 fines

381 5736 399 5753 '
429 5736 554 5790 llaec
585 5740 812 5807 epistola
855 5759 973 5797 cum
1020 5749 1254 5817 quinque
1303 5754 1645 5821 sequentibus
1690 5761 1882 5829 scripta
1898 5736 1990 5818 ‘est
2022 5775 2138 5834 post
2170 5782 2350 5837 pacem
2384 5773 2706 5840 nuntiatam,
2740 5789 2881 5829 anno
2908 5775 3111 5830 Domini
3142 5779 3261 5834 5l9.
