4262 6264
692 285 791 341 «155

2063 277 2428 331 llORMlSD/E
2469 278 2664 334 PAI’IE

3831 290 3935 344 456

691 389 832 453 term
857 397 1000 451 verba
1036 412 1210 451 eorum
1255 395 1442 465 (Psal.
1466 392 1645 461 ινιιι).
1698 392 1762 446 Et
1804 391 2012 446 ercteris
2040 390 2248 460 quidem
2280 396 2326 451 Α
2355 404 2542 448 cuncta
2570 395 2685 449 haec
2724 398 3107 464 provtdentiam
3150 397 3482 466 disposuisse
3525 393 3792 452 divinam?
3820 402 3934 455 Pri-

689 487 841 541 bellis
869 502 1023 555 agros
1043 527 1056 549 ,
1093 487 1269 545 nrbes,
1303 485 1492 551 eppida
1521 492 1595 548 et,
1644 482 1782 549 quod
1815 494 2121 546 supremum
2153 489 2256 543 est,

688 579 1045 645 subjectorum
1075 576 1370 629 libertatem
1416 573 1603 635 tueris,
1630 585 1770 640 quae,
1802 570 2106 624 mortalium
2152 571 2259 622 nsi-

685 669 789 719 bus
820 676 1141 732 comparata,
1188 663 1346 716 simili
1388 662 1616 731 quadam
1648 660 1969 715 mortalitate
1998 658 2254 713 solvenda

686 764 831 808 sunt.
864 755 921 807 ln
952 754 1051 806 hoc
1072 752 1361 806 certamine
1394 754 1499 803 vita
1531 751 1640 819 ipsa
1680 748 2001 807 defenditur.
2031 758 2086 800 et
2124 762 2258 815 quo-

686 847 971 899 dammodo
1016 860 1112 913 pro
1150 845 1491 913 sempiternae
1528 823 2024 897 beatitudinis'arce
2055 855 2256 908 pugna-

686 945 787 989 tur.
812 936 1066 1001 Quocirca
1097 935 1398 987 coutiuuatu
1445 934 1571 985 tanti
1604 931 1781 998 operis
1822 938 2108 996 apparatus
2138 928 2253 981 cle-

685 1026 899 1080 mentia:
944 1037 1133 1077 vestra;
1166 1025 1514 1076 intentionem
1545 1022 1784 1089 requirit.
1830 1019 2008 1072 Facite
2037 1028 2092 1070 ut
2138 1018 2255 1071 nul-

684 1118 793 1171 lum
825 1132 1040 1186 prorsus
1071 1116 1455 1183 receptaculum
1481 1130 1545 1169 eo
1592 1130 1698 1182 quo
1726 1128 1909 1167 rursus
1932 1111 2255 1166 immanissi-

685 1225 801 1263 mus
842 1209 1009 1262 hostis
1043 1218 1286 1275 emergat
1346 1207 1613 1269 inveniat;
1644 1206 1848 1258 cunctis
1891 1218 2012 1257 eum
2059 1203 2254 1255 nudate

683 1298 964 1365 pra-sidiis,
992 1297 1115 1351 etsi
1152 1298 1277 1365 quid
1326 1312 1543 1363 usquam
1586 1296 1928 1362 vestigiorum
1970 1295 2086 1359 ejus
2125 1295 2251 1347 reli-

681 1402 842 1455 quum
870 1395 970 1450 est,
1002 1386 1052 1439 id
1075 1401 1232 1440 omne
1262 1387 1511 1440 elementi
1544 1385 1783 1439 remedio
1805 1394 2062 1454 purgate:
2092 1399 2250 1437 omne

682 1478 929 1546 nequitiae
980 1490 1196 1543 germen
1253 1477 1487 1529 funditus
1538 1487 1794 1539 eruatur;
1863 1474 2084 1528 adversa
2146 1474 2253 1527 Deo

680 1568 842 1635 stirps
882 1566 948 1619 ad
998 1566 1175 1619 vivum
1226 1582 1389 1634 usque
1421 1574 1715 1630 resecetur,
1762 1579 1829 1617 ne
1878 1561 2053 1616 minus
2099 1578 2249 1616 cont-

681 1674 858 1725 pressa
894 1658 1063 1727 (quod
1093 1657 1261 1725 absit)
1298 1656 1593 1724 iniquitatis
1621 1654 1769 1708 radix
1802 1664 2059 1708 venenata
2093 1653 2251 1704 latius

2362 499 2503 537 tuum
2531 501 2651 539 eum
2679 487 2971 555 principem
3001 502 3121 542 esse
3158 488 3446 549 delectum,
3474 492 3566 558 qui
3597 505 3718 543 cum
3750 506 3808 545 se
3840 496 3933 545 lto-

2362 574 2561 627 tninum
2593 579 2896 643 suscepisse
2926 578 3131 632 videret
3161 579 3463 647 imperium,
3499 597 3605 634 non
3636 598 3695 635 si:
3730 584 3932 640 oblitus

2359 676 2437 719 est
2473 667 2581 720 Deo
2608 682 2729 722 esse
2756 669 3077 736 subjectum.
3129 672 3324 725 Dehinc
3364 674 3506 741 quod
3551 675 3715 729 talem
3746 678 3933 730 frater-

2362 758 2577 810 nitatem
2609 767 2751 812 tuam
2800 762 3052 813 Ecclesia:
3098 777 3207 814 sua:
3248 765 3525 830 praesulem
3557 765 3733 831 dedit,
3772 782 3928 834 quem

2360 860 2463 898 non
2490 858 2635 901 esset
2660 852 2960 917 ambiguum
2992 866 3112 904 cum
3135 854 3261 905 sede
3292 865 3493 919 nostra,
3527 855 3578 909 id
3603 866 3687 910 est
3715 869 3929 925 aposto-

2360 934 2478 997 lica,
2506 947 2704 990 certam
2731 954 3140 1009 tnansuratnque
3173 941 3291 996 fidei
3322 946 3620 999 subiturum
3651 961 3772 1001 esse
3800 962 3930 1002 con-

2358 1025 2617 1079 cordiam.
2636 1026 2843 1082 Etenim
2864 1028 3041 1082 libello
3067 1046 3094 1082 a
3116 1030 3265 1083 nobis
3289 1032 3409 1085 fidei
3434 1034 3661 1087 libenter
3678 1048 3921 1103 accepto,

2357 1131 2476 1170 cum
2510 1118 2972 1186 redintegrationis
3001 1121 3055 1174 in
3096 1120 3309 1176 CbriSto
3350 1126 3513 1179 fueris
3554 1122 3757 1191 avidus,
3792 1144 3928 1180 nun-

2357 1224 2512 1276 quam
2546 1210 2596 1262 in
2628 1212 3093 1279 przetlestinatioue
3139 1214 3313 1266 divina
3347 1215 3511 1270 fuisse
3550 1231 3579 1269 a
3621 1218 3773 1270 nobis
3799 1232 3929 1286 cog-

2360 1303 2595 1354 nasceris
2616 1302 2841 1356 alienus.
2859 1303 3057 1372 Itaque,
3077 1306 3418 1360 dilectissime
3441 1306 3623 1372 frater,
3642 1309 3732 1362 Dei
3755 1310 3926 1363 nosui

2356 1404 2547 1462 sponte
2588 1397 2925 1450 currentibus
2978 1401 3172 1452 instate
3218 1400 3521 1464 beneficiis,
3575 1403 3747 1471 sparsi
3796 1403 3923 1457 olim

2355 1486 2531 1554 gregis
2557 1486 2763 1555 plenius
2786 1490 3023 1542 membra
3041 1489 3294 1559 colligite,
3316 1502 3369 1545 et
3394 1494 3657 1546 custodite
3677 1494 3919 1549 collecta.

2359 1578 2624 1631 Memento
2653 1595 2793 1633 nunc
2822 1581 3112 1634 clementer
3149 1584 3429 1650 assignatae
3458 1597 3487 1635 a
3522 1582 3732 1637 Christo
3776 1586 3922 1638 navis

2356 1682 2476 1721 esse
2509 1679 2559 1721 te
2586 1680 2845 1723 rectorem
2876 1688 2887 1721 :
2923 1670 3007 1724 fac
3043 1673 3247 1741 cogites
3272 1674 3545 1728 diabolica:
3575 1679 3921 1731 contutttacia:

678 1746 868 1800 iterum
899 1747 1118 1815 virgulta
1161 1745 1437 1799 diffundat.
1477 1744 1742 1811 Quorsum
1791 1743 1940 1796 litec?
1970 1743 2101 1808 Quia
2154 1757 2245 1794 su-

2291 1750 2327 1808 B
2355 1759 2603 1827 spiritus,
2635 1760 2863 1828 quietem
2915 1762 3120 1817 itineris
3150 1771 3202 1816 et
3246 1779 3429 1816 curam
3485 1766 3791 1830 turbantes;
3825 1782 3919 1820 nec

679 1844 860 1904 perest
896 1835 1073 1888 adhuc
1100 1834 1251 1887 vobis
1283 1834 1658 1887 Alexandrina:
1698 1842 1859 1903 atque
1901 1832 2250 1885 Antiochenze

677 1934 732 1978 et
767 1911 988 1977 aliarum
1024 1923 1379 1977 Ecclesiarum
1414 1939 1481 1975 nu
1507 1923 1556 1975 lo
1587 1922 1745 1975 modo
1784 1920 2094 1990 negligenda
2126 1934 2249 1973 eor-

678 2015 861 2077 rectio,
898 2015 946 2067 iu
971 2030 1069 2083 qna
1098 2015 1143 2068 si
1173 2030 1322 2069 suan
1355 2030 1534 2069 (uram
1566 2015 1844 2068 clementia
1876 2024 2049 2067 vestra
2084 2013 2250 2066 itumi-

673 2103 825 2168 scrit,
874 2118 996 2172 spes
1042 2114 1123 2156 est
1173 2119 1275 2171 quo
1320 2113 1535 2156 auctore
1584 2103 1720 2156 bona
1759 2112 1946 2156 cuncta
1979 2103 2246 2157 creditum

675 2192 853 2260 incipi,
884 2193 1070 2247 eodem
1121 2194 1367 2246 celeriter
1410 2192 1729 2244 auxiliatore
1770 2192 2050 2255 compleri.
2085 2192 2245 2245 Com-

672 2281 984 2334 mendamus
1029 2292 1285 2349 pra-terea
1327 2281 1528 2349 legatos
1568 2279 1633 2331 ab
1662 2282 1952 2347 apostolica
2002 2283 2130 2334 sede
2158 2283 2241 2335 tli-

674 2378 882 2431 rectos,
916 2377 970 2421 cl.
1016 2369 1153 2437 apud
1210 2381 1438 2421 vestram
1488 2368 1644 2421 fidem
1690 2370 2103 2438 religionemque
2146 2372 2243 2426 de-

672 2458 951 2525 ponimus;
996 2473 1130 2521 quos
1171 2458 1237 2509 ita
1281 2458 1527 2525 perfectis
1563 2458 1811 2512 omnibus
1856 2459 2022 2526 pietas
2069 2470 2239 2513 vestra

670 2547 923 2611 dimittat,
957 2558 1013 2600 ιιι
1040 2546 1235 2599 divinis
1267 2547 1563 2615 vestrisque
1591 2546 1864 2599 beneficiis
1890 2546 1955 2600 ad
1986 2548 2239 2616 apostoli-

668 2655 784 2693 catu
810 2639 992 2693 sedem
1021 2639 1229 2706 plenam
1262 2639 1495 2692 referant
1521 2638 1584 2691 de
1608 2638 1969 2693 Ecclesiarum
2002 2640 2237 2694 omnium

667 2745 795 2798 pace
820 2730 1081 2784 laetitiam.
1112 2728 1241 2794 Qum
1270 2731 1463 2797 scripta
1513 2744 1605 2796 per
1657 2727 1931 2782 Paulinum
1982 2729 2238 2782 Romana:

664 2821 920 2875 Ecclesia:
962 2820 1300 2873 defensorem
1333 2818 1583 2871 famulum
1618 2828 1809 2872 vestra:
1842 2818 2052 2887 pietatis
2085 2820 2237 2887 inge-

666 2911 823 2965 renda
866 2912 1275 2965 transmisimus.
1309 2909 1433 2963 Data
1478 2925 1547 2962 vn
1599 2910 1715 2962 idus
1745 2911 1891 2974 Julii,
1947 2910 2236 2966 Eutharico

659 3001 781 3060 ,viro
818 3000 1114 3053 clarissimo
1146 2999 1367 3050 consule
1389 2997 1562 3066 (anno
1593 2998 1800 3051 Domini
1829 2998 1984 3065 5|9).

1179 3087 1506 3143 EPISTOLA
1540 3086 1697 3145 XLV.
1780 3088 1783 3091 ’

767 3197 831 3232 AD
856 3194 1087 3232 JO.\NNEH
1116 3191 1401 3229 ετηδςορωι
1429 3190 2115 3229 (ΣιὶΝΘΤΛΝΤΙΝΟΡΟωτΛΝυὶὶ.

663 3266 859 3318 Laudat
889 3266 1139 3318 Joannem
1167 3267 1233 3314 ad
1265 3267 1505 3315 anitatem
1549 3262 1791 3316 Ecclesiae
1818 3264 2060 3326 rediisse;
2105 3268 2227 3319 lior-

728 3347 863 3387 tatur
892 3348 943 3386 ut
976 3333 1332 3385 Alexandrina:
1371 3345 1415 3384 et
1456 3333 1782 3384 Antiocheam
1817 3334 2055 3388 Ecclesia:
2082 3339 2229 3389 unio-

728 3421 837 3456 nem
867 3416 1159 3469 procurent,
1189 3405 1478 3471 legatosque
1500 3408 1542 3454 et
1571 3405 1910 3455 commendat.

730 3495 1008 3547 llorntisda
1035 3494 1221 3546 .loanni
1252 3492 1504 3560 episcopo
1533 3492 2141 3559 Constantinopolitano.

723 3583 1096 3637 Consideranti
1142 3582 1268 3634 mihi
1301 3593 1404 3634 tua;
1429 3593 1625 3649 scripta
1656 3582 1915 3646 caritatis,
1951 3583 2003 3635 in
2035 3584 2228 3648 quibus

654 3692 776 3731 eum
816 3676 943 3730 sede
988 3675 1123 3729 beati
1170 3675 1395 3743 apostoli
1428 3673 1497 3727 Pe
1520 3676 1565 3725 ri
1612 3690 1770 3727 unam
1804 3676 1893 3729 tibi
1925 3692 2042 3729 esse
2070 3678 2223 3730 fidem

664 3766 938 3833 professus
982 3781 1067 3826 es;
1100 3767 1405 3834 prophetica
1450 3766 1574 3819 libet
1618 3766 1920 3820 exclamare
1972 3768 2221 3821 licentia:

656 3857 789 3911 Ecce
813 3854 963 3927 quam
1007 3858 1190 3910 bonum
1211 3868 1257 3910 et
1282 3872 1435 3925 quam
1452 3857 1741 3925 jucundam
1784 3858 2014 3910 habitare
2043 3858 2226 3925 fratres

654 3953 705 4002 in
731 3965 887 4002 unum
916 3948 1086 4019 (Psal.
1118 3952 1310 4014 χχχιι).
1345 3948 1525 4016 Neque
1553 3949 1695 4002 enim
1728 3949 1892 4002 refert
1920 3965 2078 4017 quain
2112 3951 2219 4001 lou-

652 4033 861 4107 giuqnis
893 4038 1131 4092 locorum
1170 4039 1354 4105 spatiis
1384 4036 1705 4099 dividantur,
1734 4039 1947 4105 quando
1974 4042 2079 4102 jam
2116 4040 2224 4092 Deo

653 4139 867 4184 auctore
898 4144 1000 4183 una
1032 4130 1151 4183 fidei
1182 4129 1575 4183 cohabitatione
1617 4129 1986 4197 conjungimur
2014 4144 2030 4191 ;
2074 4145 2212 4183 nunc

645 4220 789 4273 enim
822 4219 1184 4273 misericordia
1232 4228 1553 4287 procurante
1589 4219 1765 4271 divina
1808 4218 1860 4271 in
1908 4218 2064 4271 unius
2097 4235 2220 4272 cor-

651 4312 795 4379 poris
821 4310 1019 4363 vultn‘m
1047 4309 1301 4378 dissipata
1340 4310 1467 4362 oluu
1498 4309 1698 4363 Christi
1742 4309 1983 4362 membra
2024 4324 2220 4363 conve-

634 4402 819 4467 piunt,
844 4411 896 4455 et
921 4403 987 4455 ab
1023 4402 1369 4470 iniquissimis
1412 4401 1615 4470 direpta
1665 4402 1957 4455 latronibus
2009 4417 2217 4455 annun-

2354 1858 2404 1901 te
2448 1851 2613 1902 latent
2662 1850 2850 1904 fluens
2902 1852 3230 1919 tempestatis
3278 1854 3532 1916 incertae,
3566 1869 3700 1921 quos
3744 1856 3916 1925 evigili

2351 1951 2528 1994 tuente
2579 1943 2898 2010 prospicias,
2934 1954 2987 1995 et
3013 1953 3191 1997 erecta
3232 1942 3283 1995 itt
3332 1942 3498 1996 Deum
3531 1946 3732 1997 ratione
3760 1959 3911 1997 com-

2356 2049 2563 2100 penses.
2592 2034 2743 2087 Nulla
2786 2034 2875 2089 tibi
2902 2036 3175 2089 commissi
3217 2037 3411 2104 negotii
3462 2037 3771 2105 neg'igentia
3803 2040 3881 2090 cla
3911 2067 3917 2074 ο

2351 2140 2469 2176 vum
2511 2124 2795 2177 dominica:
2826 2140 2862 2176 r.
2890 2126 2954 2177 tis
2983 2135 3315 2193 extorqueat.
3369 2126 3496 2178 lllttd
3536 2126 3745 2179 unicum
3785 2128 3912 2179 recti

2348 2214 2553 2265 itineris
2598 2213 2805 2279 signum
2840 2213 2955 2267 [his
2986 2230 3201 2283 semper
3226 2214 3501 2268 obtutibus
3540 2216 3589 2268 in
3620 2232 3777 2278 uere,
3809 2233 3911 2284 quo

2345 2302 2543 2355 certius
2592 2304 2865 2369 perflantis
2904 2306 3100 2357 diaboli
3147 2306 3351 2358 turbata
3402 2316 3734 2371 contemnas,
3768 2318 3819 2360 et
3846 2311 3911 2361 ad

2346 2392 2590 2459 promissi
2637 2403 2819 2459 portus
2862 2394 3141 2459 tranquilla
3176 2396 3472 2462 pervenias.
3505 2396 3624 2448 lltec
3652 2408 3731 2448 est
3760 2400 3909 2449 Chri-

2345 2482 2500 2535 stiani
2533 2483 2778 2551 palaestra
2807 2485 3142 2549 cert‘ttninis,
3184 2487 3270 2539 tali
3300 2489 3495 2540 (ltitiin
3530 2488 3727 2541 militize
3772 2504 3907 2543 sem-

2345 2574 2567 2642 pitcrna:
2594 2575 2711 2626 vita:
2745 2578 2912 2643 palma
2947 2578 3274 2645 prepouitur.
3314 2580 3435 2631 lla-e
3481 2580 3571 2633 tibi
3616 2580 3909 2634 rectissime

2341 2664 2591 2732 cogitanti
2640 2680 2743 2717 nou
2777 2667 2841 2717 de
2879 2668 2945 2718 rit
2974 2682 3070 2719 suo
3114 2670 3262 2721 militi
3294 2670 3599 2737 prmsidium
3643 2672 3820 2735 ducis;
3853 2689 3905 2724 et

2347 2762 2544 2823 quanto
2588 2756 2814 2809 hostium
2842 2758 3255 2826 multiplicantur
3284 2760 3508 2823 insidim,
3541 2772 3684 2814 tanto
3712 2764 3903 2815 summi

2338 2846 2504 2913 gratia
2538 2844 2757 2898 rectoris
2803 2847 3133 2900 adversantis
3162 2862 3361 2902 venena
3388 2850 3764 2905 misericorditc
3793 2866 3904 2905 suae

2339 2935 2463 2987 facit
2489 2950 2607 2987 esse
2639 2939 2936 3000 materiam,
2968 2938 3106 2991 sieut
3126 2952 3303 2991 sermo
3333 2941 3641 3006 apostolicae
3666 2942 3903 2996 veritatis

2338 3025 2588 3089 asseruit,
2619 3025 2798 3080 dicens
2830 3046 2840 3077 :
2873 3027 2971 3080 Ubi
3006 3028 3278 3080 abundavit
3304 3030 3562 3099 iniqnilas,
3589 3035 3900 3099 superabim-

2255 3097 2299 3159 C
2332 3115 2467 3165 davit
2503 3125 2546 3165 et
2589 3119 2754 3183 gratia
2790 3114 2975 3183 (Rom.
3010 3119 3094 3183 v).
3129 3117 3207 3170 Tu
3249 3097 3446 3170 tauttnu
3486 3097 3677 3171 divinis
3717 3122 3901 3174 reetis-

2334 3202 2587 3271 sitnisque
2616 3202 2878 3255 inhaerens
2921 3205 3197 3268 institutis,
3229 3209 3641 3262 ecclesiasticam
3673 3210 3899 3264 fovendo

2332 3294 2690 3355 concordiam,
2709 3295 2867 3347 veluti
2890 3296 3117 3363 quodam
3138 3298 3376 3364 pacifica:
3404 3300 3690 3355 vnluntatis
3716 3304 3865 3371 signa
3882 3333 3896 3343 -

2332 3395 2416 3440 tus
2446 3388 2660 3451 indicio,
2694 3389 2833 3441 illius
2859 3404 2979 3443 esse
3011 3391 3301 3458 discipulus
3334 3395 3648 3461 approberis
3670 3399 3755 3466 qui
3780 3398 3851 3452 ait
3881 3415 3893 3449 :

2332 3477 2519 3531 Parem
2570 3496 2728 3532 meam
2760 3481 2825 3533 do
2870 3481 3026 3546 vobis,
3066 3498 3237 3550 pacem
3281 3500 3442 3536 meant
3489 3487 3717 3556 relinquo
3760 3489 3895 3541 vobis

2332 3569 2511 3630 (Joan.
2532 3573 2662 3639 MV).
2682 3572 2905 3626 Hortare
2932 3578 3111 3636 etiam,
3132 3591 3429 3645 quanquam
3460 3590 3647 3645 Sponte
3673 3581 3734 3632 ad
3753 3591 3894 3635 recta

2331 3662 2663 3724 tendentem,
2718 3664 2879 3715 lilitnn
2936 3675 3171 3718 uestrum
3225 3668 3692 3721 clementissimum
3753 3672 3894 3738 prin-

2328 3756 2496 3822 cipent
2528 3754 2815 3817 Justinum,
2848 3755 3150 3808 Christiano
3176 3758 3369 3811 εςυοιιιο
3397 3758 3650 3813 divinitus
3680 3776 3893 3827 compa-
3958 3742 3961 3745 λ

2329 3859 2533 3913 ratum,
2566 3864 2626 3900 ea
2662 3851 2914 3915 perlicere
2954 3865 3069 3917 qua:
3110 3850 3373 3917 regalibus
3418 3849 3603 3905 litteris
3649 3851 3891 3919 dignatus

2326 3950 2407 3993 est
2430 3938 2687 4007 polliceri,
2724 3950 2777 3990 ιιι
2806 3940 2979 3992 tniSsis
3007 3940 3069 3991 ad
3102 3955 3194 3993 eos
3226 3942 3289 3993 ed
3313 3943 3413 3995 etis
3443 3957 3573 4009 quos
3598 3942 3663 3995 ab
3710 3942 3891 3995 Eccle-

2325 4035 2418 4083 sia:
2448 4033 2631 4083 matris
2650 4031 2899 4085 uberibus
2927 4035 3085 4085 etiam
3110 4048 3247 4085 nunc
3268 4033 3456 4085 devius
3478 4048 3628 4087 error
3656 4034 3889 4098 abducit,

2324 4122 2636 4175 diabolieam
2672 4122 2909 4176 fraudem
2949 4135 3000 4175 et
3040 4125 3352 4177 auctoritate
3396 4124 3665 4192 religionis
3694 4136 3745 4179 et
3773 4140 3889 4178 mo-

2322 4214 2503 4267 derata
2531 4224 2786 4282 potestate
2815 4225 3116 4282 compescat
3139 4215 3366 4285 imperii,
3392 4231 3613 4284 eamque
3639 4220 3738 4270 sibi
3761 4234 3889 4271 eou-

2324 4315 2401 4358 tra
2456 4320 2788 4359 communem
2847 4308 3007 4358 totius
3062 4306 3399 4359 humanitatis
3460 4308 3663 4360 hostem
3720 4311 3889 4361 maxi-

2323 4411 2460 4447 matn
2503 4395 2659 4448 ducat
2696 4408 2818 4449 esse
2851 4395 3145 4457 victoriam,
3178 4396 3219 4448 si
3251 4410 3497 4464 supernae
3519 4396 3715 4448 auxilio
3751 4397 3888 4449 Divi-

650 4494 819 4545 tiataa
853 4492 1077 4560 prottbct
1100 4494 1178 4546 cis
1209 4492 1427 4546 vocibus
1461 4493 1666 4546 Domini
1695 4493 1859 4545 nostri
1884 4493 2216 4561 rediutegra-
2246 4462 2296 4522 Β
2324 4487 2501 4541 uitatis
2555 4488 2759 4540 vetuSIi/
2793 4488 3052 4555 serpentis
3112 4501 3312 4540 venena
3366 4488 3761 4554 compresserit.
3815 4487 3888 4539 De

646 4590 732 4634 tur
786 4581 1086 4646 hatreditas,
1135 4591 1190 4634 et
1237 4596 1360 4635 vere
1397 4581 1446 4633 iu
1482 4583 1639 4648 hujus
1681 4590 1844 4649 petrae
1892 4582 2014 4646 fide,
2048 4584 2099 4635 id
2132 4591 2217 4635 est

645 4672 1005 4738 apostolotum
1042 4672 1293 4739 principis
1321 4672 1606 4737 firmitate,
1640 4673 1928 4727 Orientalis
1961 4675 2211 4729 Ecclesia:

645 4760 986 4813 fundamenta
1028 4762 1342 4827 solidantur,
1371 4779 1654 4831 qme,cum
1697 4766 1830 4818 facta
1876 4766 1979 4818 tuis
2020 4766 2209 4819 litteris

642 4849 962 4911 iudicentur,
1010 4853 1318 4919 tempestiva
1360 4854 1711 4911 exsultatione
1754 4854 2037 4907 dicendum
2083 4864 2205 4908 est:

648 4940 813 5001 Quam
837 4940 1048 5004 speciosi
1069 4942 1216 5007 pedes
1237 4943 1689 5011 evangelizantium
1718 4932 1911 5010 pacem,
1953 4945 2204 5013 evangeli-

641 5030 865 5081 zantium
913 5030 1042 5081 bona
1086 5031 1272 5097 (Itoni.
1303 5037 1384 5100 κ).
1416 5034 1625 5089 Gratias
1673 5035 1832 5102 igitur
1866 5036 2204 5089 excellentis-

638 5126 788 5178 sima:
816 5125 1098 5189 Trinitati,
1141 5144 1258 5193 qua:
1301 5128 1683 5182 consentientis
1714 5127 1763 5179 in
1794 5127 2065 5181 Christum
2100 5129 2202 5181 Ee-

640 5218 815 5271 clesia:
860 5230 923 5267 ac
965 5216 1263 5283 reipublicae
1303 5218 1449 5271 dedit
1484 5232 1601 5272 esse
1632 5228 1868 5271 rectores
1893 5235 1903 5268 :
1928 5219 2202 5273 enimvero

638 5298 814 5363 rerum
836 5306 978 5359 salus
1007 5312 1109 5368 est,
1143 5306 1387 5373 quotiens
1433 5309 1483 5360 itt
1509 5308 1628 5361 fidei
1659 5307 1936 5361 catholica:
1977 5319 2201 5363 vertate

638 5400 944 5454 sacerdotes
970 5412 1031 5452 ac
1058 5399 1321 5466 principes
1354 5414 1503 5453 tuens
1529 5415 1627 5453 una
1654 5406 1942 5454 connectit.
1976 5401 2086 5455 lloc
2115 5404 2203 5455 lit-

637 5510 779 5547 utum
806 5493 949 5561 pacis
971 5492 1237 5555 vinculum
1262 5500 1363 5553 est,
1390 5491 1501 5545 haec
1529 5494 1738 5546 coalitus
1764 5493 1980 5546 dimissa
2025 5496 2198 5548 socie-

635 5597 745 5647 tas;
778 5598 951 5653 neque
995 5584 1076 5649 fas
1117 5592 1202 5636 est
1242 5582 1383 5635 enim
1426 5582 1475 5635 in
1524 5598 1628 5651 quo
1670 5586 1849 5639 vident
1888 5587 2198 5641 concor-dati

631 5678 984 5746 propositos.
1014 5675 1155 5735 aliud
1188 5677 1386 5731 sentire
1424 5675 1708 5744 subjectos.
1740 5680 1820 5731 An
1865 5678 2085 5753 dubium
2116 5687 2195 5733 est
2266 5676 2275 5685 ’

2318 4578 2663 4634 Antiochense
2686 4594 2895 4647 quoque
2922 4592 3078 4646 atque
3116 4579 3491 4632 Alexandrinae
3531 4578 3881 4632 Ecclesiarum

2316 4683 2456 4725 Statu
2505 4687 2607 4724 non
2639 4670 2987 4737 supersedeas
3016 4685 3133 4723 esse
3158 4670 3413 4723 sollicitus
3435 4710 3451 4734 ,
3483 4680 3535 4722 ct
3581 4670 3885 4724 clementis-

2315 4765 2451 4816 simo
2472 4763 2697 4815 subinde
2725 4762 3019 4829 supplicate
3049 4770 3105 4812 ut
3136 4763 3184 4812 itt
3215 4760 3296 4813 his
3325 4776 3534 4828 quoque
3582 4775 3761 4827 pacem
3795 4775 3881 4813 rc-

2314 4854 2494 4921 ligiOsa
2543 4852 2876 4905 ordinatione
2914 4853 3185 4915 restituat,
3218 4859 3477 4919 quatenus
3508 4850 3661 4903 bonis
3695 4849 3883 4911 ereptis

2317 4948 2489 5012 plena:
2516 4944 2781 4997 cumulum
2818 4942 3158 5009 perfectionis
3192 4942 3460 5010 adiungat.
3491 4941 3707 4994 Frustra
3736 4940 3879 4993 enim

2313 5036 2508 5089 bonum
2539 5051 2671 5102 optts
2700 5034 3029 5103 incipitur,si
3055 5050 3158 5086 non
3189 5033 3238 5085 in
3268 5044 3431 5086 totum
3466 5032 3718 5099 perfectio
3750 5031 3880 5084 sub-

2310 5139 2579 5194 sequatur.
2625 5126 3066 5179 Commendamus
3120 5134 3370 5192 praeterea
3418 5124 3619 5191 legatos
3665 5138 3694 5175 a
3753 5121 3882 5175 sede

2309 5219 2599 5287 apostolica
2625 5217 2938 5278 destinatos,
2970 5232 3102 5282 quos
3133 5218 3199 5267 ita
3234 5214 3389 5268 faciat
3435 5216 3498 5266 ad
3543 5228 3641 5267 nos
3682 5222 3767 5265 tua
3800 5212 3880 5264 di-

2309 5310 2465 5363 lectio
2508 5322 2774 5369 remeare,
2811 5316 2866 5358 ut
2906 5306 3057 5358 nobis
3102 5306 3310 5373 plenam
3354 5306 3551 5358 referre
3591 5313 3787 5371 queant
3814 5304 3881 5356 de

2307 5401 2547 5455 restituta
2579 5397 2843 5451 universis
2880 5397 3132 5451 Ecclesiis
3170 5411 3297 5464 pace
3337 5394 3595 5447 laetitiam.
3641 5394 3769 5448 [Ma
3810 5410 3877 5446 vn

2299 5496 2423 5549 izlus
2451 5496 2572 5550 Julii
2604 5495 2767 5564 (anno
2794 5492 3001 5548 Domini
3032 5491 3195 5560 519),
3232 5489 3552 5557 Euthayrico
3583 5505 3634 5544 v.
3668 5506 3716 5544 c.
3750 5507 3878 5543 con-

2302 5588 2433 5641 s:tle.
3474 5586 3477 5587 ν
