4248 6260
341 385 452 447 857

862 505 1194 567 EPISTOLA
1233 510 1413 569 XLVI.

903 616 971 655 ΑΙ)
1008 616 1380 660 JUSTINMNUI.

1558 399 1911 460 EPISTOLIE
1949 399 2040 458 ΕΤ
2076 401 2419 463 DECRETA.

1963 519 2022 578 Α.
2042 515 2226 588 Magna
2262 520 2508 589 profecto
2535 525 2792 580 memoria
2814 519 3085 584 Iettcitatis
3108 531 3408 587 transibitis
3429 533 3496 589 ad
3527 551 3630 606 po-

3511 437 3514 444 '
3526 426 3630 482 458

2044 618 2241 677 steros,
2273 612 2395 682 quia
2424 627 2519 668 vos
2574 614 2628 669 in
2665 615 2909 673 facienda
2955 633 3085 689 pace
3113 623 3472 681 sollicitudine
3496 642 3618 682 cer.

335 689 676 783 Commendat
699 694 990 783 etiamquod
1005 692 1213 783 Iustino
1242 697 1537 783 adiumento
1555 701 1707 783 fuerit
1732 701 1786 755 in
1813 718 1942 783 pace
2043 706 2156 754 tum
2187 709 2268 756 est
2289 701 2455 760 fuisse
2483 707 2821 763 constrictos.
2857 708 3076 767 Habetis
3099 714 3238 783 apud
3278 715 3619 777 Divinitatetn

409 760 657 816 Ecclesia:
672 760 955 831 reddenda,
989 766 1056 819 ad
1080 783 1233 834 quant
1258 760 1475 838 perfecte
1503 760 1782 825 ineundum
1811 760 1939 826 lior-

408 841 572 886 tatur.

407 944 695 1000 Hormisda
726 945 919 1002 iIIUSIt'i
951 948 1068 1003 viro
1093 947 1418 1008 Justiniano.

416 1035 794 1094 Benedicimus
836 1038 1105 1095 inetfabile
1136 1041 1440 1099 Divinitatis
1480 1044 1738 1101 auxilium
1761 1086 1777 1114 ,
1807 1047 1934 1118 quia

329 1126 406 1182 de
447 1127 809 1183 Ecclesiarum
860 1144 990 1199 pace
1038 1133 1403 1192 universitatis
1449 1135 1779 1192 desiderium
1834 1139 1934 1195 sub

325 1217 720 1286 tranquillitate
773 1221 1087 1291 agnovimus
1144 1223 1306 1281 fuisse
1368 1228 1718 1298 completum.
1777 1231 1930 1297 Quod

326 1312 552 1381 quidem
582 1327 688 1366 non
713 1323 907 1382 prreter
928 1314 1232 1383 opinionem
1258 1327 1496 1374 nostram
1522 1321 1744 1392 contigit
1770 1322 1883 1377 ﬁeri
1911 1339 1926 1375 :

321 1403 454 1471 quia
496 1402 888 1471 religiosissimi
919 1404 1141 1475 Augusti
1174 1410 1488 1479 przesumpti
1532 1425 1730 1480 genere
1775 1427 1926 1482 spem

318 1506 544 1560 semper
571 1492 839 1561 gessimus
877 1493 946 1549 de
990 1495 1202 1564 quiete,
1239 1505 1294 1552 et
1320 1500 1464 1569 quod
1495 1501 1820 1559 credidimus
1849 1504 1927 1560 fa-

318 1583 575 1638 ciendum
604 1583 705 1638 sub
727 1584 968 1655 principe
996 1584 1307 1644 Christiano
1336 1591 1402 1646 de
1432 1592 1777 1658 adunatione.
1809 1607 1926 1653 erat

316 1672 378 1730 in
407 1685 614 1729 votum.
650 1675 828 1742 Quare
856 1675 1077 1733 habebit
1111 1679 1378 1749 gloriosus
1410 1684 1700 1754 imperator
1728 1687 1794 1742 de
1822 1686 1923 1744 hac

316 1782 486 1823 causa
529 1768 922 1838 triumphorum
972 1771 1187 1843 titulos,
1234 1790 1340 1829 non
1382 1777 1575 1847 quibus
1621 1793 1682 1834 se
1722 1781 1919 1837 oblivio

313 1861 670 1917 mortalitatis
711 1862 1031 1932 interserat,
1076 1867 1169 1920 sed
1217 1882 1353 1937 quos
1403 1869 1703 1927 Divinitatis
1749 1877 1918 1945 gratia
1949 1892 1997 1955 Β

313 1967 488 2022 super
514 1954 872 2022 perpetuitate
900 1956 1184 2012 conﬁrmet
1227 1976 1241 2012 :
1275 1969 1327 2014 et
1373 1962 1524 2018 vobis
1557 1979 1766 2036 quoque
1809 1983 1918 2025 cm-

311 2043 478 2100 lestis
498 2047 942 2102 remunerationis
974 2063 1081 2103 non
1114 2049 1286 2106 deerit
1316 2055 1616 2121 praemium,
1643 2058 1730 2127 qui
1763 2059 1916 2128 adju-

317 2136 479 2192 vistis
503 2139 624 2192 boni
653 2139 908 2210 principis
938 2141 1239 2198 institutum
1259 2184 1275 2212 ,
1305 2155 1465 2216 atque
1497 2147 1754 2218 obsequio
1783 2165 1914 2206 con-

307 2230 558 2286 venienti
614 2231 880 2287 desiderio
936 2233 1214 2290 horrorem
1268 2240 1654 2308 segregationis
1710 2242 1914 2299 fecistis

305 2321 550 2378 excludi.
576 2322 880 2378 Benedictus
905 2325 1155 2380 Dominus
1177 2325 1318 2382 Deus
1341 2342 1511 2384 noster
1529 2370 1544 2396 ,
1568 2335 1655 2402 qui
1691 2335 1913 2390 visitavit

307 2425 363 2471 et
403 2417 522 2488 fecit
549 2416 944 2486 redemptionem
979 2418 1140 2485 plebis
1187 2436 1295 2474 sua:
1332 2419 1496 2486 (Luc.
1547 2423 1610 2491 t).
1657 2424 1915 2492 Superest

308 2522 462 2563 nunc
489 2517 580 2574 ut,
607 2508 730 2576 quia
763 2508 915 2563 vobis
955 2509 1263 2579 hujusmodi
1303 2511 1537 2567 ofﬁcium
1589 2524 1794 2570 certum
1828 2526 1913 2572 est

307 2599 652 2671 providentia
685 2599 990 2656 Divinitatis
1021 2602 1340 2670 injunctum,
1373 2603 1694 2674 accingatis,
1729 2616 1784 2661 ut
1813 2609 1911 2676 ait,

305 2689 557 2756 lumbos,
588 2700 642 2745 et
671 2690 906 2759 paciﬁca:
938 2691 1328 2748 adhortationis
1372 2695 1574 2749 viribus
1624 2711 1912 2768 persequa-

307 2784 481 2848 mini,
513 2798 540 2837 a
582 2783 778 2854 quibus
806 2799 991 2853 pacem
1031 2799 1138 2839 non
1166 2785 1358 2840 videtis
1399 2789 1648 2857 agnosci,
1678 2791 1911 2847 maxime

306 2875 434 2946 quia
463 2874 651 2945 gratim
686 2875 875 2945 gloriae
907 2887 1102 2932 vestrae
1130 2876 1464 2946 detrahitur,
1496 2881 1540 2934 si
1571 2881 1696 2951 quid
1728 2883 1780 2936 in
1811 2881 1911 2938 hac

307 2983 474 3024 causa
513 2968 678 3024 fuerit
717 2970 893 3025 minus
930 2970 1232 3040 impletum.
1286 2971 1693 3043 Circumspicite
1729 2977 1908 3032 omnia

308 3057 417 3114 ﬁde
449 3073 554 3129 qua
586 3058 762 3113 vivitis
787 3100 803 3124 ,
844 3067 900 3113 et
944 3059 1216 3129 diligentia
1261 3076 1364 3132 qua
1407 3063 1597 3131 vigetis
1644 3065 1908 3120 occurrite

308 3151 559 3205 omnibus
587 3149 890 3206 incursibus
949 3153 1144 3222 quibus
1171 3152 1446 3222 religionis
1481 3152 1798 3210 Christianae
1824 3171 1908 3234 re-

308 3243 603 3296 verentiam
633 3241 827 3297 videtis
863 3256 983 3297 esse
1014 3252 1285 3308 vexatam,
1331 3253 1386 3298 ut
1417 3246 1684 3300 instantia».
1714 3256 1906 3302 vestrae

308 3329 450 3387 bene
478 3331 745 3402 possimus
774 3348 894 3386 cum
931 3332 1292 3389 exsultatione
1321 3333 1501 3389 dicere
1525 3353 1537 3387 :
1562 3334 1909 3391 Reminiscon-

313 3434 421 3488 tur,
465 3435 513 3478 et
560 3433 910 3479 convertentur
950 3426 1016 3479 ad
1059 3425 1334 3481 Dominum
1369 3444 1539 3482 omnes
1587 3431 1712 3498 ﬁnes
1761 3440 1908 3484 terra

311 3512 484 3583 (Psal.
512 3514 648 3582 xxi).
682 3514 811 3580 Quae
839 3528 960 3568 cum
985 3515 1057 3569 ita
1087 3516 1228 3582 sint,
1264 3531 1361 3571 vos
1403 3517 1493 3587 qui
1534 3517 1790 3574 Ecclesia:
1812 3535 1904 3575 ca-

311 3603 535 3660 tholicae
562 3603 932 3675 tranquillitati
957 3604 1162 3661 fecistis
1185 3606 1414 3672 initium,
1437 3622 1728 3676 procurare
1753 3611 1906 3667 decet

308 3693 564 3750 eﬁ'ectum
597 3713 611 3747 :
650 3709 757 3749 non
788 3695 963 3750 deerit
992 3696 1291 3751 Salvatoris
1324 3699 1492 3752 nostri
1525 3700 1673 3753 favor
1694 3699 1747 3753 in
1785 3716 1908 3770 per-

308 3785 566 3852 fectione,
593 3786 683 3856 qui
713 3786 863 3840 vobis
895 3787 995 3842 hoc
1018 3802 1151 3856 opus
1177 3788 1458 3854 inspiravit
1486 3789 1749 3860 incipere.
1774 3793 1905 3846 Data

310 3877 533 3932 consule
562 3878 925 3947 suprascripto
951 3877 1114 3949 (anno
1146 3878 1355 3933 Domini
1386 3879 1541 3949 519.)

381 3970 538 4037 (Post
553 3969 692 4026 hanc
713 3969 996 4039 epistolam
1025 3972 1078 4025 in
1096 3973 1414 4028 collectione
1445 3975 1702 4029 Avellana
1729 3976 1899 4031 altera

310 4040 428 4115 haec
455 4041 696 4115 succedit
734 4056 896 4115 quam
935 4056 1000 4096 ex
1032 4044 1234 4115 eadem
1258 4044 1579 4115 collectione
1616 4046 1903 4115 vulgarunt

309 4110 564 4166 Ballerini
592 4119 745 4180 oper.
776 4112 835 4165 S.
875 4112 1096 4178 Leonis,
1121 4121 1253 4168 tom.
1280 4114 1369 4183 III,
1405 4129 1523 4184 pag.
1559 4115 1708 4185 166).

379 4202 690 4260 Honnisda.

380 4296 520 4350 Cum
575 4309 801 4351 necesse
852 4295 1017 4352 fuerit
1045 4297 1249 4366 scripta
1299 4297 1516 4353 domino
1565 4298 1674 4353 ﬁlio
1716 4309 1902 4359 nostro

308 4389 738 4444 clementissimo
774 4390 1004 4460 principi
1031 4390 1334 4458 destinari,
1374 4391 1781 4461 amplitudinem
1814 4410 1905 4449 ve-

309 4491 480 4537 stram
504 4480 722 4534 silentio
751 4481 1030 4549 praeterire
1060 4483 1420 4551 nequivimus.
1466 4483 1532 4536 Et
1559 4483 1680 4539 ideo
1705 4485 1904 4540 saluta-

2042 790 2318 861 meritum,
2345 795 2497 864 cujus
2519 796 2768 867 religioni
2787 801 3090 869 persolvitis
3111 805 3381 865 allectum.
3404 811 3624 883 Operati

2041 884 2258 954 quidem
2288 888 2421 942 estis
2469 891 2837 959 generalitatis
2886 894 3174 966 desideria,
3233 901 3330 956 sed
3360 913 3416 958 et
3442 917 3621 960 vestra

2039 975 2241 1045 pariter
2278 978 2543 1048 completa
2589 991 2714 1037 sunt
2762 993 2924 1053 vota;
2954 996 3155 1044 etcum
3188 992 3382 1047 animae
3430 1007 3624 1052 vestra:

2040 1068 2357 1131 paraveritis
2387 1073 2689 1139 praemium,
2717 1073 3040 1134 universitas
3081 1081 3183 1136 sibi
3215 1084 3411 1151 gaudet
3446 1087 3617 1143 bene-

2038 1155 2220 1212 ﬁcium
2252 1159 2576 1229 impensum.
2626 1164 2964 1237 Quapropter
2997 1169 3175 1227 debita
3208 1173 3620 1235 honoriﬁcentia

2034 1248 2333 1306 salutantes
2362 1251 2661 1322 hortamur,
2693 1269 2748 1312 et
2771 1260 3025 1330 petimus,
3068 1273 3127 1320 ut
3177 1266 3468 1325 vivacitate
3515 1287 3620 1342 qua

2032 1341 2234 1410 quietis
2264 1345 2644 1405 ecclesiastica:
2671 1353 2911 1422 cmpistis
2940 1356 3172 1427 initium,
3205 1367 3504 1431 procuretis
3534 1341 3619 1420 cf-

2029 1434 2227 1491 fectum
2254 1455 2268 1504 ;
2298 1447 2352 1494 et
2372 1455 2695 1514 quocunque
2720 1449 3081 1506 mntentionis
3105 1453 3336 1524 alicujus
3376 1457 3618 1513 videritis

2029 1528 2356 1586 remansisse
2393 1534 2642 1604 vestigia,
2694 1540 2897 1594 curetis
2943 1542 3118 1598 modis
3162 1547 3412 1602 omnibus
3467 1551 3616 1606 inse-

2028 1621 2261 1690 quenda.
2316 1623 2518 1682 Adeste
2561 1627 2923 1687 Ecclesiarum
2965 1634 3062 1691 Dei
3103 1636 3435 1706 plenissimae
3465 1649 3616 1697 tran-

2027 1713 2301 1784 quillitati,
2345 1717 2578 1775 insistite
2607 1721 2805 1791 labori,
2827 1741 2983 1794 quem
3015 1727 3140 1784 ﬁdei
3171 1740 3364 1786 vestrae
3391 1749 3615 1792 munere

2024 1802 2255 1861 Domino
2298 1811 2527 1866 curastis
2562 1812 2779 1869 oﬁ‘erre.
2827 1815 3025 1873 Facitis
3054 1820 3221 1887 enim,
3252 1831 3310 1876 ut
3349 1826 3553 1894 majore
3581 1843 3612 1882 a

2024 1899 2177 1954 vobis
2196 1899 2388 1957 ﬁducia
2409 1904 2692 1974 exigamus
2706 1908 3089 1978 plenitudinem
3102 1954 3115 1978 ,
3139 1926 3271 1984 quos
3283 1917 3613 1986 gratulamur

2019 1989 2336 2048 desiderata
2365 1995 2695 2054 dulcissima:
2732 1999 3076 2058 adunationis
3104 2004 3254 2060 initia
3283 2009 3456 2062 votiva
3489 2010 3610 2063 fun-

2019 2082 2197 2141 dasse.
2225 2086 2354 2141 Data
2383 2091 2606 2146 consule
2626 2096 2997 2166 suprascripto
3021 2097 3185 2167 (anno
3211 2100 3424 2156 Domini
3452 2102 3605 2175 5l9).

2519 2205 2852 2264 EPISTOLA
2883 2209 3112 2265 XLVIII.

2474 2336 2542 2376 AD
2579 2337 2837 2377 IULIANAI
2885 2340 3122 2380 ANICIAM.

2448 2432 2639 2490 Eadem
2677 2454 2790 2506 qua:
2819 2439 2870 2492 in
2899 2443 3162 2510 superiore

2089 2543 2372 2603 Hormisda
2393 2548 2620 2606 Iuliana:
2656 2553 2879 2611 Aniciaa.

2087 2636 2306 2695 Litteris
2332 2641 2694 2711 amplitudinis
2723 2657 2915 2703 vestrae
2942 2650 3232 2720 perceptis,
3265 2656 3462 2722 gratias
3494 2657 3602 2716 Deo

2017 2738 2204 2784 nostro
2222 2732 2288 2786 de
2304 2734 2586 2790 catholicae
2603 2738 2726 2794 fidei
2751 2740 3204 2812 redintegratione
3222 2749 3600 2818 persolvimus;

2015 2831 2265 2894 optantes
2293 2837 2350 2881 ut
2381 2828 2496 2897 ipse
2521 2832 2716 2886 vestris
2745 2835 3017 2900 sensibus,
3043 2851 3140 2905 pro
3176 2839 3433 2909 religione
3479 2858 3596 2910 sua,

2015 2917 2156 2984 quod
2187 2921 2454 2976 concessit
2483 2922 2636 2993 longa
2661 2933 2820 2980 aetate
2869 2941 3190 2984 conservare
3213 2931 3464 3000 dignetur
3483 2943 3598 2990 stu-

2014 3006 2161 3062 dium
2190 3027 2201 3061 :
2230 3019 2287 3064 ut
2313 3013 2453 3066 sicut
2481 3028 2763 3082 personam
2795 3025 3027 3072 vestram
3061 3021 3357 3090 imperialis
3377 3027 3600 3093 sangui-

2013 3098 2098 3151 nis
2147 3115 2281 3155 vena
2313 3103 2583 3169 nobilitat,
2636 3106 2708 3159 ita
2753 3110 3102 3163 conscientia:
3142 3111 3406 3167 bonorum
3440 3117 3600 3171 meri-

2015 3200 2187 3246 torum
2220 3192 2338 3248 luce
2364 3195 2703 3267 praefulgent.
2738 3198 2891 3254 Unde
2924 3199 3219 3258 salutantes
3246 3204 3391 3259 cultu
3433 3214 3596 3276 atque

1932 3267 1979 3331 C
2014 3282 2420 3340 honoriﬁcentia
2477 3290 2823 3357 competenti,
2863 3293 3134 3360 poscimus
3185 3302 3243 3348 ut
3286 3294 3337 3348 in
3386 3309 3452 3350 eo
3492 3267 3597 3366 quo

2011 3375 2248 3443 coepistis
2280 3390 2595 3443 permanere
2627 3382 2900 3450 proposito
2929 3382 3193 3450 debeatis,
3224 3394 3279 3439 et
3306 3385 3437 3442 dare
3465 3402 3595 3456 ope-

2011 3483 2145 3531 ram,
2175 3476 2233 3524 ut
2257 3469 2323 3524 ad
2348 3469 2592 3526 effectum
2623 3480 2846 3527 conatus
2891 3483 3051 3529 tanta:
3077 3489 3255 3530 causa:
3287 3479 3583 3560 perveniat,

2009 3583 2077 3624 ne
2097 3570 2311 3640 aliquod
2344 3571 2395 3624 in
2429 3581 2699 3641 posterum
2725 3580 2908 3628 semen
2942 3574 3101 3644 hujus
3135 3577 3257 3631 mali
3290 3589 3588 3645 remaneat,

2008 3669 2149 3724 unde
2179 3668 2402 3738 posthac
2443 3672 2542 3726 sub
2587 3672 2828 3741 qualibet
2867 3675 3153 3732 occasione
3192 3677 3439 3735 inimicus
3469 3682 3588 3750 qui-

2009 3770 2136 3827 libet
2169 3773 2290 3830 ﬁdei
2315 3775 2609 3830 revirescat
2640 3775 2804 3843 (anno
2838 3776 3050 3831 Domini
3078 3779 3238 3852 519).

2517 3906 2848 3964 EPISTOLA
2905 3909 3092 3965 XLIX.

2587 4039 2652 4076 Αι)
2676 4027 3027 4080 Ακλετκέιλυ.

2405 4134 2600 4188 Eadem
2626 4153 2741 4206 qua:
2767 4136 2818 4188 in
2856 4139 3110 4208 ευμεν-ἰονί

2080 4247 2363 4303 Hormisda
2390 4247 2708 4304 Anastasiae.

2018 4345 2020 4347 ’
2078 4351 2365 4420 Postquam
2401 4353 2540 4407 Deus
2584 4361 2768 4406 noster
2816 4352 3072 4408 Ecclesia:
3126 4369 3236 4409 sua:
3271 4359 3507 4411 membra
3541 4362 3594 4416 in

2010 4467 2193 4522 pacem
2231 4454 2508 4522 pristinam
2535 4453 2808 4508 redeuntis
2835 4455 3110 4520 solidavit,
3135 4457 3221 4510 diu
3247 4472 3342 4511 vos
3374 4459 3594 4513 deside-

309 4573 475 4627 tionis
510 4571 976 4627 honoriﬁcentiam
1022 4573 1417 4642 praeloquentes
1458 4587 1554 4628 eos
1583 4575 1673 4643 qui
1704 4575 1758 4630 in
1785 4590 1899 4630 rem

2007 4568 2157 4609 rasse
2198 4554 2562 4609 certamina...
2617 4551 2768 4622 Quod
2827 4558 3143 4626 provenisse
3189 4558 3501 4625 gaudentes,
3535 4567 3591 4612 et

309 4663 561 4720 destinati
595 4670 722 4717 sunt
749 4636 1222 4731 commendamus,
1239 4666 1570 4736 postulantes
1598 4674 1657 4720 ut
1685 4666 1906 4724 domino

1947 4636 1985 4698 Ῐ)
2017 4670 2115 4711 nos
2137 4656 2354 4725 quidem
2388 4655 2752 4711 indesinenter
2770 4656 3006 4710 divinam
3037 4657 3374 4712 clementiam
3402 4657 3594 4725 depre-

308 4765 499 4811 nostro
528 4763 749 4810 auctore
794 4754 894 4809 sub
947 4767 1126 4811 vestra
1168 4757 1527 4827 dispositione
1565 4759 1820 4815 celeriter
1847 4771 1906 4816 ut

308 4847 432 4918 (leg.
451 4846 544 4917 ad)
567 4846 836 4902 destinata
858 4848 1191 4918 perveniant,
1221 4857 1278 4904 ut
1303 4848 1693 4906 sacratissimus
1708 4861 1762 4906 et
1780 4852 1907 4907 reli-

308 4943 653 5010 giosissimus
712 4943 1004 5013 imperator
1043 4943 1356 4999 meritorum
1416 4959 1636 5000 suorum
1673 4945 1904 5015 gloriam

310 5036 482 5103 possit
507 5034 626 5091 sine
655 5034 913 5091 dilatione
941 5050 1302 5107 cognoscere.

826 5149 1151 5204 EPISTOLA
1183 5149 1392 5205 XLVII.

919 5257 986 5294 AD
1017 5255 1300 5296 POMPEIUI.

312 5338 520 5394 Laudm
554 5340 858 5410 Pompeium
884 5343 1019 5411 quod
1039 5358 1093 5396 se
1110 5344 1250 5414 pacis
1270 5342 1555 5397 studiosum
1581 5341 1904 5414 ostenderit:

390 5414 624 5466 hortatur
641 5416 710 5466 ad
739 5429 945 5484 Operam
971 5411 1260 5468 navandum
1277 5453 1291 5480 ,
1321 5423 1376 5467 ut
1402 5417 1624 5484 perfecta
1653 5411 1907 5467 Ecclesia:

399 5484 744 5554 tranquillitas
772 5486 1035 5538 reddatur.

393 5601 673 5658 Hormisda
708 5599 984 5671 Pompeio.

392 5696 468 5750 Ita
495 5694 799 5751 devotionis
830 5701 1030 5748 nostra:
1064 5691 1303 5751 animum
1347 5690 1544 5762 gaudio
1596 5689 1912 5746 concordia:

320 5788 556 5845 fatemur
582 5788 889 5857 imp'etum,
920 5793 979 5840 ut
1005 5784 1152 5858 nulla
1187 5783 1469 5840 credamus
1499 5783 1664 5840 verba
1693 5782 1910 5839 sufﬁce-

320 5897 388 5940 re
413 5880 610 5952 quibus
640 5879 765 5944 ﬁdei
811 5885 1004 5933 vestrae
1041 5878 1330 5948 puritatem
1360 5877 1632 5947 valeamus
1658 5877 1902 5953 explere.

627 5974 898 6038 Psuon.
946 5972 1173 6035 LXIII.

2015 4772 2200 4813 camur
2229 4766 2308 4823 ut,
2337 4758 2473 4813 sicut
2503 4759 2598 4812 has
2629 4759 2779 4827 regni
2822 4758 3085 4827 primitias
3120 4754 3401 4829 gratanter’
3444 4773 3594 4814 acce-

2014 4859 2114 4930 pit,
2144 4857 2215 4911 ita
2264 4858 2421 4912 ﬁdem
2470 4857 2593 4912 boni
2642 4857 2900 4926 principis
2945 4859 3092 4912 omni
3146 4872 3357 4928 semper
3383 4858 3594 4928 adjuvet

2017 4960 2387 5032 prosperitatis
2409 4959 2624 5026 aﬁectu,
2648 4969 2701 5012 et
2726 4967 2830 5013 tam
2861 4959 3033 5027 ipsum
3062 4958 3219 5028 qu‘am
3266 4974 3362 5014 vos
3409 4975 3597 5016 omnes

2017 5065 2069 5119 in
2099 5072 2442 5120 sacrosancto
2463 5060 2739 5133 religionis
2762 5074 2945 5115 amore
2960 5061 3227 5116 custodiat
3243 5103 3259 5128 ,
3287 5070 3344 5117 ut
3372 5079 3596 5132 quorum

2017 5163 2152 5221 ﬁdes
2174 5179 2413 5221 errorem
2458 5164 2706 5235 pessima:
2732 5159 3091 5217 dissensionis
3120 5162 3340 5232 ahjecit,
3370 5176 3425 5221 et
3447 5176 3498 5220 tu
3529 5167 3597 5224 ita

2019 5264 2072 5319 in
2101 5265 2261 5319 terris
2290 5265 2503 5332 floreas,
2534 5271 2592 5318 ut
2612 5270 2826 5317 aeterna:
2863 5261 3050 5317 salutis
3079 5268 3447 5320 remuneratio
3468 5269 3596 5321 sub.

2017 5371 2294 5434 sequatur.
2323 5362 2472 5417 Nunc
2500 5362 2664 5432 igitur
2692 5375 2786 5416 vos
2830 5376 3042 5432 quoque
3093 5372 3216 5418 vota
3266 5365 3419 5420 nobis
3463 5381 3594 5418 cou-

2012 5464 2265 5534 jungite,
2336 5471 2391 5518 et
2449 5462 2696 5518 omnibus
2760 5477 2789 5517 a
2847 5461 2956 5520 Deo
3005 5464 3210 5520 viribus
3274 5465 3595 5532 implorate:

2016 5572 2074 5620 ut
2096 5564 2253 5635 hujus
2297 5564 2645 5620 correctionis
2699 5565 3008 5636 exemplum
3061 5579 3250 5620 omnes
3301 5573 3593 5634 sequantur

2017 5666 2293 5732 Ecclesiae,
2313 5674 2370 5719 ut
2409 5664 2544 5719 nihil
2570 5666 2674 5722 sibi
2705 5667 2947 5723 diabolus
2974 5665 3303 5721 remansisse
3338 5666 3591 5736 gaudeat,

2013 5784 2172 5842 quem
2197 5768 2247 5822 in
2271 5775 2439 5822 totum
2471 5782 2607 5838 pene
2634 5778 2817 5824 nostra
2847 5767 3134 5823 concordia
3173 5767 3476 5839 gratulatur
3503 5785 3591 5828 ex.

2011 5875 2219 5931 clusum
2249 5871 2411 5944 (anno
2443 5871 2651 5928 Domini
2674 5869 2823 5943 5l9).

3128 5963 3196 6030 15
