4262 6264
1987 402 2353 463 ΗΟΒΜΙΞΒᾸΞ
2394 400 2601 458 ΡΑΝΕ
3812 377 3915 435 ια)

2248 518 2305 581 Ἀ
2328 515 2586 587 poscerit,
2610 511 2675 566 ad
2705 524 2822 565 eam
2852 504 3024 578 possit
3057 499 3296 569 admitti,
3328 498 3623 555 secundum
3656 510 3817 567 quam
3864 506 3919 551 et

2324 611 2391 665 de
2445 607 2689 663 Thracia:
2744 613 2797 659 et
2840 600 3095 672 Scythiae,
3146 595 3453 667 lliyricique
3507 592 3776 662 partibus,
3835 588 3919 646 vel

2326 701 2482 770 Epiri
2509 698 2733 762 veteris,
2765 695 2859 750 sed
2884 703 2940 749 et
2980 691 3276 748 semiudum
3314 686 3457 758 quod
3488 685 3697 757 (quam)
3718 685 3791 739 de
3821 684 3919 754 Sy-

2328 790 2415 847 ria
2448 788 2648 843 multos
2671 787 2779 856 jam
2813 793 3022 841 constat
3050 795 3173 840 esse
3200 788 3499 851 susceptos,
3532 775 3827 847 gaudentes
3856 774 3922 829 ad

2335 890 2487 939 recta
2518 880 2808 943 confluere,
2834 877 3055 932 etdevia
3084 874 3409 929 declinasse.
3434 870 3587 924 Unde
3614 883 3709 936 pro
3736 866 3925 920 subre-

630 426 733 489 159

1196 528 1533 591 EPISTULA
1576 527 1643 583 ι,

1251 640 1317 679 A'D
1346 636 1585 679 GRATUI.

777 727 993 783 Gratum
1014 720 1226 781 salutat,
1254 714 1316 768 ab
1346 729 1504 784 eoque
1534 709 1717 766 certior
1743 706 1853 779 ﬁeri
1879 706 1942 761 de
1967 706 2077 776 ejus

1210 786 1373 841 salute
1406 784 1652 855 postulat.

706 910 781 979 (η)
814 902 1093 963 liormisda
1114 899 1285 955 Grato
1312 898 1429 952 viro
1456 892 1670 949 sublimi

704 976 1055 1055 Contristavit
1101 1007 1201 1047 nos
1243 983 1610 1058 amplitudinis
1666 989 1860 1037 vestra:
1906 976 2222 1043 silentium,

639 1097 759 1165 quia
784 1092 922 1147 inter
942 1085 1207 1159 quaslibet
1233 1079 1612 1148 occupationes
1644 1074 1811 1129 nostri
1832 1085 1961 1129 esse
1991 1082 2096 1124 non
2125 1068 2221 1123 de-

636 1162 828 1242 buistis
867 1182 1232 1236 immemores.
1264 1173 1330 1228 Et
1355 1171 1563 1225 ideone
1585 1166 1728 1238 quod
1752 1165 1813 1219 in
1851 1162 2002 1219 vobis
2030 1172 2225 1230 ‘repre-

636 1276 921 1334 hendimus
972 1274 1248 1328 incurrere
1302 1264 1599 1327 videamur,
1640 1266 1874 1313 necesse
1920 1255 2031 1309 iuit
2098 1264 2227 1320 cpe-

636 1384 753 1425 ram
776 1368 903 1439 styli
934 1361 1218 1436 praesentis
1234 1364 1547 1417 assumere,
1576 1365 1670 1421 per
1692 1361 1852 1420 quam
1874 1344 2226 1402 nobilitatem

638 1474 787 1520 tuam
811 1458 1107 1516 honorifico
1140 1454 1455 1517 salutamus,
1482 1447 1835 1517 opostulantes
1869 1451 1925 1495 ut
1968 1439 2229 1495 sollicitu-

642 1558 823 1615 dinem
851 1561 1092 1609 nostram
1115 1548 1573 1616 dejbono'vestrre
1605 1534 1978 1610 prosperitatis
2003 1532 2233 1588 troade-

641 1650 831 1709 sinatis
857 1647 1073 1702 efficere
1098 1642 1409 1701 certiurem,
1432 1634 1556 1704 quia
1596 1626 1996 1685 ’incoiumitatis
2040 1630 2233 1677 vestra:

640 1742 782 1799 bona
812 1735 1139 1809 quibuslibet
1166 1731 1383 1787 indiciis
1410 1728 1523 1782 Deo
1542 1734 1739 1779 nostro
1769 1720 2015 1789 cupimus
2043 1714 2229 1786 propi-

640 1839 814 1893 tiante
843 1844 1188 1903 cognoscere.

1211 1914 1542 1975 EPISTOLA
1564 1914 1652 1969 Li.

1004 2032 1068 2069 AD
1097 2028 1263 2068 OINES
1292 2022 1569 2065 EPISCOI‘OS
1588 2012 1873 2059 HISPANIE.

646 2110 863 2169 Joannis
892 2100 1444 2173 Con‘stantinopotitani
1457 2095 1689 2173 episcopi
1710 2091 2081 2173 professionem
2094 2088 2235 2171 ἀἰγί-

716 2160 1047 2256 pia-propter
1075 2160 1347 2256 orientales
1386 2160 1653 2256 episcopos
1702 2160 1983 2236 (clericos),
2019 2160 2105 2229 qui
2144 2175 2234 2212 eo-

716 2247 830 2308 ium
842 2247 1264 2304 'conimuuionem
1287 2247 1631 2314 poposcertnt.

722 2362 1089 2421 Dilectissimis
1122 2355 1375 2413 fratribus
1402 2347 1675 2407 universis
1708 2342 1976 2415 episcopis
2005 2355 2098 2411 per
2142 2338 2238 2393 Ili-

650 2461 890 2531 spaniam
917 2451 1223 2511 constitutis
1258 2442 1561 2501 ilormisda.

722 2554 867 2607 inter
911 2562 972 2602 ea
1010 2560 1130 2614 qua:
1195 2538 1399 2594 notitia:
1454 2541 1652 2588 nostra:
1701 2530 1938 2583 Joannes
1991 2524 2156 2579 frater
2186 2532 2241 2579 et

648 2710 842 2807 gessit,
883 2732 984 2785 hoc
1008 2739 1221 2797 quoque
1250 2736 1348 2791 pro
1373 2718 1564 2773 affectu
1579 2712 1865 2769 catholica:
1883 2710 2009 2765 fidei
2035 2720 2089 2764 et
2111 2722 2242 2777 apo-

649 2800 856 2884 stolicae
883 2821 1029 2877 sedis
1056 2814 1405 2872 veneratione
1442 2806 1746 2871 consuluit,
1785 2817 1892 2873 quo
1935 2800 2125 2856 ordine
2173 2814 2241 2853 ex

649 2920 803 2976 clero
828 2916 1139 2973 Graecorum
1182 2902 1521 2963 venientibus
1568 2899 1740 2954 tribui
1786 2895 2013 2951 deberet
2056 2902 2241 2948 sancta

649 3006 980 3071 communio,
1018 3009 1234 3072 propter
1254 3008 1472 3052 causam
1493 2990 1702 3047 scilicet
1729 2985 1932 3051 Acacii,
1974 3000 2003 3039 a
2036 2982 2245 3053 praede-

650 3097 959 3156 cessoribus
987 3089 1189 3147 nostris
1214 3102 1311 3158 pro
1332 3084 1713 3141 haereticorum
1738 3076 2117 3133 communione
2148 3074 2246 3126 da-

652 3190 846 3255 mnati,
876 3188 930 3242 in
954 3199 1083 3255 qua,
1119 3182 1213 3252 qui
1242 3193 1304 3234 se
1342 3177 1411 3232 ab
1443 3170 1563 3244 eius
1601 3170 1922 3239 contagione
1955 3181 2065 3221 non
2106 3164 2245 3219 divi-

2338 975 2526 1045 ptione
2548 971 2883 1035 mandamus,
2910 978 2965 1021 ut
2983 966 3158 1021 omnis
3181 978 3305 1018 cura
3344 967 3400 1016 et
3424 956 3726 1015 sollicitudo
3753 957 3925 1011 omnis
4016 960 4027 965 ”

2322 1064 2595 1135 invigilet,
2631 1071 2683 1117 et
2710 1069 2773 1116 ut
2798 1062 2907 1131 jam
2951 1059 3126 1113 nulius
3153 1058 3222 1112 sit
3252 1053 3568 1125 ignorantiae
3592 1051 3763 1117 locus,
3808 1050 3928 1104 nul-

2330 1156 2417 1213 lus
2448 1164 2627 1211 utatur
2660 1150 3390 1223 simplicitatisexcusatione
3417 1149 3683 1216 prteterita
3718 1144 3928 1215 (printe-

2342 1249 2509 1319 ritis).
2536 1246 2746 1303 Scienti
2778 1258 3000 1315 peccare
3029 1240 3331 1297 necessaria
3363 1237 3635 1294 Confessio
3677 1243 3778 1289 est.
3824 1233 3931 1288 Ne-

2346 1354 2499 1395 cesse
2528 1340 2617 1410 (Et
2656 1336 2902 1405 necesse)
2943 1346 3025 1391 est
3054 1345 3112 1389 ut
3141 1346 3380 1389 errorem
3437 1330 3538 1385 sibi
3571 1329 3790 1393 scribat,
3839 1325 3931 1397 qui

2339 1441 2672 1486 monstratur
2698 1428 2961 1483 institisse
2992 1441 3160 1496 pravo
3209 1424 3411 1481 itineri.
3440 1420 3746 1475 Bonifacius
3778 1429 3931 1473 notat-

2330 1524 2454 1579 'rius
2486 1532 2685 1577 sancire
2718 1521 2973 1577 Ecclesia:
2996 1518 3251 1573 Romana:
3280 1526 3345 1570 ex
3372 1514 3574 1570 sorinio
3593 1510 3721 1568 editi
3751 1523 3929 1566 exem-

2338 1617 2509 1687 plaria
2531 1615 2696 1671 libelli
2729 1613 3041 1684 exsequitur

2410 1713 2593 1769 Prima
2624 1713 2771 1767 salus
2802 1719 2907 1776 est,
2937 1719 3097 1764 rectae
3118 1704 3247 1762 fidei
3279 1703 3515 1774 regulam
3542 1698 3811 1756 custodire
3828 1706 3880 1755 et
3901 1706 3930 1754 a

2352 1804 2659 1861 consdtutis
2688 1803 2905 1857 Patrum
2939 1800 3242 1855 nullatenus
3269 1797 3505 1852 deViare.
3556 1794 3621 1849 Et
3666 1793 3788 1863 quia
3827 1794 3931 1849 non

2253 1888 2312 1963 '3
2337 1909 2514 1972 potest
2546 1896 2757 1952 Domini
2788 1895 2955 1949 nostri
2978 1893 3103 1948 .Iesu
3130 1888 3331 1945 Christi
3359 1886 3689 1957 praxtermitti
3720 1894 3933 1940 sentcn-

2360 1990 2430 2044 tia
2461 1988 2721 2043 dicentis:
2760 1984 2837 2038 Tu
2866 2002 2916 2038 es
2950 1983 3138 2036 Petrus
3162 1992 3208 2035 ct
3246 1997 3399 2050 super
3428 1979 3557 2030 hanc
3586 1986 3781 2045 petram
3806 1974 3934 2029 aedi-

2343 2080 2506 2150 ﬁcabo
2532 2077 2820 2132 Ecclesium
2852 2086 3015 2128 msam
3056 2070 3273 2142 (Matth.
3331 2070 3460 2139 xw),
3519 2076 3647 2133 etc.,
3672 2066 3787 2120 haec
3815 2074 3935 2134 qua:

2350 2173 2492 2226 dicta
2526 2180 2651 2225 sunt
2678 2182 2855 2222 rerum
2880 2167 3173 2236 probantur
3193 2159 3471 2217 effectibus
3501 2201 3514 2222 ,
3547 2158 3668 2229 quia
3705 2156 3756 2210 in
3805 2156 3935 2212 sede

2345 2264 2637 2335 apostolica
2669 2271 2819 2315 extra
2852 2259 3112 2313 maculam
3162 2269 3377 2324 semper
3423 2261 3505 2306 est
3530 2247 3792 2306 catholica
3824 2260 3937 2302 ser-

2343 2370 2465 2414 vata
2498 2358 2705 2427 religio.
2732 2355 2807 2409 De
2823 2368 2924 2421 qua
2957 2367 3051 2420 spe
3081 2359 3135 2405 et
3164 2348 3266 2403 fide
3298 2346 3515 2401 minime
3560 2341 3798 2411 separari
3844 2355 3938 2395 cu-

2345 2452 2578 2521 pientes,
2607 2456 2663 2503 et
2682 2447 2896 2501 Patrum
2927 2443 3212 2513 sequentes
3236 2437 3546 2498 constituta,
3581 2429 3937 2487 anathemati-

2349 2559 2537 2599 zamus
2572 2556 2758 2597 omnes
2789 2540 3042 2602 hmrescs,
3074 2541 3129 2589 et
3174 2532 3441 2602 prtecipue
3483 2527 3787 2582 Nestorium
3830 2524 3939 2577 has-

2348 2639 2598 2703 reticum,
2631 2635 2716 2703 qui
2741 2630 3007 2703 quondam
3030 2622 3641 2692 Constantinopolitanm
3668 2618 3766 2673 fuit
3792 2617 3937 2671 urbis

2349 2729 2655 2799 cpiscopus,
2688 2726 2971 2780 damnatus
3021 2722 3072 2775 in
3122 2717 3351 2773 concilio
3390 2713 3664 2784 Ephesino
3718 2727 3747 2764 a
3782 2711 3938 2763 beato

2349 2819 2643 2876 Caelestino
2676 2833 2809 2889 papa
2849 2810 3225 2879 urbis'Romte,
3251 2820 3301 2867 et
3323 2826 3353 2864 a
3376 2806 3668 2864 venerabili
3702 2808 3813 2859 viro
3833 2802 3939 2874 Gy-

2348 2914 2470 2969 rillo
2500 2912 2877 2969 Alexandrina:
2896 2909 3131 2965 civitatis
3152 2904 3409 2961 antistite.
3441 2903 3701 2960 Similiter
3730 2908 3784 2954 et
3809 2910 3939 2952 ana-

2351 3008 2760 3062 thematizamus
2790 3002 3067 3075 Eutychen
3100 2997 3481 3056 etDioscorum
3522 2992 3940 3049 Alexandrinum

2350 3098 2403 3152 in
2435 3109 2614 3152 sancta
2670 3095 2895 3168 synodo,
2938 3108 3095 3164 quam
3152 3089 3423 3160 sequimur
3453 3094 3507 3141 et
3535 3084 3939 3152 amplectimur,

2351 3188 2782 3251 Chalcedonensi
2809 3186 3117 3254 damnatos,
3149 3198 3270 3253 quae
3300 3186 3483 3235 secuta
3534 3186 3775 3231 sanctum
3816 3188 3940 3229 cou-

651 3283 1051 3346 dunt,anostra
1068 3269 1451 3329 communione
1475 3265 1772 3320 habeantur
1797 3259 2029 3328 excepti.
2060 3256 2245 3311 Laudo
2266 3268 2323 3342 ς

2266 3268 2323 3342 C
2356 3288 2535 3345 cilium
2565 3281 2841 3335 Niczenum
2882 3277 3040 3331 fidem
3072 3272 3425 3344 apostolicam
3472 3265 3800 3339 praedicavit.
3843 3262 3942 3321 De-

654 3373 989 3447 propositum
1008 3367 1115 3422 viri
1150 3366 1253 3418 hoc
1301 3362 1419 3416 zelo
1474 3360 1619 3414 circa
1667 3356 1823 3410 fidem
1866 3362 1921 3409 et
1948 3350 2243 3422 apostolica

656 3442 900 3522 instituta
940 3457 1216 3519 ferventis,
1257 3465 1441 3508 utnec
1488 3465 1582 3520 per
1625 3446 1985 3518 ignorantiam
2022 3442 2243 3512 quidem

657 3566 978 3627 queinquam
1006 3562 1163 3605 emno
1191 3545 1393 3602 erroris
1438 3542 1601 3596 alieni
1642 3545 1915 3609 pateretur
1974 3533 2244 3605 immergi.

656 3648 826 3717 Digna
851 3644 968 3697 haec
986 3655 1117 3696 cura
1169 3635 1421 3691 fidelibus
1442 3675 1460 3697 ,
1488 3640 1547 3687 ut
1573 3631 1803 3686 sollicito
1832 3629 2010 3685 studio
2030 3640 2245 3695 semper

657 3737 959 3805 invigilent,
990 3741 1046 3788 et
1072 3728 1373 3798 inculpatos
1398 3741 1458 3781 se
1484 3725 1550 3779 ab
1573 3723 1719 3779 omni
1745 3724 2093 3791 perversitate
2114 3734 2247 3774 con-

658 3836 895 3886 servent.
923 3826 1040 3894 lpsa
1069 3821 1307 3879 estenim
1335 3818 1455 3873 fidei
1490 3817 1817 3880 innocentia,
1852 3824 1911 3868 ut
1933 3812 2241 3883 praevideat,

655 3938 727 3978 ne
750 3920 832 3976 vel
862 3933 991 3973 casu
1019 3916 1192 3986 possit
1220 3927 1407 3968 errare
1437 3909 1758 3979 (przevidere
1785 3907 1873 3961 vel
1899 3921 2099 3961 cavere
2132 3918 2247 3974 pos-

656 4016 729 4070 sit
753 4010 1013 4079 errores).
1062 4006 1467 4062 Satisl'acientes
1498 4004 1655 4071 igitur
1684 4011 1738 4056 et
1770 4000 2123 4055 laudabilibus
2150 3998 2244 4052 de-

656 4104 871 4160 sideriis
890 4099 1172 4155 memorati
1195 4096 1315 4162 viri,
1339 4102 1396 4148 et
1414 4105 1685 4147 memores
1702 4090 1871 4145 nostri
1899 4090 2059 4159 (sicut
2084 4103 2244 4157 opor-

658 4197 755 4265 tet)
783 4193 971 4258 officii,
1013 4191 1329 4246 documenta
1374 4199 1599 4255 qumque
1640 4184 1707 4239 de
1741 4182 1997 4237 Ecclesiae
2027 4181 2245 4236 scriniis

658 4295 1016 4352 assumentes,
1044 4284 1109 4337 ad
1136 4282 1422 4337 concilium
1448 4288 1685 4334 vestrum
1735 4292 1832 4346 pro
1873 4274 2247 4344 generalitatis

656 4380 1009 4439 instructione
1038 4377 1357 4441 direximus,
1391 4383 1448 4427 ut
1474 4386 1540 4427 ex
1590 4370 1701 4425 illis
1730 4370 1943 4439 plenius
1971 4381 2091 4437 qum
2122 4372 2248 4421 sunt

650 4476 774 4530 acta
800 4472 1085 4533 discentes,
1119 4468 1187 4523 ab
1209 4465 1354 4522 omni
1395 4480 1491 4519 vos
1527 4464 1826 4518 errantium
1867 4460 2247 4515 communione

657 4562 1018 4641 (contagione)
1066 4561 1345 4631 separetis.
1403 4558 1585 4627 Neque
1636 4556 1781 4610 enim
1816 4565 1898 4610 est
1946 4553 2247 4624 personalis

2353 3386 2612 3433 testamur
2636 3381 2693 3427 et
2716 3368 3060 3426 Timotheum
3085 3364 3429 3436 parricidam,
3461 3360 3707 3417 lElurum
3741 3373 3940 3429 cogno-
3964 3413 3973 3419 _

2351 3478 2554 3532 mento,
2586 3462 2903 3532 discipulum
2955 3473 3169 3529 quoque
3216 3457 3408 3526 ipsius,
3455 3462 3509 3509 et
3553 3465 3838 3522 sequacem
3891 3450 3941 3504 in

2349 3562 2601 3618 omnibus
2652 3559 2866 3612 Petrum
2915 3551 3333 3610 Alexandrinum
3388 3549 3833 3605 condemnamus.
3878 3542 3941 3600 Et

2351 3655 2514 3710 etiam
2542 3648 3062 3706 anathematizamus
3100 3644 3351 3699 Acacium
3382 3637 3944 3708 Constantinopolita-

2354 3762 2479 3800 num
2504 3741 2774 3815 quondam
2805 3740 3117 3810 episcopum
3151 3738 3216 3790 ab
3238 3733 3533 3805 apostolica
3564 3732 3691 3786 sede
3722 3730 3944 3783 damna-

2352 3849 2485 3903 tum,
2516 3850 2701 3889 eorum
2740 3831 3057 3900 complicem
3084 3838 3138 3883 et
3192 3840 3496 3896 sequarem,
3530 3822 3615 3877 vel
3645 3823 3733 3890 qui
3766 3821 3821 3874 in
3853 3835 3944 3874 eo.

2350 3945 2471 3985 rum
2524 3926 2906 3983 communione
2955 3930 3049 3976 aut
3095 3923 3351 3975 societate
3396 3914 3807 3989 permanserint.
3841 3912 3942 3979 Qui

2352 4018 2581 4075 Aeacius
2619 4031 2851 4087 quorum
2897 4028 2957 4069 se
3010 4010 3381 4068 communioni
3431 4007 3664 4073 miscuit,
3705 4004 3943 4071 ipsorum

2352 4111 2581 4168 similem
2623 4107 2823 4163 habere
2864 4103 3061 4160 meruit
3110 4104 3165 4157 in
3201 4099 3549 4155 damnatione
3597 4096 3938 4151 sententiam.

2352 4202 2569 4258 Petrum
2613 4198 2958 4255 nihilominus
3012 4192 3407 4249 Antiochenum
3456 4190 3774 4243 damnamus
3817 4200 3941 4239 cum

2344 4294 2674 4364 sequacibus
2726 4289 2840 4343 suis
2878 4296 2934 4343 et
2970 4286 3219 4341 omnibus
3252 4281 3659 4352 suprascripiis.
3703 4277 3943 4347 Suscipi-

2351 4401 2471 4441 mus
2496 4394 2673 4439 autem
2701 4394 2755 4436 ct
2782 4378 3072 4451 probamus
3096 4377 3353 4446 epistolas
3389 4372 3531 4428 beati
3558 4370 3759 4425 Leonis
3790 4383 3943 4437 papa

2348 4478 2650 4535 universas,
2682 4485 2812 4534 quas
2842 4470 2914 4526 de
2940 4469 3201 4538 religione
3242 4465 3551 4521 Christiano
3593 4460 3939 4530 conscripsit.

2344 4569 2489 4621 sicut
2516 4563 2881 4635 praediximus,
2907 4569 3196 4631 sequentes
3229 4561 3280 4613 in
3311 4558 3563 4613 omnibus
3591 4553 3942 4625 apostolicam

656 4661 766 4716 odii
793 4672 953 4714 causa
981 4656 1033 4710 in
1062 4657 1255 4724 impios
1294 4661 1719 4719 transgressores
1740 4647 1883 4702 dicta
1905 4647 2041 4719 (Deo
2070 4647 2240 4716 inspi-
2260 4658 2321 4722 ῃ

2260 4656 2548 4722 Dsedem,
2584 4663 2637 4706 et
2667 4651 3021 4721 praedicantes
3049 4650 3166 4717 eius
3197 4648 3379 4703 omnia
3409 4645 3723 4700 constituta.
3762 4644 3941 4712 Etper

655 4752 833 4823 rante)
865 4749 1155 4811 sententia,
1187 4748 1239 4801 in
1280 4760 1385 4814 qua
1435 4743 1652 4813 quidem
1680 4756 1847 4796 causa
1898 4756 2238 4811 nequaquam

658 4845 883 4913 (neque)
909 4857 939 4895 a
971 4837 1353 4911 praedicatione
1372 4835 1726 4898 cessavimus,
1759 4843 1816 4888 et
1855 4833 2083 4903 principi
2114 4848 2241 4901 sup-

658 4933 927 5002 plicando,
954 4940 1012 4986 et
1054 4929 1363 4985 sacerdotes
1407 4935 1464 4982 et
1504 4926 1728 4994 pupulas
1786 4921 2154 4986 admonendo,
2185 4929 2243 4977 ut

658 5034 1081 5092 transgressores
1106 5018 1361 5082 absoluti,
1388 5016 1456 5071 ad
1474 5025 1673 5070 rectam
1695 5029 1754 5069 se
1782 5014 1941 5071 iidem
1968 5024 2022 5069 et
2048 5013 2240 5069 affectu

662 5115 754 5167 Dei
784 5122 838 5167 et
860 5110 1046 5181 judicii
1067 5111 1257 5165 timore
1282 5115 1680 5165 converterent.
1707 5104 1813 5160 Sed
1835 5104 2127 5158 obstinatio
2143 5104 2241 5160 mi-

658 5202 886 5261 seranda
915 5216 980 5256 eo
1011 5200 1338 5271 perduxerat
1366 5201 1507 5263 illos,
1539 5208 1595 5252 ut
1636 5194 1794 5252 nullis
1825 5195 1996 5251 modis
2046 5196 2236 5251 morti-

662 5294 774 5349 fera
806 5308 1009 5348 venena
1040 5294 1344 5359 vincantur,
1371 5291 1464 5345 sed
1502 5289 1639 5345 mala
1662 5290 1867 5345 semina
1908 5288 2029 5345 ﬁxis
2066 5289 2117 5345 in
2148 5290 2244 5345 de-

662 5384 827 5439 terius
859 5384 1119 5453 pullulent
1149 5381 1441 5437 radicibus.
1476 5380 1637 5449 Ergo,
1661 5381 2001 5437 dilectissimi
2024 5382 2250 5451 fratres,

659 5479 727 5533 ad
758 5478 934 5533 omnia
963 5484 1333 5547 competenter
1359 5475 1624 5541 instructi,
1654 5487 1867 5532 servate
1896 5491 1992 5531 vos
2040 5487 2096 5532 et
2138 5478 2242 5534 Eo-

658 5571 874 5627 clesiam
922 5572 1011 5624 Dei
1062 5567 1286 5638 apostoli
1335 5567 1710 5621 exhortatione
1758 5571 2064 5638 compuncti
2096 5570 2236 5641 (Aet.

658 5664 773 5733 xx).
803 5665 910 5717 Nos
938 5674 1117 5717 autem
1151 5663 1387 5715 libellum
1434 5660 1697 5722 misimus,
1729 5664 1829 5715 sub
1872 5678 1983 5731 quo
2021 5663 2066 5716 si
2120 5664 2239 5731 quis

658 5757 1089 5810 coturnunionem
1121 5766 1350 5810 vestram
1398 5754 1466 5811 de
1494 5753 1859 5809 Orientalibus
1888 5756 2100 5811 clericis
2144 5770 2237 5824 po-

2345 4750 2522 4804 omnia
2552 4760 2733 4815 spero,
2762 4754 2823 4799 ut
2844 4744 2897 4798 in
2916 4758 3020 4798 una
3046 4743 3435 4797 communione
3457 4739 3752 4802 vobiscum,
3782 4752 3941 4807 quam

2342 4842 2504 4898 sedes
2556 4838 2849 4909 apostolica
2878 4837 3128 4906 praedicat
3153 4875 3168 4899 ,
3199 4849 3320 4889 esse
3367 4846 3600 4900 merear,
3636 4832 3686 4885 in
3718 4846 3819 4899 qua
3859 4838 3944 4885 est

2346 4933 2555 5002 integra
2576 4939 2631 4985 et
2663 4944 2788 4984 vers
2821 4928 3141 4982 Christianas
3169 4925 3446 4995 religionis
3505 4932 3560 4978 et
3589 4922 3819 4992 perfecta
3855 4936 3943 4975 so-

2344 4999 2568 5078 iiditas:
2601 5022 2921 5091 promittens
2947 5020 2999 5074 in
3022 5018 3266 5088 sequenti
3307 5026 3549 5084 tempore
3578 5022 3941 5083 sequestratos
4012 4999 4019 5005 “

2346 5131 2376 5171 a
2408 5118 2787 5171 communione
2818 5112 3077 5168 Ecciesise
3107 5109 3411 5176 caboiicae,
3456 5106 3507 5161 id
3553 5117 3635 5161 est
3675 5121 3778 5159 non
3810 5120 3941 5157 con-

2347 5212 2641 5265 sentientes
2672 5207 2785 5267 sedi
2816 5206 3149 5274 apostolice,
3187 5216 3376 5255 eorum
3427 5200 3640 5254 nomina
3686 5199 3826 5252 inter
3851 5211 3942 5251 sa-

2347 5315 2437 5354 cra
2465 5315 2571 5353 non
2598 5296 2871 5356 recitando
2899 5311 3020 5351 esse
3049 5294 3324 5364 mysteria.
3356 5291 3509 5358 Quod
3551 5291 3592 5343 si
3624 5292 3680 5342 in
3708 5290 3887 5359 aliquo
3911 5303 3940 5344 a

2348 5406 2468 5447 mea
2495 5391 2825 5461 professione
2846 5388 3066 5441 deviare
3091 5394 3390 5446 tentarem,
3420 5381 3501 5434 his
3524 5394 3664 5447 quos
3689 5379 3938 5434 damnavi

2350 5483 2663 5551 complicem
2695 5496 2780 5534 me
2824 5494 2941 5533 mea
2987 5476 3137 5547 (hac)
3181 5474 3444 5530 sententia
3491 5486 3613 5527 esse
3663 5474 3941 5542 profiteor.

2344 5575 2492 5630 Hanc
2521 5583 2696 5627 autem
2729 5571 3116 5641 professionem
3140 5584 3314 5623 meam
3343 5582 3445 5636 ego
3475 5581 3637 5621 manu
3669 5582 3788 5621 mea
3817 5568 3943 5621 sub-

2343 5667 2554 5735 scripsi,
2588 5676 2643 5721 et
2672 5666 2767 5719 tibi
2803 5662 3101 5718 Hormisdae
3128 5670 3318 5718 sancto
3340 5676 3407 5716 ae
3452 5661 3745 5716 venerabili
3788 5673 3942 5730 papa

2344 5760 2490 5814 urbis
2524 5764 2703 5813 linum
2738 5757 2935 5812 direxi.

734 5912 814 5983 (α)
845 5912 901 5967 In
924 5913 1245 5995 Collectioue
1272 5913 1524 5971 Atellana
1566 5912 1699 5967 Cod.
1745 5910 1913 5966 Vatic.
1945 5911 2079 5969 4061
2115 5914 2218 5972 iste
2249 5914 2431 5973 titulus
2461 5928 2536 5969 Sic
2567 5914 2899 5970 enuntiatur:
2935 5909 3093 5965 Grato
3124 5911 3174 5966 in
3210 5910 3245 5964 ι.
3286 5906 3582 5964 Hormisda.
