4262 6264
350 395 452 457 661

894 522 1225 581 EPISTULA
1274 522 1380 577 Lll.

591 635 658 674 Λῐ)
695 631 978 671 GERIANUH
1017 630 1370 676 οιετειιοερυιε
1426 626 1679 666 LEGATOS.

354 708 528 765 Monet
567 717 621 760 ul
666 724 781 760 cum
820 709 1120 775 imperatore
1159 709 1374 776 ejusque
1392 707 1609 776 conjuge
1642 708 1822 776 agant,
1860 708 1927 776 ⁵ιιι

425 795 596 832 omnes
621 769 1163 844 Ecclesitz,'pra’cipue
1177 769 1296 827 ὗενγό
1317 769 1661 827 Alexandrina
1680 769 1726 825 et
1750 769 1929 823 Antio-

424 853 606 913 chena,
628 852 695 900 ad
714 848 1151 915 apostolictesedis
1180 848 1587 898 communionem
1613 850 1927 896 revocentur.

428 942 708 995 llormisda
738 941 1006 995 Germano
1034 946 1090 992 et
1130 937 1317 991 Joanni
1347 936 1638 1004 episcopis,
1690 932 1852 988 Felici
1878 936 1934 985 et

353 1034 613 1089 Dioscoro
635 1033 893 1095 diaconis,
921 1038 975 1086 et
1004 1028 1207 1084 Blando
1236 1028 1577 1097 presbytero.

432 1124 504 1179 De
526 1122 607 1177 his
633 1136 753 1191 quat
796 1130 912 1175 acta
944 1120 1178 1175 caritatis
1216 1127 1407 1173 vestra:
1438 1117 1636 1172 relatio
1685 1128 1937 1184 compre-

355 1216 561 1283 hendit,
617 1216 814 1285 gratias
845 1215 955 1269 Deo
986 1222 1170 1269 nostro
1218 1212 1523 1276 referimus,
1556 1208 1649 1279 qui
1697 1206 1936 1263 laborem

356 1318 595 1363 vestrum
638 1307 825 1376 juvare
863 1305 1109 1375 dignatus
1145 1313 1248 1368 est,
1282 1312 1336 1358 et
1393 1302 1672 1356 hortamur
1722 1307 1781 1352 ut
1830 1298 1941 1353 cle-

358 1400 699 1454 meritissimo
748 1397 971 1466 principi
1013 1406 1067 1451 ει
1113 1394 1367 1465 piissimae
1423 1393 1675 1462 Augusta:
1729 1388 1943 1458 conjugi

359 1494 477 1560 ejus
504 1491 693 1545 ofﬁciis
749 1490 1030 1543 imminere
1074 1484 1501 1554 competentibus
1548 1483 1827 1547 debeatis,
1887 1488 1943 1534 et

360 1600 539 1653 agere,
572 1583 867 1637 auxiliante
884 1578 1100 1634 Christo
1139 1587 1324 1633 nostro
1354 1577 1622 1631 universis
1643 1574 1742 1628 sub
1769 1573 1947 1627 eccle-

363 1677 577 1731 siastiea
608 1671 981 1729 observatione
1020 1671 1317 1741 dispositis,
1350 1678 1407 1722 ut
1437 1680 1624 1722 omnes
1664 1666 1941 1726 Ecclesiae,

365 1785 483 1840 qua:
512 1772 562 1823 in
585 1768 819 1839 qualibet
846 1766 1025 1820 mundi
1048 1777 1199 1835 parte
1223 1771 1347 1818 sunt
1379 1764 1589 1832 positae,
1614 1760 1680 1815 ad
1706 1773 1949 1815 commu-

1554 384 1908 445 EPISTOLIE
1949 385 2038 442 ET
2079 383 2419 444 DECRETA.
2474 390 2479 397 “

1958 498 2013 557 Α
2038 507 2418 564 quaereremus,
2454 501 2508 548 et
2533 493 2633 547 hoc
2656 492 2971 547 deliberatio
3001 498 3180 547 nostra
3212 491 3277 546 de
3304 490 3605 559 supradicto

3504 382 3607 438 462

2037 584 2265 637 diacono
2293 582 2582 651 probabilis
2629 583 2851 647 invenit,
2894 592 2951 635 ut
2994 599 3086 652 per
3135 583 3491 636 testimonium
3537 582 3605 636 li-

2030 672 2156 729 belli
2183 674 2548 728 communioni
2585 673 2862 728 catholicae
2889 674 3229 742 iungeretur;
3259 689 3413 742 quem
3448 675 3607 731 libel-

2033 759 2139 816 lutn
2170 762 2479 817 solemuiter
2509 764 2765 829 oblatum,
2799 773 2853 817 et
2889 775 3090 817 nostrae
3124 763 3436 819 offerentem
3466 781 3585 820 com

2035 853 2274 908 munioni
2298 853 2659 923 signiﬁcamus
2682 855 3009 921 adjunctum.
3040 854 3165 908 Data
3187 855 3405 910 consule
3427 869 3611 926 supra«

2037 945 2239 1014 scripto
2266 946 2439 1014 (anno
2467 945 2672 1000 Domini
2697 945 2857 1014 519).

2574 1036 2907 1095 EPISTULA
2949 1034 3083 1093 LIV.

2637 1147 2703 1184 AD
2732 1145 2965 1184 ευιιοειι.

2043 1218 2243 1271 Laudat
2266 1220 2375 1289 ejus
2398 1222 2460 1272 de
2473 1220 2727 1292 ﬁrmanda
2754 1238 2878 1291 pace
2906 1223 3315 1278 sollicitudinem.
3343 1225 3421 1278 Ad
3451 1228 3615 1292 impe-

2114 1300 2336 1360 gtorem
2384 1306 2436 1343 se
2483 1290 2681 1344 litteras
2716 1290 2979 1360 daturum,
3012 1304 3064 1347 ut
3111 1311 3223 1349 eum
3251 1290 3617 1350 Alexandrina:

2116 1358 2359 1414 Ecclesia
2396 1363 2775 1430 prie/Sciendum
2829 1358 2987 1418 curcl.
3034 1365 3284 1419 Thomam
3307 1377 3352 1418 et
3400 1367 3531 1422 alios
3566 1370 3617 1423 ei

2115 1431 2451 1505 commendat,
2496 1443 2543 1505 et
2574 1433 2807 1505 hortatur
2837 1450 2899 1486 ne
2943 1450 3035 1504 pro
3063 1436 3253 1489 reditus
3304 1436 3621 1505 festinatione

2119 1501 2395 1568 quidquam
2416 1500 2773 1570 indispositum
2803 1500 3075 1574 relinquat.

2122 1590 2407 1648 l-lormisda
2439 1594 2693 1649 Dioscoro
2719 1596 2965 1651 diacono.

2124 1687 2197 1740 De
2228 1685 2424 1740 laboris
2463 1688 2532 1740 tui
2565 1687 2798 1756 quidem,
2830 1704 2986 1759 quem
3016 1689 3108 1744 Dei
3138 1691 3516 1761 omnipotentis
3538 1694 3624 1764 ju-

2053 1777 2263 1829 Vlllllille
2284 1777 2586 1845 suscepisti,
2616 1792 2711 1845 pro
2742 1790 2801 1831 ea
2833 1792 2983 1847 parte
3014 1795 3131 1849 qua:
3158 1790 3273 1834 acta
3312 1790 3412 1848 Cal,
3445 1795 3623 1854 gratu-

367 1864 579 1919 nionetn
602 1862 745 1917 sedis
775 1860 1078 1929 apostolicae
1108 1868 1447 1912 revocentur.
1478 1855 1554 1910 De
1576 1852 1935 1910 Alexandrina
1970 1855 2019 1921 Β

1970 1855 2019 1921 Β
2051 1867 2225 1922 latnur
2245 1866 2467 1931 ellet'tu;
2492 1867 2787 1922 iudicantes
2809 1871 3058 1925 omnibus
3080 1871 3238 1925 italia:
3253 1852 3467 1941 populis
3505 1890 3624 1944 qua:

369 1972 495 2012 vero
523 1965 680 2026 atque
711 1954 1042 2008 Antiochena
1074 1951 1324 2007 Ecclesiis
1364 1949 1601 2004 laborate
1647 1955 1704 2002 ut
1748 1954 1946 2001 nostrae

372 2051 497 2104 ﬁdei
521 2050 617 2104 sub
643 2047 1020 2103 observatione
1048 2044 1353 2100 rationabili
1383 2048 1793 2103 connectentur,
1819 2038 1946 2108 quia

376 2149 541 2194 tantm
592 2142 671 2193 rei
725 2138 1007 2209 perfectio,
1063 2144 1168 2190 tam
1227 2134 1648 2191 clementissimo
1699 2128 1944 2199 principi,

377 2246 536 2299 quam
565 2231 731 2295 vobis,
760 2229 986 2301 gratiam
1028 2227 1221 2283 divinae
1271 2224 1663 2295 propitiationis
1704 2221 1946 2292 acquirit.

377 2323 505 2375 Data
536 2321 822 2376 Eutharico
850 2321 967 2374 viro
1017 2316 1319 2373 clarissimo
1358 2315 1579 2370 consule
1626 2314 1793 2378 (anno
1849 2312 1950 2365 Do-

374 2414 500 2469 mini
530 2413 679 2485 5l9).

922 2480 1249 2538 EPISTOLA
1276 2478 1403 2534 Llll.

796 2589 864 2628 ΑΙ)
910 2586 1199 2626 υιοδεοιιυιι
1240 2583 1460 2623 DIACONU
1470 2583 1502 2619 Μ
1514 2605 1523 2616 ο

379 2667 446 2724 Ut
495 2667 676 2737 cogitet
720 2667 974 2737 quomodo
1021 2666 1059 2719 ii
1105 2665 1189 2729 qui
1230 2662 1637 2737 Cﬁalcedonense
1670 2658 1953 2737 concilium

445 2729 633 2803 scripto
679 2729 1064 2801 damnaverant,
1098 2744 1147 2788 et
1174 2734 1241 2788 ad
1267 2733 1546 2803 Ecclesium
1590 2730 1754 2783 redire
1780 2729 1953 2803 capia.

446 2798 583 2871 bant,
617 2806 896 2877 recipiendi
920 2798 1335 2868 sinthhomam,
1358 2799 1702 2855 Nicostratum
1727 2808 1773 2853 et
1791 2798 1955 2851 Joan~
1978 2858 1981 2859 ν

455 2895 567 2931 nem
594 2880 855 2947 episwpos
878 2878 923 2930 ei
953 2877 1291 2931 commendat.

455 2969 733 3023 llortnisda
767 2968 1020 3024 Dioscoro
1050 2968 1295 3022 diacono.

454 3062 527 3116 De
557 3061 758 3115 laboris
791 3062 888 3127 tui,
918 3075 1075 3130 quem
1106 3075 1226 3114 cunt
1259 3059 1353 3113 Dei
1381 3055 1764 3126 omnipotentis
1798 3054 1955 3122 juva-

381 3154 524 3208 mine
554 3152 857 3222 suscepisti,
891 3167 987 3222 pro
1016 3167 1078 3207 ea
1121 3159 1274 3222 parte
1302 3166 1420 3220 qua:
1447 3158 1565 3204 acta
1592 3156 1695 3213 est,
1722 3144 1958 3215 gratula-

2051 1968 2270 2013 auctore
2301 1958 2410 2012 Deo
2438 1961 2456 1981 ‘
2487 1959 2607 2027 (per
2639 1968 2689 2012 te
2715 1968 2830 2014 acta
2861 1972 2986 2014 sunt
3026 1961 3319 2029 placuisse;
3350 1972 3403 2017 et
3426 1965 3624 2032 gratias

2052 2047 2188 2115 Deo)
2212 2055 2395 2102 nostro
2434 2048 2549 2102 sine
2578 2050 2881 2105 cessatione
2911 2052 3281 2121 persolvimus,
3313 2055 3401 2124 qui
3431 2064 3482 2110 te
3504 2055 3627 2111 fecit

2051 2153 2363 2207 agnoscere,
2390 2138 2513 2207 quia
2542 2154 2646 2191 non
2682 2154 2776 2209 pro
2800 2140 2946 2204 odio,
2984 2142 3077 2196 sed
3128 2158 3224 2213 pro
3254 2158 3427 2199 causae
3455 2148 3628 2215 magis

2052 2231 2217 2286 fueris
2247 2231 2596 2300 amplitudine
2622 2232 2938 2289 destinatus.
2966 2232 3118 2290 Unde
3143 2237 3394 2306 quoniam
3425 2236 3627 2308 suppli-

2054 2336 2170 2376 cem
2198 2333 2251 2376 et
2283 2336 2470 2390 puram
2498 2322 2873 2390 cogitationem
2909 2336 3143 2380 nostram
3186 2342 3281 2397 per
3327 2338 3378 2383 te
3417 2331 3626 2386 miseri-

2054 2414 2235 2467 cordia
2262 2412 2460 2468 divinat
2515 2415 2906 2483 propitiationis
2938 2416 3157 2487 adjuvit,
3207 2433 3430 2474 necesse
3458 2429 3538 2475 est
3570 2428 3631 2475 ut

2055 2504 2124 2557 de
2150 2503 2424 2557 industriae
2454 2505 2539 2558 vel
2571 2505 2894 2574 fatigationis
2922 2516 3028 2560 tua:
3052 2510 3271 2577 praemio
3312 2517 3367 2563 et
3420 2510 3627 2565 vicissi-

2058 2594 2241 2647 tudine
2284 2593 2601 2662 cogitemus.
2662 2594 2792 2649 Nam
2832 2600 3075 2665 sequenti
3125 2607 3364 2668 tempore
3396 2600 3633 2659 scribere

2060 2688 2278 2739 rlontino
2306 2696 2361 2740 et
2390 2688 2498 2741 tilio
2526 2696 2709 2741 nostro
2743 2690 3047 2758 imperatori
3095 2689 3428 2763 disponimus
3472 2705 3527 2749 ut
3582 2703 3634 2751 te

2059 2778 2481 2832 Alexandrinum
2498 2781 2805 2847 episcOpum
2830 2779 3018 2834 debeat
3038 2781 3307 2836 ordinare.
3324 2780 3529 2837 Justum
3553 2794 3634 2839 est

2061 2871 2204 2925 enim
2238 2885 2291 2925 ut
2322 2885 2383 2927 ea
2409 2872 2650 2927 doctrina
2699 2881 2752 2926 et
2809 2871 3172 2928 moderatione
3221 2883 3307 2927 tua
3334 2877 3633 2945 corrigatur

2062 2963 2325 3030 Ecclesia,
2353 2967 2403 3018 in
2436 2981 2538 3032 qua
2568 2964 2835 3033 praecipue
2863 2964 2928 3019 ab
2969 2966 3097 3033 ipsis
3123 2967 3296 3020 aetatis
3341 2976 3445 3022 tuae
3488 2968 3663 3036 prin-3

2061 3058 2217 3126 cipiis
2244 3058 2481 3111 militasti
2509 3074 2522 3122 ;
2556 3072 2679 3110 nam
2709 3056 2980 3126 displicuit
3013 3057 3164 3111 nobis
3192 3060 3331 3127 quod
3359 3059 3635 3115 caritatem

2066 3160 2211 3205 tatam
2242 3151 2600 3218 amplissimus
2631 3150 2919 3217 imperator
2948 3148 3296 3203 Antiocheam
3330 3164 3638 3220 praeponere

382 3236 501 3295 mur
527 3240 757 3305 effectu;
799 3250 853 3295 et
882 3239 1185 3295 indicamus
1216 3250 1271 3293 ut
1308 3236 1754 3308 quemadmodum
1806 3249 1957 3287 revu-
1983 3225 2030 3289 Ο
2066 3243 2338 3297 nitebatur
2369 3242 2643 3297 Ecclesiae.
2675 3243 2862 3295 Melius
2888 3243 3028 3294 enim
3063 3242 3113 3293 in
3138 3242 3257 3295 solo
3292 3244 3475 3309 patriae
3506 3245 3639 3299 tanti

383 3332 539 3387 randi
567 3340 692 3386 sunt
713 3330 766 3384 hi
818 3332 909 3399 qui
938 3344 1003 3383 ex
1033 3330 1232 3398 scripto
1255 3326 1707 3382 Chalcedonensis
1744 3323 1958 3378 concilii

384 3425 673 3478 constituta
730 3422 1115 3476 damnaverunt
1169 3419 1365 3474 debeas
1411 3419 1668 3488 cogitare.
1713 3414 1958 3469 Fcisitan

384 3514 521 3570 tales
552 3530 655 3568 non
682 3512 1034 3581 schismatici,
1058 3510 1150 3567 sed
1190 3513 1357 3581 magis
1389 3508 1626 3564 haeretici
1660 3507 1958 3560 videantur.

386 3607 473 3661 An
498 3614 642 3659 certe
670 3617 769 3657 una
802 3579 868 3658 sit
918 3617 1078 3657 causa
1115 3610 1218 3654 tam
1247 3579 1431 3655 eorum
1478 3598 1568 3668 qui
1619 3596 1960 3651 sermonibus

388 3710 549 3765 quam
604 3709 783 3748 eorum
838 3709 923 3762 qut
977 3691 1362 3747 convincuntur
1416 3691 1616 3756 scripto
1657 3687 1960 3749 damnasse,

387 3787 509 3857 quia
541 3800 637 3855 per
672 3785 806 3839 hanc
853 3784 1159 3837 distantiam
1218 3780 1355 3835 ﬁlius
1399 3788 1579 3833 noster
1609 3778 1688 3831 vir
1739 3775 1963 3829 illustris

386 3877 610 3933 Albinus
639 3874 923 3945 religiosus
955 3873 1161 3927 videtur
1187 3872 1362 3926 facere
1386 3870 1752 3938 quaestionem,
1786 3876 1839 3920 et
1868 3880 1962 3919 co-

387 3975 492 4042 gita
523 3983 699 4026 utrum
732 3983 785 4025 et
810 3970 1110 4023 scribentes
1155 3976 1339 4021 contra
1373 3963 1808 4018 Chalcedonense
1837 3974 1964 4013 cono

386 4067 587 4129 cilium,
617 4079 714 4134 per
748 4063 895 4118 illum
923 4062 1227 4133 generalem
1261 4058 1494 4112 libellum
1524 4064 1723 4110 tantum
1764 4051 1964 4120 suscipi

388 4158 638 4225 debeant,
664 4172 730 4210 an
757 4165 903 4210 certe
923 4152 1119 4222 aliquid
1162 4152 1389 4219 amplius
1410 4148 1678 4202 addicere.
1707 4146 1781 4199 De
1811 4145 1967 4197 Alex-

388 4251 611 4302 andrim
657 4257 710 4301 et
758 4246 1089 4299 Antiochena
1121 4242 1378 4297 Ecclesiis
1406 4240 1596 4293 solatio
1650 4238 1743 4291 Dei
1794 4235 1964 4289 nostri

391 4339 600 4409 adjutus
631 4336 861 4401 enitere,
885 4347 941 4389 ut
975 4336 1222 4389 omnibus
1253 4343 1396 4387 recte
1429 4329 1699 4400 dispositis
1728 4344 1968 4382 commu-

391 4430 539 4484 nioni
571 4427 853 4482 catholicae
880 4428 1169 4480 socientur.
1199 4424 1417 4477 Thomas
1465 4435 1679 4492 quoque
1725 4431 1778 4473 et
1817 4418 1970 4473 Nico-

391 4523 541 4576 strati
568 4520 792 4573 fratrum
820 4527 872 4572 et
899 4516 1338 4586 coepisCoporum
1371 4523 1674 4568 nostrorum
1711 4511 1967 4564 observa-

2066 3337 2297 3404 accipies
2320 3334 2606 3388 sacerdotii
2658 3334 2991 3403 dignitatem,
3022 3340 3078 3387 ut
3106 3332 3384 3404 r‘Egyptios
3417 3338 3640 3405 pepulos

2066 3427 2281 3489 doceas,
2309 3440 2464 3495 quam
2495 3426 2633 3478 inter
2660 3429 2843 3495 Syros,
2870 3439 3036 3479 novos
3058 3433 3111 3479 et
3139 3425 3433 3494 incognitus
3465 3426 3640 3483 homi-

2066 3533 2182 3582 nes,
2214 3519 2264 3570 in
2294 3518 2395 3570 alia
2425 3517 2568 3595 orbis
2602 3526 2749 3584 parte
2809 3519 3114 3586 progenitus
3164 3531 3344 3571 errare
3385 3518 3637 3574 videaris.

2066 3609 2287 3664 Thoma:
2316 3624 2527 3678 quoque
2555 3618 2609 3661 et
2634 3608 2912 3662 Nicostrati
2962 3610 3183 3663 fratrum
3217 3620 3269 3663 et
3293 3611 3639 3682 coepiscopo-

2067 3716 2185 3754 rum
2220 3710 2522 3753 nostrorum
2566 3699 2869 3752 observatio
2900 3699 3052 3768 longa
3106 3713 3203 3753 nos
3248 3702 3545 3769 contristat,
3588 3710 3642 3757 et

2068 3793 2325 3845 miramur
2352 3806 2447 3845 cur
2477 3792 2616 3859 apud
2651 3790 2975 3844 catholicum
3008 3791 3299 3861 principem
3330 3803 3490 3847 rectae
3520 3792 3641 3847 ﬁdei

2068 3886 2314 3939 laborare
2338 3882 2621 3938 videantur
2653 3885 2910 3953 episcopi,
2959 3899 3188 3953 quorum
3240 3885 3502 3940 desideria
3556 3897 3642 3941 tua

2070 3974 2286 4028 debebit
2323 3975 2517 4028 caritas
2561 3973 2866 4039 sublevare,
2917 3975 3125 4045 agendo
3171 3986 3432 4045 quatenus
3463 3986 3642 4046 optata

2070 4063 2444 4134 consequendo
2494 4079 2693 4117 maeror
2751 4066 2991 4120 converti
3046 4068 3215 4135 possit
3264 4068 3314 4121 in
3367 4068 3639 4135 gaudium.

2070 4156 2301 4210 Joannes
2353 4154 2757 4224 Nicopolitanus
2806 4157 3089 4225 episcopus
3152 4172 3245 4224 per
3300 4139 3656 4213 Ammoniuni

2071 4248 2351 4301 diaconum
2411 4248 2565 4301 nobis
2608 4245 2845 4315 scripsit,
2903 4248 3043 4316 quod
3097 4251 3144 4302 ei
3197 4248 3359 4317 aliqui
3400 4250 3646 4307 malevoli

2070 4339 2209 4406 apud
2270 4337 2562 4404 principem
2635 4337 2872 4389 nituntur
2942 4350 3200 4404 generare
3278 4338 3634 4393 calumniam:

2071 4443 2228 4497 quem
2269 4427 2542 4481 dilectioni
2591 4437 2695 4480 tua:
2738 4427 3191 4491 commendamus,
3241 4429 3537 4493 hortantes,
3591 4436 3647 4485 ut

2074 4522 2318 4576 elabores
2343 4535 2406 4573 ne
2424 4520 2541 4588 ejus
2564 4519 2724 4588 quieti
2752 4518 3084 4572 inimicorum
3114 4520 3282 4587 pos~it
3304 4534 3496 4574 nocere
3521 4520 3648 4574 sub-

392 4617 468 4669 tio
496 4631 589 4668 nm
622 4615 779 4683 longa
801 4613 1115 4676 contristat;
1175 4622 1229 4665 et
1264 4611 1523 4663 mitamnr
1579 4622 1673 4661 cur
1713 4606 1851 4677 apud
1882 4620 1971 4660 ca-
1997 4593 2052 4654 Ῑ)
2076 4613 2268 4680 reptio.
2296 4609 2462 4676 Quem
2487 4609 3118 4663 Ammoniumdiaconum
3134 4609 3197 4661 ad
3230 4624 3325 4661 nos
3348 4609 3647 4665 venientem

393 4709 649 4763 tholtcum
699 4706 991 4775 principem
1036 4714 1198 4760 rectae
1240 4704 1359 4757 ﬁdei
1404 4702 1649 4755 laborare
1694 4699 1975 4754 videantur

392 4797 658 4867 episcopi,
691 4812 914 4867 quorum
933 4795 1195 4850 desideria
1228 4804 1312 4847 tua
1346 4792 1558 4847 debebit
1586 4792 1777 4845 caritas
1804 4790 1977 4845 suble-

393 4905 541 4952 vare,
574 4888 781 4958 agendo
825 4896 1086 4958 quatenus
1132 4894 1309 4955 optata
1359 4883 1736 4952 consequendo
1780 4894 1977 4935 mceror

394 4980 636 5033 converti
683 4979 850 5047 possit
896 4978 950 5031 in
997 4976 1264 5047 gaudium.
1310 4973 1542 5030 Joannes
1571 4971 1975 5041 Nic0politanus

397 5076 683 5140 episcopus
712 5086 805 5138 per
832 5070 1173 5123 Atnmonium
1213 5070 1493 5123 diaconum
1535 5066 1690 5121 nobis
1732 5063 1971 5134 scripsit,

399 5161 537 5231 quod
569 5162 618 5214 ei
647 5160 805 5229 aliqui
833 5158 1075 5213 malevoli
1109 5159 1247 5227 apud
1278 5160 1571 5227 principem
1619 5158 1857 5211 nituntur
1883 5169 1975 5226 ge-

400 5268 592 5308 nerare
618 5254 936 5307 calumniam
966 5270 978 5305 :
1013 5266 1169 5322 quem
1201 5252 1474 5307 dilectioni
1506 5261 1607 5305 tute
1632 5248 1976 5305 commenda-

401 5362 542 5407 tnus.
569 5345 867 5413 hortantes,
894 5355 951 5399 ut
981 5345 1226 5400 elabores
1270 5360 1336 5399 ne
1375 5342 1490 5413 ejus
1525 5342 1689 5414 quieti
1728 5341 1971 5397 inimico.

401 5454 520 5493 rum
549 5439 717 5506 possit
743 5453 937 5493 nocere
964 5437 1257 5507 subreptio.
1289 5437 1456 5503 Quem
1489 5435 1829 5490 Ammonium
1859 5434 1972 5490 dia-

401 5544 600 5583 mnum
641 5529 707 5584 ad
764 5546 863 5585 nos
918 5532 1219 5586 venientem
1268 5530 1320 5585 in
1363 5529 1505 5584 sedis
1548 5527 1857 5598 apostolica:
1888 5541 1979 5581 no-

404 5624 603 5675 luimus
628 5623 999 5677 communione
1026 5621 1321 5690 suscipere,
1362 5621 1541 5674 tanditl
1586 5620 1774 5685 donec,
1807 5618 1984 5673 habito

405 5725 527 5768 tum
559 5710 749 5783 Sergio
772 5713 995 5769 diacono
1025 5723 1270 5778 tractatu,
1304 5713 1430 5781 quid
1458 5711 1691 5765 ordinari
1742 5710 1985 5765 debuerit

2079 4702 2132 4757 in
2155 4702 2298 4757 sedis
2319 4699 2627 4767 apostolicae
2656 4699 2926 4753 noluimus
2956 4699 3331 4752 communione
3354 4700 3648 4769 suscipere,

2081 4795 2261 4849 tandiu
2300 4793 2507 4854 donec,
2547 4791 2728 4845 habito
2771 4806 2891 4844 cum
2920 4791 3110 4859 Sergio
3140 4790 3363 4845 diacono
3397 4799 3647 4859 tractatu,

2080 4885 2204 4955 quid
2230 4881 2469 4938 ordinari
2498 4881 2743 4935 debuerit
2773 4894 3167 4950 quaereremus;
3225 4888 3279 4934 et
3312 4881 3414 4936 hoc
3453 4881 3651 4937 delibe-

2079 4974 2214 5029 ratio
2241 4981 2423 5027 nostra
2443 4971 2509 5025 de
2539 4970 2845 5039 supradicto
2867 4969 3091 5023 diacono
3110 4970 3396 5037 probabilis
3426 4971 3650 5039 invenit,

2086 5078 2142 5126 ut
2180 5084 2276 5140 per
2320 5067 2689 5123 testimonium
2738 5064 2905 5120 libelli
2961 5066 3324 5120 communioni
3378 5067 3653 5121 catholicae

2077 5162 2417 5232 jungeretur;
2441 5175 2547 5230 quo
2568 5157 2750 5213 libello
2766 5157 3077 5213 solemuiter
3094 5159 3271 5214 oblato
3300 5168 3491 5214 nostrae
3523 5159 3653 5214 οπε-

2082 5267 2288 5313 rentcm
2313 5250 2677 5309 communioni
2706 5249 3067 5321 signiﬁcamus
3107 5252 3436 5321 adjunctum.
3477 5251 3659 5305 Paulis»

2082 5363 2209 5404 num
2264 5342 2805 5399 Ecclesimliomantc
2840 5344 3174 5399 defensorem
3223 5344 3653 5397 tommcndamus

2085 5447 2137 5494 et
2168 5438 2465 5502 hortamur,
2496 5445 2553 5488 ut
2576 5435 2707 5488 nihil
2746 5435 3118 5505 indispositum
3171 5448 3267 5502 pro
3317 5433 3653 5487 feStinatioue

2085 5528 2247 5585 vestri
2276 5528 2474 5583 reditus
2522 5527 2835 5595 relinquatis
2876 5525 3039 5595 :quia
3084 5524 3273 5578 melius
3319 5530 3506 5575 cuncta
3558 5525 3654 5575 sub

2087 5621 2386 5692 prolixitate
2418 5620 2671 5686 temporis
2699 5632 2817 5672 cum
2867 5619 2957 5671 Dei
2984 5615 3148 5669 nostri
3181 5613 3453 5681 juvatnine
3478 5612 3654 5682 dispo-

2089 5721 2303 5773 nuntur,
2330 5719 2381 5763 et
2404 5711 2601 5779 gratius
2628 5719 2729 5772 est,
2752 5717 2808 5760 ut
2834 5706 2931 5759 sub
2953 5718 3097 5759 mora
3124 5704 3360 5759 omnium
3391 5704 3651 5777 Ecclesia-

485 5834 501 5851 ⁶
528 5828 742 5883 Ansulis
775 5826 973 5885 inclusa
996 5830 1361 5899 supplevimus
1384 5842 1448 5881 ex
1474 5826 1705 5881 editione
1736 5827 1971 5879 ltomana
1998 5839 2096 5891 per
2124 5824 2377 5879 incttria'n
2404 5825 2453 5875 in
2479 5821 2687 5875 Labbeo
2718 5818 2934 5872 omissa.
