  <div class='ocr_page' id='page_1' title='image "/cluster/home/n/w/nwhite01/storage/ocr_20150623/63/hvd.32044073498792/237.png"; bbox 0 0 4262 6264; ppageno 0'>
   <div class='ocr_carea' id='block_1_1' title="bbox 557 422 660 477">
    <p class='ocr_par' dir='ltr' id='par_1_1' title="bbox 557 422 660 477">
     <span class='ocr_line' id='line_1_1' title="bbox 557 422 660 477; baseline -0.029 0"><span class='ocrx_word' id='word_1_1' title='bbox 557 422 660 477; x_wconf 73' lang='grc' dir='ltr'>4ὓῦ</span> 
     </span>
    </p>
   </div>
   <div class='ocr_carea' id='block_1_2' title="bbox 1889 402 2483 460">
    <p class='ocr_par' dir='ltr' id='par_1_2' title="bbox 1889 402 2483 460">
     <span class='ocr_line' id='line_1_2' title="bbox 1889 402 2483 460; baseline 0 -1"><span class='ocrx_word' id='word_1_2' title='bbox 1889 402 2253 460; x_wconf 74' lang='grc' dir='ltr'><strong>ΗΟΒΜΙδΒᾹΞ</strong></span> <span class='ocrx_word' id='word_1_3' title='bbox 2281 402 2483 459; x_wconf 73' lang='grc' dir='ltr'><strong>ΡΑΡΑΞ</strong></span> 
     </span>
    </p>
   </div>
   <div class='ocr_carea' id='block_1_3' title="bbox 3719 396 3823 453">
    <p class='ocr_par' dir='ltr' id='par_1_3' title="bbox 3719 396 3823 453">
     <span class='ocr_line' id='line_1_3' title="bbox 3719 396 3823 453; baseline 0.019 -2"><span class='ocrx_word' id='word_1_4' title='bbox 3719 396 3823 453; x_wconf 62' lang='grc'><strong>464</strong></span> 
     </span>
    </p>
   </div>
   <div class='ocr_carea' id='block_1_4' title="bbox 558 513 3825 599">
    <p class='ocr_par' dir='ltr' id='par_1_4' title="bbox 558 513 3825 599">
     <span class='ocr_line' id='line_1_4' title="bbox 558 513 3825 599; baseline -0.007 -5"><span class='ocrx_word' id='word_1_5' title='bbox 558 554 675 594; x_wconf 88' lang='lat' dir='ltr'><strong>rum</strong></span> <span class='ocrx_word' id='word_1_6' title='bbox 705 534 982 592; x_wconf 98' lang='lat' dir='ltr'><strong>ordinetur</strong></span> <span class='ocrx_word' id='word_1_7' title='bbox 1004 540 1199 596; x_wconf 88' lang='lat' dir='ltr'><strong>status,</strong></span> <span class='ocrx_word' id='word_1_8' title='bbox 1238 541 1395 599; x_wconf 89' lang='lat' dir='ltr'><strong>quam</strong></span> <span class='ocrx_word' id='word_1_9' title='bbox 1447 538 1571 580; x_wconf 90' lang='lat' dir='ltr'><strong>cum</strong></span> <span class='ocrx_word' id='word_1_10' title='bbox 1602 536 1693 591; x_wconf 90' lang='lat' dir='ltr'><strong>per</strong></span> <span class='ocrx_word' id='word_1_11' title='bbox 1725 521 2134 577; x_wconf 61' lang='lat' dir='ltr'><strong>festinationem</strong></span> <span class='ocrx_word' id='word_1_12' title='bbox 2164 521 2217 579; x_wconf 75' lang='grc' dir='ltr'>Α</span> <span class='ocrx_word' id='word_1_13' title='bbox 2318 518 2579 573; x_wconf 87' lang='lat' dir='ltr'><strong>Gloriosis</strong></span> <span class='ocrx_word' id='word_1_14' title='bbox 2614 525 2912 573; x_wconf 62' lang='lat' dir='ltr'><strong>elementum</strong></span> <span class='ocrx_word' id='word_1_15' title='bbox 2934 526 3129 571; x_wconf 75' lang='lat' dir='ltr'><strong>vestrm</strong></span> <span class='ocrx_word' id='word_1_16' title='bbox 3150 515 3424 570; x_wconf 82' lang='lat' dir='ltr'><strong>laboribus</strong></span> <span class='ocrx_word' id='word_1_17' title='bbox 3446 513 3825 571; x_wconf 73' lang='lat' dir='ltr'><strong>ecclesiasucae</strong></span> 
     </span>
    </p>
   </div>
   <div class='ocr_carea' id='block_1_5' title="bbox 559 612 2136 703">
    <p class='ocr_par' dir='ltr' id='par_1_5' title="bbox 559 612 2136 703">
     <span class='ocr_line' id='line_1_5' title="bbox 559 612 2136 703; baseline -0.015 -15"><span class='ocrx_word' id='word_1_18' title='bbox 559 630 764 703; x_wconf 88' lang='lat' dir='ltr'><strong>aliquid</strong></span> <span class='ocrx_word' id='word_1_19' title='bbox 791 628 1154 699; x_wconf 88' lang='lat' dir='ltr'><strong>imperfectum</strong></span> <span class='ocrx_word' id='word_1_20' title='bbox 1185 628 1480 684; x_wconf 90' lang='lat' dir='ltr'><strong>remaneat,</strong></span> <span class='ocrx_word' id='word_1_21' title='bbox 1511 617 1651 672; x_wconf 88' lang='lat' dir='ltr'><strong>unde</strong></span> <span class='ocrx_word' id='word_1_22' title='bbox 1677 615 1871 672; x_wconf 88' lang='lat' dir='ltr'><strong>iterum</strong></span> <span class='ocrx_word' id='word_1_23' title='bbox 1899 625 1955 670; x_wconf 88' lang='lat' dir='ltr'><strong>et</strong></span> <span class='ocrx_word' id='word_1_24' title='bbox 1984 612 2136 668; x_wconf 88' lang='lat' dir='ltr'><strong>labor</strong></span> 
     </span>
    </p>
   </div>
   <div class='ocr_carea' id='block_1_6' title="bbox 560 704 2138 793">
    <p class='ocr_par' dir='ltr' id='par_1_6' title="bbox 560 704 2138 793">
     <span class='ocr_line' id='line_1_6' title="bbox 560 704 2138 793; baseline -0.015 -11"><span class='ocrx_word' id='word_1_25' title='bbox 560 726 714 782; x_wconf 92' lang='lat' dir='ltr'><strong>nobis</strong></span> <span class='ocrx_word' id='word_1_26' title='bbox 749 727 1033 793; x_wconf 73' lang='lat' dir='ltr'><strong>generetur</strong></span> <span class='ocrx_word' id='word_1_27' title='bbox 1077 724 1133 771; x_wconf 90' lang='lat' dir='ltr'><strong>et</strong></span> <span class='ocrx_word' id='word_1_28' title='bbox 1176 712 1375 769; x_wconf 83' lang='lat' dir='ltr'><strong>nostris</strong></span> <span class='ocrx_word' id='word_1_29' title='bbox 1401 709 1661 765; x_wconf 82' lang='lat' dir='ltr'><strong>alferatur</strong></span> <span class='ocrx_word' id='word_1_30' title='bbox 1707 704 2138 762; x_wconf 91' lang='lat' dir='ltr'><strong>ordinationibus</strong></span> 
     </span>
    </p>
   </div>
   <div class='ocr_carea' id='block_1_7' title="bbox 561 795 2137 876">
    <p class='ocr_par' dir='ltr' id='par_1_7' title="bbox 561 795 2137 876">
     <span class='ocr_line' id='line_1_7' title="bbox 561 795 2137 876; baseline -0.015 -2"><span class='ocrx_word' id='word_1_31' title='bbox 561 817 865 874; x_wconf 86' lang='lat' dir='ltr'><strong>difficultas.</strong></span> <span class='ocrx_word' id='word_1_32' title='bbox 910 811 1042 866; x_wconf 90' lang='lat' dir='ltr'><strong>Data</strong></span> <span class='ocrx_word' id='word_1_33' title='bbox 1093 804 1404 876; x_wconf 89' lang='lat' dir='ltr'><strong>supradicto</strong></span> <span class='ocrx_word' id='word_1_34' title='bbox 1453 800 1675 857; x_wconf 89' lang='lat' dir='ltr'><strong>consule</strong></span> <span class='ocrx_word' id='word_1_35' title='bbox 1719 800 1896 870; x_wconf 88' lang='lat' dir='ltr'><strong>(anno</strong></span> <span class='ocrx_word' id='word_1_36' title='bbox 1927 795 2137 852; x_wconf 86' lang='lat' dir='ltr'><strong>Domini</strong></span> 
     </span>
    </p>
   </div>
   <div class='ocr_carea' id='block_1_8' title="bbox 504 904 729 977">
    <p class='ocr_par' dir='ltr' id='par_1_8' title="bbox 504 904 729 977">
     <span class='ocr_line' id='line_1_8' title="bbox 504 904 729 977; baseline -0.018 -14"><span class='ocrx_word' id='word_1_37' title='bbox 504 946 509 947; x_wconf 47' lang='grc' dir='ltr'><em>κ</em></span> <span class='ocrx_word' id='word_1_38' title='bbox 560 907 666 964; x_wconf 71' lang='grc'><strong>519</strong></span> <span class='ocrx_word' id='word_1_39' title='bbox 687 904 729 977; x_wconf 94' lang='grc'><strong>).</strong></span> 
     </span>
    </p>
   </div>
   <div class='ocr_carea' id='block_1_9' title="bbox 1111 983 1587 1045">
    <p class='ocr_par' dir='ltr' id='par_1_9' title="bbox 1111 983 1587 1045">
     <span class='ocr_line' id='line_1_9' title="bbox 1111 983 1587 1045; baseline -0.015 0"><span class='ocrx_word' id='word_1_40' title='bbox 1111 986 1433 1045; x_wconf 77' lang='lat' dir='ltr'><strong>EPISTULA</strong></span> <span class='ocrx_word' id='word_1_41' title='bbox 1478 983 1587 1039; x_wconf 92' lang='lat' dir='ltr'><strong>LV.</strong></span> 
     </span>
    </p>
   </div>
   <div class='ocr_carea' id='block_1_10' title="bbox 945 1093 1755 1142">
    <p class='ocr_par' dir='ltr' id='par_1_10' title="bbox 945 1093 1755 1142">
     <span class='ocr_line' id='line_1_10' title="bbox 945 1093 1755 1142; baseline -0.017 0"><span class='ocrx_word' id='word_1_42' title='bbox 945 1102 1010 1142; x_wconf 71' lang='lat' dir='ltr'><strong>AD</strong></span> <span class='ocrx_word' id='word_1_43' title='bbox 1029 1100 1248 1140; x_wconf 64' lang='grc' dir='ltr'><strong>’ΠΙΟἊΑΙ</strong></span> <span class='ocrx_word' id='word_1_44' title='bbox 1285 1098 1352 1137; x_wconf 84' lang='grc' dir='ltr'><strong>ΕΤ</strong></span> <span class='ocrx_word' id='word_1_45' title='bbox 1374 1093 1755 1136; x_wconf 73' lang='lat' dir='ltr'><strong>NICOSTRATIJM.</strong></span> 
     </span>
    </p>
   </div>
   <div class='ocr_carea' id='block_1_11' title="bbox 564 1186 2140 1258">
    <p class='ocr_par' dir='ltr' id='par_1_11' title="bbox 564 1186 2140 1258">
     <span class='ocr_line' id='line_1_11' title="bbox 564 1186 2140 1258; baseline -0.011 -1"><span class='ocrx_word' id='word_1_46' title='bbox 564 1202 636 1258; x_wconf 84' lang='lat' dir='ltr'><strong>Se</strong></span> <span class='ocrx_word' id='word_1_47' title='bbox 666 1201 729 1255; x_wconf 86' lang='lat' dir='ltr'><strong>de</strong></span> <span class='ocrx_word' id='word_1_48' title='bbox 756 1213 930 1254; x_wconf 83' lang='lat' dir='ltr'><strong>eorum</strong></span> <span class='ocrx_word' id='word_1_49' title='bbox 953 1198 1115 1252; x_wconf 83' lang='lat' dir='ltr'><strong>salute</strong></span> <span class='ocrx_word' id='word_1_50' title='bbox 1140 1211 1247 1251; x_wconf 80' lang='lat' dir='ltr'><strong>esse</strong></span> <span class='ocrx_word' id='word_1_51' title='bbox 1265 1192 1561 1249; x_wconf 83' lang='lat' dir='ltr'><strong>sollicitum.</strong></span> <span class='ocrx_word' id='word_1_52' title='bbox 1594 1190 1788 1245; x_wconf 87' lang='lat' dir='ltr'><strong>Joanni</strong></span> <span class='ocrx_word' id='word_1_53' title='bbox 1815 1198 1863 1243; x_wconf 88' lang='lat' dir='ltr'><strong>et</strong></span> <span class='ocrx_word' id='word_1_54' title='bbox 1894 1186 2140 1243; x_wconf 86' lang='lat' dir='ltr'><strong>Dioscoro</strong></span> 
     </span>
    </p>
   </div>
   <div class='ocr_carea' id='block_1_12' title="bbox 924 1263 1783 1338">
    <p class='ocr_par' dir='ltr' id='par_1_12' title="bbox 924 1263 1783 1338">
     <span class='ocr_line' id='line_1_12' title="bbox 924 1263 1783 1338; baseline -0.009 -16"><span class='ocrx_word' id='word_1_55' title='bbox 924 1285 1013 1338; x_wconf 83' lang='lat' dir='ltr'><strong>per</strong></span> <span class='ocrx_word' id='word_1_56' title='bbox 1058 1270 1250 1322; x_wconf 84' lang='lat' dir='ltr'><strong>litteras</strong></span> <span class='ocrx_word' id='word_1_57' title='bbox 1279 1281 1362 1319; x_wconf 89' lang='lat' dir='ltr'><strong>eos</strong></span> <span class='ocrx_word' id='word_1_58' title='bbox 1386 1263 1783 1319; x_wconf 79' lang='lat' dir='ltr'><strong>commendasse.</strong></span> 
     </span>
    </p>
   </div>
   <div class='ocr_carea' id='block_1_13' title="bbox 637 1351 1912 1423">
    <p class='ocr_par' dir='ltr' id='par_1_13' title="bbox 637 1351 1912 1423">
     <span class='ocr_line' id='line_1_13' title="bbox 637 1351 1912 1423; baseline -0.009 -6"><span class='ocrx_word' id='word_1_59' title='bbox 637 1360 917 1417; x_wconf 89' lang='lat' dir='ltr'><strong>llormisda</strong></span> <span class='ocrx_word' id='word_1_60' title='bbox 949 1359 1169 1413; x_wconf 68' lang='lat' dir='ltr'><strong>Thema:</strong></span> <span class='ocrx_word' id='word_1_61' title='bbox 1192 1366 1248 1412; x_wconf 87' lang='lat' dir='ltr'><strong>et</strong></span> <span class='ocrx_word' id='word_1_62' title='bbox 1277 1356 1580 1411; x_wconf 81' lang='lat' dir='ltr'><strong>Nicostrate</strong></span> <span class='ocrx_word' id='word_1_63' title='bbox 1623 1351 1912 1423; x_wconf 83' lang='lat' dir='ltr'><strong>episcopis.</strong></span> 
     </span>
    </p>
   </div>
   <div class='ocr_carea' id='block_1_14' title="bbox 640 1440 2144 1518">
    <p class='ocr_par' dir='ltr' id='par_1_14' title="bbox 640 1440 2144 1518">
     <span class='ocr_line' id='line_1_14' title="bbox 640 1440 2144 1518; baseline -0.01 -10"><span class='ocrx_word' id='word_1_64' title='bbox 640 1454 887 1508; x_wconf 82' lang='lat' dir='ltr'><strong>Animum</strong></span> <span class='ocrx_word' id='word_1_65' title='bbox 920 1440 1160 1505; x_wconf 83' lang='lat' dir='ltr'><strong>nostrum</strong></span> <span class='ocrx_word' id='word_1_66' title='bbox 1186 1463 1280 1518; x_wconf 88' lang='lat' dir='ltr'><strong>pro</strong></span> <span class='ocrx_word' id='word_1_67' title='bbox 1324 1446 1536 1517; x_wconf 88' lang='lat' dir='ltr'><strong>negotio</strong></span> <span class='ocrx_word' id='word_1_68' title='bbox 1564 1454 1746 1499; x_wconf 87' lang='lat' dir='ltr'><strong>vestro</strong></span> <span class='ocrx_word' id='word_1_69' title='bbox 1775 1443 2005 1497; x_wconf 91' lang='lat' dir='ltr'><strong>otiosum</strong></span> <span class='ocrx_word' id='word_1_70' title='bbox 2052 1448 2144 1494; x_wconf 89' lang='lat' dir='ltr'><strong>aut</strong></span> 
     </span>
    </p>
   </div>
   <div class='ocr_carea' id='block_1_15' title="bbox 567 1531 2148 1614">
    <p class='ocr_par' dir='ltr' id='par_1_15' title="bbox 567 1531 2148 1614">
     <span class='ocr_line' id='line_1_15' title="bbox 567 1531 2148 1614; baseline -0.011 -12"><span class='ocrx_word' id='word_1_71' title='bbox 567 1546 804 1603; x_wconf 84' lang='lat' dir='ltr'><strong>desidem</strong></span> <span class='ocrx_word' id='word_1_72' title='bbox 838 1560 942 1599; x_wconf 92' lang='lat' dir='ltr'><strong>non</strong></span> <span class='ocrx_word' id='word_1_73' title='bbox 966 1543 1163 1614; x_wconf 88' lang='lat' dir='ltr'><strong>putetis</strong></span> <span class='ocrx_word' id='word_1_74' title='bbox 1188 1584 1201 1608; x_wconf 90' lang='lat'><strong>,</strong></span> <span class='ocrx_word' id='word_1_75' title='bbox 1229 1555 1350 1594; x_wconf 89' lang='lat' dir='ltr'><strong>nam</strong></span> <span class='ocrx_word' id='word_1_76' title='bbox 1394 1553 1498 1592; x_wconf 89' lang='lat' dir='ltr'><strong>non</strong></span> <span class='ocrx_word' id='word_1_77' title='bbox 1530 1537 1685 1591; x_wconf 88' lang='lat' dir='ltr'><strong>aliter</strong></span> <span class='ocrx_word' id='word_1_78' title='bbox 1711 1534 1778 1589; x_wconf 91' lang='lat' dir='ltr'><strong>de</strong></span> <span class='ocrx_word' id='word_1_79' title='bbox 1812 1543 1989 1589; x_wconf 86' lang='lat' dir='ltr'><strong>vestra</strong></span> <span class='ocrx_word' id='word_1_80' title='bbox 2026 1531 2148 1586; x_wconf 87' lang='lat' dir='ltr'><strong>fati-</strong></span> 
     </span>
    </p>
   </div>
   <div class='ocr_carea' id='block_1_16' title="bbox 569 1623 2144 1711">
    <p class='ocr_par' dir='ltr' id='par_1_16' title="bbox 569 1623 2144 1711">
     <span class='ocr_line' id='line_1_16' title="bbox 569 1623 2144 1711; baseline -0.01 -19"><span class='ocrx_word' id='word_1_81' title='bbox 569 1640 783 1711; x_wconf 86' lang='lat' dir='ltr'><strong>gatione</strong></span> <span class='ocrx_word' id='word_1_82' title='bbox 811 1651 966 1707; x_wconf 88' lang='lat' dir='ltr'><strong>quam</strong></span> <span class='ocrx_word' id='word_1_83' title='bbox 996 1634 1063 1689; x_wconf 91' lang='lat' dir='ltr'><strong>de</strong></span> <span class='ocrx_word' id='word_1_84' title='bbox 1106 1632 1316 1703; x_wconf 90' lang='lat' dir='ltr'><strong>propria</strong></span> <span class='ocrx_word' id='word_1_85' title='bbox 1347 1630 1663 1699; x_wconf 86' lang='lat' dir='ltr'><strong>cogitamus.</strong></span> <span class='ocrx_word' id='word_1_86' title='bbox 1703 1627 1853 1681; x_wconf 83' lang='lat' dir='ltr'><strong>Mena</strong></span> <span class='ocrx_word' id='word_1_87' title='bbox 1882 1623 2144 1694; x_wconf 80' lang='lat' dir='ltr'><strong>siquidem</strong></span> 
     </span>
    </p>
   </div>
   <div class='ocr_carea' id='block_1_17' title="bbox 571 1717 2149 1789">
    <p class='ocr_par' dir='ltr' id='par_1_17' title="bbox 571 1717 2149 1789">
     <span class='ocr_line' id='line_1_17' title="bbox 571 1717 2149 1789; baseline -0.011 -3"><span class='ocrx_word' id='word_1_88' title='bbox 571 1730 828 1787; x_wconf 69' lang='lat' dir='ltr'><strong>Ecclesiae</strong></span> <span class='ocrx_word' id='word_1_89' title='bbox 858 1736 1056 1783; x_wconf 62' lang='lat' dir='ltr'><strong>nostra;</strong></span> <span class='ocrx_word' id='word_1_90' title='bbox 1086 1725 1295 1779; x_wconf 89' lang='lat' dir='ltr'><strong>notario</strong></span> <span class='ocrx_word' id='word_1_91' title='bbox 1326 1722 1653 1785; x_wconf 85' lang='lat' dir='ltr'><strong>insinuante,</strong></span> <span class='ocrx_word' id='word_1_92' title='bbox 1690 1717 2039 1789; x_wconf 82' lang='lat' dir='ltr'><strong>cognovimus</strong></span> <span class='ocrx_word' id='word_1_93' title='bbox 2060 1729 2149 1770; x_wconf 90' lang='lat' dir='ltr'><strong>ca-</strong></span> 
     </span>
    </p>
   </div>
   <div class='ocr_carea' id='block_1_18' title="bbox 572 1807 2146 1878">
    <p class='ocr_par' dir='ltr' id='par_1_18' title="bbox 572 1807 2146 1878">
     <span class='ocr_line' id='line_1_18' title="bbox 572 1807 2146 1878; baseline -0.011 0"><span class='ocrx_word' id='word_1_94' title='bbox 572 1825 782 1878; x_wconf 89' lang='lat' dir='ltr'><strong>ritatem</strong></span> <span class='ocrx_word' id='word_1_95' title='bbox 814 1828 1045 1875; x_wconf 83' lang='lat' dir='ltr'><strong>vestram</strong></span> <span class='ocrx_word' id='word_1_96' title='bbox 1076 1815 1250 1870; x_wconf 85' lang='lat' dir='ltr'><strong>adhuc</strong></span> <span class='ocrx_word' id='word_1_97' title='bbox 1276 1814 1708 1868; x_wconf 84' lang='lat' dir='ltr'><strong>Observationum</strong></span> <span class='ocrx_word' id='word_1_98' title='bbox 1737 1807 2008 1864; x_wconf 82' lang='lat' dir='ltr'><strong>molestias</strong></span> <span class='ocrx_word' id='word_1_99' title='bbox 2024 1820 2146 1861; x_wconf 89' lang='lat' dir='ltr'><strong>sus-</strong></span> 
     </span>
    </p>
   </div>
   <div class='ocr_carea' id='block_1_19' title="bbox 2244 605 3824 678">
    <p class='ocr_par' dir='ltr' id='par_1_19' title="bbox 2244 605 3824 678">
     <span class='ocr_line' id='line_1_19' title="bbox 2244 605 3824 678; baseline 0 -15"><span class='ocrx_word' id='word_1_100' title='bbox 2244 610 2415 678; x_wconf 81' lang='lat' dir='ltr'><strong>palma</strong></span> <span class='ocrx_word' id='word_1_101' title='bbox 2461 608 2758 663; x_wconf 69' lang='lat' dir='ltr'><strong>conc0rdia3</strong></span> <span class='ocrx_word' id='word_1_102' title='bbox 2784 616 2837 661; x_wconf 92' lang='lat' dir='ltr'><strong>et</strong></span> <span class='ocrx_word' id='word_1_103' title='bbox 2866 605 3013 660; x_wconf 82' lang='lat' dir='ltr'><strong>orbis</strong></span> <span class='ocrx_word' id='word_1_104' title='bbox 3050 606 3220 670; x_wconf 87' lang='lat' dir='ltr'><strong>pacati</strong></span> <span class='ocrx_word' id='word_1_105' title='bbox 3258 607 3434 659; x_wconf 78' lang='lat' dir='ltr'><strong>rativa</strong></span> <span class='ocrx_word' id='word_1_106' title='bbox 3466 607 3824 673; x_wconf 87' lang='lat' dir='ltr'><strong>tranquillitas</strong></span> 
     </span>
    </p>
   </div>
   <div class='ocr_carea' id='block_1_20' title="bbox 2242 697 3820 769">
    <p class='ocr_par' dir='ltr' id='par_1_20' title="bbox 2242 697 3820 769">
     <span class='ocr_line' id='line_1_20' title="bbox 2242 697 3820 769; baseline -0.001 -14"><span class='ocrx_word' id='word_1_107' title='bbox 2242 700 2475 769; x_wconf 81' lang='lat' dir='ltr'><strong>generali</strong></span> <span class='ocrx_word' id='word_1_108' title='bbox 2510 699 2887 767; x_wconf 70' lang='lat' dir='ltr'><strong>praedicatione</strong></span> <span class='ocrx_word' id='word_1_109' title='bbox 2917 697 3261 765; x_wconf 80' lang='lat' dir='ltr'><strong>reSpmtdent.</strong></span> <span class='ocrx_word' id='word_1_110' title='bbox 3298 698 3426 764; x_wconf 84' lang='lat' dir='ltr'><strong>Quae</strong></span> <span class='ocrx_word' id='word_1_111' title='bbox 3463 713 3549 752; x_wconf 90' lang='lat' dir='ltr'><strong>res</strong></span> <span class='ocrx_word' id='word_1_112' title='bbox 3579 708 3820 755; x_wconf 88' lang='lat' dir='ltr'><strong>nostrum</strong></span> 
     </span>
    </p>
   </div>
   <div class='ocr_carea' id='block_1_21' title="bbox 2244 786 3820 858">
    <p class='ocr_par' dir='ltr' id='par_1_21' title="bbox 2244 786 3820 858">
     <span class='ocr_line' id='line_1_21' title="bbox 2244 786 3820 858; baseline -0.002 -14"><span class='ocrx_word' id='word_1_113' title='bbox 2244 804 2459 858; x_wconf 90' lang='lat' dir='ltr'><strong>parcum</strong></span> <span class='ocrx_word' id='word_1_114' title='bbox 2488 789 2662 843; x_wconf 85' lang='lat' dir='ltr'><strong>reddit</strong></span> <span class='ocrx_word' id='word_1_115' title='bbox 2693 803 2756 841; x_wconf 90' lang='lat' dir='ltr'><strong>ac</strong></span> <span class='ocrx_word' id='word_1_116' title='bbox 2781 786 2975 842; x_wconf 91' lang='lat' dir='ltr'><strong>retinet</strong></span> <span class='ocrx_word' id='word_1_117' title='bbox 3000 786 3066 840; x_wconf 89' lang='lat' dir='ltr'><strong>ad</strong></span> <span class='ocrx_word' id='word_1_118' title='bbox 3092 786 3327 855; x_wconf 85' lang='lat' dir='ltr'><strong>agendas</strong></span> <span class='ocrx_word' id='word_1_119' title='bbox 3360 787 3557 855; x_wconf 82' lang='lat' dir='ltr'><strong>gratias</strong></span> <span class='ocrx_word' id='word_1_120' title='bbox 3605 802 3820 842; x_wconf 89' lang='lat' dir='ltr'><strong>sermo-</strong></span> 
     </span>
    </p>
   </div>
   <div class='ocr_carea' id='block_1_22' title="bbox 2243 877 3825 948">
    <p class='ocr_par' dir='ltr' id='par_1_22' title="bbox 2243 877 3825 948">
     <span class='ocr_line' id='line_1_22' title="bbox 2243 877 3825 948; baseline 0.001 -14"><span class='ocrx_word' id='word_1_121' title='bbox 2243 878 2748 935; x_wconf 75' lang='lat' dir='ltr'><strong>nisofliciumJllurl</strong></span> <span class='ocrx_word' id='word_1_122' title='bbox 2774 888 2970 944; x_wconf 89' lang='lat' dir='ltr'><strong>tamen,</strong></span> <span class='ocrx_word' id='word_1_123' title='bbox 2994 878 3135 948; x_wconf 89' lang='lat' dir='ltr'><strong>quod</strong></span> <span class='ocrx_word' id='word_1_124' title='bbox 3162 892 3256 944; x_wconf 88' lang='lat' dir='ltr'><strong>pro</strong></span> <span class='ocrx_word' id='word_1_125' title='bbox 3284 879 3433 933; x_wconf 81' lang='lat' dir='ltr'><strong>vobis</strong></span> <span class='ocrx_word' id='word_1_126' title='bbox 3463 877 3825 936; x_wconf 82' lang='lat' dir='ltr'><strong>indesinenter</strong></span> 
     </span>
    </p>
   </div>
   <div class='ocr_carea' id='block_1_23' title="bbox 2247 970 3825 1040">
    <p class='ocr_par' dir='ltr' id='par_1_23' title="bbox 2247 970 3825 1040">
     <span class='ocr_line' id='line_1_23' title="bbox 2247 970 3825 1040; baseline 0.002 -15"><span class='ocrx_word' id='word_1_127' title='bbox 2247 972 2479 1027; x_wconf 91' lang='lat' dir='ltr'><strong>Domino</strong></span> <span class='ocrx_word' id='word_1_128' title='bbox 2512 981 2700 1027; x_wconf 91' lang='lat' dir='ltr'><strong>nostro</strong></span> <span class='ocrx_word' id='word_1_129' title='bbox 2751 986 2942 1040; x_wconf 85' lang='lat' dir='ltr'><strong>preces</strong></span> <span class='ocrx_word' id='word_1_130' title='bbox 2986 970 3329 1036; x_wconf 74' lang='lat' dir='ltr'><strong>effundimus,</strong></span> <span class='ocrx_word' id='word_1_131' title='bbox 3376 986 3483 1026; x_wconf 89' lang='lat' dir='ltr'><strong>non</strong></span> <span class='ocrx_word' id='word_1_132' title='bbox 3530 979 3825 1040; x_wconf 82' lang='lat' dir='ltr'><strong>taceamus,</strong></span> 
     </span>
    </p>
   </div>
   <div class='ocr_carea' id='block_1_24' title="bbox 2245 1061 3830 1133">
    <p class='ocr_par' dir='ltr' id='par_1_24' title="bbox 2245 1061 3830 1133">
     <span class='ocr_line' id='line_1_24' title="bbox 2245 1061 3830 1133; baseline 0.002 -17"><span class='ocrx_word' id='word_1_133' title='bbox 2245 1064 2367 1133; x_wconf 86' lang='lat' dir='ltr'><strong>quia</strong></span> <span class='ocrx_word' id='word_1_134' title='bbox 2397 1063 2448 1117; x_wconf 85' lang='lat' dir='ltr'><strong>iu</strong></span> <span class='ocrx_word' id='word_1_135' title='bbox 2480 1063 2621 1117; x_wconf 88' lang='lat' dir='ltr'><strong>votis</strong></span> <span class='ocrx_word' id='word_1_136' title='bbox 2650 1063 2889 1117; x_wconf 89' lang='lat' dir='ltr'><strong>infinitus</strong></span> <span class='ocrx_word' id='word_1_137' title='bbox 2919 1062 3143 1118; x_wconf 74' lang='lat' dir='ltr'><strong>allectus</strong></span> <span class='ocrx_word' id='word_1_138' title='bbox 3184 1070 3287 1126; x_wconf 91' lang='lat' dir='ltr'><strong>est,</strong></span> <span class='ocrx_word' id='word_1_139' title='bbox 3318 1061 3524 1115; x_wconf 73' lang='lat' dir='ltr'><strong>tinnitum</strong></span> <span class='ocrx_word' id='word_1_140' title='bbox 3546 1076 3687 1125; x_wconf 80' lang='lat' dir='ltr'><strong>esse</strong></span> <span class='ocrx_word' id='word_1_141' title='bbox 3734 1077 3830 1132; x_wconf 84' lang='lat' dir='ltr'><strong>po-</strong></span> 
     </span>
    </p>
   </div>
   <div class='ocr_carea' id='block_1_25' title="bbox 2247 1153 3830 1224">
    <p class='ocr_par' dir='ltr' id='par_1_25' title="bbox 2247 1153 3830 1224">
     <span class='ocr_line' id='line_1_25' title="bbox 2247 1153 3830 1224; baseline 0.001 -16"><span class='ocrx_word' id='word_1_142' title='bbox 2247 1161 2354 1210; x_wconf 86' lang='lat' dir='ltr'><strong>test</strong></span> <span class='ocrx_word' id='word_1_143' title='bbox 2381 1154 2433 1209; x_wconf 91' lang='lat' dir='ltr'><strong>in</strong></span> <span class='ocrx_word' id='word_1_144' title='bbox 2464 1153 2847 1224; x_wconf 63' lang='lat' dir='ltr'><strong>praedicatione</strong></span> <span class='ocrx_word' id='word_1_145' title='bbox 2866 1153 3153 1224; x_wconf 85' lang='lat' dir='ltr'><strong>judicium.</strong></span> <span class='ocrx_word' id='word_1_146' title='bbox 3188 1153 3387 1209; x_wconf 80' lang='lat' dir='ltr'><strong>Verum</strong></span> <span class='ocrx_word' id='word_1_147' title='bbox 3411 1153 3549 1209; x_wconf 90' lang='lat' dir='ltr'><strong>inter</strong></span> <span class='ocrx_word' id='word_1_148' title='bbox 3580 1157 3694 1210; x_wconf 75' lang='lat' dir='ltr'><strong>Itzec</strong></span> <span class='ocrx_word' id='word_1_149' title='bbox 3714 1155 3830 1223; x_wconf 75' lang='lat' dir='ltr'><strong>&quot;pie-</strong></span> 
     </span>
    </p>
   </div>
   <div class='ocr_carea' id='block_1_26' title="bbox 2247 1241 3826 1316">
    <p class='ocr_par' dir='ltr' id='par_1_26' title="bbox 2247 1241 3826 1316">
     <span class='ocr_line' id='line_1_26' title="bbox 2247 1241 3826 1316; baseline 0.003 -19"><span class='ocrx_word' id='word_1_150' title='bbox 2247 1246 2373 1299; x_wconf 89' lang='lat' dir='ltr'><strong>tatis</strong></span> <span class='ocrx_word' id='word_1_151' title='bbox 2416 1253 2609 1299; x_wconf 75' lang='lat' dir='ltr'><strong>vestra:</strong></span> <span class='ocrx_word' id='word_1_152' title='bbox 2656 1243 2933 1309; x_wconf 87' lang='lat' dir='ltr'><strong>beneficia,</strong></span> <span class='ocrx_word' id='word_1_153' title='bbox 2962 1258 3069 1299; x_wconf 91' lang='lat' dir='ltr'><strong>uno</strong></span> <span class='ocrx_word' id='word_1_154' title='bbox 3099 1241 3188 1316; x_wconf 83' lang='lat' dir='ltr'><strong>[F.</strong></span> <span class='ocrx_word' id='word_1_155' title='bbox 3223 1243 3353 1314; x_wconf 85' lang='lat' dir='ltr'><strong>una]</strong></span> <span class='ocrx_word' id='word_1_156' title='bbox 3383 1258 3502 1310; x_wconf 90' lang='lat' dir='ltr'><strong>nos,</strong></span> <span class='ocrx_word' id='word_1_157' title='bbox 3522 1260 3639 1314; x_wconf 80' lang='lat' dir='ltr'><strong>quae</strong></span> <span class='ocrx_word' id='word_1_158' title='bbox 3665 1244 3826 1301; x_wconf 88' lang='lat' dir='ltr'><strong>etiam</strong></span> 
     </span>
    </p>
   </div>
   <div class='ocr_carea' id='block_1_27' title="bbox 2245 1336 3823 1408">
    <p class='ocr_par' dir='ltr' id='par_1_27' title="bbox 2245 1336 3823 1408">
     <span class='ocr_line' id='line_1_27' title="bbox 2245 1336 3823 1408; baseline 0.001 -16"><span class='ocrx_word' id='word_1_159' title='bbox 2245 1337 2593 1393; x_wconf 84' lang='lat' dir='ltr'><strong>vehementer</strong></span> <span class='ocrx_word' id='word_1_160' title='bbox 2623 1338 2788 1392; x_wconf 77' lang='lat' dir='ltr'><strong>allicit</strong></span> <span class='ocrx_word' id='word_1_161' title='bbox 2808 1377 2823 1401; x_wconf 95' lang='lat'><strong>,</strong></span> <span class='ocrx_word' id='word_1_162' title='bbox 2864 1352 2988 1391; x_wconf 88' lang='lat' dir='ltr'><strong>cura</strong></span> <span class='ocrx_word' id='word_1_163' title='bbox 3016 1352 3124 1392; x_wconf 92' lang='lat' dir='ltr'><strong>non</strong></span> <span class='ocrx_word' id='word_1_164' title='bbox 3153 1336 3349 1393; x_wconf 88' lang='lat' dir='ltr'><strong>deserit</strong></span> <span class='ocrx_word' id='word_1_165' title='bbox 3375 1380 3390 1403; x_wconf 91' lang='lat'><strong>,</strong></span> <span class='ocrx_word' id='word_1_166' title='bbox 3427 1338 3567 1408; x_wconf 91' lang='lat' dir='ltr'><strong>quod</strong></span> <span class='ocrx_word' id='word_1_167' title='bbox 3598 1338 3823 1406; x_wconf 83' lang='lat' dir='ltr'><strong>Heliam,</strong></span> 
     </span>
    </p>
   </div>
   <div class='ocr_carea' id='block_1_28' title="bbox 2248 1428 3826 1501">
    <p class='ocr_par' dir='ltr' id='par_1_28' title="bbox 2248 1428 3826 1501">
     <span class='ocr_line' id='line_1_28' title="bbox 2248 1428 3826 1501; baseline 0.001 -16"><span class='ocrx_word' id='word_1_168' title='bbox 2248 1428 2591 1499; x_wconf 89' lang='lat' dir='ltr'><strong>Thomatem,</strong></span> <span class='ocrx_word' id='word_1_169' title='bbox 2613 1440 2773 1498; x_wconf 88' lang='lat' dir='ltr'><strong>atque</strong></span> <span class='ocrx_word' id='word_1_170' title='bbox 2799 1428 3157 1484; x_wconf 84' lang='lat' dir='ltr'><strong>Nicostratum</strong></span> <span class='ocrx_word' id='word_1_171' title='bbox 3183 1429 3373 1484; x_wconf 79' lang='lat' dir='ltr'><strong>fratres</strong></span> <span class='ocrx_word' id='word_1_172' title='bbox 3401 1438 3454 1485; x_wconf 88' lang='lat' dir='ltr'><strong>et</strong></span> <span class='ocrx_word' id='word_1_173' title='bbox 3478 1430 3826 1501; x_wconf 88' lang='lat' dir='ltr'><strong>coepiscopos</strong></span> 
     </span>
    </p>
   </div>
   <div class='ocr_carea' id='block_1_29' title="bbox 2271 1521 3833 1592">
    <p class='ocr_par' dir='ltr' id='par_1_29' title="bbox 2271 1521 3833 1592">
     <span class='ocr_line' id='line_1_29' title="bbox 2271 1521 3833 1592; baseline 0.001 -15"><span class='ocrx_word' id='word_1_174' title='bbox 2271 1537 2443 1589; x_wconf 88' lang='lat' dir='ltr'><strong>meos,</strong></span> <span class='ocrx_word' id='word_1_175' title='bbox 2474 1522 2562 1592; x_wconf 91' lang='lat' dir='ltr'><strong>qui</strong></span> <span class='ocrx_word' id='word_1_176' title='bbox 2604 1522 2761 1592; x_wconf 91' lang='lat' dir='ltr'><strong>primi</strong></span> <span class='ocrx_word' id='word_1_177' title='bbox 2807 1521 3225 1578; x_wconf 85' lang='lat' dir='ltr'><strong>ecclesiasticam</strong></span> <span class='ocrx_word' id='word_1_178' title='bbox 3258 1521 3446 1576; x_wconf 87' lang='lat' dir='ltr'><strong>festina</strong></span> <span class='ocrx_word' id='word_1_179' title='bbox 3496 1522 3667 1576; x_wconf 88' lang='lat' dir='ltr'><strong>secuti</strong></span> <span class='ocrx_word' id='word_1_180' title='bbox 3709 1532 3833 1579; x_wconf 87' lang='lat' dir='ltr'><strong>sunt</strong></span> 
     </span>
    </p>
   </div>
   <div class='ocr_carea' id='block_1_30' title="bbox 2257 1610 3834 1682">
    <p class='ocr_par' dir='ltr' id='par_1_30' title="bbox 2257 1610 3834 1682">
     <span class='ocr_line' id='line_1_30' title="bbox 2257 1610 3834 1682; baseline -0.001 -13"><span class='ocrx_word' id='word_1_181' title='bbox 2257 1614 2541 1669; x_wconf 84' lang='lat' dir='ltr'><strong>devotione</strong></span> <span class='ocrx_word' id='word_1_182' title='bbox 2570 1613 2937 1678; x_wconf 87' lang='lat' dir='ltr'><strong>concordiam,</strong></span> <span class='ocrx_word' id='word_1_183' title='bbox 2978 1625 3086 1667; x_wconf 90' lang='lat' dir='ltr'><strong>non</strong></span> <span class='ocrx_word' id='word_1_184' title='bbox 3130 1610 3304 1667; x_wconf 88' lang='lat' dir='ltr'><strong>solum</strong></span> <span class='ocrx_word' id='word_1_185' title='bbox 3338 1610 3512 1682; x_wconf 87' lang='lat' dir='ltr'><strong>magni</strong></span> <span class='ocrx_word' id='word_1_186' title='bbox 3551 1611 3834 1668; x_wconf 81' lang='lat' dir='ltr'><strong>frustratur</strong></span> 
     </span>
    </p>
   </div>
   <div class='ocr_carea' id='block_1_31' title="bbox 2250 1704 3833 1777">
    <p class='ocr_par' dir='ltr' id='par_1_31' title="bbox 2250 1704 3833 1777">
     <span class='ocr_line' id='line_1_31' title="bbox 2250 1704 3833 1777; baseline 0 -17"><span class='ocrx_word' id='word_1_187' title='bbox 2250 1707 2427 1777; x_wconf 86' lang='lat' dir='ltr'><strong>palma</strong></span> <span class='ocrx_word' id='word_1_188' title='bbox 2459 1705 2727 1776; x_wconf 87' lang='lat' dir='ltr'><strong>principii,</strong></span> <span class='ocrx_word' id='word_1_189' title='bbox 2760 1721 2947 1761; x_wconf 89' lang='lat' dir='ltr'><strong>verum</strong></span> <span class='ocrx_word' id='word_1_190' title='bbox 2974 1705 3135 1760; x_wconf 89' lang='lat' dir='ltr'><strong>etiam</strong></span> <span class='ocrx_word' id='word_1_191' title='bbox 3164 1704 3287 1759; x_wconf 89' lang='lat' dir='ltr'><strong>mali</strong></span> <span class='ocrx_word' id='word_1_192' title='bbox 3309 1704 3521 1762; x_wconf 84' lang='lat' dir='ltr'><strong>miseria</strong></span> <span class='ocrx_word' id='word_1_193' title='bbox 3551 1706 3833 1760; x_wconf 85' lang='lat' dir='ltr'><strong>comitatur</strong></span> 
     </span>
    </p>
   </div>
   <div class='ocr_carea' id='block_1_32' title="bbox 2250 1795 3832 1866">
    <p class='ocr_par' dir='ltr' id='par_1_32' title="bbox 2250 1795 3832 1866">
     <span class='ocr_line' id='line_1_32' title="bbox 2250 1795 3832 1866; baseline -0.002 -13"><span class='ocrx_word' id='word_1_194' title='bbox 2250 1796 2502 1866; x_wconf 82' lang='lat' dir='ltr'><strong>exempli.</strong></span> <span class='ocrx_word' id='word_1_195' title='bbox 2536 1798 2713 1865; x_wconf 83' lang='lat' dir='ltr'><strong>Quare</strong></span> <span class='ocrx_word' id='word_1_196' title='bbox 2750 1796 3092 1852; x_wconf 86' lang='lat' dir='ltr'><strong>clementiam</strong></span> <span class='ocrx_word' id='word_1_197' title='bbox 3139 1805 3396 1861; x_wconf 84' lang='lat' dir='ltr'><strong>vestram,</strong></span> <span class='ocrx_word' id='word_1_198' title='bbox 3447 1795 3616 1850; x_wconf 87' lang='lat' dir='ltr'><strong>mixto</strong></span> <span class='ocrx_word' id='word_1_199' title='bbox 3673 1797 3832 1851; x_wconf 88' lang='lat' dir='ltr'><strong>etiam</strong></span> 
     </span>
    </p>
   </div>
   <div class='ocr_carea' id='block_1_33' title="bbox 573 1887 2256 1972">
    <p class='ocr_par' dir='ltr' id='par_1_33' title="bbox 573 1891 2256 1972">
     <span class='ocr_line' id='line_1_33' title="bbox 573 1891 2256 1972; baseline -0.008 0"><span class='ocrx_word' id='word_1_200' title='bbox 573 1920 779 1972; x_wconf 90' lang='lat' dir='ltr'><strong>tinere:</strong></span> <span class='ocrx_word' id='word_1_201' title='bbox 829 1925 883 1969; x_wconf 88' lang='lat' dir='ltr'><strong>et</strong></span> <span class='ocrx_word' id='word_1_202' title='bbox 912 1914 1033 1968; x_wconf 90' lang='lat' dir='ltr'><strong>ideo</strong></span> <span class='ocrx_word' id='word_1_203' title='bbox 1062 1912 1114 1966; x_wconf 93' lang='lat' dir='ltr'><strong>in</strong></span> <span class='ocrx_word' id='word_1_204' title='bbox 1162 1910 1276 1965; x_wconf 88' lang='lat' dir='ltr'><strong>istis</strong></span> <span class='ocrx_word' id='word_1_205' title='bbox 1325 1908 1742 1964; x_wconf 82' lang='lat' dir='ltr'><strong>adversitatibus</strong></span> <span class='ocrx_word' id='word_1_206' title='bbox 1793 1906 1932 1960; x_wconf 91' lang='lat' dir='ltr'><strong>Deus</strong></span> <span class='ocrx_word' id='word_1_207' title='bbox 1969 1902 2147 1959; x_wconf 87' lang='lat' dir='ltr'><strong>omni-</strong></span> <span class='ocrx_word' id='word_1_208' title='bbox 2175 1891 2256 1959; x_wconf 79' lang='lat' dir='ltr'><strong>BI</strong></span> 
     </span>
    </p>
   </div>
   <div class='ocr_carea' id='block_1_34' title="bbox 2150 1887 3833 1972">
    <p class='ocr_par' dir='ltr' id='par_1_34' title="bbox 2175 1887 3833 1960">
     <span class='ocr_line' id='line_1_34' title="bbox 2175 1887 3833 1960; baseline -0.001 -16"><span class='ocrx_word' id='word_1_209' title='bbox 2175 1891 2226 1954; x_wconf 81' lang='grc' dir='ltr'><strong>Β</strong></span> <span class='ocrx_word' id='word_1_210' title='bbox 2254 1889 2501 1960; x_wconf 89' lang='lat' dir='ltr'><strong>precibus</strong></span> <span class='ocrx_word' id='word_1_211' title='bbox 2524 1889 2674 1954; x_wconf 87' lang='lat' dir='ltr'><strong>fletu,</strong></span> <span class='ocrx_word' id='word_1_212' title='bbox 2699 1888 3059 1959; x_wconf 85' lang='lat' dir='ltr'><strong>deposcimus,</strong></span> <span class='ocrx_word' id='word_1_213' title='bbox 3112 1903 3181 1942; x_wconf 92' lang='lat' dir='ltr'><strong>ne</strong></span> <span class='ocrx_word' id='word_1_214' title='bbox 3230 1887 3421 1958; x_wconf 87' lang='lat' dir='ltr'><strong>gaudia</strong></span> <span class='ocrx_word' id='word_1_215' title='bbox 3464 1896 3666 1954; x_wconf 89' lang='lat' dir='ltr'><strong>nostra,</strong></span> <span class='ocrx_word' id='word_1_216' title='bbox 3717 1904 3833 1958; x_wconf 77' lang='lat' dir='ltr'><strong>qua:</strong></span> 
     </span>
    </p>
   </div>
   <div class='ocr_carea' id='block_1_35' title="bbox 574 1994 2149 2079">
    <p class='ocr_par' dir='ltr' id='par_1_35' title="bbox 574 1994 2149 2079">
     <span class='ocr_line' id='line_1_35' title="bbox 574 1994 2149 2079; baseline -0.009 -15"><span class='ocrx_word' id='word_1_217' title='bbox 574 2020 764 2079; x_wconf 89' lang='lat' dir='ltr'><strong>p0tens</strong></span> <span class='ocrx_word' id='word_1_218' title='bbox 790 2006 1034 2077; x_wconf 85' lang='lat' dir='ltr'><strong>dignetur</strong></span> <span class='ocrx_word' id='word_1_219' title='bbox 1050 2013 1306 2074; x_wconf 64' lang='lat' dir='ltr'><strong>praestare</strong></span> <span class='ocrx_word' id='word_1_220' title='bbox 1330 2001 1645 2064; x_wconf 90' lang='lat' dir='ltr'><strong>remedium,</strong></span> <span class='ocrx_word' id='word_1_221' title='bbox 1671 2006 1777 2052; x_wconf 91' lang='lat' dir='ltr'><strong>tam</strong></span> <span class='ocrx_word' id='word_1_222' title='bbox 1792 1997 1859 2052; x_wconf 90' lang='lat' dir='ltr'><strong>ad</strong></span> <span class='ocrx_word' id='word_1_223' title='bbox 1889 1994 2149 2051; x_wconf 83' lang='lat' dir='ltr'><strong>Joannem</strong></span> 
     </span>
    </p>
   </div>
   <div class='ocr_carea' id='block_1_36' title="bbox 577 2089 2150 2166">
    <p class='ocr_par' dir='ltr' id='par_1_36' title="bbox 577 2089 2150 2166">
     <span class='ocr_line' id='line_1_36' title="bbox 577 2089 2150 2166; baseline -0.01 -9"><span class='ocrx_word' id='word_1_224' title='bbox 577 2102 798 2157; x_wconf 82' lang='lat' dir='ltr'><strong>fratrem</strong></span> <span class='ocrx_word' id='word_1_225' title='bbox 826 2106 883 2154; x_wconf 87' lang='lat' dir='ltr'><strong>et</strong></span> <span class='ocrx_word' id='word_1_226' title='bbox 910 2096 1288 2166; x_wconf 90' lang='lat' dir='ltr'><strong>coepiscopum</strong></span> <span class='ocrx_word' id='word_1_227' title='bbox 1339 2102 1581 2148; x_wconf 89' lang='lat' dir='ltr'><strong>nostrum</strong></span> <span class='ocrx_word' id='word_1_228' title='bbox 1611 2091 1807 2159; x_wconf 90' lang='lat' dir='ltr'><strong>scripta</strong></span> <span class='ocrx_word' id='word_1_229' title='bbox 1838 2089 2150 2153; x_wconf 82' lang='lat' dir='ltr'><strong>direximus,</strong></span> 
     </span>
    </p>
   </div>
   <div class='ocr_carea' id='block_1_37' title="bbox 578 2182 2157 2264">
    <p class='ocr_par' dir='ltr' id='par_1_37' title="bbox 578 2182 2157 2264">
     <span class='ocr_line' id='line_1_37' title="bbox 578 2182 2157 2264; baseline -0.008 -16"><span class='ocrx_word' id='word_1_230' title='bbox 578 2210 735 2264; x_wconf 88' lang='lat' dir='ltr'><strong>quam</strong></span> <span class='ocrx_word' id='word_1_231' title='bbox 761 2189 1110 2246; x_wconf 90' lang='lat' dir='ltr'><strong>dilectissimo</strong></span> <span class='ocrx_word' id='word_1_232' title='bbox 1138 2187 1245 2241; x_wconf 84' lang='lat' dir='ltr'><strong>ﬁlio</strong></span> <span class='ocrx_word' id='word_1_233' title='bbox 1286 2194 1472 2240; x_wconf 91' lang='lat' dir='ltr'><strong>nostro</strong></span> <span class='ocrx_word' id='word_1_234' title='bbox 1512 2185 1769 2239; x_wconf 90' lang='lat' dir='ltr'><strong>Dioscoro</strong></span> <span class='ocrx_word' id='word_1_235' title='bbox 1796 2182 2023 2237; x_wconf 83' lang='lat' dir='ltr'><strong>diacono</strong></span> <span class='ocrx_word' id='word_1_236' title='bbox 2061 2197 2157 2251; x_wconf 89' lang='lat' dir='ltr'><strong>per</strong></span> 
     </span>
    </p>
   </div>
   <div class='ocr_carea' id='block_1_38' title="bbox 578 2274 2157 2348">
    <p class='ocr_par' dir='ltr' id='par_1_38' title="bbox 578 2274 2157 2348">
     <span class='ocr_line' id='line_1_38' title="bbox 578 2274 2157 2348; baseline -0.008 -8"><span class='ocrx_word' id='word_1_237' title='bbox 578 2286 785 2340; x_wconf 86' lang='lat' dir='ltr'><strong>litteras</strong></span> <span class='ocrx_word' id='word_1_238' title='bbox 813 2291 1024 2338; x_wconf 88' lang='lat' dir='ltr'><strong>nostras</strong></span> <span class='ocrx_word' id='word_1_239' title='bbox 1048 2278 1395 2348; x_wconf 75' lang='lat' dir='ltr'><strong>iniunximus,</strong></span> <span class='ocrx_word' id='word_1_240' title='bbox 1420 2285 1474 2331; x_wconf 91' lang='lat' dir='ltr'><strong>ut</strong></span> <span class='ocrx_word' id='word_1_241' title='bbox 1506 2276 1722 2331; x_wconf 91' lang='lat' dir='ltr'><strong>domino</strong></span> <span class='ocrx_word' id='word_1_242' title='bbox 1750 2281 1807 2330; x_wconf 91' lang='lat' dir='ltr'><strong>et</strong></span> <span class='ocrx_word' id='word_1_243' title='bbox 1834 2274 1945 2328; x_wconf 89' lang='lat' dir='ltr'><strong>lilio</strong></span> <span class='ocrx_word' id='word_1_244' title='bbox 1972 2283 2157 2328; x_wconf 89' lang='lat' dir='ltr'><strong>nostro</strong></span> 
     </span>
    </p>
   </div>
   <div class='ocr_carea' id='block_1_39' title="bbox 580 2364 2156 2443">
    <p class='ocr_par' dir='ltr' id='par_1_39' title="bbox 580 2364 2156 2443">
     <span class='ocr_line' id='line_1_39' title="bbox 580 2364 2156 2443; baseline -0.007 -13"><span class='ocrx_word' id='word_1_245' title='bbox 580 2374 789 2431; x_wconf 86' lang='lat' dir='ltr'><strong>Justino</strong></span> <span class='ocrx_word' id='word_1_246' title='bbox 820 2371 1048 2443; x_wconf 88' lang='lat' dir='ltr'><strong>principi</strong></span> <span class='ocrx_word' id='word_1_247' title='bbox 1092 2369 1468 2424; x_wconf 85' lang='lat' dir='ltr'><strong>necessitatem</strong></span> <span class='ocrx_word' id='word_1_248' title='bbox 1499 2375 1553 2423; x_wconf 89' lang='lat' dir='ltr'><strong>et</strong></span> <span class='ocrx_word' id='word_1_249' title='bbox 1580 2381 1795 2421; x_wconf 86' lang='lat' dir='ltr'><strong>causam</strong></span> <span class='ocrx_word' id='word_1_250' title='bbox 1827 2375 2025 2420; x_wconf 85' lang='lat' dir='ltr'><strong>nostrae</strong></span> <span class='ocrx_word' id='word_1_251' title='bbox 2071 2364 2156 2419; x_wconf 90' lang='lat' dir='ltr'><strong>di-</strong></span> 
     </span>
    </p>
   </div>
   <div class='ocr_carea' id='block_1_40' title="bbox 580 2455 2157 2529">
    <p class='ocr_par' dir='ltr' id='par_1_40' title="bbox 580 2455 2157 2529">
     <span class='ocr_line' id='line_1_40' title="bbox 580 2455 2157 2529; baseline -0.01 -5"><span class='ocrx_word' id='word_1_252' title='bbox 580 2467 824 2524; x_wconf 88' lang='lat' dir='ltr'><strong>lectionis</strong></span> <span class='ocrx_word' id='word_1_253' title='bbox 852 2463 1106 2527; x_wconf 88' lang='lat' dir='ltr'><strong>insinuet,</strong></span> <span class='ocrx_word' id='word_1_254' title='bbox 1132 2469 1187 2516; x_wconf 90' lang='lat' dir='ltr'><strong>et</strong></span> <span class='ocrx_word' id='word_1_255' title='bbox 1216 2460 1476 2514; x_wconf 90' lang='lat' dir='ltr'><strong>instanter</strong></span> <span class='ocrx_word' id='word_1_256' title='bbox 1518 2468 1658 2529; x_wconf 85' lang='lat' dir='ltr'><strong>agat,</strong></span> <span class='ocrx_word' id='word_1_257' title='bbox 1708 2466 1969 2526; x_wconf 86' lang='lat' dir='ltr'><strong>quatenus</strong></span> <span class='ocrx_word' id='word_1_258' title='bbox 2011 2455 2157 2511; x_wconf 87' lang='lat' dir='ltr'><strong>desi-</strong></span> 
     </span>
    </p>
   </div>
   <div class='ocr_carea' id='block_1_41' title="bbox 582 2547 2161 2619">
    <p class='ocr_par' dir='ltr' id='par_1_41' title="bbox 582 2547 2161 2619">
     <span class='ocr_line' id='line_1_41' title="bbox 582 2547 2161 2619; baseline -0.009 -3"><span class='ocrx_word' id='word_1_259' title='bbox 582 2560 747 2616; x_wconf 90' lang='lat' dir='ltr'><strong>deriis</strong></span> <span class='ocrx_word' id='word_1_260' title='bbox 803 2556 995 2611; x_wconf 82' lang='lat' dir='ltr'><strong>vestris</strong></span> <span class='ocrx_word' id='word_1_261' title='bbox 1046 2553 1297 2609; x_wconf 88' lang='lat' dir='ltr'><strong>dominus</strong></span> <span class='ocrx_word' id='word_1_262' title='bbox 1351 2560 1536 2607; x_wconf 91' lang='lat' dir='ltr'><strong>noster</strong></span> <span class='ocrx_word' id='word_1_263' title='bbox 1588 2563 1881 2619; x_wconf 88' lang='lat' dir='ltr'><strong>congruum</strong></span> <span class='ocrx_word' id='word_1_264' title='bbox 1913 2547 2161 2617; x_wconf 86' lang='lat' dir='ltr'><strong>dignetur</strong></span> 
     </span>
    </p>
   </div>
   <div class='ocr_carea' id='block_1_42' title="bbox 584 2639 2165 2725">
    <p class='ocr_par' dir='ltr' id='par_1_42' title="bbox 584 2639 2165 2725">
     <span class='ocr_line' id='line_1_42' title="bbox 584 2639 2165 2725; baseline -0.01 -16"><span class='ocrx_word' id='word_1_265' title='bbox 584 2661 842 2725; x_wconf 75' lang='lat' dir='ltr'><strong>prmstare</strong></span> <span class='ocrx_word' id='word_1_266' title='bbox 870 2648 1116 2706; x_wconf 89' lang='lat' dir='ltr'><strong>effectum</strong></span> <span class='ocrx_word' id='word_1_267' title='bbox 1144 2665 1157 2699; x_wconf 90' lang='lat'>:</span> <span class='ocrx_word' id='word_1_268' title='bbox 1192 2661 1312 2702; x_wconf 92' lang='lat' dir='ltr'><strong>cum</strong></span> <span class='ocrx_word' id='word_1_269' title='bbox 1341 2660 1448 2715; x_wconf 91' lang='lat' dir='ltr'><strong>quo</strong></span> <span class='ocrx_word' id='word_1_270' title='bbox 1471 2642 1723 2697; x_wconf 89' lang='lat' dir='ltr'><strong>Dioscoro</strong></span> <span class='ocrx_word' id='word_1_271' title='bbox 1752 2640 1977 2695; x_wconf 86' lang='lat' dir='ltr'><strong>diacono</strong></span> <span class='ocrx_word' id='word_1_272' title='bbox 2005 2639 2165 2694; x_wconf 77' lang='lat' dir='ltr'><strong>debet</strong></span> 
     </span>
    </p>
   </div>
   <div class='ocr_carea' id='block_1_43' title="bbox 586 2732 2162 2817">
    <p class='ocr_par' dir='ltr' id='par_1_43' title="bbox 586 2732 2162 2817">
     <span class='ocr_line' id='line_1_43' title="bbox 586 2732 2162 2817; baseline -0.011 -16"><span class='ocrx_word' id='word_1_273' title='bbox 586 2746 732 2817; x_wconf 89' lang='lat' dir='ltr'><strong>loqui</strong></span> <span class='ocrx_word' id='word_1_274' title='bbox 758 2752 935 2799; x_wconf 88' lang='lat' dir='ltr'><strong>vestra</strong></span> <span class='ocrx_word' id='word_1_275' title='bbox 964 2738 1292 2802; x_wconf 86' lang='lat' dir='ltr'><strong>fraternitas,</strong></span> <span class='ocrx_word' id='word_1_276' title='bbox 1333 2736 1457 2806; x_wconf 90' lang='lat' dir='ltr'><strong>quia</strong></span> <span class='ocrx_word' id='word_1_277' title='bbox 1505 2748 1725 2789; x_wconf 89' lang='lat' dir='ltr'><strong>necesse</strong></span> <span class='ocrx_word' id='word_1_278' title='bbox 1765 2739 1850 2785; x_wconf 89' lang='lat' dir='ltr'><strong>est</strong></span> <span class='ocrx_word' id='word_1_279' title='bbox 1884 2740 1948 2785; x_wconf 86' lang='lat' dir='ltr'><strong>ut</strong></span> <span class='ocrx_word' id='word_1_280' title='bbox 1993 2732 2162 2785; x_wconf 86' lang='lat' dir='ltr'><strong>inten-</strong></span> 
     </span>
    </p>
   </div>
   <div class='ocr_carea' id='block_1_44' title="bbox 586 2821 2162 2897">
    <p class='ocr_par' dir='ltr' id='par_1_44' title="bbox 586 2821 2162 2897">
     <span class='ocr_line' id='line_1_44' title="bbox 586 2821 2162 2897; baseline -0.012 -4"><span class='ocrx_word' id='word_1_281' title='bbox 586 2837 716 2894; x_wconf 92' lang='lat' dir='ltr'><strong>tioni</strong></span> <span class='ocrx_word' id='word_1_282' title='bbox 756 2843 968 2897; x_wconf 66' lang='lat' dir='ltr'><strong>vestrae,</strong></span> <span class='ocrx_word' id='word_1_283' title='bbox 991 2831 1075 2886; x_wconf 90' lang='lat' dir='ltr'><strong>vel</strong></span> <span class='ocrx_word' id='word_1_284' title='bbox 1104 2829 1297 2883; x_wconf 92' lang='lat' dir='ltr'><strong>intuitu</strong></span> <span class='ocrx_word' id='word_1_285' title='bbox 1338 2825 1617 2881; x_wconf 64' lang='lat' dir='ltr'><strong>catholicae</strong></span> <span class='ocrx_word' id='word_1_286' title='bbox 1646 2821 2039 2879; x_wconf 84' lang='lat' dir='ltr'><strong>communionis</strong></span> <span class='ocrx_word' id='word_1_287' title='bbox 2080 2822 2162 2876; x_wconf 89' lang='lat' dir='ltr'><strong>vel</strong></span> 
     </span>
    </p>
   </div>
   <div class='ocr_carea' id='block_1_45' title="bbox 586 2912 2160 2988">
    <p class='ocr_par' dir='ltr' id='par_1_45' title="bbox 586 2912 2160 2988">
     <span class='ocr_line' id='line_1_45' title="bbox 586 2912 2160 2988; baseline -0.013 0"><span class='ocrx_word' id='word_1_288' title='bbox 586 2928 1012 2988; x_wconf 84' lang='lat' dir='ltr'><strong>consideratione</strong></span> <span class='ocrx_word' id='word_1_289' title='bbox 1042 2935 1239 2978; x_wconf 75' lang='lat' dir='ltr'><strong>nostra:</strong></span> <span class='ocrx_word' id='word_1_290' title='bbox 1276 2917 1686 2980; x_wconf 83' lang='lat' dir='ltr'><strong>adhortationis,</strong></span> <span class='ocrx_word' id='word_1_291' title='bbox 1741 2914 1977 2970; x_wconf 86' lang='lat' dir='ltr'><strong>studeat.</strong></span> <span class='ocrx_word' id='word_1_292' title='bbox 2032 2912 2160 2967; x_wconf 88' lang='lat' dir='ltr'><strong>Data</strong></span> 
     </span>
    </p>
   </div>
   <div class='ocr_carea' id='block_1_46' title="bbox 587 3007 1701 3093">
    <p class='ocr_par' dir='ltr' id='par_1_46' title="bbox 587 3007 1701 3093">
     <span class='ocr_line' id='line_1_46' title="bbox 587 3007 1701 3093; baseline -0.017 -14"><span class='ocrx_word' id='word_1_293' title='bbox 587 3036 691 3093; x_wconf 91' lang='lat' dir='ltr'><strong>quo</strong></span> <span class='ocrx_word' id='word_1_294' title='bbox 709 3033 868 3091; x_wconf 88' lang='lat' dir='ltr'><strong>supra</strong></span> <span class='ocrx_word' id='word_1_295' title='bbox 894 3014 1113 3073; x_wconf 89' lang='lat' dir='ltr'><strong>consule</strong></span> <span class='ocrx_word' id='word_1_296' title='bbox 1133 3014 1297 3081; x_wconf 87' lang='lat' dir='ltr'><strong>(anno</strong></span> <span class='ocrx_word' id='word_1_297' title='bbox 1320 3008 1529 3064; x_wconf 91' lang='lat' dir='ltr'><strong>Domini</strong></span> <span class='ocrx_word' id='word_1_298' title='bbox 1551 3007 1678 3078; x_wconf 67' lang='lat'><strong>519)</strong></span> <span class='ocrx_word' id='word_1_299' title='bbox 1698 3056 1701 3058; x_wconf 81' lang='lat'><strong>.</strong></span> 
     </span>
    </p>
   </div>
   <div class='ocr_carea' id='block_1_47' title="bbox 1125 3121 1639 3182">
    <p class='ocr_par' dir='ltr' id='par_1_47' title="bbox 1125 3121 1639 3182">
     <span class='ocr_line' id='line_1_47' title="bbox 1125 3121 1639 3182; baseline -0.008 -2"><span class='ocrx_word' id='word_1_300' title='bbox 1125 3122 1453 3182; x_wconf 81' lang='lat' dir='ltr'><strong>EPISTOLA</strong></span> <span class='ocrx_word' id='word_1_301' title='bbox 1503 3121 1639 3177; x_wconf 84' lang='lat' dir='ltr'><strong>LVI.</strong></span> 
     </span>
    </p>
   </div>
   <div class='ocr_carea' id='block_1_48' title="bbox 842 3229 1917 3275">
    <p class='ocr_par' dir='ltr' id='par_1_48' title="bbox 842 3229 1917 3275">
     <span class='ocr_line' id='line_1_48' title="bbox 842 3229 1917 3275; baseline -0.006 0"><span class='ocrx_word' id='word_1_302' title='bbox 842 3235 910 3275; x_wconf 76' lang='lat' dir='ltr'><strong>AD</strong></span> <span class='ocrx_word' id='word_1_303' title='bbox 961 3231 1195 3273; x_wconf 75' lang='lat' dir='ltr'><strong>JOANNEII</strong></span> <span class='ocrx_word' id='word_1_304' title='bbox 1244 3231 1309 3268; x_wconf 80' lang='grc' dir='ltr'>ΕΤ</span> <span class='ocrx_word' id='word_1_305' title='bbox 1333 3230 1627 3272; x_wconf 63' lang='grc' dir='ltr'><strong>υιοέςοιιυιι</strong></span> <span class='ocrx_word' id='word_1_306' title='bbox 1659 3229 1917 3271; x_wconf 74' lang='grc' dir='ltr'><strong>ιεολτοε.</strong></span> 
     </span>
    </p>
   </div>
   <div class='ocr_carea' id='block_1_49' title="bbox 662 3307 2093 3380">
    <p class='ocr_par' dir='ltr' id='par_1_49' title="bbox 662 3307 2093 3380">
     <span class='ocr_line' id='line_1_49' title="bbox 662 3307 2093 3380; baseline -0.006 -10"><span class='ocrx_word' id='word_1_307' title='bbox 662 3315 911 3371; x_wconf 85' lang='lat' dir='ltr'><strong>Thomam</strong></span> <span class='ocrx_word' id='word_1_308' title='bbox 931 3321 979 3365; x_wconf 92' lang='lat' dir='ltr'><strong>et</strong></span> <span class='ocrx_word' id='word_1_309' title='bbox 1012 3309 1365 3380; x_wconf 80' lang='lat' dir='ltr'><strong>Nicostratum</strong></span> <span class='ocrx_word' id='word_1_310' title='bbox 1387 3307 1831 3380; x_wconf 80' lang='lat' dir='ltr'><strong>Constantinopoli</strong></span> <span class='ocrx_word' id='word_1_311' title='bbox 1866 3324 2093 3380; x_wconf 82' lang='lat' dir='ltr'><strong>congruo</strong></span> 
     </span>
    </p>
   </div>
   <div class='ocr_carea' id='block_1_50' title="bbox 909 3379 1843 3448">
    <p class='ocr_par' dir='ltr' id='par_1_50' title="bbox 909 3379 1843 3448">
     <span class='ocr_line' id='line_1_50' title="bbox 909 3379 1843 3448; baseline -0.002 -13"><span class='ocrx_word' id='word_1_312' title='bbox 909 3385 1101 3435; x_wconf 79' lang='lat' dir='ltr'><strong>honore</strong></span> <span class='ocrx_word' id='word_1_313' title='bbox 1118 3379 1256 3432; x_wconf 81' lang='lat' dir='ltr'><strong>dolet</strong></span> <span class='ocrx_word' id='word_1_314' title='bbox 1286 3395 1388 3431; x_wconf 89' lang='lat' dir='ltr'><strong>non</strong></span> <span class='ocrx_word' id='word_1_315' title='bbox 1411 3379 1569 3448; x_wconf 81' lang='lat' dir='ltr'><strong>fuisse</strong></span> <span class='ocrx_word' id='word_1_316' title='bbox 1595 3392 1843 3448; x_wconf 83' lang='lat' dir='ltr'><strong>receptos.</strong></span> 
     </span>
    </p>
   </div>
   <div class='ocr_carea' id='block_1_51' title="bbox 661 3469 2067 3540">
    <p class='ocr_par' dir='ltr' id='par_1_51' title="bbox 661 3469 2067 3540">
     <span class='ocr_line' id='line_1_51' title="bbox 661 3469 2067 3540; baseline -0.006 -6"><span class='ocrx_word' id='word_1_317' title='bbox 661 3474 943 3535; x_wconf 87' lang='lat' dir='ltr'><strong>Hormisda</strong></span> <span class='ocrx_word' id='word_1_318' title='bbox 968 3471 1161 3528; x_wconf 80' lang='lat' dir='ltr'><strong>Joanni</strong></span> <span class='ocrx_word' id='word_1_319' title='bbox 1188 3469 1439 3540; x_wconf 86' lang='lat' dir='ltr'><strong>episcopo</strong></span> <span class='ocrx_word' id='word_1_320' title='bbox 1460 3480 1515 3525; x_wconf 92' lang='lat' dir='ltr'><strong>et</strong></span> <span class='ocrx_word' id='word_1_321' title='bbox 1540 3471 1796 3525; x_wconf 91' lang='lat' dir='ltr'><strong>Dioscoro</strong></span> <span class='ocrx_word' id='word_1_322' title='bbox 1823 3472 2067 3527; x_wconf 91' lang='lat' dir='ltr'><strong>diacono.</strong></span> 
     </span>
    </p>
   </div>
   <div class='ocr_carea' id='block_1_52' title="bbox 663 3561 2170 3639">
    <p class='ocr_par' dir='ltr' id='par_1_52' title="bbox 663 3561 2170 3639">
     <span class='ocr_line' id='line_1_52' title="bbox 663 3561 2170 3639; baseline -0.005 -13"><span class='ocrx_word' id='word_1_323' title='bbox 663 3570 979 3639; x_wconf 75' lang='lat' dir='ltr'><strong>lleperimus</strong></span> <span class='ocrx_word' id='word_1_324' title='bbox 1032 3564 1347 3618; x_wconf 88' lang='lat' dir='ltr'><strong>Thomatem</strong></span> <span class='ocrx_word' id='word_1_325' title='bbox 1378 3570 1433 3617; x_wconf 90' lang='lat' dir='ltr'><strong>et</strong></span> <span class='ocrx_word' id='word_1_326' title='bbox 1460 3561 1819 3639; x_wconf 85' lang='lat' dir='ltr'><strong>Nicostratum</strong></span> <span class='ocrx_word' id='word_1_327' title='bbox 1877 3563 2067 3619; x_wconf 88' lang='lat' dir='ltr'><strong>fratres</strong></span> <span class='ocrx_word' id='word_1_328' title='bbox 2114 3573 2170 3619; x_wconf 88' lang='lat' dir='ltr'><strong>et</strong></span> 
     </span>
    </p>
   </div>
   <div class='ocr_carea' id='block_1_53' title="bbox 593 3653 2169 3731">
    <p class='ocr_par' dir='ltr' id='par_1_53' title="bbox 593 3653 2169 3731">
     <span class='ocr_line' id='line_1_53' title="bbox 593 3653 2169 3731; baseline -0.004 -13"><span class='ocrx_word' id='word_1_329' title='bbox 593 3663 939 3731; x_wconf 87' lang='lat' dir='ltr'><strong>coepiscopos</strong></span> <span class='ocrx_word' id='word_1_330' title='bbox 964 3662 1177 3710; x_wconf 90' lang='lat' dir='ltr'><strong>nostros</strong></span> <span class='ocrx_word' id='word_1_331' title='bbox 1218 3653 1736 3721; x_wconf 75' lang='lat' dir='ltr'><strong>Constantiimpolim</strong></span> <span class='ocrx_word' id='word_1_332' title='bbox 1761 3670 1865 3709; x_wconf 91' lang='lat' dir='ltr'><strong>non</strong></span> <span class='ocrx_word' id='word_1_333' title='bbox 1894 3658 1963 3709; x_wconf 90' lang='lat' dir='ltr'><strong>ita</strong></span> <span class='ocrx_word' id='word_1_334' title='bbox 1986 3670 2169 3711; x_wconf 86' lang='lat' dir='ltr'><strong>susce-</strong></span> 
     </span>
    </p>
   </div>
   <div class='ocr_carea' id='block_1_54' title="bbox 594 3746 2173 3824">
    <p class='ocr_par' dir='ltr' id='par_1_54' title="bbox 594 3746 2173 3824">
     <span class='ocr_line' id='line_1_54' title="bbox 594 3746 2173 3824; baseline -0.003 -14"><span class='ocrx_word' id='word_1_335' title='bbox 594 3762 715 3824; x_wconf 84' lang='lat' dir='ltr'><strong>ptos</strong></span> <span class='ocrx_word' id='word_1_336' title='bbox 764 3749 923 3807; x_wconf 89' lang='lat' dir='ltr'><strong>sicuti</strong></span> <span class='ocrx_word' id='word_1_337' title='bbox 969 3757 1153 3803; x_wconf 90' lang='lat' dir='ltr'><strong>nostra</strong></span> <span class='ocrx_word' id='word_1_338' title='bbox 1207 3746 1356 3800; x_wconf 89' lang='lat' dir='ltr'><strong>fuere</strong></span> <span class='ocrx_word' id='word_1_339' title='bbox 1399 3746 1691 3812; x_wconf 89' lang='lat' dir='ltr'><strong>desideria,</strong></span> <span class='ocrx_word' id='word_1_340' title='bbox 1721 3758 1775 3803; x_wconf 90' lang='lat' dir='ltr'><strong>et</strong></span> <span class='ocrx_word' id='word_1_341' title='bbox 1806 3748 1907 3817; x_wconf 88' lang='lat' dir='ltr'><strong>ipsi</strong></span> <span class='ocrx_word' id='word_1_342' title='bbox 1960 3765 2173 3820; x_wconf 77' lang='lat' dir='ltr'><strong>semper</strong></span> 
     </span>
    </p>
   </div>
   <div class='ocr_carea' id='block_1_55' title="bbox 595 3839 2174 3919">
    <p class='ocr_par' dir='ltr' id='par_1_55' title="bbox 595 3839 2174 3919">
     <span class='ocr_line' id='line_1_55' title="bbox 595 3839 2174 3919; baseline -0.003 -16"><span class='ocrx_word' id='word_1_343' title='bbox 595 3847 851 3919; x_wconf 89' lang='lat' dir='ltr'><strong>optabant</strong></span> <span class='ocrx_word' id='word_1_344' title='bbox 894 3861 905 3896; x_wconf 93' lang='lat'>:</span> <span class='ocrx_word' id='word_1_345' title='bbox 948 3856 1054 3897; x_wconf 92' lang='lat' dir='ltr'><strong>non</strong></span> <span class='ocrx_word' id='word_1_346' title='bbox 1097 3840 1267 3895; x_wconf 89' lang='lat' dir='ltr'><strong>solum</strong></span> <span class='ocrx_word' id='word_1_347' title='bbox 1293 3840 1433 3895; x_wconf 91' lang='lat' dir='ltr'><strong>enim</strong></span> <span class='ocrx_word' id='word_1_348' title='bbox 1463 3839 1575 3894; x_wconf 89' lang='lat' dir='ltr'><strong>loca</strong></span> <span class='ocrx_word' id='word_1_349' title='bbox 1604 3840 1684 3896; x_wconf 91' lang='lat' dir='ltr'><strong>eis</strong></span> <span class='ocrx_word' id='word_1_350' title='bbox 1716 3840 1893 3897; x_wconf 89' lang='lat' dir='ltr'><strong>debita</strong></span> <span class='ocrx_word' id='word_1_351' title='bbox 1924 3842 2174 3898; x_wconf 88' lang='lat' dir='ltr'><strong>dicuntur</strong></span> 
     </span>
    </p>
   </div>
   <div class='ocr_carea' id='block_1_56' title="bbox 596 3936 2174 4007">
    <p class='ocr_par' dir='ltr' id='par_1_56' title="bbox 596 3936 2174 4007">
     <span class='ocr_line' id='line_1_56' title="bbox 596 3936 2174 4007; baseline -0.001 -13"><span class='ocrx_word' id='word_1_352' title='bbox 596 3941 795 4004; x_wconf 88' lang='lat' dir='ltr'><strong>ablata,</strong></span> <span class='ocrx_word' id='word_1_353' title='bbox 838 3936 932 3993; x_wconf 84' lang='lat' dir='ltr'><strong>sed</strong></span> <span class='ocrx_word' id='word_1_354' title='bbox 970 3951 999 3989; x_wconf 88' lang='lat' dir='ltr'><strong>a</strong></span> <span class='ocrx_word' id='word_1_355' title='bbox 1029 3936 1407 3989; x_wconf 88' lang='lat' dir='ltr'><strong>communione</strong></span> <span class='ocrx_word' id='word_1_356' title='bbox 1451 3949 1664 4005; x_wconf 90' lang='lat' dir='ltr'><strong>quoque</strong></span> <span class='ocrx_word' id='word_1_357' title='bbox 1690 3951 1785 3991; x_wconf 89' lang='lat' dir='ltr'><strong>eos</strong></span> <span class='ocrx_word' id='word_1_358' title='bbox 1827 3938 2174 4007; x_wconf 90' lang='lat' dir='ltr'><strong>cognovimus</strong></span> 
     </span>
    </p>
   </div>
   <div class='ocr_carea' id='block_1_57' title="bbox 576 4025 2176 4099">
    <p class='ocr_par' dir='ltr' id='par_1_57' title="bbox 576 4025 2176 4099">
     <span class='ocr_line' id='line_1_57' title="bbox 576 4025 2176 4099; baseline 0 -14"><span class='ocrx_word' id='word_1_359' title='bbox 576 4032 761 4087; x_wconf 90' lang='lat' dir='ltr'><strong>fuisse</strong></span> <span class='ocrx_word' id='word_1_360' title='bbox 782 4042 1093 4099; x_wconf 88' lang='lat' dir='ltr'><strong>suspensos.</strong></span> <span class='ocrx_word' id='word_1_361' title='bbox 1129 4025 1283 4089; x_wconf 84' lang='lat' dir='ltr'><strong>Quod</strong></span> <span class='ocrx_word' id='word_1_362' title='bbox 1321 4039 1478 4094; x_wconf 87' lang='lat' dir='ltr'><strong>quam</strong></span> <span class='ocrx_word' id='word_1_363' title='bbox 1527 4026 1721 4081; x_wconf 88' lang='lat' dir='ltr'><strong>acerbe</strong></span> <span class='ocrx_word' id='word_1_364' title='bbox 1777 4028 1911 4082; x_wconf 82' lang='lat' dir='ltr'><strong>ferat</strong></span> <span class='ocrx_word' id='word_1_365' title='bbox 1966 4032 2176 4086; x_wconf 87' lang='lat' dir='ltr'><strong>animus</strong></span> 
     </span>
    </p>
   </div>
   <div class='ocr_carea' id='block_1_58' title="bbox 600 4117 2173 4187">
    <p class='ocr_par' dir='ltr' id='par_1_58' title="bbox 600 4117 2173 4187">
     <span class='ocr_line' id='line_1_58' title="bbox 600 4117 2173 4187; baseline -0.001 -9"><span class='ocrx_word' id='word_1_366' title='bbox 600 4131 818 4187; x_wconf 89' lang='lat' dir='ltr'><strong>noster,</strong></span> <span class='ocrx_word' id='word_1_367' title='bbox 873 4119 1031 4174; x_wconf 88' lang='lat' dir='ltr'><strong>etiam</strong></span> <span class='ocrx_word' id='word_1_368' title='bbox 1089 4117 1475 4172; x_wconf 88' lang='lat' dir='ltr'><strong>fraternitatem</strong></span> <span class='ocrx_word' id='word_1_369' title='bbox 1540 4126 1596 4171; x_wconf 89' lang='lat' dir='ltr'><strong>et</strong></span> <span class='ocrx_word' id='word_1_370' title='bbox 1642 4117 1980 4175; x_wconf 91' lang='lat' dir='ltr'><strong>dilectionem</strong></span> <span class='ocrx_word' id='word_1_371' title='bbox 2032 4129 2173 4177; x_wconf 87' lang='lat' dir='ltr'><strong>tuam</strong></span> 
     </span>
    </p>
   </div>
   <div class='ocr_carea' id='block_1_59' title="bbox 599 4210 2174 4284">
    <p class='ocr_par' dir='ltr' id='par_1_59' title="bbox 599 4210 2174 4284">
     <span class='ocr_line' id='line_1_59' title="bbox 599 4210 2174 4284; baseline -0.001 -13"><span class='ocrx_word' id='word_1_372' title='bbox 599 4215 869 4271; x_wconf 69' lang='lat' dir='ltr'><strong>credimus</strong></span> <span class='ocrx_word' id='word_1_373' title='bbox 905 4210 1222 4267; x_wconf 74' lang='lat' dir='ltr'><strong>mstimare:</strong></span> <span class='ocrx_word' id='word_1_374' title='bbox 1272 4218 1328 4264; x_wconf 89' lang='lat' dir='ltr'><strong>et</strong></span> <span class='ocrx_word' id='word_1_375' title='bbox 1377 4210 1498 4265; x_wconf 90' lang='lat' dir='ltr'><strong>ideo</strong></span> <span class='ocrx_word' id='word_1_376' title='bbox 1546 4221 1797 4281; x_wconf 89' lang='lat' dir='ltr'><strong>quantam</strong></span> <span class='ocrx_word' id='word_1_377' title='bbox 1847 4213 2174 4284; x_wconf 88' lang='lat' dir='ltr'><strong>diligentiam</strong></span> 
     </span>
    </p>
   </div>
   <div class='ocr_carea' id='block_1_60' title="bbox 600 4300 2176 4371">
    <p class='ocr_par' dir='ltr' id='par_1_60' title="bbox 600 4300 2176 4371">
     <span class='ocr_line' id='line_1_60' title="bbox 600 4300 2176 4371; baseline 0.001 -12"><span class='ocrx_word' id='word_1_378' title='bbox 600 4319 775 4359; x_wconf 84' lang='lat' dir='ltr'><strong>causae</strong></span> <span class='ocrx_word' id='word_1_379' title='bbox 802 4302 993 4359; x_wconf 86' lang='lat' dir='ltr'><strong>videtis</strong></span> <span class='ocrx_word' id='word_1_380' title='bbox 1022 4300 1441 4370; x_wconf 78' lang='lat' dir='ltr'><strong>magnitudinem</strong></span> <span class='ocrx_word' id='word_1_381' title='bbox 1470 4317 1710 4371; x_wconf 86' lang='lat' dir='ltr'><strong>poscere,</strong></span> <span class='ocrx_word' id='word_1_382' title='bbox 1739 4312 1937 4359; x_wconf 88' lang='lat' dir='ltr'><strong>tantam</strong></span> <span class='ocrx_word' id='word_1_383' title='bbox 1971 4320 2066 4361; x_wconf 88' lang='lat' dir='ltr'><strong>vos</strong></span> <span class='ocrx_word' id='word_1_384' title='bbox 2095 4306 2176 4361; x_wconf 85' lang='lat' dir='ltr'><strong>ef-</strong></span> 
     </span>
    </p>
   </div>
   <div class='ocr_carea' id='block_1_61' title="bbox 603 4393 2179 4469">
    <p class='ocr_par' dir='ltr' id='par_1_61' title="bbox 603 4393 2179 4469">
     <span class='ocr_line' id='line_1_61' title="bbox 603 4393 2179 4469; baseline 0.002 -16"><span class='ocrx_word' id='word_1_385' title='bbox 603 4399 836 4453; x_wconf 80' lang='lat' dir='ltr'><strong>ﬁcaciam</strong></span> <span class='ocrx_word' id='word_1_386' title='bbox 868 4396 1073 4451; x_wconf 88' lang='lat' dir='ltr'><strong>debetis</strong></span> <span class='ocrx_word' id='word_1_387' title='bbox 1103 4393 1219 4449; x_wconf 91' lang='lat' dir='ltr'><strong>sine</strong></span> <span class='ocrx_word' id='word_1_388' title='bbox 1242 4408 1388 4448; x_wconf 88' lang='lat' dir='ltr'><strong>mora</strong></span> <span class='ocrx_word' id='word_1_389' title='bbox 1432 4405 1690 4465; x_wconf 53' lang='lat' dir='ltr'><strong>praestare</strong></span> <span class='ocrx_word' id='word_1_390' title='bbox 1730 4413 1744 4462; x_wconf 86' lang='lat'><strong>;</strong></span> <span class='ocrx_word' id='word_1_391' title='bbox 1788 4408 1841 4453; x_wconf 91' lang='lat' dir='ltr'><strong>ct</strong></span> <span class='ocrx_word' id='word_1_392' title='bbox 1881 4414 2063 4469; x_wconf 90' lang='lat' dir='ltr'><strong>agere,</strong></span> <span class='ocrx_word' id='word_1_393' title='bbox 2111 4415 2179 4457; x_wconf 91' lang='lat' dir='ltr'><strong>ne</strong></span> 
     </span>
    </p>
   </div>
   <div class='ocr_carea' id='block_1_62' title="bbox 602 4486 2179 4558">
    <p class='ocr_par' dir='ltr' id='par_1_62' title="bbox 602 4486 2179 4558">
     <span class='ocr_line' id='line_1_62' title="bbox 602 4486 2179 4558; baseline 0.002 -15"><span class='ocrx_word' id='word_1_394' title='bbox 602 4505 701 4544; x_wconf 91' lang='lat' dir='ltr'><strong>nos</strong></span> <span class='ocrx_word' id='word_1_395' title='bbox 729 4488 917 4558; x_wconf 87' lang='lat' dir='ltr'><strong>magis,</strong></span> <span class='ocrx_word' id='word_1_396' title='bbox 949 4486 1085 4555; x_wconf 87' lang='lat' dir='ltr'><strong>apud</strong></span> <span class='ocrx_word' id='word_1_397' title='bbox 1110 4502 1243 4556; x_wconf 91' lang='lat' dir='ltr'><strong>quos</strong></span> <span class='ocrx_word' id='word_1_398' title='bbox 1282 4486 1518 4555; x_wconf 87' lang='lat' dir='ltr'><strong>fuerunt,</strong></span> <span class='ocrx_word' id='word_1_399' title='bbox 1575 4489 1849 4544; x_wconf 82' lang='lat' dir='ltr'><strong>videamur</strong></span> <span class='ocrx_word' id='word_1_400' title='bbox 1884 4506 2007 4547; x_wconf 90' lang='lat' dir='ltr'><strong>esse</strong></span> <span class='ocrx_word' id='word_1_401' title='bbox 2044 4507 2179 4547; x_wconf 91' lang='lat' dir='ltr'><strong>con-</strong></span> 
     </span>
    </p>
   </div>
   <div class='ocr_carea' id='block_1_63' title="bbox 603 4578 2178 4649">
    <p class='ocr_par' dir='ltr' id='par_1_63' title="bbox 603 4578 2178 4649">
     <span class='ocr_line' id='line_1_63' title="bbox 603 4578 2178 4649; baseline 0.003 -16"><span class='ocrx_word' id='word_1_402' title='bbox 603 4580 812 4649; x_wconf 89' lang='lat' dir='ltr'><strong>tempti,</strong></span> <span class='ocrx_word' id='word_1_403' title='bbox 843 4592 963 4632; x_wconf 92' lang='lat' dir='ltr'><strong>eum</strong></span> <span class='ocrx_word' id='word_1_404' title='bbox 989 4578 1115 4643; x_wconf 89' lang='lat' dir='ltr'><strong>illis,</strong></span> <span class='ocrx_word' id='word_1_405' title='bbox 1144 4586 1328 4632; x_wconf 85' lang='lat' dir='ltr'><strong>contra</strong></span> <span class='ocrx_word' id='word_1_406' title='bbox 1353 4594 1511 4648; x_wconf 90' lang='lat' dir='ltr'><strong>quam</strong></span> <span class='ocrx_word' id='word_1_407' title='bbox 1539 4578 1860 4636; x_wconf 83' lang='lat' dir='ltr'><strong>desiderium</strong></span> <span class='ocrx_word' id='word_1_408' title='bbox 1891 4596 2178 4638; x_wconf 91' lang='lat' dir='ltr'><strong>commune</strong></span> 
     </span>
    </p>
   </div>
   <div class='ocr_carea' id='block_1_64' title="bbox 603 4642 2261 4731">
    <p class='ocr_par' dir='ltr' id='par_1_64' title="bbox 603 4642 2261 4731">
     <span class='ocr_line' id='line_1_64' title="bbox 603 4642 2261 4731; baseline 0.006 -9"><span class='ocrx_word' id='word_1_409' title='bbox 603 4642 807 4730; x_wconf 56' lang='lat' dir='ltr'><strong>habuit,</strong></span> <span class='ocrx_word' id='word_1_410' title='bbox 847 4642 1221 4724; x_wconf 86' lang='lat' dir='ltr'><strong>sollicitudinis</strong></span> <span class='ocrx_word' id='word_1_411' title='bbox 1271 4642 1515 4725; x_wconf 76' lang='lat' dir='ltr'><strong>molestia</strong></span> <span class='ocrx_word' id='word_1_412' title='bbox 1557 4672 1714 4726; x_wconf 86' lang='lat' dir='ltr'><strong>fuerit</strong></span> <span class='ocrx_word' id='word_1_413' title='bbox 1759 4673 2071 4730; x_wconf 90' lang='lat' dir='ltr'><strong>indecenter</strong></span> <span class='ocrx_word' id='word_1_414' title='bbox 2099 4678 2181 4731; x_wconf 84' lang='lat' dir='ltr'><strong>in-</strong></span> <span class='ocrx_word' id='word_1_415' title='bbox 2206 4642 2261 4704; x_wconf 62' lang='grc' dir='ltr'><strong>Β</strong></span> 
     </span>
    </p>
   </div>
   <div class='ocr_carea' id='block_1_65' title="bbox 603 4760 2182 4838">
    <p class='ocr_par' dir='ltr' id='par_1_65' title="bbox 603 4760 2182 4838">
     <span class='ocr_line' id='line_1_65' title="bbox 603 4760 2182 4838; baseline 0.003 -21"><span class='ocrx_word' id='word_1_416' title='bbox 603 4763 762 4831; x_wconf 82' lang='lat' dir='ltr'><strong>jecta,</strong></span> <span class='ocrx_word' id='word_1_417' title='bbox 796 4762 846 4815; x_wconf 93' lang='lat' dir='ltr'><strong>in</strong></span> <span class='ocrx_word' id='word_1_418' title='bbox 876 4770 1078 4815; x_wconf 92' lang='lat' dir='ltr'><strong>tantum</strong></span> <span class='ocrx_word' id='word_1_419' title='bbox 1100 4770 1158 4815; x_wconf 92' lang='lat' dir='ltr'><strong>ut</strong></span> <span class='ocrx_word' id='word_1_420' title='bbox 1187 4775 1287 4816; x_wconf 86' lang='lat' dir='ltr'><strong>nec</strong></span> <span class='ocrx_word' id='word_1_421' title='bbox 1316 4760 1382 4816; x_wconf 90' lang='lat' dir='ltr'><strong>de</strong></span> <span class='ocrx_word' id='word_1_422' title='bbox 1428 4762 1765 4818; x_wconf 87' lang='lat' dir='ltr'><strong>facultatibus</strong></span> <span class='ocrx_word' id='word_1_423' title='bbox 1804 4780 1990 4821; x_wconf 90' lang='lat' dir='ltr'><strong>eorum</strong></span> <span class='ocrx_word' id='word_1_424' title='bbox 2042 4768 2182 4838; x_wconf 70' lang='lat' dir='ltr'><strong>(qum</strong></span> 
     </span>
    </p>
   </div>
   <div class='ocr_carea' id='block_1_66' title="bbox 607 4851 2184 4927">
    <p class='ocr_par' dir='ltr' id='par_1_66' title="bbox 607 4851 2184 4927">
     <span class='ocr_line' id='line_1_66' title="bbox 607 4851 2184 4927; baseline 0.006 -20"><span class='ocrx_word' id='word_1_425' title='bbox 607 4853 684 4907; x_wconf 90' lang='lat' dir='ltr'><strong>eis</strong></span> <span class='ocrx_word' id='word_1_426' title='bbox 730 4853 978 4905; x_wconf 88' lang='lat' dir='ltr'><strong>dicuntur</strong></span> <span class='ocrx_word' id='word_1_427' title='bbox 1027 4852 1222 4906; x_wconf 78' lang='lat' dir='ltr'><strong>inrasze</strong></span> <span class='ocrx_word' id='word_1_428' title='bbox 1254 4866 1282 4905; x_wconf 87' lang='lat' dir='ltr'><strong>a</strong></span> <span class='ocrx_word' id='word_1_429' title='bbox 1331 4851 1497 4907; x_wconf 85' lang='lat' dir='ltr'><strong>fratre</strong></span> <span class='ocrx_word' id='word_1_430' title='bbox 1547 4863 1600 4908; x_wconf 93' lang='lat' dir='ltr'><strong>et</strong></span> <span class='ocrx_word' id='word_1_431' title='bbox 1641 4856 1959 4927; x_wconf 91' lang='lat' dir='ltr'><strong>coepiscopo</strong></span> <span class='ocrx_word' id='word_1_432' title='bbox 2001 4869 2184 4916; x_wconf 91' lang='lat' dir='ltr'><strong>nostro</strong></span> 
     </span>
    </p>
   </div>
   <div class='ocr_carea' id='block_1_67' title="bbox 609 4939 2183 5011">
    <p class='ocr_par' dir='ltr' id='par_1_67' title="bbox 609 4939 2183 5011">
     <span class='ocr_line' id='line_1_67' title="bbox 609 4939 2183 5011; baseline 0.009 -18"><span class='ocrx_word' id='word_1_433' title='bbox 609 4939 836 5011; x_wconf 82' lang='lat' dir='ltr'><strong>Joanne)</strong></span> <span class='ocrx_word' id='word_1_434' title='bbox 866 4940 1074 4994; x_wconf 89' lang='lat' dir='ltr'><strong>dicatur</strong></span> <span class='ocrx_word' id='word_1_435' title='bbox 1100 4941 1315 5010; x_wconf 88' lang='lat' dir='ltr'><strong>aliquod</strong></span> <span class='ocrx_word' id='word_1_436' title='bbox 1347 4943 1681 5011; x_wconf 87' lang='lat' dir='ltr'><strong>ordinatum,</strong></span> <span class='ocrx_word' id='word_1_437' title='bbox 1732 4963 1829 5002; x_wconf 86' lang='lat' dir='ltr'><strong>nec</strong></span> <span class='ocrx_word' id='word_1_438' title='bbox 1856 4948 2062 5005; x_wconf 90' lang='lat' dir='ltr'><strong>litteras</strong></span> <span class='ocrx_word' id='word_1_439' title='bbox 2085 4967 2183 5007; x_wconf 87' lang='lat' dir='ltr'><strong>no-</strong></span> 
     </span>
    </p>
   </div>
   <div class='ocr_carea' id='block_1_68' title="bbox 612 5036 2181 5115">
    <p class='ocr_par' dir='ltr' id='par_1_68' title="bbox 612 5036 2181 5115">
     <span class='ocr_line' id='line_1_68' title="bbox 612 5036 2181 5115; baseline 0.01 -30"><span class='ocrx_word' id='word_1_440' title='bbox 612 5042 768 5096; x_wconf 88' lang='lat' dir='ltr'><strong>stras,</strong></span> <span class='ocrx_word' id='word_1_441' title='bbox 793 5047 925 5101; x_wconf 88' lang='lat' dir='ltr'><strong>quas</strong></span> <span class='ocrx_word' id='word_1_442' title='bbox 944 5049 1037 5100; x_wconf 90' lang='lat' dir='ltr'><strong>per</strong></span> <span class='ocrx_word' id='word_1_443' title='bbox 1059 5049 1153 5091; x_wconf 87' lang='lat' dir='ltr'><strong>eos</strong></span> <span class='ocrx_word' id='word_1_444' title='bbox 1179 5036 1444 5103; x_wconf 89' lang='lat' dir='ltr'><strong>misimus,</strong></span> <span class='ocrx_word' id='word_1_445' title='bbox 1463 5037 1626 5093; x_wconf 90' lang='lat' dir='ltr'><strong>fuisse</strong></span> <span class='ocrx_word' id='word_1_446' title='bbox 1646 5052 1943 5110; x_wconf 87' lang='lat' dir='ltr'><strong>susceptas.</strong></span> <span class='ocrx_word' id='word_1_447' title='bbox 1970 5047 2040 5097; x_wconf 91' lang='lat' dir='ltr'><strong>De</strong></span> <span class='ocrx_word' id='word_1_448' title='bbox 2061 5046 2181 5115; x_wconf 82' lang='lat' dir='ltr'><strong>qui-</strong></span> 
     </span>
    </p>
   </div>
   <div class='ocr_carea' id='block_1_69' title="bbox 612 5123 2190 5203">
    <p class='ocr_par' dir='ltr' id='par_1_69' title="bbox 612 5123 2190 5203">
     <span class='ocr_line' id='line_1_69' title="bbox 612 5123 2190 5203; baseline 0.011 -25"><span class='ocrx_word' id='word_1_449' title='bbox 612 5126 711 5178; x_wconf 87' lang='lat' dir='ltr'><strong>bus</strong></span> <span class='ocrx_word' id='word_1_450' title='bbox 732 5123 979 5179; x_wconf 90' lang='lat' dir='ltr'><strong>omnibus</strong></span> <span class='ocrx_word' id='word_1_451' title='bbox 1010 5127 1077 5181; x_wconf 89' lang='lat' dir='ltr'><strong>ita</strong></span> <span class='ocrx_word' id='word_1_452' title='bbox 1106 5141 1202 5182; x_wconf 86' lang='lat' dir='ltr'><strong>vos</strong></span> <span class='ocrx_word' id='word_1_453' title='bbox 1228 5143 1387 5199; x_wconf 88' lang='lat' dir='ltr'><strong>agere</strong></span> <span class='ocrx_word' id='word_1_454' title='bbox 1413 5130 1781 5186; x_wconf 89' lang='lat' dir='ltr'><strong>desideramus</strong></span> <span class='ocrx_word' id='word_1_455' title='bbox 1820 5134 2103 5203; x_wconf 86' lang='lat' dir='ltr'><strong>instanter,</strong></span> <span class='ocrx_word' id='word_1_456' title='bbox 2134 5147 2190 5195; x_wconf 86' lang='lat' dir='ltr'><strong>ut</strong></span> 
     </span>
    </p>
   </div>
   <div class='ocr_carea' id='block_1_70' title="bbox 613 5215 2192 5292">
    <p class='ocr_par' dir='ltr' id='par_1_70' title="bbox 613 5215 2192 5292">
     <span class='ocr_line' id='line_1_70' title="bbox 613 5215 2192 5292; baseline 0.011 -24"><span class='ocrx_word' id='word_1_457' title='bbox 613 5215 679 5269; x_wconf 88' lang='lat' dir='ltr'><strong>ad</strong></span> <span class='ocrx_word' id='word_1_458' title='bbox 705 5229 801 5269; x_wconf 92' lang='lat' dir='ltr'><strong>nos</strong></span> <span class='ocrx_word' id='word_1_459' title='bbox 822 5216 1017 5270; x_wconf 88' lang='lat' dir='ltr'><strong>caritas</strong></span> <span class='ocrx_word' id='word_1_460' title='bbox 1047 5226 1222 5273; x_wconf 87' lang='lat' dir='ltr'><strong>vestra</strong></span> <span class='ocrx_word' id='word_1_461' title='bbox 1264 5219 1332 5273; x_wconf 89' lang='lat' dir='ltr'><strong>de</strong></span> <span class='ocrx_word' id='word_1_462' title='bbox 1358 5220 1552 5277; x_wconf 86' lang='lat' dir='ltr'><strong>effectu</strong></span> <span class='ocrx_word' id='word_1_463' title='bbox 1599 5219 1755 5292; x_wconf 90' lang='lat' dir='ltr'><strong>hujus</strong></span> <span class='ocrx_word' id='word_1_464' title='bbox 1794 5239 1969 5280; x_wconf 73' lang='lat' dir='ltr'><strong>causa:</strong></span> <span class='ocrx_word' id='word_1_465' title='bbox 2018 5228 2192 5285; x_wconf 85' lang='lat' dir='ltr'><strong>valeat</strong></span> 
     </span>
    </p>
   </div>
   <div class='ocr_carea' id='block_1_71' title="bbox 614 5305 2187 5387">
    <p class='ocr_par' dir='ltr' id='par_1_71' title="bbox 614 5305 2187 5387">
     <span class='ocr_line' id='line_1_71' title="bbox 614 5305 2187 5387; baseline 0.01 -27"><span class='ocrx_word' id='word_1_466' title='bbox 614 5306 714 5360; x_wconf 88' lang='lat' dir='ltr'><strong>sub</strong></span> <span class='ocrx_word' id='word_1_467' title='bbox 767 5305 1039 5362; x_wconf 88' lang='lat' dir='ltr'><strong>celeritate</strong></span> <span class='ocrx_word' id='word_1_468' title='bbox 1089 5308 1405 5367; x_wconf 88' lang='lat' dir='ltr'><strong>rescribere.</strong></span> <span class='ocrx_word' id='word_1_469' title='bbox 1441 5312 1569 5368; x_wconf 87' lang='lat' dir='ltr'><strong>Data</strong></span> <span class='ocrx_word' id='word_1_470' title='bbox 1600 5329 1707 5385; x_wconf 93' lang='lat' dir='ltr'><strong>quo</strong></span> <span class='ocrx_word' id='word_1_471' title='bbox 1750 5329 1911 5387; x_wconf 86' lang='lat' dir='ltr'><strong>supra</strong></span> <span class='ocrx_word' id='word_1_472' title='bbox 1943 5320 2187 5377; x_wconf 87' lang='lat' dir='ltr'><strong>consule.</strong></span> 
     </span>
    </p>
   </div>
   <div class='ocr_carea' id='block_1_72' title="bbox 616 5397 1195 5467">
    <p class='ocr_par' dir='ltr' id='par_1_72' title="bbox 616 5397 1195 5467">
     <span class='ocr_line' id='line_1_72' title="bbox 616 5397 1195 5467; baseline 0.007 -17"><span class='ocrx_word' id='word_1_473' title='bbox 616 5400 782 5467; x_wconf 91' lang='lat' dir='ltr'><strong>(anno</strong></span> <span class='ocrx_word' id='word_1_474' title='bbox 801 5397 1010 5454; x_wconf 87' lang='lat' dir='ltr'><strong>Domini</strong></span> <span class='ocrx_word' id='word_1_475' title='bbox 1041 5398 1195 5467; x_wconf 77' lang='grc'><strong>519).</strong></span> 
     </span>
    </p>
   </div>
   <div class='ocr_carea' id='block_1_73' title="bbox 1139 5513 1662 5575">
    <p class='ocr_par' dir='ltr' id='par_1_73' title="bbox 1139 5513 1662 5575">
     <span class='ocr_line' id='line_1_73' title="bbox 1139 5513 1662 5575; baseline 0.011 -8"><span class='ocrx_word' id='word_1_476' title='bbox 1139 5513 1467 5571; x_wconf 76' lang='lat' dir='ltr'><strong>EPISTULA</strong></span> <span class='ocrx_word' id='word_1_477' title='bbox 1512 5519 1662 5575; x_wconf 83' lang='lat' dir='ltr'><strong>LVII.</strong></span> 
     </span>
    </p>
   </div>
   <div class='ocr_carea' id='block_1_74' title="bbox 1067 5622 1758 5671">
    <p class='ocr_par' dir='ltr' id='par_1_74' title="bbox 1067 5622 1758 5671">
     <span class='ocr_line' id='line_1_74' title="bbox 1067 5622 1758 5671; baseline 0.016 -11"><span class='ocrx_word' id='word_1_478' title='bbox 1067 5623 1128 5660; x_wconf 61' lang='grc' dir='ltr'><strong>εἰ)</strong></span> <span class='ocrx_word' id='word_1_479' title='bbox 1163 5622 1415 5663; x_wconf 69' lang='lat' dir='ltr'><strong>JUSTINUM</strong></span> <span class='ocrx_word' id='word_1_480' title='bbox 1459 5626 1758 5671; x_wconf 69' lang='grc' dir='ltr'><strong>Αυθυετωι.</strong></span> 
     </span>
    </p>
   </div>
   <div class='ocr_carea' id='block_1_75' title="bbox 694 5696 2121 5771">
    <p class='ocr_par' dir='ltr' id='par_1_75' title="bbox 694 5696 2121 5771">
     <span class='ocr_line' id='line_1_75' title="bbox 694 5696 2121 5771; baseline 0.013 -20"><span class='ocrx_word' id='word_1_481' title='bbox 694 5696 760 5751; x_wconf 87' lang='lat' dir='ltr'><strong>Ut</strong></span> <span class='ocrx_word' id='word_1_482' title='bbox 786 5698 891 5750; x_wconf 71' lang='lat' dir='ltr'><strong>suis</strong></span> <span class='ocrx_word' id='word_1_483' title='bbox 914 5699 1112 5753; x_wconf 79' lang='lat' dir='ltr'><strong>sedibus</strong></span> <span class='ocrx_word' id='word_1_484' title='bbox 1137 5700 1358 5771; x_wconf 75' lang='lat' dir='ltr'><strong>Heliam,</strong></span> <span class='ocrx_word' id='word_1_485' title='bbox 1390 5702 1682 5758; x_wconf 83' lang='lat' dir='ltr'><strong>Tltomntcm</strong></span> <span class='ocrx_word' id='word_1_486' title='bbox 1706 5719 1750 5761; x_wconf 87' lang='lat' dir='ltr'><strong>et</strong></span> <span class='ocrx_word' id='word_1_487' title='bbox 1778 5708 2121 5770; x_wconf 78' lang='lat' dir='ltr'><strong>Nicostratum</strong></span> 
     </span>
    </p>
   </div>
   <div class='ocr_carea' id='block_1_76' title="bbox 1142 5774 1650 5829">
    <p class='ocr_par' dir='ltr' id='par_1_76' title="bbox 1142 5774 1650 5829">
     <span class='ocr_line' id='line_1_76' title="bbox 1142 5774 1650 5829; baseline 0.01 -7"><span class='ocrx_word' id='word_1_488' title='bbox 1142 5774 1277 5827; x_wconf 72' lang='lat' dir='ltr'><strong>resti:</strong></span> <span class='ocrx_word' id='word_1_489' title='bbox 1291 5777 1482 5829; x_wconf 85' lang='lat' dir='ltr'><strong>uendos</strong></span> <span class='ocrx_word' id='word_1_490' title='bbox 1510 5788 1650 5829; x_wconf 68' lang='lat' dir='ltr'><strong>clue!</strong></span> 
     </span>
    </p>
   </div>
   <div class='ocr_carea' id='block_1_77' title="bbox 694 5856 1453 5936">
    <p class='ocr_par' dir='ltr' id='par_1_77' title="bbox 694 5856 1453 5936">
     <span class='ocr_line' id='line_1_77' title="bbox 694 5856 1453 5936; baseline 0.011 -23"><span class='ocrx_word' id='word_1_491' title='bbox 694 5856 973 5918; x_wconf 80' lang='lat' dir='ltr'><strong>llormisda</strong></span> <span class='ocrx_word' id='word_1_492' title='bbox 1004 5862 1030 5915; x_wconf 81' lang='lat' dir='ltr'><strong>.l</strong></span> <span class='ocrx_word' id='word_1_493' title='bbox 1038 5870 1155 5915; x_wconf 79' lang='lat' dir='ltr'><strong>usto</strong></span> <span class='ocrx_word' id='word_1_494' title='bbox 1200 5866 1453 5936; x_wconf 77' lang='lat' dir='ltr'><strong>Augusto.</strong></span> 
     </span>
    </p>
   </div>
   <div class='ocr_carea' id='block_1_78' title="bbox 2195 3276 2244 3332">
    <p class='ocr_par' dir='ltr' id='par_1_78' title="bbox 2195 3276 2244 3332">
     <span class='ocr_line' id='line_1_78' title="bbox 2195 3276 2244 3332; baseline 0 0"><span class='ocrx_word' id='word_1_495' title='bbox 2195 3276 2244 3332; x_wconf 69' lang='grc' dir='ltr'><strong>Β</strong></span> 
     </span>
    </p>
   </div>
   <div class='ocr_carea' id='block_1_79' title="bbox 2255 1978 3834 2049">
    <p class='ocr_par' dir='ltr' id='par_1_79' title="bbox 2255 1978 3834 2049">
     <span class='ocr_line' id='line_1_79' title="bbox 2255 1978 3834 2049; baseline -0.001 -13"><span class='ocrx_word' id='word_1_496' title='bbox 2255 1982 2322 2036; x_wconf 92' lang='lat' dir='ltr'><strong>de</strong></span> <span class='ocrx_word' id='word_1_497' title='bbox 2352 1979 2723 2035; x_wconf 57' lang='lat' dir='ltr'><strong>hereticorum</strong></span> <span class='ocrx_word' id='word_1_498' title='bbox 2742 1979 2981 2049; x_wconf 90' lang='lat' dir='ltr'><strong>quotidie</strong></span> <span class='ocrx_word' id='word_1_499' title='bbox 3006 1978 3364 2033; x_wconf 89' lang='lat' dir='ltr'><strong>conversione</strong></span> <span class='ocrx_word' id='word_1_500' title='bbox 3396 1978 3676 2047; x_wconf 70' lang='lat' dir='ltr'><strong>prmstatis,</strong></span> <span class='ocrx_word' id='word_1_501' title='bbox 3704 1995 3834 2047; x_wconf 77' lang='lat' dir='ltr'><strong>prm-</strong></span> 
     </span>
    </p>
   </div>
   <div class='ocr_carea' id='block_1_80' title="bbox 2254 2068 3833 2140">
    <p class='ocr_par' dir='ltr' id='par_1_80' title="bbox 2254 2068 3833 2140">
     <span class='ocr_line' id='line_1_80' title="bbox 2254 2068 3833 2140; baseline 0 -16"><span class='ocrx_word' id='word_1_502' title='bbox 2254 2070 2483 2126; x_wconf 90' lang='lat' dir='ltr'><strong>fatorum</strong></span> <span class='ocrx_word' id='word_1_503' title='bbox 2501 2068 3081 2140; x_wconf 88' lang='lat' dir='ltr'><strong>abjectiointoleranda</strong></span> <span class='ocrx_word' id='word_1_504' title='bbox 3098 2068 3406 2135; x_wconf 89' lang='lat' dir='ltr'><strong>conturbet,</strong></span> <span class='ocrx_word' id='word_1_505' title='bbox 3438 2069 3561 2139; x_wconf 89' lang='lat' dir='ltr'><strong>quia</strong></span> <span class='ocrx_word' id='word_1_506' title='bbox 3588 2084 3692 2124; x_wconf 91' lang='lat' dir='ltr'><strong>non</strong></span> <span class='ocrx_word' id='word_1_507' title='bbox 3722 2069 3833 2124; x_wconf 88' lang='lat' dir='ltr'><strong>sola</strong></span> 
     </span>
    </p>
   </div>
   <div class='ocr_carea' id='block_1_81' title="bbox 2258 2159 3836 2232">
    <p class='ocr_par' dir='ltr' id='par_1_81' title="bbox 2258 2159 3836 2232">
     <span class='ocr_line' id='line_1_81' title="bbox 2258 2159 3836 2232; baseline 0.001 -16"><span class='ocrx_word' id='word_1_508' title='bbox 2258 2176 2607 2232; x_wconf 87' lang='lat' dir='ltr'><strong>personarum</strong></span> <span class='ocrx_word' id='word_1_509' title='bbox 2624 2175 2724 2215; x_wconf 89' lang='lat' dir='ltr'><strong>nos</strong></span> <span class='ocrx_word' id='word_1_510' title='bbox 2743 2175 2903 2215; x_wconf 88' lang='lat' dir='ltr'><strong>causa</strong></span> <span class='ocrx_word' id='word_1_511' title='bbox 2933 2159 3210 2228; x_wconf 86' lang='lat' dir='ltr'><strong>sollicitat,</strong></span> <span class='ocrx_word' id='word_1_512' title='bbox 3239 2159 3433 2229; x_wconf 90' lang='lat' dir='ltr'><strong>quibus</strong></span> <span class='ocrx_word' id='word_1_513' title='bbox 3468 2169 3521 2214; x_wconf 88' lang='lat' dir='ltr'><strong>et</strong></span> <span class='ocrx_word' id='word_1_514' title='bbox 3548 2159 3674 2215; x_wconf 91' lang='lat' dir='ltr'><strong>boni</strong></span> <span class='ocrx_word' id='word_1_515' title='bbox 3715 2161 3836 2217; x_wconf 90' lang='lat' dir='ltr'><strong>facti</strong></span> 
     </span>
    </p>
   </div>
   <div class='ocr_carea' id='block_1_82' title="bbox 2256 2252 3837 2323">
    <p class='ocr_par' dir='ltr' id='par_1_82' title="bbox 2256 2252 3837 2323">
     <span class='ocr_line' id='line_1_82' title="bbox 2256 2252 3837 2323; baseline 0.001 -14"><span class='ocrx_word' id='word_1_516' title='bbox 2256 2253 2416 2309; x_wconf 89' lang='lat' dir='ltr'><strong>simul</strong></span> <span class='ocrx_word' id='word_1_517' title='bbox 2442 2254 2690 2309; x_wconf 88' lang='lat' dir='ltr'><strong>sufficere</strong></span> <span class='ocrx_word' id='word_1_518' title='bbox 2710 2253 2879 2322; x_wconf 89' lang='lat' dir='ltr'><strong>gloria</strong></span> <span class='ocrx_word' id='word_1_519' title='bbox 2908 2262 3091 2323; x_wconf 85' lang='lat' dir='ltr'><strong>posset</strong></span> <span class='ocrx_word' id='word_1_520' title='bbox 3120 2260 3176 2307; x_wconf 89' lang='lat' dir='ltr'><strong>et</strong></span> <span class='ocrx_word' id='word_1_521' title='bbox 3202 2253 3376 2308; x_wconf 92' lang='lat' dir='ltr'><strong>meriti</strong></span> <span class='ocrx_word' id='word_1_522' title='bbox 3404 2269 3418 2308; x_wconf 94' lang='lat'><strong>:</strong></span> <span class='ocrx_word' id='word_1_523' title='bbox 3459 2252 3552 2309; x_wconf 92' lang='lat' dir='ltr'><strong>sed</strong></span> <span class='ocrx_word' id='word_1_524' title='bbox 3582 2252 3723 2323; x_wconf 91' lang='lat' dir='ltr'><strong>quod</strong></span> <span class='ocrx_word' id='word_1_525' title='bbox 3751 2269 3837 2310; x_wconf 84' lang='lat' dir='ltr'><strong>ve-</strong></span> 
     </span>
    </p>
   </div>
   <div class='ocr_carea' id='block_1_83' title="bbox 2259 2347 3838 2410">
    <p class='ocr_par' dir='ltr' id='par_1_83' title="bbox 2259 2347 3838 2410">
     <span class='ocr_line' id='line_1_83' title="bbox 2259 2347 3838 2410; baseline -0.001 -7"><span class='ocrx_word' id='word_1_526' title='bbox 2259 2348 2578 2403; x_wconf 89' lang='lat' dir='ltr'><strong>nerabilium</strong></span> <span class='ocrx_word' id='word_1_527' title='bbox 2625 2347 2918 2402; x_wconf 88' lang='lat' dir='ltr'><strong>constituta</strong></span> <span class='ocrx_word' id='word_1_528' title='bbox 2965 2360 3234 2401; x_wconf 90' lang='lat' dir='ltr'><strong>canonum</strong></span> <span class='ocrx_word' id='word_1_529' title='bbox 3288 2353 3736 2410; x_wconf 88' lang='lat' dir='ltr'><strong>contemnuntur,</strong></span> <span class='ocrx_word' id='word_1_530' title='bbox 3782 2355 3838 2401; x_wconf 88' lang='lat' dir='ltr'><strong>et</strong></span> 
     </span>
    </p>
   </div>
   <div class='ocr_carea' id='block_1_84' title="bbox 2260 2429 3838 2509">
    <p class='ocr_par' dir='ltr' id='par_1_84' title="bbox 2260 2429 3838 2509">
     <span class='ocr_line' id='line_1_84' title="bbox 2260 2429 3838 2509; baseline -0.001 -16"><span class='ocrx_word' id='word_1_531' title='bbox 2260 2439 2402 2509; x_wconf 91' lang='lat' dir='ltr'><strong>quod</strong></span> <span class='ocrx_word' id='word_1_532' title='bbox 2446 2454 2551 2493; x_wconf 91' lang='lat' dir='ltr'><strong>non</strong></span> <span class='ocrx_word' id='word_1_533' title='bbox 2584 2453 2801 2507; x_wconf 89' lang='lat' dir='ltr'><strong>parvam</strong></span> <span class='ocrx_word' id='word_1_534' title='bbox 2837 2448 3025 2493; x_wconf 91' lang='lat' dir='ltr'><strong>eorum</strong></span> <span class='ocrx_word' id='word_1_535' title='bbox 3079 2436 3311 2507; x_wconf 87' lang='lat' dir='ltr'><strong>abjectio</strong></span> <span class='ocrx_word' id='word_1_536' title='bbox 3357 2429 3663 2506; x_wconf 75' lang='lat' dir='ltr'><strong>apostolica:</strong></span> <span class='ocrx_word' id='word_1_537' title='bbox 3696 2437 3838 2493; x_wconf 83' lang='lat' dir='ltr'><strong>sedis</strong></span> 
     </span>
    </p>
   </div>
   <div class='ocr_carea' id='block_1_85' title="bbox 2262 2527 3839 2600">
    <p class='ocr_par' dir='ltr' id='par_1_85' title="bbox 2262 2527 3839 2600">
     <span class='ocr_line' id='line_1_85' title="bbox 2262 2527 3839 2600; baseline -0.002 -15"><span class='ocrx_word' id='word_1_538' title='bbox 2262 2532 2428 2600; x_wconf 86' lang='lat' dir='ltr'><strong>tangit</strong></span> <span class='ocrx_word' id='word_1_539' title='bbox 2456 2529 2728 2600; x_wconf 90' lang='lat' dir='ltr'><strong>injuriam,</strong></span> <span class='ocrx_word' id='word_1_540' title='bbox 2759 2544 2859 2584; x_wconf 90' lang='lat' dir='ltr'><strong>nec</strong></span> <span class='ocrx_word' id='word_1_541' title='bbox 2879 2527 3294 2584; x_wconf 86' lang='lat' dir='ltr'><strong>Christianitatis</strong></span> <span class='ocrx_word' id='word_1_542' title='bbox 3324 2536 3517 2583; x_wconf 79' lang='lat' dir='ltr'><strong>vestra:</strong></span> <span class='ocrx_word' id='word_1_543' title='bbox 3540 2528 3839 2597; x_wconf 88' lang='lat' dir='ltr'><strong>sinceritas,</strong></span> 
     </span>
    </p>
   </div>
   <div class='ocr_carea' id='block_1_86' title="bbox 2262 2621 3840 2692">
    <p class='ocr_par' dir='ltr' id='par_1_86' title="bbox 2262 2621 3840 2692">
     <span class='ocr_line' id='line_1_86' title="bbox 2262 2621 3840 2692; baseline 0.001 -17"><span class='ocrx_word' id='word_1_544' title='bbox 2262 2637 2365 2691; x_wconf 85' lang='lat' dir='ltr'><strong>qua</strong></span> <span class='ocrx_word' id='word_1_545' title='bbox 2406 2630 2460 2676; x_wconf 90' lang='lat' dir='ltr'><strong>et</strong></span> <span class='ocrx_word' id='word_1_546' title='bbox 2503 2636 2751 2692; x_wconf 87' lang='lat' dir='ltr'><strong>magnum</strong></span> <span class='ocrx_word' id='word_1_547' title='bbox 2806 2621 3160 2690; x_wconf 88' lang='lat' dir='ltr'><strong>patrocinium</strong></span> <span class='ocrx_word' id='word_1_548' title='bbox 3212 2622 3486 2676; x_wconf 90' lang='lat' dir='ltr'><strong>veteribus</strong></span> <span class='ocrx_word' id='word_1_549' title='bbox 3541 2622 3840 2678; x_wconf 91' lang='lat' dir='ltr'><strong>constitutis</strong></span> 
     </span>
    </p>
   </div>
   <div class='ocr_carea' id='block_1_87' title="bbox 2269 2712 3843 2784">
    <p class='ocr_par' dir='ltr' id='par_1_87' title="bbox 2269 2712 3843 2784">
     <span class='ocr_line' id='line_1_87' title="bbox 2269 2712 3843 2784; baseline 0.003 -17"><span class='ocrx_word' id='word_1_550' title='bbox 2269 2713 2596 2782; x_wconf 89' lang='lat' dir='ltr'><strong>impenditis.</strong></span> <span class='ocrx_word' id='word_1_551' title='bbox 2632 2722 2686 2768; x_wconf 92' lang='lat' dir='ltr'><strong>et</strong></span> <span class='ocrx_word' id='word_1_552' title='bbox 2711 2712 2855 2767; x_wconf 89' lang='lat' dir='ltr'><strong>sedis</strong></span> <span class='ocrx_word' id='word_1_553' title='bbox 2882 2713 3191 2784; x_wconf 59' lang='lat' dir='ltr'><strong>apostolicae</strong></span> <span class='ocrx_word' id='word_1_554' title='bbox 3214 2714 3566 2784; x_wconf 87' lang='lat' dir='ltr'><strong>principatum</strong></span> <span class='ocrx_word' id='word_1_555' title='bbox 3598 2726 3715 2770; x_wconf 88' lang='lat' dir='ltr'><strong>acta</strong></span> <span class='ocrx_word' id='word_1_556' title='bbox 3747 2730 3843 2771; x_wconf 90' lang='lat' dir='ltr'><strong>no-</strong></span> 
     </span>
    </p>
   </div>
   <div class='ocr_carea' id='block_1_88' title="bbox 2267 2803 3843 2878">
    <p class='ocr_par' dir='ltr' id='par_1_88' title="bbox 2267 2803 3843 2878">
     <span class='ocr_line' id='line_1_88' title="bbox 2267 2803 3843 2878; baseline 0.004 -21"><span class='ocrx_word' id='word_1_557' title='bbox 2267 2803 2401 2858; x_wconf 85' lang='lat' dir='ltr'><strong>viter</strong></span> <span class='ocrx_word' id='word_1_558' title='bbox 2420 2804 2765 2859; x_wconf 89' lang='lat' dir='ltr'><strong>veneratione</strong></span> <span class='ocrx_word' id='word_1_559' title='bbox 2811 2805 3055 2871; x_wconf 90' lang='lat' dir='ltr'><strong>sancitis,</strong></span> <span class='ocrx_word' id='word_1_560' title='bbox 3090 2819 3198 2860; x_wconf 92' lang='lat' dir='ltr'><strong>uno</strong></span> <span class='ocrx_word' id='word_1_561' title='bbox 3245 2806 3715 2878; x_wconf 79' lang='lat' dir='ltr'><strong>inexpugnabilem</strong></span> <span class='ocrx_word' id='word_1_562' title='bbox 3756 2822 3843 2864; x_wconf 83' lang='lat' dir='ltr'><strong>re-</strong></span> 
     </span>
    </p>
   </div>
   <div class='ocr_carea' id='block_1_89' title="bbox 2266 2893 3375 2967">
    <p class='ocr_par' dir='ltr' id='par_1_89' title="bbox 2266 2893 3375 2967">
     <span class='ocr_line' id='line_1_89' title="bbox 2266 2893 3375 2967; baseline 0.006 -20"><span class='ocrx_word' id='word_1_563' title='bbox 2266 2893 2471 2964; x_wconf 91' lang='lat' dir='ltr'><strong>linquat</strong></span> <span class='ocrx_word' id='word_1_564' title='bbox 2500 2896 2728 2965; x_wconf 88' lang='lat' dir='ltr'><strong>posteris</strong></span> <span class='ocrx_word' id='word_1_565' title='bbox 2757 2896 2974 2964; x_wconf 86' lang='lat' dir='ltr'><strong>negotio</strong></span> <span class='ocrx_word' id='word_1_566' title='bbox 3003 2897 3375 2967; x_wconf 87' lang='lat' dir='ltr'><strong>quaestionem.</strong></span> 
     </span>
    </p>
   </div>
   <div class='ocr_carea' id='block_1_90' title="bbox 2788 3006 3328 3065">
    <p class='ocr_par' dir='ltr' id='par_1_90' title="bbox 2788 3006 3328 3065">
     <span class='ocr_line' id='line_1_90' title="bbox 2788 3006 3328 3065; baseline 0.007 -4"><span class='ocrx_word' id='word_1_567' title='bbox 2788 3006 3122 3064; x_wconf 84' lang='lat' dir='ltr'><strong>EPISTOLA</strong></span> <span class='ocrx_word' id='word_1_568' title='bbox 3148 3008 3328 3065; x_wconf 85' lang='lat' dir='ltr'><strong>LVIII.</strong></span> 
     </span>
    </p>
   </div>
   <div class='ocr_carea' id='block_1_91' title="bbox 2699 3117 3401 3159">
    <p class='ocr_par' dir='ltr' id='par_1_91' title="bbox 2699 3117 3401 3159">
     <span class='ocr_line' id='line_1_91' title="bbox 2699 3117 3401 3159; baseline 0.006 -4"><span class='ocrx_word' id='word_1_569' title='bbox 2699 3117 2765 3155; x_wconf 75' lang='lat' dir='ltr'><strong>AD</strong></span> <span class='ocrx_word' id='word_1_570' title='bbox 2791 3117 3094 3156; x_wconf 67' lang='lat' dir='ltr'><strong>EUPHEIIIAM</strong></span> <span class='ocrx_word' id='word_1_571' title='bbox 3125 3119 3401 3159; x_wconf 73' lang='lat' dir='ltr'><strong>AUGUSTAII</strong></span> 
     </span>
    </p>
   </div>
   <div class='ocr_carea' id='block_1_92' title="bbox 2274 3210 3846 3286">
    <p class='ocr_par' dir='ltr' id='par_1_92' title="bbox 2274 3210 3846 3286">
     <span class='ocr_line' id='line_1_92' title="bbox 2274 3210 3846 3286; baseline 0.008 -21"><span class='ocrx_word' id='word_1_572' title='bbox 2274 3210 2555 3282; x_wconf 81' lang='lat' dir='ltr'><strong>Perpetuus</strong></span> <span class='ocrx_word' id='word_1_573' title='bbox 2577 3228 2667 3286; x_wconf 74' lang='lat' dir='ltr'><strong>pro</strong></span> <span class='ocrx_word' id='word_1_574' title='bbox 2684 3210 2981 3286; x_wconf 54' lang='lat' dir='ltr'><strong>Euphemire</strong></span> <span class='ocrx_word' id='word_1_575' title='bbox 2998 3225 3044 3268; x_wconf 85' lang='lat' dir='ltr'><strong>ct</strong></span> <span class='ocrx_word' id='word_1_576' title='bbox 3070 3217 3179 3286; x_wconf 83' lang='lat' dir='ltr'><strong>ejus</strong></span> <span class='ocrx_word' id='word_1_577' title='bbox 3204 3218 3300 3270; x_wconf 84' lang='lat' dir='ltr'><strong>viri</strong></span> <span class='ocrx_word' id='word_1_578' title='bbox 3321 3218 3483 3271; x_wconf 84' lang='lat' dir='ltr'><strong>salute</strong></span> <span class='ocrx_word' id='word_1_579' title='bbox 3512 3220 3579 3271; x_wconf 92' lang='lat' dir='ltr'><strong>ad</strong></span> <span class='ocrx_word' id='word_1_580' title='bbox 3613 3217 3772 3274; x_wconf 85' lang='lat' dir='ltr'><strong>Deum</strong></span> <span class='ocrx_word' id='word_1_581' title='bbox 3795 3237 3846 3279; x_wconf 78' lang='lat' dir='ltr'><strong>sa</strong></span> 
     </span>
    </p>
   </div>
   <div class='ocr_carea' id='block_1_93' title="bbox 2378 3283 3740 3351">
    <p class='ocr_par' dir='ltr' id='par_1_93' title="bbox 2378 3283 3740 3351">
     <span class='ocr_line' id='line_1_93' title="bbox 2378 3283 3740 3351; baseline 0.007 -16"><span class='ocrx_word' id='word_1_582' title='bbox 2378 3299 2551 3351; x_wconf 83' lang='lat' dir='ltr'><strong>preces</strong></span> <span class='ocrx_word' id='word_1_583' title='bbox 2580 3283 2865 3349; x_wconf 75' lang='lat' dir='ltr'><strong>e/fundere.</strong></span> <span class='ocrx_word' id='word_1_584' title='bbox 2898 3283 3156 3341; x_wconf 81' lang='lat' dir='ltr'><strong>Thomam</strong></span> <span class='ocrx_word' id='word_1_585' title='bbox 3178 3298 3228 3342; x_wconf 91' lang='lat' dir='ltr'><strong>et</strong></span> <span class='ocrx_word' id='word_1_586' title='bbox 3257 3288 3383 3342; x_wconf 81' lang='lat' dir='ltr'><strong>alios</strong></span> <span class='ocrx_word' id='word_1_587' title='bbox 3404 3291 3740 3346; x_wconf 85' lang='lat' dir='ltr'><strong>commendat.</strong></span> 
     </span>
    </p>
   </div>
   <div class='ocr_carea' id='block_1_94' title="bbox 2343 3397 3277 3471">
    <p class='ocr_par' dir='ltr' id='par_1_94' title="bbox 2343 3397 3277 3471">
     <span class='ocr_line' id='line_1_94' title="bbox 2343 3397 3277 3471; baseline 0.002 -17"><span class='ocrx_word' id='word_1_588' title='bbox 2343 3397 2627 3454; x_wconf 81' lang='lat' dir='ltr'><strong>Hormisda</strong></span> <span class='ocrx_word' id='word_1_589' title='bbox 2662 3397 2972 3467; x_wconf 74' lang='lat' dir='ltr'><strong>Euphemizc</strong></span> <span class='ocrx_word' id='word_1_590' title='bbox 3007 3399 3277 3471; x_wconf 63' lang='lat' dir='ltr'><strong>Augustae.</strong></span> 
     </span>
    </p>
   </div>
   <div class='ocr_carea' id='block_1_95' title="bbox 2341 3494 3853 3563">
    <p class='ocr_par' dir='ltr' id='par_1_95' title="bbox 2341 3494 3853 3563">
     <span class='ocr_line' id='line_1_95' title="bbox 2341 3494 3853 3563; baseline 0.005 -16"><span class='ocrx_word' id='word_1_591' title='bbox 2341 3494 2510 3547; x_wconf 87' lang='lat' dir='ltr'><strong>Orare</strong></span> <span class='ocrx_word' id='word_1_592' title='bbox 2539 3508 2634 3547; x_wconf 90' lang='lat' dir='ltr'><strong>nos</strong></span> <span class='ocrx_word' id='word_1_593' title='bbox 2661 3501 2716 3548; x_wconf 92' lang='lat' dir='ltr'><strong>et</strong></span> <span class='ocrx_word' id='word_1_594' title='bbox 2764 3508 2861 3563; x_wconf 90' lang='lat' dir='ltr'><strong>pro</strong></span> <span class='ocrx_word' id='word_1_595' title='bbox 2900 3502 3078 3550; x_wconf 88' lang='lat' dir='ltr'><strong>vestra</strong></span> <span class='ocrx_word' id='word_1_596' title='bbox 3124 3496 3491 3552; x_wconf 89' lang='lat' dir='ltr'><strong>incolumitate</strong></span> <span class='ocrx_word' id='word_1_597' title='bbox 3523 3498 3632 3554; x_wconf 90' lang='lat' dir='ltr'><strong>Deo</strong></span> <span class='ocrx_word' id='word_1_598' title='bbox 3671 3507 3853 3555; x_wconf 89' lang='lat' dir='ltr'><strong>nostro</strong></span> 
     </span>
    </p>
   </div>
   <div class='ocr_carea' id='block_1_96' title="bbox 2275 3587 3855 3654">
    <p class='ocr_par' dir='ltr' id='par_1_96' title="bbox 2275 3587 3855 3654">
     <span class='ocr_line' id='line_1_96' title="bbox 2275 3587 3855 3654; baseline 0.006 -15"><span class='ocrx_word' id='word_1_599' title='bbox 2275 3594 2394 3640; x_wconf 90' lang='lat' dir='ltr'><strong>vota</strong></span> <span class='ocrx_word' id='word_1_600' title='bbox 2427 3587 2751 3654; x_wconf 85' lang='lat' dir='ltr'><strong>persolvere,</strong></span> <span class='ocrx_word' id='word_1_601' title='bbox 2782 3602 2902 3641; x_wconf 92' lang='lat' dir='ltr'><strong>cum</strong></span> <span class='ocrx_word' id='word_1_602' title='bbox 2933 3587 3323 3644; x_wconf 84' lang='lat' dir='ltr'><strong>catholicorum</strong></span> <span class='ocrx_word' id='word_1_603' title='bbox 3360 3592 3519 3644; x_wconf 86' lang='lat' dir='ltr'><strong>etiam</strong></span> <span class='ocrx_word' id='word_1_604' title='bbox 3567 3599 3709 3647; x_wconf 74' lang='lat' dir='ltr'><strong>etetu</strong></span> <span class='ocrx_word' id='word_1_605' title='bbox 3739 3594 3855 3648; x_wconf 88' lang='lat' dir='ltr'><strong>sine</strong></span> 
     </span>
    </p>
   </div>
   <div class='ocr_carea' id='block_1_97' title="bbox 2273 3678 3855 3748">
    <p class='ocr_par' dir='ltr' id='par_1_97' title="bbox 2273 3678 3855 3748">
     <span class='ocr_line' id='line_1_97' title="bbox 2273 3678 3855 3748; baseline 0.002 -15"><span class='ocrx_word' id='word_1_606' title='bbox 2273 3678 2572 3733; x_wconf 86' lang='lat' dir='ltr'><strong>cessatione</strong></span> <span class='ocrx_word' id='word_1_607' title='bbox 2601 3679 2927 3748; x_wconf 84' lang='lat' dir='ltr'><strong>pontificum.</strong></span> <span class='ocrx_word' id='word_1_608' title='bbox 2964 3694 3068 3733; x_wconf 90' lang='lat' dir='ltr'><strong>non</strong></span> <span class='ocrx_word' id='word_1_609' title='bbox 3111 3689 3299 3735; x_wconf 73' lang='lat' dir='ltr'><strong>vestra:</strong></span> <span class='ocrx_word' id='word_1_610' title='bbox 3328 3681 3561 3736; x_wconf 90' lang='lat' dir='ltr'><strong>studium</strong></span> <span class='ocrx_word' id='word_1_611' title='bbox 3588 3685 3855 3738; x_wconf 80' lang='lat' dir='ltr'><strong>exoratio-</strong></span> 
     </span>
    </p>
   </div>
   <div class='ocr_carea' id='block_1_98' title="bbox 2276 3768 3856 3840">
    <p class='ocr_par' dir='ltr' id='par_1_98' title="bbox 2276 3768 3856 3840">
     <span class='ocr_line' id='line_1_98' title="bbox 2276 3768 3856 3840; baseline 0.003 -17"><span class='ocrx_word' id='word_1_612' title='bbox 2276 3769 2359 3823; x_wconf 86' lang='lat' dir='ltr'><strong>nis</strong></span> <span class='ocrx_word' id='word_1_613' title='bbox 2381 3768 2591 3833; x_wconf 87' lang='lat' dir='ltr'><strong>invitat,</strong></span> <span class='ocrx_word' id='word_1_614' title='bbox 2626 3770 2719 3824; x_wconf 88' lang='lat' dir='ltr'><strong>sed</strong></span> <span class='ocrx_word' id='word_1_615' title='bbox 2749 3769 2997 3825; x_wconf 82' lang='lat' dir='ltr'><strong>devotum</strong></span> <span class='ocrx_word' id='word_1_616' title='bbox 3028 3781 3187 3839; x_wconf 89' lang='lat' dir='ltr'><strong>atque</strong></span> <span class='ocrx_word' id='word_1_617' title='bbox 3210 3773 3501 3840; x_wconf 86' lang='lat' dir='ltr'><strong>persistens</strong></span> <span class='ocrx_word' id='word_1_618' title='bbox 3524 3772 3574 3827; x_wconf 91' lang='lat' dir='ltr'><strong>in</strong></span> <span class='ocrx_word' id='word_1_619' title='bbox 3603 3773 3856 3828; x_wconf 88' lang='lat' dir='ltr'><strong>ecclesia-</strong></span> 
     </span>
    </p>
   </div>
   <div class='ocr_carea' id='block_1_99' title="bbox 2276 3862 3852 3935">
    <p class='ocr_par' dir='ltr' id='par_1_99' title="bbox 2276 3862 3852 3935">
     <span class='ocr_line' id='line_1_99' title="bbox 2276 3862 3852 3935; baseline 0.004 -20"><span class='ocrx_word' id='word_1_620' title='bbox 2276 3863 2407 3915; x_wconf 82' lang='lat' dir='ltr'><strong>stica</strong></span> <span class='ocrx_word' id='word_1_621' title='bbox 2434 3862 2672 3915; x_wconf 85' lang='lat' dir='ltr'><strong>stimulat</strong></span> <span class='ocrx_word' id='word_1_622' title='bbox 2699 3862 3134 3919; x_wconf 88' lang='lat' dir='ltr'><strong>reconciliatione</strong></span> <span class='ocrx_word' id='word_1_623' title='bbox 3164 3866 3512 3935; x_wconf 88' lang='lat' dir='ltr'><strong>propositum.</strong></span> <span class='ocrx_word' id='word_1_624' title='bbox 3548 3866 3677 3934; x_wconf 86' lang='lat' dir='ltr'><strong>Quis</strong></span> <span class='ocrx_word' id='word_1_625' title='bbox 3708 3868 3852 3923; x_wconf 90' lang='lat' dir='ltr'><strong>enim</strong></span> 
     </span>
    </p>
   </div>
   <div class='ocr_carea' id='block_1_100' title="bbox 2276 3953 3856 4027">
    <p class='ocr_par' dir='ltr' id='par_1_100' title="bbox 2276 3953 3856 4027">
     <span class='ocr_line' id='line_1_100' title="bbox 2276 3953 3856 4027; baseline 0.003 -19"><span class='ocrx_word' id='word_1_626' title='bbox 2276 3953 2344 4008; x_wconf 91' lang='lat' dir='ltr'><strong>ab</strong></span> <span class='ocrx_word' id='word_1_627' title='bbox 2372 3954 2617 4009; x_wconf 66' lang='lat' dir='ltr'><strong>haeretica</strong></span> <span class='ocrx_word' id='word_1_628' title='bbox 2643 3966 2951 4025; x_wconf 85' lang='lat' dir='ltr'><strong>segregatus</strong></span> <span class='ocrx_word' id='word_1_629' title='bbox 2982 3956 3378 4026; x_wconf 84' lang='lat' dir='ltr'><strong>conspiratione</strong></span> <span class='ocrx_word' id='word_1_630' title='bbox 3407 3972 3466 4013; x_wconf 92' lang='lat' dir='ltr'><strong>se</strong></span> <span class='ocrx_word' id='word_1_631' title='bbox 3496 3966 3700 4021; x_wconf 84' lang='lat' dir='ltr'><strong>teneat,</strong></span> <span class='ocrx_word' id='word_1_632' title='bbox 3736 3958 3856 4027; x_wconf 86' lang='lat' dir='ltr'><strong>quis</strong></span> 
     </span>
    </p>
   </div>
   <div class='ocr_carea' id='block_1_101' title="bbox 2277 4045 3861 4121">
    <p class='ocr_par' dir='ltr' id='par_1_101' title="bbox 2277 4045 3861 4121">
     <span class='ocr_line' id='line_1_101' title="bbox 2277 4045 3861 4121; baseline 0.005 -21"><span class='ocrx_word' id='word_1_633' title='bbox 2277 4045 2395 4100; x_wconf 86' lang='lat' dir='ltr'><strong>aliis</strong></span> <span class='ocrx_word' id='word_1_634' title='bbox 2434 4046 2486 4099; x_wconf 92' lang='lat' dir='ltr'><strong>in</strong></span> <span class='ocrx_word' id='word_1_635' title='bbox 2517 4060 2611 4099; x_wconf 90' lang='lat' dir='ltr'><strong>sua</strong></span> <span class='ocrx_word' id='word_1_636' title='bbox 2670 4054 2852 4101; x_wconf 86' lang='lat' dir='ltr'><strong>utatur</strong></span> <span class='ocrx_word' id='word_1_637' title='bbox 2887 4047 3261 4117; x_wconf 87' lang='lat' dir='ltr'><strong>deprecatione</strong></span> <span class='ocrx_word' id='word_1_638' title='bbox 3303 4051 3607 4121; x_wconf 90' lang='lat' dir='ltr'><strong>principiis,</strong></span> <span class='ocrx_word' id='word_1_639' title='bbox 3655 4053 3757 4107; x_wconf 90' lang='lat' dir='ltr'><strong>nisi</strong></span> <span class='ocrx_word' id='word_1_640' title='bbox 3803 4062 3861 4108; x_wconf 91' lang='lat' dir='ltr'><strong>ut</strong></span> 
     </span>
    </p>
   </div>
   <div class='ocr_carea' id='block_1_102' title="bbox 2281 4136 3861 4211">
    <p class='ocr_par' dir='ltr' id='par_1_102' title="bbox 2281 4136 3861 4211">
     <span class='ocr_line' id='line_1_102' title="bbox 2281 4136 3861 4211; baseline 0.007 -22"><span class='ocrx_word' id='word_1_641' title='bbox 2281 4136 2433 4191; x_wconf 89' lang='lat' dir='ltr'><strong>vobis</strong></span> <span class='ocrx_word' id='word_1_642' title='bbox 2458 4137 2910 4207; x_wconf 88' lang='lat' dir='ltr'><strong>serenissimoque</strong></span> <span class='ocrx_word' id='word_1_643' title='bbox 2937 4141 3161 4211; x_wconf 90' lang='lat' dir='ltr'><strong>principi</strong></span> <span class='ocrx_word' id='word_1_644' title='bbox 3181 4141 3345 4211; x_wconf 84' lang='lat' dir='ltr'><strong>jugali</strong></span> <span class='ocrx_word' id='word_1_645' title='bbox 3372 4154 3555 4198; x_wconf 87' lang='lat' dir='ltr'><strong>vestro</strong></span> <span class='ocrx_word' id='word_1_646' title='bbox 3582 4154 3636 4198; x_wconf 90' lang='lat' dir='ltr'><strong>et</strong></span> <span class='ocrx_word' id='word_1_647' title='bbox 3664 4146 3767 4199; x_wconf 86' lang='lat' dir='ltr'><strong>vita</strong></span> <span class='ocrx_word' id='word_1_648' title='bbox 3791 4145 3861 4200; x_wconf 87' lang='lat' dir='ltr'><strong>sit</strong></span> 
     </span>
    </p>
   </div>
   <div class='ocr_carea' id='block_1_103' title="bbox 2281 4227 3861 4305">
    <p class='ocr_par' dir='ltr' id='par_1_103' title="bbox 2281 4227 3861 4305">
     <span class='ocr_line' id='line_1_103' title="bbox 2281 4227 3861 4305; baseline 0.006 -22"><span class='ocrx_word' id='word_1_649' title='bbox 2281 4227 2508 4298; x_wconf 82' lang='lat' dir='ltr'><strong>longior,</strong></span> <span class='ocrx_word' id='word_1_650' title='bbox 2541 4238 2597 4283; x_wconf 90' lang='lat' dir='ltr'><strong>et</strong></span> <span class='ocrx_word' id='word_1_651' title='bbox 2622 4231 2687 4284; x_wconf 90' lang='lat' dir='ltr'><strong>ad</strong></span> <span class='ocrx_word' id='word_1_652' title='bbox 2714 4232 3087 4301; x_wconf 90' lang='lat' dir='ltr'><strong>prosperitatis</strong></span> <span class='ocrx_word' id='word_1_653' title='bbox 3116 4247 3457 4304; x_wconf 87' lang='lat' dir='ltr'><strong>augmentum</strong></span> <span class='ocrx_word' id='word_1_654' title='bbox 3489 4241 3655 4305; x_wconf 88' lang='lat' dir='ltr'><strong>gratia</strong></span> <span class='ocrx_word' id='word_1_655' title='bbox 3683 4239 3861 4293; x_wconf 87' lang='lat' dir='ltr'><strong>divina</strong></span> 
     </span>
    </p>
   </div>
   <div class='ocr_carea' id='block_1_104' title="bbox 2282 4320 3859 4396">
    <p class='ocr_par' dir='ltr' id='par_1_104' title="bbox 2282 4320 3859 4396">
     <span class='ocr_line' id='line_1_104' title="bbox 2282 4320 3859 4396; baseline 0.008 -22"><span class='ocrx_word' id='word_1_656' title='bbox 2282 4320 2576 4389; x_wconf 83' lang='lat' dir='ltr'><strong>proximior</strong></span> <span class='ocrx_word' id='word_1_657' title='bbox 2602 4361 2619 4387; x_wconf 91' lang='lat'><strong>,</strong></span> <span class='ocrx_word' id='word_1_658' title='bbox 2651 4324 2740 4391; x_wconf 90' lang='lat' dir='ltr'><strong>qui</strong></span> <span class='ocrx_word' id='word_1_659' title='bbox 2769 4322 2914 4375; x_wconf 88' lang='lat' dir='ltr'><strong>initia</strong></span> <span class='ocrx_word' id='word_1_660' title='bbox 2944 4322 3113 4378; x_wconf 76' lang='lat' dir='ltr'><strong>felicis</strong></span> <span class='ocrx_word' id='word_1_661' title='bbox 3152 4325 3361 4393; x_wconf 82' lang='lat' dir='ltr'><strong>imperii</strong></span> <span class='ocrx_word' id='word_1_662' title='bbox 3410 4326 3677 4396; x_wconf 90' lang='lat' dir='ltr'><strong>plectendi</strong></span> <span class='ocrx_word' id='word_1_663' title='bbox 3706 4346 3859 4385; x_wconf 73' lang='lat' dir='ltr'><strong>exse-</strong></span> 
     </span>
    </p>
   </div>
   <div class='ocr_carea' id='block_1_105' title="bbox 2282 4411 3864 4482">
    <p class='ocr_par' dir='ltr' id='par_1_105' title="bbox 2282 4411 3864 4482">
     <span class='ocr_line' id='line_1_105' title="bbox 2282 4411 3864 4482; baseline 0.007 -18"><span class='ocrx_word' id='word_1_664' title='bbox 2282 4411 2611 4465; x_wconf 79' lang='lat' dir='ltr'><strong>cratiOnibus</strong></span> <span class='ocrx_word' id='word_1_665' title='bbox 2650 4413 3005 4468; x_wconf 90' lang='lat' dir='ltr'><strong>consecrastis</strong></span> <span class='ocrx_word' id='word_1_666' title='bbox 3045 4416 3273 4482; x_wconf 88' lang='lat' dir='ltr'><strong>erroris,</strong></span> <span class='ocrx_word' id='word_1_667' title='bbox 3306 4426 3360 4471; x_wconf 92' lang='lat' dir='ltr'><strong>et</strong></span> <span class='ocrx_word' id='word_1_668' title='bbox 3388 4419 3608 4473; x_wconf 87' lang='lat' dir='ltr'><strong>amicam</strong></span> <span class='ocrx_word' id='word_1_669' title='bbox 3649 4420 3864 4475; x_wconf 87' lang='lat' dir='ltr'><strong>diabolo</strong></span> 
     </span>
    </p>
   </div>
   <div class='ocr_carea' id='block_1_106' title="bbox 2284 4503 3866 4573">
    <p class='ocr_par' dir='ltr' id='par_1_106' title="bbox 2284 4503 3866 4573">
     <span class='ocr_line' id='line_1_106' title="bbox 2284 4503 3866 4573; baseline 0.008 -18"><span class='ocrx_word' id='word_1_670' title='bbox 2284 4503 2497 4573; x_wconf 83' lang='lat' dir='ltr'><strong>pacifica</strong></span> <span class='ocrx_word' id='word_1_671' title='bbox 2523 4505 2801 4572; x_wconf 87' lang='lat' dir='ltr'><strong>expulistis</strong></span> <span class='ocrx_word' id='word_1_672' title='bbox 2828 4506 3122 4561; x_wconf 89' lang='lat' dir='ltr'><strong>intentione</strong></span> <span class='ocrx_word' id='word_1_673' title='bbox 3142 4509 3461 4564; x_wconf 87' lang='lat' dir='ltr'><strong>discordiam</strong></span> <span class='ocrx_word' id='word_1_674' title='bbox 3489 4511 3511 4565; x_wconf 86' lang='lat'><strong>?</strong></span> <span class='ocrx_word' id='word_1_675' title='bbox 3542 4511 3693 4567; x_wconf 84' lang='lat' dir='ltr'><strong>Unde</strong></span> <span class='ocrx_word' id='word_1_676' title='bbox 3725 4528 3866 4568; x_wconf 91' lang='lat' dir='ltr'><strong>nunc</strong></span> 
     </span>
    </p>
   </div>
   <div class='ocr_carea' id='block_1_107' title="bbox 2284 4593 3864 4672">
    <p class='ocr_par' dir='ltr' id='par_1_107' title="bbox 2284 4593 3864 4672">
     <span class='ocr_line' id='line_1_107' title="bbox 2284 4593 3864 4672; baseline 0.008 -23"><span class='ocrx_word' id='word_1_677' title='bbox 2284 4593 2437 4649; x_wconf 86' lang='lat' dir='ltr'><strong>decet</strong></span> <span class='ocrx_word' id='word_1_678' title='bbox 2465 4610 2559 4649; x_wconf 87' lang='lat' dir='ltr'><strong>vos</strong></span> <span class='ocrx_word' id='word_1_679' title='bbox 2591 4595 2945 4652; x_wconf 90' lang='lat' dir='ltr'><strong>laudabilibus</strong></span> <span class='ocrx_word' id='word_1_680' title='bbox 2975 4600 3167 4669; x_wconf 77' lang='lat' dir='ltr'><strong>ereptis</strong></span> <span class='ocrx_word' id='word_1_681' title='bbox 3190 4602 3458 4670; x_wconf 84' lang='lat' dir='ltr'><strong>insistere,</strong></span> <span class='ocrx_word' id='word_1_682' title='bbox 3492 4613 3545 4657; x_wconf 89' lang='lat' dir='ltr'><strong>et</strong></span> <span class='ocrx_word' id='word_1_683' title='bbox 3576 4620 3670 4672; x_wconf 89' lang='lat' dir='ltr'><strong>per</strong></span> <span class='ocrx_word' id='word_1_684' title='bbox 3696 4616 3864 4661; x_wconf 90' lang='lat' dir='ltr'><strong>totum</strong></span> 
     </span>
    </p>
   </div>
   <div class='ocr_carea' id='block_1_108' title="bbox 2288 4687 3868 4767">
    <p class='ocr_par' dir='ltr' id='par_1_108' title="bbox 2288 4687 3868 4767">
     <span class='ocr_line' id='line_1_108' title="bbox 2288 4687 3868 4767; baseline 0.008 -26"><span class='ocrx_word' id='word_1_685' title='bbox 2288 4687 2472 4742; x_wconf 89' lang='lat' dir='ltr'><strong>orbem</strong></span> <span class='ocrx_word' id='word_1_686' title='bbox 2506 4690 2790 4755; x_wconf 86' lang='lat' dir='ltr'><strong>perfectam</strong></span> <span class='ocrx_word' id='word_1_687' title='bbox 2822 4706 3076 4760; x_wconf 87' lang='lat' dir='ltr'><strong>spargere</strong></span> <span class='ocrx_word' id='word_1_688' title='bbox 3117 4694 3471 4761; x_wconf 89' lang='lat' dir='ltr'><strong>medicinam;</strong></span> <span class='ocrx_word' id='word_1_689' title='bbox 3505 4700 3627 4767; x_wconf 91' lang='lat' dir='ltr'><strong>quia</strong></span> <span class='ocrx_word' id='word_1_690' title='bbox 3654 4696 3868 4754; x_wconf 83' lang='lat' dir='ltr'><strong>Christo</strong></span> 
     </span>
    </p>
   </div>
   <div class='ocr_carea' id='block_1_109' title="bbox 2290 4778 3868 4851">
    <p class='ocr_par' dir='ltr' id='par_1_109' title="bbox 2290 4778 3868 4851">
     <span class='ocr_line' id='line_1_109' title="bbox 2290 4778 3868 4851; baseline 0.008 -19"><span class='ocrx_word' id='word_1_691' title='bbox 2290 4778 2462 4848; x_wconf 89' lang='lat' dir='ltr'><strong>major</strong></span> <span class='ocrx_word' id='word_1_692' title='bbox 2491 4795 2742 4835; x_wconf 90' lang='lat' dir='ltr'><strong>numerus</strong></span> <span class='ocrx_word' id='word_1_693' title='bbox 2771 4782 2944 4851; x_wconf 80' lang='lat' dir='ltr'><strong>gregis</strong></span> <span class='ocrx_word' id='word_1_694' title='bbox 2967 4783 3177 4839; x_wconf 89' lang='lat' dir='ltr'><strong>oblatus</strong></span> <span class='ocrx_word' id='word_1_695' title='bbox 3214 4788 3515 4843; x_wconf 89' lang='lat' dir='ltr'><strong>mercedem</strong></span> <span class='ocrx_word' id='word_1_696' title='bbox 3543 4790 3868 4847; x_wconf 88' lang='lat' dir='ltr'><strong>confidenter</strong></span> 
     </span>
    </p>
   </div>
   <div class='ocr_carea' id='block_1_110' title="bbox 2290 4873 3870 4947">
    <p class='ocr_par' dir='ltr' id='par_1_110' title="bbox 2290 4873 3870 4947">
     <span class='ocr_line' id='line_1_110' title="bbox 2290 4873 3870 4947; baseline 0.004 -17"><span class='ocrx_word' id='word_1_697' title='bbox 2290 4874 2454 4944; x_wconf 83' lang='lat' dir='ltr'><strong>exigit</strong></span> <span class='ocrx_word' id='word_1_698' title='bbox 2479 4873 2757 4944; x_wconf 86' lang='lat' dir='ltr'><strong>largiorem</strong></span> <span class='ocrx_word' id='word_1_699' title='bbox 2782 4892 2796 4940; x_wconf 90' lang='lat'>;</span> <span class='ocrx_word' id='word_1_700' title='bbox 2824 4875 2966 4930; x_wconf 90' lang='lat' dir='ltr'><strong>inter</strong></span> <span class='ocrx_word' id='word_1_701' title='bbox 2992 4892 3111 4947; x_wconf 82' lang='lat' dir='ltr'><strong>quae</strong></span> <span class='ocrx_word' id='word_1_702' title='bbox 3141 4893 3284 4934; x_wconf 64' lang='lat' dir='ltr'><strong>curse</strong></span> <span class='ocrx_word' id='word_1_703' title='bbox 3311 4891 3505 4935; x_wconf 75' lang='lat' dir='ltr'><strong>vestr-.e</strong></span> <span class='ocrx_word' id='word_1_704' title='bbox 3543 4882 3609 4936; x_wconf 90' lang='lat' dir='ltr'><strong>sit</strong></span> <span class='ocrx_word' id='word_1_705' title='bbox 3663 4892 3719 4936; x_wconf 89' lang='lat' dir='ltr'><strong>ut</strong></span> <span class='ocrx_word' id='word_1_706' title='bbox 3749 4884 3870 4937; x_wconf 88' lang='lat' dir='ltr'><strong>nul-</strong></span> 
     </span>
    </p>
   </div>
   <div class='ocr_carea' id='block_1_111' title="bbox 2292 4964 3868 5042">
    <p class='ocr_par' dir='ltr' id='par_1_111' title="bbox 2292 4964 3868 5042">
     <span class='ocr_line' id='line_1_111' title="bbox 2292 4964 3868 5042; baseline 0.006 -23"><span class='ocrx_word' id='word_1_707' title='bbox 2292 4965 2401 5019; x_wconf 89' lang='lat' dir='ltr'><strong>lum</strong></span> <span class='ocrx_word' id='word_1_708' title='bbox 2453 4964 2676 5020; x_wconf 84' lang='lat' dir='ltr'><strong>Satanas</strong></span> <span class='ocrx_word' id='word_1_709' title='bbox 2702 4966 3016 5036; x_wconf 85' lang='lat' dir='ltr'><strong>jamdudum</strong></span> <span class='ocrx_word' id='word_1_710' title='bbox 3070 4979 3368 5039; x_wconf 88' lang='lat' dir='ltr'><strong>prostratus</strong></span> <span class='ocrx_word' id='word_1_711' title='bbox 3408 4975 3601 5028; x_wconf 87' lang='lat' dir='ltr'><strong>vulnus</strong></span> <span class='ocrx_word' id='word_1_712' title='bbox 3647 4975 3868 5042; x_wconf 86' lang='lat' dir='ltr'><strong>efficiat,</strong></span> 
     </span>
    </p>
   </div>
   <div class='ocr_carea' id='block_1_112' title="bbox 2293 5056 3871 5134">
    <p class='ocr_par' dir='ltr' id='par_1_112' title="bbox 2293 5056 3871 5134">
     <span class='ocr_line' id='line_1_112' title="bbox 2293 5056 3871 5134; baseline 0.008 -24"><span class='ocrx_word' id='word_1_713' title='bbox 2293 5056 2384 5111; x_wconf 88' lang='lat' dir='ltr'><strong>sed</strong></span> <span class='ocrx_word' id='word_1_714' title='bbox 2417 5058 2807 5113; x_wconf 89' lang='lat' dir='ltr'><strong>communionis</strong></span> <span class='ocrx_word' id='word_1_715' title='bbox 2859 5062 3035 5115; x_wconf 89' lang='lat' dir='ltr'><strong>unitas</strong></span> <span class='ocrx_word' id='word_1_716' title='bbox 3078 5077 3327 5133; x_wconf 90' lang='lat' dir='ltr'><strong>magnum</strong></span> <span class='ocrx_word' id='word_1_717' title='bbox 3349 5066 3417 5118; x_wconf 88' lang='lat' dir='ltr'><strong>sit</strong></span> <span class='ocrx_word' id='word_1_718' title='bbox 3441 5067 3660 5134; x_wconf 74' lang='lat' dir='ltr'><strong>justitire</strong></span> <span class='ocrx_word' id='word_1_719' title='bbox 3708 5070 3871 5134; x_wconf 62' lang='lat' dir='ltr'><strong>inne-</strong></span> 
     </span>
    </p>
   </div>
   <div class='ocr_carea' id='block_1_113' title="bbox 2296 5149 3878 5227">
    <p class='ocr_par' dir='ltr' id='par_1_113' title="bbox 2296 5149 3878 5227">
     <span class='ocr_line' id='line_1_113' title="bbox 2296 5149 3878 5227; baseline 0.009 -26"><span class='ocrx_word' id='word_1_720' title='bbox 2296 5149 2497 5202; x_wconf 69' lang='lat' dir='ltr'><strong>trandae</strong></span> <span class='ocrx_word' id='word_1_721' title='bbox 2526 5150 2855 5219; x_wconf 78' lang='lat' dir='ltr'><strong>suffragium.</strong></span> <span class='ocrx_word' id='word_1_722' title='bbox 2885 5153 3203 5218; x_wconf 71' lang='lat' dir='ltr'><strong>Quaesumus</strong></span> <span class='ocrx_word' id='word_1_723' title='bbox 3234 5172 3465 5227; x_wconf 90' lang='lat' dir='ltr'><strong>namque</strong></span> <span class='ocrx_word' id='word_1_724' title='bbox 3496 5168 3549 5211; x_wconf 93' lang='lat' dir='ltr'><strong>ut</strong></span> <span class='ocrx_word' id='word_1_725' title='bbox 3573 5159 3782 5215; x_wconf 86' lang='lat' dir='ltr'><strong>tandem</strong></span> <span class='ocrx_word' id='word_1_726' title='bbox 3811 5161 3878 5215; x_wconf 79' lang='lat' dir='ltr'><strong>de</strong></span> 
     </span>
    </p>
   </div>
   <div class='ocr_carea' id='block_1_114' title="bbox 2296 5242 3878 5317">
    <p class='ocr_par' dir='ltr' id='par_1_114' title="bbox 2296 5242 3878 5317">
     <span class='ocr_line' id='line_1_114' title="bbox 2296 5242 3878 5317; baseline 0.006 -23"><span class='ocrx_word' id='word_1_727' title='bbox 2296 5242 2690 5295; x_wconf 82' lang='lat' dir='ltr'><strong>venerabilibus</strong></span> <span class='ocrx_word' id='word_1_728' title='bbox 2717 5242 2971 5297; x_wconf 86' lang='lat' dir='ltr'><strong>fratribus</strong></span> <span class='ocrx_word' id='word_1_729' title='bbox 2994 5254 3048 5299; x_wconf 92' lang='lat' dir='ltr'><strong>et</strong></span> <span class='ocrx_word' id='word_1_730' title='bbox 3077 5246 3409 5315; x_wconf 88' lang='lat' dir='ltr'><strong>coepiscopis</strong></span> <span class='ocrx_word' id='word_1_731' title='bbox 3442 5250 3662 5314; x_wconf 88' lang='lat' dir='ltr'><strong>nostris,</strong></span> <span class='ocrx_word' id='word_1_732' title='bbox 3706 5251 3878 5317; x_wconf 81' lang='lat' dir='ltr'><strong>llelia,</strong></span> 
     </span>
    </p>
   </div>
   <div class='ocr_carea' id='block_1_115' title="bbox 2296 5330 3879 5406">
    <p class='ocr_par' dir='ltr' id='par_1_115' title="bbox 2296 5330 3879 5406">
     <span class='ocr_line' id='line_1_115' title="bbox 2296 5330 3879 5406; baseline 0.009 -21"><span class='ocrx_word' id='word_1_733' title='bbox 2296 5330 2557 5385; x_wconf 88' lang='lat' dir='ltr'><strong>Thomate</strong></span> <span class='ocrx_word' id='word_1_734' title='bbox 2605 5341 2764 5402; x_wconf 90' lang='lat' dir='ltr'><strong>atque</strong></span> <span class='ocrx_word' id='word_1_735' title='bbox 2812 5333 3139 5406; x_wconf 83' lang='lat' dir='ltr'><strong>Nicostrato,</strong></span> <span class='ocrx_word' id='word_1_736' title='bbox 3192 5339 3335 5406; x_wconf 91' lang='lat' dir='ltr'><strong>quod</strong></span> <span class='ocrx_word' id='word_1_737' title='bbox 3391 5340 3879 5400; x_wconf 86' lang='lat' dir='ltr'><strong>sacratissimorum</strong></span> 
     </span>
    </p>
   </div>
   <div class='ocr_carea' id='block_1_116' title="bbox 2296 5424 3882 5495">
    <p class='ocr_par' dir='ltr' id='par_1_116' title="bbox 2296 5424 3882 5495">
     <span class='ocr_line' id='line_1_116' title="bbox 2296 5424 3882 5495; baseline 0.011 -17"><span class='ocrx_word' id='word_1_738' title='bbox 2296 5437 2557 5478; x_wconf 90' lang='lat' dir='ltr'><strong>canonum</strong></span> <span class='ocrx_word' id='word_1_739' title='bbox 2585 5424 2751 5479; x_wconf 88' lang='lat' dir='ltr'><strong>dictat</strong></span> <span class='ocrx_word' id='word_1_740' title='bbox 2774 5428 3069 5483; x_wconf 89' lang='lat' dir='ltr'><strong>auctoritas</strong></span> <span class='ocrx_word' id='word_1_741' title='bbox 3126 5429 3283 5485; x_wconf 88' lang='lat' dir='ltr'><strong>vobis</strong></span> <span class='ocrx_word' id='word_1_742' title='bbox 3329 5430 3741 5491; x_wconf 89' lang='lat' dir='ltr'><strong>decernentibus</strong></span> <span class='ocrx_word' id='word_1_743' title='bbox 3784 5438 3882 5495; x_wconf 81' lang='lat' dir='ltr'><strong>im-</strong></span> 
     </span>
    </p>
   </div>
   <div class='ocr_carea' id='block_1_117' title="bbox 2306 5517 3880 5600">
    <p class='ocr_par' dir='ltr' id='par_1_117' title="bbox 2306 5517 3880 5600">
     <span class='ocr_line' id='line_1_117' title="bbox 2306 5517 3880 5600; baseline 0.011 -29"><span class='ocrx_word' id='word_1_744' title='bbox 2306 5517 2535 5586; x_wconf 87' lang='lat' dir='ltr'><strong>pleatur,</strong></span> <span class='ocrx_word' id='word_1_745' title='bbox 2587 5532 2655 5573; x_wconf 91' lang='lat' dir='ltr'><strong>ne</strong></span> <span class='ocrx_word' id='word_1_746' title='bbox 2711 5518 3015 5587; x_wconf 86' lang='lat' dir='ltr'><strong>videantur,</strong></span> <span class='ocrx_word' id='word_1_747' title='bbox 3068 5531 3126 5577; x_wconf 92' lang='lat' dir='ltr'><strong>ut</strong></span> <span class='ocrx_word' id='word_1_748' title='bbox 3181 5533 3428 5579; x_wconf 88' lang='lat' dir='ltr'><strong>auctores</strong></span> <span class='ocrx_word' id='word_1_749' title='bbox 3460 5525 3688 5597; x_wconf 84' lang='lat' dir='ltr'><strong>alicujus</strong></span> <span class='ocrx_word' id='word_1_750' title='bbox 3735 5533 3880 5600; x_wconf 86' lang='lat' dir='ltr'><strong>mali,</strong></span> 
     </span>
    </p>
   </div>
   <div class='ocr_carea' id='block_1_118' title="bbox 2303 5608 3881 5690">
    <p class='ocr_par' dir='ltr' id='par_1_118' title="bbox 2303 5608 3881 5690">
     <span class='ocr_line' id='line_1_118' title="bbox 2303 5608 3881 5690; baseline 0.012 -30"><span class='ocrx_word' id='word_1_751' title='bbox 2303 5608 2441 5678; x_wconf 90' lang='lat' dir='ltr'><strong>quod</strong></span> <span class='ocrx_word' id='word_1_752' title='bbox 2465 5608 2619 5677; x_wconf 92' lang='lat' dir='ltr'><strong>primi</strong></span> <span class='ocrx_word' id='word_1_753' title='bbox 2651 5609 2714 5664; x_wconf 92' lang='lat' dir='ltr'><strong>ad</strong></span> <span class='ocrx_word' id='word_1_754' title='bbox 2746 5610 3003 5667; x_wconf 88' lang='lat' dir='ltr'><strong>unitatem</strong></span> <span class='ocrx_word' id='word_1_755' title='bbox 3035 5615 3179 5671; x_wconf 89' lang='lat' dir='ltr'><strong>sedis</strong></span> <span class='ocrx_word' id='word_1_756' title='bbox 3205 5617 3513 5686; x_wconf 84' lang='lat' dir='ltr'><strong>apostolicae</strong></span> <span class='ocrx_word' id='word_1_757' title='bbox 3543 5619 3881 5690; x_wconf 87' lang='lat' dir='ltr'><strong>festinarunt,</strong></span> 
     </span>
    </p>
   </div>
   <div class='ocr_carea' id='block_1_119' title="bbox 2304 5702 3882 5782">
    <p class='ocr_par' dir='ltr' id='par_1_119' title="bbox 2304 5702 3882 5782">
     <span class='ocr_line' id='line_1_119' title="bbox 2304 5702 3882 5782; baseline 0.01 -27"><span class='ocrx_word' id='word_1_758' title='bbox 2304 5702 2355 5755; x_wconf 89' lang='lat' dir='ltr'><strong>in</strong></span> <span class='ocrx_word' id='word_1_759' title='bbox 2380 5703 2646 5756; x_wconf 88' lang='lat' dir='ltr'><strong>communi</strong></span> <span class='ocrx_word' id='word_1_760' title='bbox 2678 5702 2914 5758; x_wconf 91' lang='lat' dir='ltr'><strong>omnium</strong></span> <span class='ocrx_word' id='word_1_761' title='bbox 2943 5706 3135 5775; x_wconf 90' lang='lat' dir='ltr'><strong>gaudio</strong></span> <span class='ocrx_word' id='word_1_762' title='bbox 3187 5708 3287 5761; x_wconf 76' lang='lat' dir='ltr'><strong>snli</strong></span> <span class='ocrx_word' id='word_1_763' title='bbox 3340 5709 3604 5766; x_wconf 89' lang='lat' dir='ltr'><strong>meruisse</strong></span> <span class='ocrx_word' id='word_1_764' title='bbox 3638 5715 3882 5782; x_wconf 89' lang='lat' dir='ltr'><strong>percelli,</strong></span> 
     </span>
    </p>
   </div>
   <div class='ocr_carea' id='block_1_120' title="bbox 2303 5795 3883 5870">
    <p class='ocr_par' dir='ltr' id='par_1_120' title="bbox 2303 5795 3883 5870">
     <span class='ocr_line' id='line_1_120' title="bbox 2303 5795 3883 5870; baseline 0.008 -21"><span class='ocrx_word' id='word_1_765' title='bbox 2303 5806 2355 5849; x_wconf 91' lang='lat' dir='ltr'><strong>et</strong></span> <span class='ocrx_word' id='word_1_766' title='bbox 2396 5795 2445 5849; x_wconf 91' lang='lat' dir='ltr'><strong>in</strong></span> <span class='ocrx_word' id='word_1_767' title='bbox 2496 5795 2632 5849; x_wconf 90' lang='lat' dir='ltr'><strong>facto</strong></span> <span class='ocrx_word' id='word_1_768' title='bbox 2674 5795 2923 5851; x_wconf 90' lang='lat' dir='ltr'><strong>laudabili</strong></span> <span class='ocrx_word' id='word_1_769' title='bbox 2980 5799 3169 5853; x_wconf 77' lang='lat' dir='ltr'><strong>victam</strong></span> <span class='ocrx_word' id='word_1_770' title='bbox 3205 5802 3474 5870; x_wconf 85' lang='lat' dir='ltr'><strong>personali</strong></span> <span class='ocrx_word' id='word_1_771' title='bbox 3505 5802 3629 5859; x_wconf 93' lang='lat' dir='ltr'><strong>odio</strong></span> <span class='ocrx_word' id='word_1_772' title='bbox 3656 5806 3883 5861; x_wconf 87' lang='lat' dir='ltr'><strong>cessisse</strong></span> 
     </span>
    </p>
   </div>
   <div class='ocr_carea' id='block_1_121' title="bbox 2296 5886 3878 5965">
    <p class='ocr_par' dir='ltr' id='par_1_121' title="bbox 2296 5886 3878 5965">
     <span class='ocr_line' id='line_1_121' title="bbox 2296 5886 3878 5965; baseline 0.006 -23"><span class='ocrx_word' id='word_1_773' title='bbox 2296 5888 2573 5955; x_wconf 86' lang='lat' dir='ltr'><strong>justitiam.</strong></span> <span class='ocrx_word' id='word_1_774' title='bbox 2612 5886 2817 5946; x_wconf 81' lang='lat' dir='ltr'><strong>Nostris</strong></span> <span class='ocrx_word' id='word_1_775' title='bbox 2863 5902 2992 5961; x_wconf 87' lang='lat' dir='ltr'><strong>ergo</strong></span> <span class='ocrx_word' id='word_1_776' title='bbox 3048 5891 3297 5960; x_wconf 72' lang='lat' dir='ltr'><strong>precibus</strong></span> <span class='ocrx_word' id='word_1_777' title='bbox 3344 5894 3485 5965; x_wconf 88' lang='lat' dir='ltr'><strong>apud</strong></span> <span class='ocrx_word' id='word_1_778' title='bbox 3550 5896 3878 5961; x_wconf 84' lang='lat' dir='ltr'><strong>clementissi</strong></span> 
     </span>
    </p>
   </div>
  </div>
