4262 6264
454 371 555 427 465

1654 368 2003 426 ΕΡΙΞΤυιιΕ
2043 370 2129 428 ΕΤ
2169 368 2510 426 DECRETA.

3597 361 3699 412 ωδ

451 499 596 541 mum
619 483 915 553 Augustum
948 492 1152 539 vestras
1187 484 1479 556 adjungite,
1508 495 1562 541 ut
1578 485 1828 550 fructum,
1864 501 2020 555 quem
2047 492 2098 549 Α
2127 488 2441 543 clcsiasticae
2463 485 2679 541 unitatis
2708 484 2899 540 atfectu
2927 491 3077 556 parte
3102 481 3178 535 sic
3197 479 3417 543 ferveat,
3447 486 3503 530 ut
3526 477 3701 531 nullus

449 577 555 633 illis
582 574 796 632 Patrum
830 576 1030 647 regula:
1061 577 1223 633 tribui
1255 588 1310 633 et
1349 581 1654 636 conservari
1693 581 2024 652 prmcipiuut,

453 668 673 725 inimica
703 670 1073 740 tergiversatio
1099 672 1308 727 auferre
1337 686 1447 727 non
1485 673 1673 742 possit.

991 783 1324 840 EPISTOLA
1365 784 1495 839 LIX.

1016 893 1081 931 AD
1105 892 1463 933 JUSTINIANUM.

448 982 732 1040 Iustiniani
770 987 997 1040 studium
1042 1003 1164 1056 erga
1212 988 1599 1041 ecclesiasticam
1626 1003 1797 1054 pacem
1825 987 2022 1053 laudat,

519 1058 661 1123 eique
690 1056 917 1177 ﬂauam,
967 1057 1266 1111 Tltomatent
1305 1068 1349 1111 et
1387 1058 1737 1112 Nicostratum
1765 1058 2025 1128 epismpos

519 1141 745 1177 commen
784 1136 857 1177 at.

518 1136 857 1179 commendat.

523 1217 801 1272 lloruiisda
820 1216 1120 1273 Justiuiauo
1140 1220 1258 1273 viro
1288 1218 1506 1273 illustri.

517 1309 761 1363 Studium
808 1318 1042 1363 vestrum
1097 1325 1221 1380 erga
1262 1309 1679 1365 ecclesiasticam
1726 1324 1912 1378 pacem
1970 1319 2025 1365 et

447 1399 725 1454 damnatos
750 1399 1016 1454 hmretica:
1037 1400 1395 1455 contentionis
1421 1414 1649 1467 errores,
1679 1401 1808 1470 ipsis
1844 1415 2022 1455 rerum

454 1488 733 1543 effectibus
758 1490 1153 1560 approbamus;
1179 1489 1331 1559 cujus
1369 1506 1468 1545 vos
1495 1490 1673 1559 operis
1702 1505 1890 1559 magna
1920 1491 2025 1544 im-

448 1594 737 1649 mensaque
792 1581 911 1635 sine
949 1580 1112 1635 dubio
1165 1596 1371 1637 merces
1410 1590 1706 1651 exspectat.
1761 1582 1897 1637 Hinc
1943 1592 2026 1638 est

448 1672 584 1743 quod
614 1672 869 1742 quidquid
892 1689 990 1743 pro
1016 1688 1283 1729 canonum
1312 1674 1564 1729 ﬁrmitate
1589 1685 1643 1729 et
1664 1688 1762 1744 pro
1806 1683 2023 1745 aposto-

446 1764 559 1819 lica:
587 1766 731 1819 sedis
771 1766 1069 1821 reverentia
1116 1767 1483 1821 necessarium
1512 1766 1845 1831 duxerimus,
1904 1781 2019 1820 ma-

2136 581 2260 636 boni
2301 581 2631 650 relinquatur
2657 578 2806 633 locus
2850 576 3032 640 ofﬁcii,
3066 574 3152 627 ubi
3194 587 3298 627 non
3341 568 3577 640 paternis
3620 582 3703 621 re-

2132 673 2272 743 gulis
2292 680 2487 727 vestra:
2516 671 2869 742 patrocinium
2895 666 3220 723 defensionis
3243 664 3478 719 assistat.
3508 661 3701 715 Princi-

2134 780 2237 834 pne
2258 773 2436 820 tamen
2460 763 2649 828 Heliae,
2685 762 2906 816 Thomas
2945 770 3103 829 atque
3149 753 3436 812 Nicostrati
3482 751 3703 807 fratrum

2129 866 2185 913 et
2235 857 2675 925 coepiscoporum
2705 864 3008 908 nostrorum
3039 866 3197 906 causa
3239 864 3337 904 nos
3377 853 3702 911 commovet,

2128 948 2216 1019 qui
2241 948 2412 1017 primo
2430 945 2628 1001 mundo
2645 943 2760 1016 [sic]
2786 942 3139 999 necessariam
3157 939 3325 995 secuti
3336 935 3704 1001 concordiam,

2131 1038 2485 1093 Ecclesiarum
2517 1052 2731 1091 suarum
2766 1034 3064 1105 privatione
3096 1030 3357 1102 perculsi,
3394 1044 3513 1084 cum
3546 1044 3707 1083 vene-

2129 1132 2615 1200 rabilium’quoque
2654 1142 2916 1183 canonum
2963 1124 3283 1181 contumelia
3310 1122 3702 1190 deprimuntur,

2128 1223 2297 1291 ﬁtque
2325 1221 2428 1276 illis
2448 1220 2692 1290 .propria:
2739 1216 3187 1273 reconciliationis
3217 1213 3386 1284 gloria
3416 1226 3572 1266 causa
3604 1210 3704 1264 dif-

2128 1317 2303 1383 ﬁcilis,
2332 1317 2478 1387 quasi
2502 1315 2600 1386 ipsi
2632 1314 2799 1383 magis
2831 1312 3085 1382 pertinaci
3110 1319 3287 1365 mente
3312 1307 3626 1369 restiterint,
3649 1314 3703 1357 et

2126 1409 2244 1464 aliis
2270 1410 2335 1463 ad
2366 1410 2512 1464 sedis
2571 1405 2876 1478 apostolicae
2921 1391 3265 1459 redeuntibus
3306 1402 3559 1455 unitatem
3603 1398 3701 1467 ipsi

2128 1504 2381 1558 Ecclesim
2406 1504 2571 1573 magis
2614 1501 2854 1557 membra
2885 1497 3307 1566 discerpserint;
3358 1493 3495 1562 quod
3543 1507 3697 1560 quam

2126 1595 2283 1650 nobis
2313 1594 2504 1648 durum
2536 1595 2624 1658 sit,
2655 1605 2919 1662 quamque
2942 1584 3342 1644 clementissimi
3374 1580 3701 1651 temporibus

2127 1685 2464 1755 imperatoris
2498 1684 2794 1753 indignum,
2825 1678 3159 1750 prudentiam
3186 1683 3415 1731 vestram
3457 1668 3704 1726 convenit

2124 1781 2411 1845 aestimare,
2444 1788 2498 1833 et
2527 1776 2741 1831 tandem
2767 1782 3021 1843 praestare
3049 1769 3366 1833 remedium,
3415 1781 3521 1836 quo
3559 1774 3612 1820 et
3641 1762 3704 1817 il-

446 1855 707 1924 gnitudini
739 1863 930 1911 vestra:
975 1871 1162 1912 secura
1195 1857 1554 1928 peragendum
1609 1858 1852 1927 protinus
1886 1873 2021 1926 ιιι-ιε-
2052 1861 2099 1921 Β

2130 1872 2301 1928 lorum
2331 1871 2564 1935 labores,
2599 1876 2654 1924 et
2677 1875 2915 1922 nostram
2948 1872 3101 1935 grato
3133 1859 3296 1932 possit
3322 1857 3578 1914 solamine
3604 1870 3697 1910 au-

446 1948 750 2016 sumptione
771 1948 1107 2013 mandamus,
1138 1950 1264 2021 quia
1312 1966 1433 2005 cum
1486 1965 1677 2021 magno
1706 1965 1803 2005 vos
1833 1950 2025 2020 gaudio

449 2054 545 2109 pro
566 2039 743 2094 causis
760 2039 957 2095 talibus
972 2051 1181 2109 sperata
1204 2040 1499 2110 suscipere,
1520 2041 1830 2110 multiplicia
1842 2039 2024 2112 hujus-

450 2130 596 2185 modi
623 2131 861 2199 exempla
894 2139 1175 2205 testantur.
1209 2133 1385 2199 Quare
1413 2131 1629 2187 omissis
1656 2132 1712 2186 in
1744 2132 1900 2202 longa
1921 2133 2027 2187 cir-

458 2221 683 2275 coitione
722 2221 1017 2291 principiis,
1048 2223 1114 2276 ad
1146 2238 1257 2277 rem
1290 2222 1459 2291 ipsam
1512 2222 1797 2293 prmseutis
1823 2223 2027 2293 pagina:

455 2312 609 2367 verba
638 2316 1017 2370 convertimus.
1044 2316 1230 2369 Moeret
1260 2314 1517 2381 Ecclesia,
1541 2323 1594 2368 et
1623 2329 1816 2384 magno
1835 2313 2026 2368 votiva:

451 2404 664 2459 unitatis
692 2406 912 2461 exordio
942 2407 1044 2462 frui
1073 2408 1309 2473 pnestita
1362 2422 1468 2463 non
1522 2416 1700 2477 potest
1748 2425 1841 2477 pro
1870 2407 2027 2462 unius

449 2509 620 2551 causae
646 2495 933 2552 afﬂictione
957 2496 1137 2552 laztitia
1162 2514 1177 2552 :
1199 2496 1336 2553 hanc
1362 2507 1419 2553 ut
1438 2497 1593 2553 nobis
1613 2497 2027 2552 sollicitudinem

450 2587 704 2644 bcueﬁcia
754 2598 929 2644 vestra
982 2590 1357 2654 submoveant,
1415 2605 1520 2644 non
1554 2590 1729 2659 parvis
1781 2588 2028 2659 precibus

448 2697 750 2739 exoramus.
775 2683 937 2753 Angit
966 2697 1063 2738 nos
1091 2683 1231 2738 enim
1264 2691 1319 2737 et
1339 2697 1576 2753 praesens
1603 2684 1776 2749 dolor,
1806 2690 1860 2736 et
1888 2680 2029 2736 futu-

450 2788 629 2830 rorum
655 2775 871 2832 occasio
909 2783 1192 2845 procurata
1240 2775 1613 2843 certaminum,
1645 2791 1740 2846 per
1786 2790 1945 2845 quam
1976 2782 2030 2829 et

451 2867 832 2923 venerabilium
863 2868 1079 2923 Patrum
1107 2869 1305 2937 regulae
1348 2868 1705 2938 negliguntur,
1736 2874 1790 2921 et
1813 2873 2030 2936 aposto-

452 2959 565 3014 licae
613 2959 755 3013 sedis
792 2968 1008 3028 putatur
1036 2958 1329 3013 auctoritas
1374 2973 1531 3029 posse
1573 2957 1862 3013 contemni.
1893 2958 2027 3013 Nam

450 3062 568 3104 cum
595 3048 782 3103 divino
799 3049 1313 3120 clementissimique
1343 3050 1599 3119 principis
1621 3048 1907 3115 beneﬁcio,
1931 3049 2027 3105 sed

449 3150 502 3196 et
527 3150 704 3196 vestro
728 3141 886 3195 simul
928 3141 1126 3196 adnixu
1158 3141 1210 3195 hi
1239 3142 1337 3200 soli
1366 3141 1657 3197 credantur
1686 3155 1807 3197 esse
1848 3142 2028 3210 ponti-

450 3232 600 3300 fices,
631 3242 683 3287 et
701 3233 822 3301 jure
851 3233 1118 3289 Ecclesias
1139 3232 1439 3301 continere,
1472 3234 1562 3302 qui
1594 3231 1660 3286 ad
1694 3232 2026 3287 communio-
2050 3234 2098 3297 ο

450 3342 573 3381 nem
598 3334 838 3381 nostram
861 3326 1126 3381 damnatis
1155 3325 1429 3381 erroribus
1460 3324 1638 3379 redire
1659 3324 2025 3392 consentiunt;

449 3415 634 3482 Helize,
662 3416 905 3471 Thomati
956 3425 1113 3486 atque
1156 3416 1459 3471 Nicostrate
1502 3413 1754 3469 fratribus
1779 3424 1833 3470 et
1851 3417 2031 3485 coepi-

448 3510 627 3579 scopis
656 3508 876 3585 nostris,
906 3510 997 3578 qui
1030 3509 1228 3562 bonum
1257 3522 1431 3562 causa:
1462 3506 1623 3561 etiam
1664 3506 1765 3562 sub
1803 3507 2030 3564 adverso

454 3601 780 3669 imperatore
829 3600 1030 3656 dedere
1061 3600 1377 3670 principium
1429 3613 1534 3654 non
1574 3597 1748 3653 solum
1795 3598 1927 3653 nihil
1963 3598 2028 3654 ad

454 3702 755 3762 provectum
829 3692 965 3747 bona
1015 3693 1187 3747 studia
1234 3690 1549 3762 profuerunt
1578 3735 1593 3760 ,
1634 3706 1817 3745 verum
1866 3690 2027 3746 ciam

452 3784 657 3839 collata:
681 3784 778 3837 sibi
809 3799 837 3836 a
888 3784 1106 3838 domino
1135 3782 1379 3837 obtinere
1419 3791 1689 3851 nequeunt
1737 3781 1912 3837 ofﬁcia
1944 3782 2030 3837 di-

444 3874 679 3944 gnitatts,
711 3884 763 3928 et
793 3882 1035 3928 extorres
1056 3888 1084 3925 a
1114 3871 1416 3927 commissis
1445 3873 1547 3926 sibi
1572 3872 1823 3943 gregibus
1851 3872 2030 3928 subire

445 3975 707 4034 coguntur
734 3964 978 4019 miserias
1004 3964 1403 4018 damnatorum.
1455 3964 1794 4033 Quapropter
1817 3979 2032 4032 quaesu-

444 4072 563 4111 mus
592 4065 649 4111 et
699 4072 793 4127 per
824 4057 1058 4111 divinam
1092 4070 1188 4110 vos
1238 4056 1662 4111 misericordiam
1698 4056 2031 4111 obtestamur

444 4158 500 4203 ut
526 4165 711 4204 corum
744 4165 919 4205 causa!
968 4151 1111 4222 (qua:
1136 4149 1279 4219 justa
1334 4148 1438 4219 est)
1478 4165 1745 4203 summum
1801 4152 2030 4219 patroci-

444 4243 588 4297 nium
612 4252 668 4297 et
694 4245 930 4312 probatae
955 4242 1585 4311 vivacitatisimpcndatis
1611 4241 2027 4312 affectum,piis-

444 4340 561 4394 simi
598 4340 853 4409 principis
883 4339 1134 4395 luercndo
1162 4337 1419 4408 vestigiis,
1471 4346 1730 4407 quatenus
1781 4351 1873 4389 cos
1912 4343 2028 4389 tan-

444 4434 563 4487 dem
591 4436 703 4489 suis
737 4434 987 4488 Ecclesiis
1013 4443 1066 4487 et
1096 4432 1309 4502 pietatis
1340 4431 1529 4485 intuitu
1566 4438 1619 4483 et
1665 4429 1881 4497 justitim
1906 4442 2028 4481 con-

446 4527 789 4594 templatione
833 4525 1116 4587 restituat;
1150 4523 1270 4591 quia
1302 4522 1352 4575 iu
1393 4521 1605 4574 illorum
1638 4517 2022 4572 contumeliam

443 4617 756 4670 abiniinicis
799 4615 1055 4668 asseritur
1100 4622 1340 4683 optatum
1391 4619 1588 4665 nostra:
1632 4609 2023 4664 communionis
2059 4609 2108 4670 ι)

442 4710 781 4780 displicuisse
803 4709 1160 4763 consortium.

1007 4821 1332 4877 EPISTOLA
1358 4820 1469 4876 LX.

766 4932 829 4968 AD
867 4928 1155 4969 GERMANUM
1187 4928 1343 4965 νιιιωι
1390 4923 1707 4965 ιιιυδτιιεδι.

874 5023 1068 5077 Eadem
1095 5038 1212 5092 qua:
1241 5024 1294 5075 in
1328 5021 1600 5091 superiori.

516 5137 797 5193 Hormisda
827 5136 1095 5190 Germano
1120 5138 1232 5188 viro
1264 5131 1653 5187 illustrissimi).

520 5229 915 5283 Excubantibns
978 5228 1131 5280 vobis
1201 5223 1465 5294 probabili
1529 5238 1623 5290 pro
1669 5216 2028 5274 ecclesiastica

448 5335 577 5389 pace
604 5320 900 5390 proposito,
928 5327 983 5373 et
1011 5328 1157 5372 tanto
1186 5316 1309 5371 ﬁdei
1336 5316 1517 5369 calore
1554 5308 1886 5366 ferventibus
1912 5323 2030 5377 gra-

448 5412 641 5464 tiarum
673 5411 811 5465 actio
842 5409 955 5464 sola
989 5424 1095 5463 non
1120 5407 1347 5472 sufﬁcit;
1378 5405 1499 5475 quia
1522 5418 1620 5457 nec
1648 5414 1744 5455 vos
1786 5400 2030 5452 humana:

444 5501 618 5558 laudis
648 5502 999 5573 praerogativa
1036 5500 1309 5565 sollicitat,
1340 5498 1433 5553 sed
1464 5497 1657 5551 divinae
1702 5490 2026 5561 exspectatio

446 5594 815 5649 retributionis
850 5593 1162 5647 inflammat.
1194 5589 1348 5657 Quod
1394 5588 1554 5657 igitur
1599 5584 1829 5639 maxime
1857 5580 2025 5635 debe-

444 5699 570 5740 mus
596 5685 941 5751 exsolvimus,
976 5695 1031 5740 et
1058 5685 1223 5740 Deum
1256 5690 1519 5744 nostrum,
1550 5678 1701 5747 cujus
1730 5690 1823 5730 vos
1851 5672 2026 5727 causis

444 5773 778 5846 impenditis,
815 5792 910 5846 pro
939 5775 1307 5831 incolumitate
1336 5780 1514 5826 vestra
1556 5766 1790 5837 quotidie
1835 5763 2024 5829 depre-

442 5879 659 5937 camur,
688 5880 937 5942 rogantes
959 5879 1015 5924 ut
1044 5868 1276 5923 studium
1304 5876 1538 5943 vestrum
1568 5863 1619 5918 iu
1645 5858 1788 5916 etnui
1818 5870 1911 5926 pro
1937 5868 2025 5908 ec-

2128 1962 2269 2018 ferre
2292 1959 2615 2017 maestitiam.

2201 2053 2280 2124 (In
2303 2050 2620 2124 collectione
2649 2045 2904 2124 Avellana
2924 2052 3043 2124 post
3063 2042 3236 2124 “hanc
3265 2037 3548 2124 epistolam
3574 2035 3705 2124 sub-

2129 2105 2272 2178 ditur
2292 2105 2345 2176 et
2363 2121 2464 2175 alia
2493 2118 2665 2189 primo
2689 2119 2898 2189 vulgata
2924 2105 2959 2169 'a
2991 2111 3269 2170 Ballerinis
3293 2105 3442 2181 oper.
3472 2108 3529 2164 S.
3574 2105 3705 2161 Leo-

2128 2194 2232 2260 nis,
2260 2202 2389 2247 tom.
2423 2187 2508 2254 Ill,
2532 2204 2653 2260 pag.
2686 2187 2833 2259 167).

2198 2285 2436 2339 Justinus
2458 2283 2725 2351 Augustus
2753 2278 3068 2334 Hormisdm.

2202 2376 2464 2430 lllustrem
2515 2374 2685 2427 virum
2737 2369 3045 2439 episcopum
3082 2366 3146 2419 ft.
3177 2372 3327 2436 grato
3374 2360 3706 2429 suscepimus

2129 2467 2308 2520 animo
2337 2480 2440 2520 non
2472 2478 2567 2534 pro
2590 2462 2796 2517 honore
2837 2470 3046 2515 tantum
3084 2457 3174 2527 qui
3199 2455 3423 2511 debetur
3459 2448 3706 2506 sacerdo-

2133 2558 2295 2626 tibus,
2325 2573 2508 2613 verum
2535 2556 2696 2612 etiam
2730 2569 2827 2625 pro
2867 2553 3063 2608 affectu
3094 2559 3286 2605 vestrae
3315 2543 3703 2602 sanctitudinis.

2130 2650 2263 2706 Nam
2292 2650 2597 2721 quicunque
2628 2658 2719 2704 tuo
2760 2644 3142 2716 comprobatus
3182 2640 3385 2711 judicio
3418 2636 3574 2694 fuerit
3625 2643 3707 2690 est

2131 2745 2268 2813 apud
2299 2758 2395 2798 nos
2427 2742 2586 2797 etiam
2629 2739 2899 2809 judicatus
2942 2734 3370 2806 probatissimus.
3427 2731 3500 2784 De
3545 2740 3707 2795 opera

2131 2844 2308 2890 tamen
2345 2843 2401 2889 et
2435 2833 2617 2887 favore
2647 2832 2735 2901 qui
2768 2826 3125 2885 sacrosanctis
3156 2822 3468 2879 inferendus
3490 2828 3572 2874 est
3603 2818 3706 2873 Ec-

2130 2928 2307 2983 clesiis
2335 2936 2461 2982 tunc
2483 2927 2694 2980 demum
2725 2920 3079 2991 Opportunius
3109 2923 3375 2973 statuetur
3404 2927 3523 2967 cum
3550 2910 3706 2980 legati
3778 2983 3791 2997 λ

2131 3034 2264 3087 quos
2296 3032 2461 3088 nuper
2486 3015 2552 3070 ad
2575 3026 2753 3086 regem
2784 3011 3120 3079 magniﬁcum
3164 3002 3585 3061 Trasamundum
3610 3000 3707 3055 de-

2131 3111 2361 3164 stinasse
2390 3108 2662 3162 nost-imur
2690 3103 2892 3159 reversi
2921 3100 3148 3171 prepitia
3172 3096 3458 3152 Divinitate
3487 3108 3706 3161 respon-

2131 3216 2247 3255 sum
2274 3199 2429 3253 nobis
2458 3196 2768 3253 detulerint.
2799 3194 2986 3248 Vestra
3021 3200 3198 3245 autem
3226 3186 3498 3243 beatitudo
3524 3201 3705 3255 supre‘

2130 3306 2275 3347 mum
2305 3290 2459 3355 nobis
2491 3286 2796 3357 prtesidium
2830 3281 3115 3338 indefessis
3152 3277 3484 3335 orationibus
3526 3283 3706 3347 postu-

2132 3385 2243 3438 lare
2272 3384 2540 3451 dignetur.
2576 3380 2702 3434 Data
2736 3393 2803 3432 xv
2835 3377 2937 3431 cal.
2984 3373 3292 3430 Decembris
3326 3371 3704 3425 Constantino-

2133 3476 2243 3544 poli
2272 3474 2493 3529 domino
2517 3470 2727 3525 .lustino
2768 3476 3027 3538 perpetuo
3069 3466 3327 3535 Angusto.
3380 3463 3610 3532 Accepta
3654 3473 3707 3514 xt

2132 3569 2236 3623 cal.
2265 3567 2408 3622 Junii
2450 3564 2672 3619 llustico
2699 3576 2814 3617 cos.

2660 3670 2992 3729 EPISTULA
3044 3670 3178 3726 LXI.

2352 3784 2415 3822 AD
2457 3781 2679 3829 HELIAI,
2734 3778 2952 3819 ἸἪΟὶΙΆΙ
2975 3778 3042 3816 Εἰ·
3085 3772 3466 3815 Νιεοετιιλτυυ.

2132 3862 2581 3931 Adimperatorem
2604 3868 2650 3912 et
2678 3856 2808 3911 alios
2836 3872 2890 3909 se
2906 3870 2997 3995 τὲνο
3024 3853 3230 3907 illorum
3263 3866 3418 3905 causa
3447 3846 3706 3918 scripsisse

2778 3927 2910 3995 signi
2953 3933 3053 3979 cat.

2778 3927 3053 3997 signiﬁcat.

2203 4022 2487 4077 Hormisda
2510 4021 2700 4087 Helim,
2732 4018 2953 4074 Thema:
2976 4025 3030 4071 et
3054 4014 3355 4070 Nicostrate
3383 4012 3669 4082 episcopis.

2200 4116 2413 4183 Quanto
2440 4130 2590 4170 mens
2619 4122 2799 4168 nostra
2844 4108 3050 4166 doloris
3097 4107 3262 4163 vestri
3307 4105 3707 4176 participatione

2131 4210 2382 4279 fatigetur
2430 4218 2815 4276 supervacuum
2865 4211 2949 4257 est
2975 4199 3116 4269 apud
3161 4198 3446 4268 probantes
3473 4204 3708 4250 mutuam

2129 4304 2405 4359 caritatem
2457 4299 2635 4355 verbis
2664 4306 2906 4351 astruere
2936 4311 2948 4346 ε
2985 4294 3081 4347 sed
3116 4293 3207 4347 ille
3247 4291 3335 4360 qui
3382 4299 3434 4344 et
3464 4296 3709 4342 nostrum

2128 4396 2361 4450 animum
2388 4400 2439 4446 et
2466 4399 2671 4444 vestros
2701 4387 2911 4441 labores
2937 4392 3203 4438 scrutator
3234 4380 3492 4448 prtescius
3530 4377 3708 4432 intue.

2131 4500 2235 4553 tur,
2269 4500 2555 4542 maerorem
2588 4490 2827 4535 nostrum
2857 4488 3037 4533 vestra
3068 4477 3120 4529 in
3153 4474 3402 4544 gaudium
3442 4471 3709 4542 prosperi-

2133 4587 2240 4633 tate
2270 4582 2566 4631 convertat.
2595 4572 2786 4626 V'erum
2819 4585 2886 4623 ne
2914 4581 3143 4636 unquam
3165 4580 3264 4635 pro
3291 4570 3469 4619 vestro
3495 4561 3710 4631 negotio

2140 4673 2240 4726 sub
2285 4667 2602 4737 allegttione
2652 4662 2949 4732 justissima
2979 4670 3033 4713 et
3082 4655 3272 4712 blanda
3325 4652 3711 4710 intercessione

2140 4773 2414 4817 cessemus
2454 4798 2467 4818 ,
2517 4753 2776 4810 noveritis
2816 4767 2914 4807 nos
2968 4758 3075 4803 tam
3124 4747 3189 4801 ad
3237 4743 3710 4800 clementissimum

2141 4852 2453 4921 principem,
2486 4862 2644 4916 quam
2685 4845 2751 4897 ad
2803 4838 3355 4913 prmcellentissimam
3397 4840 3710 4906 Augustam,

2140 4959 2365 4999 necnon
2404 4941 2466 4995 ad
2494 4938 2729 4993 illustres
2757 4945 2811 4991 et
2841 4931 3151 5002 magniﬁcos
3188 4930 3331 4985 viros
3358 4929 3713 4986 Justiniauum

2136 5045 2292 5105 atque
2342 5033 2662 5087 Germanum
2714 5028 2848 5082 filios
2900 5034 3114 5079 nostros
3163 5022 3365 5078 litteras
3393 5021 3711 5091 destinasse,

2134 5138 2368 5183 vestrum
2397 5123 2703 5193 specialiter
2730 5118 2996 5190 negotium
3042 5117 3374 5172 continentes
3394 5158 3411 5183 ,
3441 5132 3574 5187 quas
3600 5116 3714 5170 viro

2133 5218 2345 5273 sublimi
2379 5216 2600 5283 liulogio
2628 5214 2697 5265 ita
2748 5210 3086 5276 tradidimus,
3117 5209 3249 5263 utin
3277 5217 3457 5263 vestro
3486 5209 3714 5277 primum

2136 5319 2295 5379 ponat
2326 5307 2548 5360 arbitrio
2616 5314 2791 5356 utrum
2825 5316 2920 5370 per
2969 5316 3065 5355 vos
3094 5315 3186 5356 eas
3238 5299 3451 5369 eligatis
3499 5297 3710 5359 offerre,

2133 5417 2199 5455 an
2226 5415 2317 5470 per
2348 5399 2520 5466 ipsum
2563 5393 2737 5465 potius
2761 5394 3080 5464 perlatorem
3130 5402 3235 5446 tam
3283 5387 3510 5459 principi
3537 5387 3714 5454 porri-

2133 5503 2323 5561 gantur
2354 5503 2516 5558 quam
2545 5485 2781 5552 caeteris,
2803 5499 2937 5555 quas
2966 5481 3365 5553 designavimus
3390 5492 3571 5547 supra,
3602 5490 3716 5546 per-

2132 5582 2300 5636 sonis.

2657 5665 2987 5721 EPISTOLA
3018 5659 3153 5716 LXII

2522 5798 2523 5801 η
2744 5772 2812 5810 Αἰ)
2834 5766 3088 5809 ιεωτοε.

2139 5852 2214 5906 De
2241 5851 2304 5906 iis
2329 5865 2446 5919 qua:
2466 5846 2841 5903 Thessalonica:
2864 5844 2928 5900 ab
2956 5840 3289 5913 Eutychianis
3328 5849 3471 5915 gesta
3516 5857 3605 5914 per
3630 5842 3713 5919 fa-
