4262 6264
342 355 465 417 469

1538 356 1892 416 EPISTOLE
1932 355 2023 416 ΕΤ
2058 356 2401 418 DECRETA.

3529 354 3645 418 5’10

351 489 465 532 eos
492 472 563 528 de
606 470 855 527 manibus
882 484 1103 539 eorum,
1130 470 1200 526 ibi
1232 471 1539 541 perierant:
1573 473 1779 528 liberati
1825 482 1949 529 sunt
1974 475 2026 534 Α
2054 476 2203 527 sonis
2241 473 2466 529 intentio
2509 472 2811 529 dilectionis
2842 480 3037 529 vestrae
3081 472 3433 529 vehementer
3477 474 3642 532 debet

348 576 572 631 tamen,
601 562 870 633 quomodo
896 562 1115 628 dicitur,
1146 563 1267 632 quia
1308 578 1495 617 manus
1526 564 1732 631 publica
1764 580 1953 634 super-

353 656 540 722 venit,
567 668 687 724 qua:
713 668 808 709 eos
828 669 1020 709 eruere
1045 656 1235 724 potuit.
1268 655 1368 709 Ista
1392 664 1446 709 et
1474 655 1696 709 istorum
1737 658 1952 712 concin-

344 758 610 804 namenta
636 746 894 803 Dorothei
918 747 1119 801 malitia
1152 746 1448 811 fabricavit,
1473 747 1561 817 qui
1579 756 1701 802 ante
1733 747 1950 802 biduum

344 857 512 912 quam
547 839 893 909 pervenirent
940 839 1111 893 nostri
1153 837 1591 892 Thessalonicam
1634 853 1797 919 super
1845 837 1954 893 duo

302 998 305 999 ν
342 934 518 988 millia
546 933 834 1001 baptizavit
862 948 874 983 :
906 934 927 954 “
953 943 1286 985 sacramenta
1315 940 1464 986 tanta
1507 934 1749 1001 erogavit
1779 933 1833 986 in
1856 947 1952 1001 po-

344 1027 503 1096 pulo,
539 1040 657 1095 qua}
688 1024 896 1093 possint
926 1023 1056 1092 ipsis
1085 1023 1150 1078 ad
1181 1033 1423 1095 tempora
1463 1025 1741 1089 sufﬁcere,
1791 1024 1953 1094 signi-

345 1119 523 1173 ficans
557 1118 695 1185 plebi
724 1117 844 1186 quia
896 1116 1030 1171 fides
1059 1126 1203 1171 recta
1234 1126 1487 1171 mutatur.
1537 1117 1641 1171 Ista
1680 1117 1955 1186 quomodo

346 1227 460 1267 non
492 1211 793 1264 habuerant
817 1209 1057 1265 excitare
1086 1211 1336 1279 populum
1364 1207 1513 1265 “Sta
1546 1226 1703 1279 quem
1732 1226 1837 1265 non
1870 1210 1954 1265 in-

347 1305 596 1357 vitabant
634 1302 701 1356 ad
752 1302 1110 1357 seditionem?
1163 1302 1291 1357 Post
1342 1303 1445 1361 hoc
1495 1306 1666 1373 ipsum
1712 1304 1949 1359 libellum

350 1410 515 1464 quem
550 1396 748 1449 fecerat
780 1410 902 1448 cmn
932 1396 1198 1464 episcopis
1229 1406 1354 1451 ante
1386 1398 1637 1466 populum
1665 1398 1847 1462 scidit,
1871 1397 1952 1451 di-

352 1504 487 1545 cens
530 1507 545 1544 :
579 1492 689 1557 Ego
714 1489 857 1544 istud
890 1505 1056 1560 usque
1086 1491 1151 1545 ad
1193 1501 1420 1547 mortem
1455 1508 1625 1547 meam
1674 1510 1949 1565 nunquam

352 1581 515 1645 facio,
542 1597 642 1636 nec
675 1582 995 1637 facientibus
1026 1585 1328 1638 consentio.
1363 1585 1682 1639 Occiderunt
1703 1594 1757 1640 et
1778 1586 1952 1640 homi-

353 1688 480 1727 nem
532 1672 842 1745 (Joannem)
885 1676 1246 1729 venerabilem
1295 1677 1657 1742 catbolicum,
1709 1677 1799 1746 qui
1852 1692 1953 1733 nos

352 1766 636 1819 venientes
666 1775 977 1835 susceperat
1005 1768 1056 1820 in
1082 1766 1244 1822 domo
1276 1782 1393 1833 sua,
1420 1769 1509 1837 qui
1546 1785 1757 1839 semper
1796 1785 1953 1839 sepa-

2054 565 2383 620 incumbere.
2426 564 2558 619 Nam
2612 564 2739 633 quid
2793 563 3015 631 prodest
3061 564 3356 619 Ecclesiam
3405 564 3641 619 redinte-

2054 672 2257 726 grasse,
2296 656 2341 710 si
2370 656 2436 711 ab
2464 656 2579 722 ejus
2620 669 2846 723 corpore
2873 653 3187 709 sacerdotes
3219 654 3495 709 videamus
3535 670 3636 709 ex-

2054 757 2301 812 traneos,
2334 762 2474 816 quos
2509 747 2563 803 in
2600 759 2836 802 nosuam
2886 746 3321 801 communionem
3367 761 3461 798 vos
3489 755 3645 800 caute

2054 846 2145 892 aut
2167 837 2557 894 rationabiliter
2578 853 2684 892 non
2704 838 2992 907 ignorastis
3007 852 3133 893 esse
3151 837 3467 906 susceptos?
3491 836 3642 893 Unde

2056 945 2162 984 non
2195 928 2386 984 leviter
2411 945 2511 984 nos
2551 944 2641 984 res
2668 930 2768 983 ista
2799 929 3106 996 contristat,
3139 930 3184 985 si
3216 930 3282 987 ab
3314 930 3398 985 his
3428 931 3517 999 qui
3550 944 3644 982 se-

2055 1023 2139 1079 dis
2160 1022 2467 1093 apostolicae
2489 1023 2920 1092 praedicationem
2952 1032 3267 1091 sequuntur,
3294 1024 3636 1092 negligantur

2055 1117 2144 1185 qui
2174 1116 2226 1170 in
2262 1116 2380 1184 ejus
2428 1116 2531 1169 fide
2579 1124 2630 1168 et
2673 1129 2938 1168 consensu
2977 1115 3178 1182 recepti
3222 1124 3366 1166 sunt.
3415 1114 3643 1181 Idcirco,

2057 1210 2193 1265 sicut
2208 1211 2420 1265 'hortati
2460 1226 2677 1276 sumus,
2714 1224 2809 1279 pro
2848 1224 3035 1264 eorum
3071 1210 3449 1265 communione
3479 1216 3641 1276 atque

2057 1300 2193 1366 loco,
2224 1300 2567 1357 serenissimo
2596 1299 2820 1369 principi
2847 1298 3195 1355 vehementer
3213 1298 3496 1355 insistere:
3521 1314 3646 1357 nam

2034 1396 2111 1461 in
2135 1393 2325 1449 eadem
2354 1408 2515 1449 causa
2543 1394 2760 1449 domino
2787 1402 2838 1448 et
2868 1394 2978 1449 tilio
3008 1402 3193 1448 nostro
3222 1393 3647 1448 clementissimo

2058 1487 2285 1556 principi
2316 1496 2370 1541 et
2399 1487 2515 1541 viro
2542 1486 2739 1543 illustri
2770 1486 3074 1543 Justiniano
3100 1488 3208 1542 lilio
3234 1496 3419 1542 nostro
3448 1488 3647 1554 scripta

2058 1577 2374 1643 direximus,
2417 1577 2694 1633 hortantes
2741 1593 2862 1632 eum
2896 1588 2951 1633 ut
2986 1594 3107 1633 cum
3155 1588 3355 1642 vestra,
3389 1588 3648 1646 quantum

2058 1669 2126 1726 ad
2164 1669 2527 1725 Ecciesiarum
2568 1686 2788 1727 suarum
2832 1672 3195 1740 receptionem
3245 1671 3512 1739 pertinet,
3555 1671 3649 1724 de-

2059 1765 2219 1819 beant
2247 1764 2473 1819 caritate
2503 1773 2753 1820 tractare.
2785 1764 2860 1819 De
2883 1779 2950 1819 eo
2962 1780 3057 1818 vos
3077 1763 3302 1822 articulo
3324 1774 3519 1819 nostra:
3548 1764 3649 1817 ad-

355 1867 503 1911 ratus
537 1857 633 1911 fuit
666 1873 695 1911 a
727 1859 1107 1913 communione
1140 1859 1395 1915 Dorothci
1434 1872 1657 1929 propter
1684 1860 1949 1931 synodum
1980 1844 2033 1906 Β
2056 1855 2371 1911 monitionis
2418 1856 2758 1922 suspicamur
2813 1870 2919 1910 non
2979 1856 3344 1915 immemores.
3406 1856 3647 1913 Diximus

356 1946 889 2005 Chalcedonensem:
922 1952 972 2004 in
1002 1967 1107 2020 quo
1130 1953 1286 2007 talem
1313 1961 1541 2007 mortem
1568 1963 1950 2017 exercuerunt,

360 2042 572 2109 qualem
605 2041 681 2094 illi
728 2042 818 2110 qui
848 2052 1090 2096 sanctum
1134 2043 1431 2099 Pr0terium
1471 2045 1802 2099 occiderunt.
1849 2046 1953 2101 ista

360 2132 432 2186 ad
486 2133 962 2190 clementissimum
1032 2137 1408 2206 imperatorem
1456 2148 1844 2209 pervenerunt,
1899 2148 1955 2195 et

364 2238 537 2294 prope
566 2226 615 2279 in
650 2236 749 2280 tota
800 2228 1013 2282 civitate
1071 2230 1362 2283 catholicus
1404 2229 1582 2285 luctus
1612 2241 1695 2285 est
1735 2240 1954 2301 propter
1998 2224 2023 2249 ’

359 2319 487 2371 talia
514 2332 635 2387 quin
661 2319 999 2390 contigerunt
1027 2320 1251 2376 scelera.
1297 2321 1571 2376 Promittit
1619 2331 1804 2376 sancta
1843 2324 1953 2379 cle-

358 2413 560 2463 mentia
586 2410 858 2466 vindicare
886 2421 937 2465 et
964 2411 1127 2466 citare
1178 2410 1528 2479 Dorotheum,
1554 2413 1674 2482 quia
1702 2429 1799 2469 nos
1823 2429 1953 2469 con—

357 2503 535 2555 teStati
564 2517 750 2556 sumus
780 2503 1029 2572 pietatem
1062 2503 1200 2573 ejus,
1235 2504 1515 2559 dicentes:
1559 2504 1712 2561 Nulla
1742 2508 1951 2562 ratione

356 2594 687 2649 Dorotheum
717 2596 852 2651 inter
878 2596 1161 2665 episcopos
1184 2607 1276 2651 aut
1304 2596 1356 2651 in
1386 2599 1765 2654 communione
1807 2599 1950 2653 sedis

354 2687 665 2756 apostolica
697 2694 873 2755 potest
913 2686 1259 2741 beatissimus
1292 2703 1426 2758 papa
1456 2688 1723 2756 recipere,
1748 2697 1802 2743 et
1822 2703 1952 2743 con-

359 2788 438 2832 tra
469 2778 557 2847 qui
590 2779 859 2833 voluerint
888 2794 1007 2833 eum
1051 2779 1101 2832 in
1134 2795 1228 2834 sua
1259 2782 1636 2834 communione
1682 2781 1945 2851 recipere,

357 2871 497 2925 scire
534 2886 591 2925 se
623 2885 744 2925 esse
785 2885 905 2925 reos
945 2872 1265 2927 auctoritate
1313 2871 1700 2929 ecclesiastica.
1749 2872 1852 2929 Ista
1882 2872 1949 2928 ad

354 2962 596 3016 notitiam
622 2961 969 3017 beatitudinis
995 2972 1188 3017 vestrae
1230 2962 1602 3018 festinavimus
1632 2962 1857 3029 referre,
1890 2974 1950 3020 ut

354 3053 484 3107 nihil
536 3070 636 3109 vos
686 3055 869 3119 lateat,
925 3056 1067 3126 quod
1111 3056 1163 3110 in
1196 3056 1311 3111 istis
1357 3056 1591 3127 partibus
1621 3056 1811 3126 agitur.
1846 3062 1945 3111 Ac-

355 3154 507 3214 cepta
563 3162 613 3200 tv
654 3146 911 3201 calendas
978 3147 1330 3216 Decembris,
1386 3148 1679 3204 Eutharico
1726 3150 1946 3203 consule

357 3236 517 3309 (anno
548 3236 759 3293 Domini
787 3237 937 3307 519).

878 3349 1211 3405 EPISTOLA
1254 3350 1433 3404 LXI".

975 3456 1040 3494 AD
1082 3455 1334 3496 LEGATOS.

318 3530 323 3534 ’
356 3526 509 3583 Dolet
550 3528 800 3603 Joannem
843 3531 1116 3603 occisum:
1156 3538 1204 3584 et
1242 3528 1948 3603 DOTOJJMthépiSCOptIM

429 3612 638 3661 remoto,
670 3601 851 3665 alium,
888 3601 1109 3654 Aristide
1136 3611 1366 3665 exrepto,
1398 3602 1448 3651 in
1479 3600 1591 3668 ejus
1619 3600 1783 3653 locum
1824 3600 1949 3653 sub-

430 3670 573 3721 stitni
603 3672 847 3739 pmoipit.
884 3669 1129 3723 Thomam
1159 3682 1204 3722 et
1241 3670 1594 3723 Nicostratum
1624 3674 1731 3723 suis
1763 3670 1946 3724 Eccle-

431 3741 522 3813 siis
550 3744 899 3795 restituendos.
932 3740 1213 3813 Monac/tos
1240 3742 1460 3812 Scythas
1498 3740 1672 3795 lianta’
1696 3758 1852 3813 usque
1879 3743 1947 3797 ad

430 3812 712 3882 legatorum
742 3813 1013 3866 adventum
1045 3812 1278 3866 detineri.

427 3903 713 3959 llormisda
754 3903 1023 3960 Germano
1061 3913 1115 3959 et
1144 3904 1334 3961 Joanni
1364 3905 1629 3977 episcopis
1660 3912 1715 3960 et
1744 3903 1947 3961 Blando

358 3998 693 4067 presbytero.

427 4088 673 4144 Graviter
713 4103 812 4144 nos
851 4087 1071 4144 Joannis
1114 4087 1364 4144 catholici
1415 4087 1605 4143 afﬂixit
1663 4089 1944 4156 interitus,

354 4196 515 4250 quem
557 4180 795 4235 haeretici
850 4179 1102 4237 Dorothei
1144 4182 1359 4235 vesania
1408 4179 1701 4249 perhibetis
1739 4180 1947 4234 exsun-

354 4284 520 4330 ctum.
565 4274 696 4328 Nam
748 4274 998 4329 eumdem
1052 4274 1374 4329 Dorotheum
1427 4270 1946 4343 ConstantinOpolim

354 4368 505 4437 jussu
547 4367 805 4437 principis
836 4367 1119 4422 didicimus
1153 4378 1453 4422 evocatum.
1492 4367 1760 4422 Adversus
1788 4382 1947 4437 quem

352 4457 576 4513 domino
598 4467 653 4513 et
682 4458 794 4513 lilio
818 4469 1003 4513 nostro
1031 4458 1453 4514 clementissimo
1480 4458 1706 4530 principi
1738 4458 1947 4514 debetis

356 4549 629 4617 insistere,
659 4566 727 4605 ne
751 4551 803 4605 in
834 4552 1077 4605 eamdem
1109 4551 1377 4606 Civitatem
1407 4551 1583 4605 denuo
1612 4557 1945 4605 revertatur:

357 4644 477 4708 sed,
508 4644 866 4711 episcopatus,
889 4660 1046 4714 quem
1078 4660 1347 4714 nunquam
1375 4644 1511 4698 bene
1540 4643 1726 4713 gessit,
1745 4642 1951 4696 honore

354 4736 624 4804 deposito,
649 4736 718 4790 ab
749 4736 936 4792 eodem
966 4736 1085 4791 loco
1119 4751 1179 4791 ac
1211 4736 1450 4793 Ecclesia
1494 4736 1703 4805 longius
1738 4735 1946 4806 relege-

358 4838 465 4892 tur,
484 4828 568 4882 νει
592 4836 737 4882 certe
756 4828 856 4883 huc
877 4827 944 4882 ad
974 4828 1160 4883 urbem
1186 4830 1287 4883 sub
1311 4828 1687 4898 prosecutione
1710 4840 1945 4897 congrua

353 4921 639 4989 dirigatur.
685 4922 763 4975 Ad
802 4920 940 4976 hanc
977 4922 1135 4976 etiam
1168 4932 1373 4991 partem
1416 4920 1672 4990 cvigilare
1714 4919 1944 4991 debetis,

354 5028 425 5066 ne
466 5015 519 5067 in
552 5013 729 5067 locum
782 5013 897 5083 ejus
938 5013 1201 5069 Aristides
1254 5014 1413 5068 totius
1454 5014 1576 5068 mali
1617 5013 1861 5069 incentor
1891 5021 1947 5067 et

351 5104 608 5157 conscius
642 5104 966 5173 quibuslibet
1014 5104 1447 5174 subreptionibns
1478 5104 1784 5158 ordinetur:
1820 5117 1943 5157 nam

354 5195 487 5249 nulli
513 5196 731 5264 prodest
753 5196 945 5251 mutari
974 5212 1282 5267 personam,
1307 5198 1347 5251 si
1380 5197 1620 5267 ejusdem
1646 5197 1815 5250 forma
1845 5212 1943 5249 nc-

354 5287 537 5355 quitize
572 5296 916 5355 perseveret:
952 5287 1044 5342 sed
1074 5288 1233 5342 talem
1277 5290 1445 5342 virum
1489 5289 1695 5344 debetis
1722 5289 1939 5358 eligere,

356 5390 415 5432 ut
442 5380 509 5434 de
533 5379 737 5450 judicio
762 5388 949 5435 vestro
976 5392 1162 5436 cuncm
1184 5380 1568 5437 catholicorum
1601 5380 1947 5450 congregatio

351 5470 668 5540 gratuletur.
718 5471 785 5526 iis
824 5472 985 5544 igitur
1013 5473 1341 5541 observatis,
1386 5490 1480 5544 pro
1515 5473 1735 5528 Thema:
1772 5484 1824 5527 et
1856 5470 1945 5526 Ni-

347 5563 574 5618 costrati
618 5562 835 5619 fratrum
876 5574 932 5620 et
984 5566 1423 5636 cocpiscoporum
1474 5576 1775 5621 nostrorum
1820 5579 1946 5631 per-

426 5692 442 5771 _‘
475 5690 637 5771 Forte
669 5693 984 5771 Maiacg'tano
1007 5738 1022 5759 ,
1052 5698 1102 5750 in
1136 5697 1415 5765 Hispania.
1453 5699 1587 5771 [iam
1632 5709 1685 5753 el
1714 5713 1949 5767 sequens

346 5766 581 5836 epistola
615 5777 695 5819 cst
722 5767 785 5818 ad
820 5766 1083 5835 Hispanos
1112 5772 1413 5835 episcopos.
1450 5770 1773 5824 llannumcs.

424 5834 447 5857 '
468 5831 779 5904 truncata,
802 5831 975 5892 minus
997 5831 1158 5905 bene,
1178 5852 1228 5892 ιιι
1255 5831 1315 5892 cit
1336 5855 1452 5910 seq.
1470 5840 1701 5894 indiculo
1726 5837 1946 5910 patebit.

1975 3217 2024 3283 ϐ

1980 4601 2031 4661 Β

2056 1949 2203 2002 cnim
2237 1946 2714 2016 quemadmodum,
2740 1948 2973 2004 exclusis
2998 1948 3427 2015 occupatorihus,
3459 1946 3536 2011 hi,
3576 1947 3648 2004 de

2056 2039 2249 2108 quibus
2279 2040 2568 2109 loquimur,
2600 2041 2665 2095 ad
2701 2042 2944 2110 proprias
2979 2051 3323 2094 revertantur
3351 2040 3643 2107 Ecrlesias,

2056 2142 2115 2187 ut
2136 2132 2211 2186 illi
2242 2132 2368 2188 alibi
2397 2133 2465 2202 (si
2491 2141 2668 2187 tamen
2693 2141 2856 2187 recta:
2876 2143 2998 2188 sunt
3026 2131 3173 2203 fidei)
3198 2131 3538 2187 ordinentur.
3572 2130 3648 2188 De

2056 2230 2305 2299 personis
2321 2228 2642 2299 Scytharum
2662 2229 3044 2282 monachorum
3064 2226 3397 2282 Justinianus
3416 2226 3498 2280 vir
3514 2225 3647 2280 illu-v

2055 2325 2185 2377 stris
2219 2322 2377 2378 nobis
2415 2322 2658 2392 scripsit,
2710 2336 2934 2391 quarum
2976 2321 3302 2391 exemplaria
3344 2321 3646 2379 litterarum

2055 2413 2375 2471 fraternitati
2403 2423 2598 2469 vestrze
2625 2415 2947 2477 direximus,
2978 2415 3066 2483 qui
3097 2428 3219 2469 cum
3247 2414 3453 2469 nollent
3477 2413 3646 2468 susti-

2054 2521 2183 2561 nere
2216 2516 2409 2563 vestra:
2436 2505 2743 2565 dilectionis
2782 2506 3093 2573 adventum,
3131 2516 3185 2561 et
3210 2506 3647 2563 observationum

2050 2613 2236 2655 moras
2265 2614 2323 2653 se
2354 2598 2595 2655 dicerent
2616 2599 2758 2654 ferre
2785 2614 2891 2654 non
2920 2613 3103 2668 posse,
3138 2607 3480 2653 tentavernnt
3506 2599 3649 2655 ciam

2054 2692 2120 2749 de
2150 2692 2284 2747 urbe
2312 2692 2624 2757 discedere;
2646 2704 2781 2760 quos
2805 2701 2915 2746 tum
2944 2705 3043 2746 nos
3078 2689 3338 2747 faciemus
3360 2688 3645 2746 sollicitius

2054 2785 2334 2852 custodiri,
2360 2799 2423 2840 ea
2442 2800 2561 2855 qua:
2582 2784 2649 2839 de
2670 2785 2825 2839 vobis
2846 2784 3111 2838 contraria
3131 2784 3384 2838 dixerunt
3399 2781 3647 2841 volentes

2054 2890 2368 2944 agnoscam,
2410 2885 2468 2929 ut
2512 2890 2636 2930 cum
2676 2875 2918 2938 reversi,
2966 2876 3072 2929 Deo
3100 2874 3361 2943 propitio,
3409 2862 3644 2937 fueritis.

2053 2983 2238 3024 eorum
2252 2983 2404 3023 error
2415 2968 2825 3024 rationabilibns
2842 2966 3303 3022 adhortationibus
3319 2966 3644 3033 corrigatur.

2056 3059 2189 3113 Data
2220 3074 2277 3113 ιιι
2308 3072 2479 3114 nonas
2509 3059 2844 3123 Decembris,
2876 3058 3168 3114 Eutharico
3197 3057 3313 3111 viro
3341 3054 3644 3113 clarissima

2053 3149 2272 3205 consule
2300 3150 2466 3220 (anno
2498 3149 2707 3206 Domini
2737 3148 2887 3217 519).

2574 3260 2906 3316 EPISTULA
2946 3260 3127 3315 LXIV.

2138 3373 2203 3410 an
2236 3370 2471 3410 JOANNEM
2512 3370 2880 3409 itsucrrmcu
2923 3356 3226 3426 (ιιιιιτλιιβ
3266 3354 3569 3425 accessu)
3640 3388 3641 3391 η

2694 3461 3001 3499 εριςεορυῖιι.

2054 3560 2096 3581 "
2123 3559 2744 3630 ConstaittinOpolitunam
2772 3557 3054 3612 Ecclesium
3085 3561 3151 3612 ad
3187 3559 3319 3614 sedis
3348 3560 3644 3629 apostolica!

2518 3630 2922 3683 commuttionem
2949 3631 3163 3684 rediisse

2127 3723 2406 3778 Hormisda
2439 3724 2627 3777 Joanni
2661 3724 2915 3794 episcopo
2959 3723 3263 3779 Melicitano
3289 3725 3304 3755 ⁸
3337 3723 3644 3793 (Νἱιροοροο

2056 3814 2265 3885 Iitano).

2125 3906 2259 3959 Vota
2293 3912 2473 3959 nostra
2498 3906 2774 3959 caritatem
2802 3913 2946 3959 tuam
2972 3905 3141 3959 latere
3172 3905 3439 3968 nolumus,
3460 3920 3526 3957 ne
3547 3902 3643 3972 qui

2056 3996 2324 4067 particeps
2353 3996 2451 4050 fuit
2480 3997 2872 4063 sollicitudinis,
2904 3996 3217 4066 gaudiorum
3243 3997 3415 4051 frnc'n
3452 3995 3646 4050 redda-

2055 4100 2141 4144 tur
2160 4089 2412 4145 extorris.
2441 4090 2504 4143 Et
2528 4088 2651 4144 ideo
2674 4088 3323 4158 ConstantinOpolitanam
3346 4088 3643 4144 Ecclesium

2053 4186 2119 4237 ad
2160 4183 2593 4237 communionem
2638 4194 2873 4236 nostram
2904 4182 3151 4250 rediisse,
3194 4184 3417 4237 Domino
3462 4184 3644 4251 propi-

2056 4274 2243 4340 tiante,
2278 4273 2612 4328 tradentibus
2642 4274 3004 4342 significamus
3032 4275 3313 4344 alloquiis;
3343 4284 3397 4329 et
3428 4274 3644 4328 manda-

2057 4376 2253 4432 torum,
2291 4383 2407 4437 qu.e
2440 4367 2629 4437 legatis
2659 4368 2856 4421 nostris
2898 4368 3163 4431 dedimus,
3191 4370 3242 4421 in
3272 4370 3519 4422 omnibus
3554 4383 3645 4422 se-

2054 4458 2188 4511 riem
2218 4457 2379 4511 fuisse
2409 4458 2751 4526 completam.
2790 4457 2865 4509 De
2894 4473 2995 4526 qua
3023 4466 3190 4526 parte,
3217 4468 3272 4509 ut
3298 4457 3362 4510 ad
3394 4458 3643 4510 dilectiod

2057 4567 2178 4606 nem
2222 4560 2364 4605 tuam
2407 4551 2614 4621 plenius
2670 4550 2962 4619 perfectum
3011 4552 3258 4620 gaudium
3315 4550 3642 4617 perveniret,

2058 4644 2226 4699 libelli
2248 4643 2469 4699 Joannis
2496 4643 2679 4698 fratris
2706 4652 2759 4697 et
2792 4643 3189 4696 consacerdotis
3214 4640 3379 4693 nostri
3403 4640 3643 4708 episconi

2057 4736 2659 4805 Constatttinopolitani,
2689 4745 2744 4790 et
2778 4736 2969 4791 Justini
3009 4732 3410 4789 clementissimi
3447 4732 3645 4799 princi-

2060 4832 2142 4901 pis
2176 4829 2411 4886 Orientis
2453 4844 2724 4884 sacrarum
2758 4829 3055 4883 litterarum
3088 4825 3412 4893 exemplaria
3445 4825 3645 4894 pariter

2056 4923 2377 4979 credidimus
2430 4920 2786 4986 destinanda;
2830 4919 3123 4973 indicantes
3165 4919 3510 4973 nihilominus
3551 4935 3646 4989 per

2056 5015 2289 5071 Orientis
2313 5023 2490 5087 partes
2515 5014 2769 5086 plurimos
2797 5013 3077 5083 episcopos
3108 5013 3181 5067 sic
3207 5012 3413 5067 fecisse.
3449 5013 3518 5067 Su
3531 5029 3644 5082 per-

2054 5116 2135 5163 est
2186 5116 2244 5161 ut
2272 5121 2300 5161 a
2334 5106 2488 5162 nobis
2515 5103 2940 5176 competentibus
2971 5105 3217 5175 precibus
3260 5104 3517 5159 Divinitas
3550 5122 3647 5157 cx-

2057 5212 2203 5256 orata
2255 5200 2515 5257 concedat
2552 5208 2811 5270 quatenus
2860 5197 2926 5252 de
2967 5198 3187 5253 aliarum
3217 5213 3428 5270 quoque
3461 5197 3647 5251 Eccle-

2056 5294 2259 5347 siarum
2293 5291 2745 5361 redintegratione
2776 5289 3126 5361 gratulemur.
3162 5274 3245 5344 Ea
3272 5305 3401 5344 vero
3440 5306 3553 5361 qua:
3585 5289 3653 5345 si-

2054 5385 2311 5455 gnificare
2334 5385 2632 5439 curavimus
2687 5383 2739 5439 in
2765 5398 2949 5438 eorum
2976 5382 3313 5437 sacerdotum
3346 5378 3431 5451 qni
3460 5379 3648 5431 frater-

2058 5477 2209 5530 nitati
2244 5484 2349 5531 tuae
2382 5476 2538 5530 vicini
2593 5484 2716 5530 sunt
2774 5474 2986 5531 curabis
3038 5474 3268 5544 perferre
3297 5471 3558 5534 notitiam,
3594 5480 3646 5523 ut

2056 5578 2113 5623 et
2140 5568 2242 5639 ipsi
2273 5568 2339 5625 de
2365 5568 2555 5624 etTectu
2584 5578 2743 5623 tantae
2770 5569 2847 5624 rei
2882 5568 3081 5637 gratias
3111 5563 3384 5617 nobiscum
3415 5561 3648 5616 cmlcstis

2138 5708 2177 5728 “
2223 5702 2321 5759 Ubi
2370 5706 2716 5759 communioni
2765 5696 3349 5770 Constantinopolitano:
3402 5695 3650 5754 Ecclesiﬂ

2063 5776 2383 5832 subscribens
2414 5776 2458 5829 ei
2482 5778 2787 5846 gratulatur.
