4262 6264
662 351 728 404 71
980 359 984 362 ·
1949 344 2319 402 ΗΟΒΜΙΞΗΕ
2357 344 2440 401 PA
2451 345 2557 400 ΡΑΞ

3791 350 3897 403 472

627 461 1009 519 misericordiae
1045 461 1317 518 beneﬁciis
1343 461 1542 515 referre
1571 474 1676 514 non
1709 468 1941 515 cessent.
1976 458 2116 515 Deus
2152 467 2204 514 te
2231 459 2282 519 Δ
2311 458 2450 512 ﬁeri.
2497 458 2675 522 Nunc,
2718 460 2817 514 etsi
2847 468 2969 528 post
3007 458 3247 524 labores,
3279 459 3378 514 etsi
3410 470 3529 530 post
3569 461 3892 518 intentiones

626 553 942 612 incolumem
970 555 1255 619 custodiat,
1284 553 1449 608 frater
1476 553 1769 608 carissime.

1144 671 1474 726 EPISTOLA
1516 671 1602 726 LX
1615 671 1672 726 V.

737 781 804 818 an
842 776 1116 818 EPISCOPOS
1154 777 1411 817 msrsnnc
1452 762 1700 834 (sa-ncte
1738 765 2080 835 rnovrscns).

835 853 1136 909 Gratulatur
1160 857 1223 908 de
1252 871 1376 925 pace
1407 855 1684 910 Orientalis
1709 854 1972 911 Eeclesiw.

690 945 966 1000 Fratribus
1020 945 1383 1001 dilectissimis
1440 947 1706 1003 universis
1775 949 2042 1018 epist-Opis
2104 965 2200 1020 per

618 1037 866 1094 Baeticam
948 1039 1275 1110 provinciam
1351 1039 1655 1096 constitutis
1727 1040 2009 1097 Hormisda
2086 1043 2200 1112 epi-

616 1145 835 1201 scOpus.

689 1227 704 1245 '
734 1221 869 1289 Quid
903 1231 1009 1276 tam
1029 1221 1189 1278 dulce
1215 1222 1445 1276 sollicito
1467 1235 1627 1291 quam
1650 1221 1790 1292 quod
1825 1223 2034 1292 (quum)
2066 1222 2196 1279 mihi

614 1313 680 1368 de
709 1314 860 1368 vobis
892 1314 1231 1368 innotescunt
1268 1313 1353 1368 illa
1383 1328 1502 1382 quae
1531 1313 1735 1384 cupio?
1764 1312 1898 1379 Quid
1931 1323 2040 1369 tam
2071 1315 2198 1370 reli-

613 1406 777 1474 gio-is
803 1405 1128 1461 conveniens
1163 1405 1417 1460 institutis
1447 1421 1609 1476 quam
1636 1415 1690 1461 ut
1722 1407 1862 1462 inter
1889 1409 2196 1466 sacerdotes

612 1510 820 1564 pacem,
853 1512 1009 1566 quam
1032 1511 1126 1552 eos
1154 1512 1373 1552 necesse
1402 1505 1485 1552 est
1503 1497 1620 1551 aliis
1649 1512 1747 1566 pro
1777 1497 1954 1553 ofﬁcio
1981 1514 2192 1556 annun-

612 1590 763 1656 tiare,
789 1591 1148 1645 conservent?
1165 1590 1350 1656 Plena,
1371 1589 1560 1656 fateor,
1585 1589 1938 1659 gratulatione
1958 1594 2191 1662 suscepi,

610 1684 750 1752 quod
778 1683 951 1738 votiva
991 1682 1125 1737 mihi
1157 1683 1376 1738 caritate
1407 1686 1549 1754 (quze
1580 1684 1720 1738 inter
1748 1697 1844 1738 vos
1871 1683 1977 1752 est)
2009 1683 2194 1740 Eccle-

607 1775 808 1829 siarum
829 1781 884 1827 et
913 1787 1043 1842 pace
1073 1772 1264 1827 litteris
1304 1771 1595 1828 indicastis.
1632 1773 1832 1842 Sponte
1861 1773 2010 1838 mihi,
2035 1776 2192 1845 quid-

607 1865 734 1934 quid
761 1865 961 1919 hortari
991 1875 1254 1934 poteram,
1275 1864 1533 1934 quidquid
1559 1880 1801 1932 monere,
1827 1866 2063 1921 delatum
2085 1883 2145 1923 es

607 1957 885 2023 Conﬁrmet
911 1957 1007 2009 hoc
1043 1956 1200 2022 Deus,
1228 1957 1363 2026 quod
1397 1966 1632 2026 aperatus
1656 1966 1728 2010 est
1755 1957 1807 2010 in
1843 1957 1985 2011 nobis
2016 1957 2188 2027 (Psal.

606 2049 798 2119 vau):
825 2059 879 2104 et
895 2064 1012 2119 qua:
1035 2049 1284 2118 praecepit
1303 2064 1397 2118 pro
1418 2051 1712 2103 animarum
1731 2048 1904 2104 salute
1924 2050 2188 2118 facienda,

606 2140 722 2194 haec
759 2142 873 2207 ipse
904 2141 991 2210 qui
1021 2142 1298 2210 praecepit,
1337 2156 1432 2210 pro
1461 2155 1522 2195 ea
1558 2157 1660 2209 qua
1692 2157 1790 2196 nos
1825 2143 2052 2199 redemit
2081 2145 2193 2214 pie-

605 2241 714 2285 tate
738 2229 915 2285 faciat.
942 2232 1005 2284 Et
1035 2232 1118 2285 his
1143 2241 1251 2285 tam
1280 2231 1430 2286 bonis
1453 2233 1654 2287 nuntiis
1697 2247 1794 2287 nos
1821 2248 2034 2304 quoque
2065 2235 2191 2289 reli-

603 2327 876 2394 giosorum
906 2328 1073 2381 vicem
1105 2324 1378 2380 reddimus
1409 2325 1738 2380 nuntiorum.
1770 2327 2037 2395 Quidquid
2066 2342 2188 2383 eum

603 2415 986 2479 Orientalibus,
1020 2430 1154 2485 quos
1197 2416 1264 2470 ad
1301 2415 1563 2472 Ecclesia:
1597 2431 1792 2486 corpus
1821 2417 2189 2490 unitatemque

603 2517 886 2565 revocatos
929 2506 1130 2562 dudum
1171 2508 1263 2562 Dei
1293 2509 1462 2563 nostri
1506 2522 1608 2578 ope
1639 2508 1832 2564 litteris
1863 2510 2187 2580 signiﬁcavi-

603 2615 724 2656 mus
766 2600 1044 2656 destinatis
1065 2641 1081 2665 ,
1114 2599 1322 2666 denuo,
1354 2615 1474 2655 cum
1506 2610 1686 2670 aptum
1717 2602 1875 2657 fuerit
1897 2642 1912 2668 ,
1948 2604 2186 2671 repetitis

603 2693 881 2748 vobiscum
902 2691 1338 2762 participabimus
1355 2691 1583 2747 indiciis.
1604 2693 1721 2748 Mox
1743 2702 1865 2763 post
1879 2705 2184 2750 nostrorum

603 2786 831 2842 reditum
859 2787 978 2857 (pro
1003 2796 1186 2841 nostro
1212 2785 1412 2859 edicto)
1439 2787 1507 2841 ab
1535 2787 1893 2843 Orientalibus
1921 2790 2078 2844 missa
2109 2790 2186 2844 le-

601 2879 742 2947 gatio
767 2886 870 2934 est.
901 2877 1060 2933 Certa
1082 2879 1338 2948 speravit,
1356 2889 1501 2935 certa
1523 2879 1810 2936 consuluit.
1829 2880 1934 2937 Sed
1959 2881 2183 2937 facimus

603 2970 666 3026 de
696 2971 778 3027 his
802 2985 922 3040 quae
950 2971 1160 3026 fuerant
1180 2971 1407 3026 dicenda
1430 2972 1830 3041 compendium,
1860 2973 1962 3042 ipsi
1986 2974 2180 3043 potius,

602 3063 664 3119 Id
697 3064 1063 3120 instruendam
1105 3067 1349 3120 notitiam
1381 3074 1638 3131 vestram,
1671 3082 1787 3137 qua:
1822 3081 1853 3122 a
1878 3066 2033 3122 nobis
2061 3077 2183 3123 sunt

601 3172 854 3227 responsa
875 3158 1189 3229 dirigentes,
1212 3173 1280 3214 ne
1305 3157 1430 3228 quid
1454 3158 1554 3213 sibi
1579 3158 1680 3213 sub
1700 3159 1872 3229 spatio
1892 3159 2183 3229 prolixiore

601 3259 861 3305 terrarum
890 3261 982 3304 aut
1011 3251 1194 3320 opinio
1220 3249 1471 3318 vindicet,
1486 3259 1577 3305 aut
1598 3266 1746 3306 error
1774 3259 2033 3320 assumat,
2058 3268 2180 3308 cum

601 3340 662 3394 ad
693 3356 872 3396 rerum
897 3340 1054 3395 ﬁdem
1088 3341 1254 3410 ipsam
1285 3342 1452 3396 teneri
1480 3341 1680 3397 sufﬁcit
1704 3343 2001 3398 veritatem.
2027 3344 2180 3411 Quod

601 3440 773 3484 autem
795 3429 860 3483 ad
883 3429 1266 3485 continentiam
1285 3439 1584 3486 vestrarum
1604 3433 1836 3501 pertinet
1856 3433 2176 3506 litterarum,

600 3519 831 3590 oportuit
859 3521 1076 3590 quidem
1102 3520 1366 3577 desideria
1402 3522 1609 3591 plenius
1639 3524 1912 3593 expedire,
1943 3535 2000 3581 ut
2037 3529 2181 3582 aesti-

600 3614 754 3668 matis
789 3613 1038 3667 omnibus
1077 3629 1392 3683 responsum
1420 3615 1613 3669 rationi
1658 3631 1954 3687 congruum
1990 3620 2181 3675 redde-

598 3714 763 3758 retur.
793 3703 901 3759 Sed
933 3704 1054 3773 quia
1087 3705 1488 3775 privilegiorum
1521 3716 1759 3762 veterum
1776 3717 1830 3762 et
1857 3719 2178 3766 statutorum

599 3805 941 3864 paternorum
977 3795 1246 3850 indidistis
1277 3795 1464 3851 iisdem
1504 3797 1694 3853 litteris
1723 3801 2078 3868 mentionem,
2110 3803 2178 3857 ad

598 3884 909 3940 Sallustium
943 3888 1161 3941 fratrem
1189 3895 1244 3941 et
1273 3887 1650 3957 coepiscopum
1680 3899 1920 3946 nostrum
1952 3894 2050 3948 sub
2081 3894 2181 3949 hac

597 3988 746 4047 parte
777 3979 1172 4048 rescripsimus,
1203 3980 1355 4035 vobis
1383 3996 1595 4051 quoque
1633 3982 1861 4038 strictim
1892 4001 2011 4054 qua:
2039 3986 2180 4042 dicta

597 4078 715 4126 sunt
739 4070 842 4124 illis
861 4071 1017 4124 latius
1041 4071 1360 4136 indicantes,
1377 4087 1444 4127 ne
1464 4073 1734 4144 privilegia
1756 4077 1908 4130 nobis
1929 4077 1982 4147 (a
2004 4078 2180 4149 nobis)

596 4160 801 4216 indulta
829 4164 1212 4230 convellerent,
1232 4173 1288 4218 et
1311 4162 1442 4216 nihil
1471 4171 1575 4218 tam
1602 4167 1933 4223 conveniens
1957 4170 2078 4224 fidei
2103 4169 2183 4238 ju-

596 4254 796 4322 dicare,
816 4271 973 4327 quam
998 4265 1056 4311 ut
1083 4257 1133 4311 in
1160 4257 1362 4312 honore
1389 4271 1488 4312 suo
1514 4273 1542 4312 a
1560 4256 1806 4315 Patribus
1827 4260 2041 4316 decreta
2067 4277 2181 4317 ser-

596 4355 804 4401 ventur.
837 4347 973 4401 Deus
1002 4355 1184 4402 autem
1216 4363 1312 4402 vos
1344 4348 1639 4404 incolumes
1671 4350 1954 4419 custodiat,
1987 4351 2178 4409 fratres

596 4440 856 4494 carissimi
891 4441 1055 4506 (anno
1083 4438 1289 4496 Domini
1319 4439 1446 4510 5l9)

1192 4554 1568 4612 SUGGESTIO

1063 4660 1365 4700 DIOSCORI
1431 4661 1716 4702 DIACONI.

597 4741 822 4794 Paulum
850 4739 1131 4793 Antiochia:
1157 4741 1450 4808 episcopum
1481 4741 1798 4795 ordinatum.
1831 4739 2052 4809 Scythas
2081 4758 2183 4795 mo-

667 4814 853 4864 uachos
895 4810 1145 4862 tumultus
1175 4811 1440 4874 excitasse,
1471 4812 1696 4866 dicentes
1725 4829 1882 4866 unum
1910 4812 1974 4865 de
2016 4811 2185 4866 Trini-

666 4893 766 4933 tate
792 4882 947 4950 fuisse
973 4879 1294 4948 cruciﬁxum.

669 4972 860 5025 Verum
888 4982 968 5026 est
992 4972 1133 5026 nulla
1154 4986 1272 5027 esse
1296 4972 1490 5041 gaudia
1515 4989 1839 5042 magnOpcre
1861 4975 2179 5044 spirituatia,

594 5082 623 5119 a
652 5065 841 5130 quilms
874 5080 938 5119 ex
969 5074 1080 5117 toto
1107 5065 1378 5119 tribulatio
1411 5066 1577 5134 possit
1608 5081 1727 5122 esse
1749 5079 2018 5136 separata.
2041 5069 2182 5123 Gau-

593 5159 782 5214 demus
813 5157 880 5210 de
903 5159 1104 5211 unitate
1135 5159 1740 5228 Constantinopolitanae
1766 5159 2182 5230 Ecclesire,qua:

595 5254 730 5305 facta
761 5257 845 5305 est
875 5264 994 5304 cum
1025 5249 1153 5304 sede
1199 5252 1490 5320 apostolica
1516 5267 1528 5304 :
1565 5252 1808 5306 Iactamur
1838 5253 2077 5321 quatidie
2103 5253 2184 5307 di-

595 5358 871 5399 vcrsorum
915 5341 1286 5411 episcoporum
1338 5342 1549 5398 libellos
1600 5343 1753 5399 nobis
1801 5343 2184 5401 satisfactionis

595 5437 796 5492 offerri.
833 5435 1092 5490 Modicum
1128 5435 1180 5488 in
1213 5434 1479 5501 Ephesina
1531 5435 1745 5490 civitate
1776 5437 1998 5506 contigit
2028 5453 2182 5492 scan-

595 5529 795 5594 dalum,
828 5526 918 5583 ubi
947 5537 1251 5597 contempla
1283 5535 1365 5580 est
1392 5536 1446 5580 et
1475 5526 1723 5594 injuriata
1753 5530 1988 5599 synodus
2022 5530 2182 5584 Chal-

594 5622 934 5677 cedonensis.
971 5623 1061 5677 Est
1093 5621 1369 5676 invocatus
1413 5619 1861 5677 clementissimus
1893 5623 2182 5692 imperator

600 5712 701 5767 hoc
755 5715 1022 5782 corrigere
1052 5753 1067 5778 ,
1107 5713 1249 5783 quod
1295 5722 1348 5768 et
1378 5723 1560 5783 sperat
1607 5729 1725 5768 cum
1769 5714 1862 5769 Dei
1917 5713 2182 5784 adiutorio

671 5845 688 5864 '
721 5842 921 5898 Eadem
949 5844 1059 5901 fere
1096 5853 1176 5898 est
1209 5843 1504 5900 Marcellini
1535 5860 1684 5918 νίψω
1714 5845 1962 5917 epistola.

2307 550 2506 620 plores,
2535 550 2866 606 Antiochena
2896 549 3132 605 Ecclesia
3163 550 3409 606 ordinata
3437 562 3553 618 est;
3585 553 3790 609 electus
3811 563 3895 611 est

2306 642 2516 712 quidam
2536 642 2728 696 Paulus
2745 642 2960 697 nomine
2982 641 3262 712 presbyter
3283 641 3890 715 Constantinopolitana:

2305 733 2586 799 Ecclesiae,
2615 748 2774 803 quem
2804 733 2927 788 huic
2959 731 3150 788 honori
3181 733 3516 802 aptissimum
3543 736 3884 806 imperatoris

2304 827 2613 882 testimonio
2660 825 3069 896 comprobatum
3122 827 3405 882 voluerunt
3443 837 3499 883 et
3543 835 3888 883 tentaverunt

2305 919 2392 974 hic
2412 920 2686 976 ordinare.
2743 920 2852 990 Ego
2897 918 3156 988 jussionis
3203 928 3397 974 vestrae
3448 934 3556 975 non
3609 922 3888 975 immemor

2302 1007 2622 1080 contradixi,
2643 1010 2857 1066 dicens:
2883 1009 3049 1065 Jussit
3070 1010 3320 1065 dominus
3343 1019 3525 1066 noster
3546 1012 3887 1066 beatissimus

2300 1121 2435 1176 papa
2454 1146 2470 1172 ,
2520 1105 2813 1160 secundum
2845 1105 3117 1174 antiquam
3148 1105 3591 1160 consuetudinem
3617 1148 3634 1175 ,
3663 1105 3735 1159 ibi
3760 1121 3886 1160 eum

2300 1197 2614 1267 episcopum
2642 1197 2898 1252 ordinari.
2952 1196 3065 1250 Hoc
3094 1196 3325 1251 obtinuit
3347 1196 3488 1266 quod
3531 1197 3882 1266 prtecepistis.

2299 1290 2461 1346 Orate
2488 1297 2543 1343 ut
2575 1290 2714 1345 Deus
2757 1287 3008 1358 precibus
3033 1288 3264 1357 apostoli
3296 1288 3437 1342 Petri
3467 1297 3522 1343 et
3556 1289 3722 1358 ipsam
3753 1288 3886 1344 civi-

2301 1389 2460 1437 tatem
2489 1396 2610 1436 cum
2633 1396 2766 1450 pace
2793 1380 2956 1435 faciat
2978 1381 3207 1435 electum
3225 1380 3501 1450 suscipere
3525 1379 3881 1436 sacerdotem.

2299 1473 2364 1529 Et
2392 1472 2514 1543 quia
2546 1473 2643 1528 ista
2674 1482 2924 1543 aguntur,
2955 1482 3009 1527 et
3032 1473 3085 1526 in
3113 1473 3190 1527 bis
3213 1473 3451 1542 quotidie
3469 1472 3678 1542 proﬁcit
3699 1474 3882 1528 Eccle-

2297 1567 2396 1630 sia,
2438 1565 2719 1619 insidiator
2745 1564 2999 1635 antiquus
3029 1564 3305 1619 suscitavit
3337 1565 3628 1619 monachos
3652 1563 3720 1619 de
3748 1564 3882 1637 Scy-

2297 1658 2430 1723 thia,
2467 1657 2560 1726 qui
2597 1656 2664 1711 de
2693 1657 2854 1711 domo
2893 1655 3132 1726 magistri
3181 1654 3409 1710 tnilitum
3439 1656 3688 1710 Vitaliani
3734 1664 3877 1725 sunt,

2296 1749 2534 1803 omnium
2565 1747 2998 1801 Christianorum
3032 1748 3168 1802 votis
3199 1746 3513 1810 adversarii,
3542 1761 3768 1815 quorum
3802 1747 3879 1800 in-

2150 1877 2188 1924 ι.
2221 1838 2270 1898 Β
2298 1839 2552 1908 quietudo
2581 1853 2684 1893 non
2718 1852 2909 1907 parvas
2941 1852 3124 1892 moras
3153 1837 3428 1906 generavit
3457 1838 3642 1891 unitati
3685 1836 3878 1892 Eccle-

2295 1932 2518 1999 siarum,
2557 1939 2613 1986 et
2649 1944 2972 2000 magnopere
2999 1930 3065 1984 de
3098 1929 3366 1998 prtedictte
3399 1928 3657 1983 Ecclesiae
3685 1930 3875 1983 Antio.

2294 2025 2479 2078 cliente
2522 2021 2880 2076 ordinatione.
2941 2021 3030 2075 lsti
3086 2020 3374 2086 monachi,
3429 2021 3566 2074 inter
3612 2035 3746 2089 quos
3794 2028 3876 2075 est

2294 2118 2567 2179 Leontius,
2588 2117 2677 2186 qui
2701 2131 2759 2172 se
2779 2116 2905 2172 dicit
2929 2131 3052 2172 esse
3076 2123 3349 2185 parentem
3371 2116 3606 2185 magistri
3627 2117 3873 2182 militum,

2295 2187 2518 2263 Romam
2549 2207 2829 2272 festinant,
2865 2220 3145 2278 sperantes
3185 2209 3359 2278 aliqua
3387 2209 3618 2277 Capitula
3646 2224 3675 2263 a
3706 2208 3876 2264 beati-

2294 2300 2478 2355 tudine
2525 2308 2703 2354 vestra
2741 2298 3069 2354 conﬁrmari.
3104 2300 3196 2354 Est
3234 2300 3287 2353 in
3335 2300 3466 2367 ipsis
3515 2298 3655 2352 inter
3679 2309 3874 2355 caetera

2292 2391 2386 2444 ubi
2426 2390 2609 2444 volunt
2648 2388 2826 2444 dicere
2879 2405 3040 2442 unum
3098 2389 3165 2442 de
3214 2389 3473 2442 Trioitate
3513 2388 3870 2442 crucifixum:

2289 2482 2430 2553 quod
2453 2493 2534 2537 est
2555 2498 2652 2536 nec
2674 2483 2726 2536 in
2753 2483 2953 2536 sanctis
2974 2482 3192 2551 synodis
3221 2480 3444 2544 dictum,
3471 2496 3568 2535 nec
3589 2481 3640 2535 in
3672 2482 3872 2551 episto-

2289 2575 2356 2630 lis
2388 2574 2557 2628 Sancti
2601 2589 2752 2642 papa:
2789 2573 3001 2636 Leonis,
3055 2588 3152 2627 nec
3181 2574 3232 2628 in
3279 2573 3668 2627 consuetudine
3695 2573 3871 2627 eccle-

2287 2665 2524 2721 siastica.
2553 2663 2706 2730 Quod
2729 2664 2775 2717 si
2809 2665 3189 2733 permittuntur
3214 2663 3350 2729 ﬁeri,
3375 2663 3505 2717 mihi
3535 2663 3743 2718 videtur
3765 2663 3871 2718 dis-

2288 2758 2572 2813 sensiones
2597 2767 2650 2812 et
2679 2755 2930 2811 scandala
2965 2771 3068 2810 non
3104 2757 3394 2812 mediocria
3427 2757 3571 2810 nasci
3611 2758 3749 2812 inter
3773 2757 3869 2812 Ec-

2287 2853 2497 2908 clesias.
2530 2850 2673 2906 Istud
2712 2851 3024 2906 Anastasius
3070 2851 3364 2920 imperator
3403 2864 3726 2919 magnopere
3777 2866 3869 2906 ca-

2288 2943 2499 2999 tholicis
2533 2943 2810 3013 imponere
2851 2942 3161 2997 festinavit:
3195 2942 3336 2996 istud
3365 2951 3419 2996 et
3451 2942 3756 3013 Eutychetis
3789 2942 3868 2996 di-

2285 3035 2476 3105 scipuli
2513 3036 2563 3089 in
2611 3035 2816 3106 synodo
2846 3033 3268 3089 Chalcedonensi
3297 3042 3705 3103 proposuerunt.
3733 3032 3866 3099 Quia

2284 3128 2707 3198 quotiescunque
2760 3127 2944 3181 Patres
2991 3125 3056 3180 de
3101 3125 3196 3179 Dei
3238 3125 3374 3178 Filio
3420 3124 3643 3178 Domino
3684 3134 3866 3179 nostro

2206 3211 2254 3273 C
2284 3219 2410 3276 Jesu
2435 3220 2648 3292 Christo
2679 3218 3104 3287 disputaverunt,
3133 3217 3323 3270 Filiqu
3355 3216 3448 3270 Dei
3473 3215 3726 3280 Verbum,
3745 3230 3866 3269 con-

2283 3310 2688 3367 substantialem
2721 3310 2913 3373 Patris,
2941 3308 3256 3364 homousion
3291 3306 3432 3361 Patri
3460 3307 3731 3362 dixerunt.
3767 3307 3868 3360 Ista

2281 3415 2457 3460 autem
2482 3417 2660 3458 sermo
2689 3401 2810 3457 ideo
2829 3415 3093 3470 nunquam
3122 3409 3203 3453 est
3234 3401 3285 3453 in
3317 3398 3539 3470 synodis
3570 3413 3597 3450 a
3622 3397 3867 3452 Patribus

2281 3496 2650 3560 introductus,
2681 3495 2803 3565 quia
2848 3494 3032 3564 procul
3075 3491 3238 3546 dubio
3276 3491 3558 3546 catholica:
3608 3491 3728 3546 fidei
3763 3491 3864 3544 mi-

2281 3589 2426 3644 nime
2458 3595 2670 3658 poterat
2699 3587 3005 3642 convenire.
3038 3585 3202 3654 Cujus
3232 3585 3494 3640 sermonis
3522 3584 3567 3637 si
3603 3584 3866 3639 subtiliter

2280 3680 2588 3736 attendatur
2630 3679 2891 3745 intentio,
2931 3677 2996 3731 ad
3039 3686 3264 3747 quantas
3303 3676 3535 3730 haereses
3569 3683 3776 3745 pateat,
3813 3687 3865 3732 et

2281 3791 2399 3845 qua:
2432 3774 2572 3828 mala
2610 3787 2704 3843 per
2729 3787 2850 3827 eum
2890 3772 3098 3842 possint
3126 3767 3569 3838 disputationibus
3608 3770 3866 3823 ecclesia-

2281 3863 2990 3934 sticisintroduci,quoniam
3011 3863 3228 3932 longum
3251 3870 3331 3916 est
3348 3877 3443 3931 per
3463 3870 3752 3931 prmsentes
3783 3862 3864 3915 in-

2281 3958 2530 4024 sinuare,
2576 3958 2936 4027 praeterimus.
2976 3955 3129 4010 Unde
3163 3968 3349 4008 sanum
3399 3952 3526 4007 mihi
3573 3953 3782 4008 videtur
3813 3963 3866 4008 et

2283 4050 2503 4114 utile,et
2523 4049 2586 4102 ad
2614 4064 2798 4119 pacem
2824 4048 3184 4103 Ecclesiarum
3202 4047 3549 4109 conveniens,
3574 4046 3704 4100 nihil
3729 4045 3866 4103 aliud

2282 4155 2599 4210 responsum
2650 4139 2797 4208 dari,
2845 4139 2945 4193 nisi
2981 4156 2992 4191 :
3035 4136 3243 4192 Sufﬁcit
3286 4147 3530 4191 sanctum
3577 4135 3868 4192 Chalcedo-

2283 4249 2451 4288 nense
2480 4231 2788 4297 concilium,
2822 4232 2875 4286 in
2909 4247 3012 4301 quo
3037 4240 3091 4286 et
3120 4229 3238 4283 aliae
3263 4229 3452 4300 synodi
3482 4230 3823 4284 continentur
3851 4246 3863 4284 :

2281 4325 2553 4380 sufﬁciunt
2583 4325 2822 4394 epistola:
2859 4338 3007 4392 papa:
3051 4322 3268 4386 Leonis,
3310 4337 3440 4390 quas
3469 4322 3704 4392 synodus
3733 4335 3865 4376 con-

2284 4418 2518 4473 firmavit
2542 4435 2553 4471 :
2583 4419 2871 4472 novitatem
2898 4418 2949 4470 in
2977 4417 3211 4471 Ecclesia
3235 4415 3571 4470 introducere
3596 4429 3694 4468 nec
3718 4415 3866 4467 volu-

2285 4531 2424 4582 mus,
2443 4529 2540 4569 nec
2567 4513 2846 4569 debemus.
2885 4513 2980 4568 Est
3002 4513 3052 4568 in
3080 4513 3446 4584 pr0positione
3467 4527 3648 4566 eorum
3677 4509 3866 4566 callida

2206 4583 2261 4645 D
2292 4613 2346 4660 et
2375 4603 2486 4658 haec
2516 4602 2715 4659 dicere.
2749 4601 2858 4658 Nos
2885 4583 3146 4675 synodum
3175 4603 3664 4659 Chalcedonensem
3690 4615 3867 4656 susce~

2289 4695 2463 4765 pimus
2492 4714 2502 4749 :
2538 4697 2640 4750 hoc
2672 4711 2976 4766 speramus,
3011 4706 3066 4751 ut
3093 4696 3329 4766 iubeatis
3368 4697 3522 4751 nobis
3550 4711 3664 4749 cam
3709 4710 3868 4765 expo«

2289 4803 2446 4856 nere,
2479 4788 2598 4857 quia
2629 4803 2734 4843 non
2764 4787 2959 4844 sufficit
2985 4789 3060 4843 sic
3082 4789 3350 4858 quomodo
3372 4799 3452 4842 est
3477 4789 3716 4855 exposita
3745 4802 3868 4840 con~

2286 4894 2363 4933 tra
2405 4880 2650 4935 haeresim
2682 4879 3049 4936 Nestorinnam
3081 4899 3093 4935 :
3127 4897 3232 4937 non
3261 4881 3413 4950 quasi
3444 4897 3549 4935 non
3573 4880 3869 4948 intelligcn.

2294 4981 2396 5040 tes,
2431 4971 2531 5026 nisi
2555 4982 2812 5028 conantes
2845 4987 2939 5042 per
2968 4973 3314 5028 subtilitatem
3345 4972 3411 5027 ad
3444 4973 3543 5027 hoc
3573 4988 3668 5026 nos
3706 4971 3868 5025 addu~

2287 5079 2438 5131 cere,
2465 5073 2524 5119 ut
2550 5065 2850 5134 disputetur
2888 5066 2954 5120 de
2995 5069 3201 5136 synodo
3241 5065 3686 5120 Chalcedonensi.
3721 5064 3869 5132 Quod

2290 5156 2336 5210 si
2367 5156 2562 5211 factum
2599 5157 2786 5224 fuerit,
2818 5157 2976 5212 dubia
3016 5168 3067 5212 et
3095 5160 3302 5213 infirma
3325 5160 3646 5224 ostenditur,
3678 5168 3730 5212 et
3765 5159 3870 5210 Ita:-

2291 5251 2580 5305 reticorum
2619 5251 2855 5305 omnium
2891 5251 3057 5319 patuit
3095 5251 3284 5304 errori.
3333 5251 3474 5303 Inter
3519 5251 3624 5302 alia
3665 5251 3708 5304 si
3756 5259 3870 5318 post

2289 5344 2553 5414 synodum
2600 5342 3126 5406 Chalcedonensem,
3165 5343 3210 5396 si
3267 5351 3384 5411 post
3424 5341 3678 5408 epistolas
3723 5356 3870 5410 papa:

2292 5437 2516 5503 Leonis,
2551 5437 2594 5490 si
2636 5443 2754 5506 post
2793 5435 3005 5490 libellos
3043 5450 3176 5503 quos
3223 5434 3483 5490 dederunt
3522 5443 3575 5486 et
3603 5433 3733 5486 dant
3761 5436 3870 5502 epi-

2293 5530 2464 5598 sc0pi,
2497 5537 2551 5581 et
2574 5543 2669 5596 per
2701 5528 2844 5596 ipsos
2876 5526 3252 5579 satisfecerunt
3277 5525 3388 5579 sedi
3414 5525 3742 5591 apostolica,
3777 5527 3864 5582 ite-

2290 5636 2406 5674 rum
2449 5618 2644 5689 aliquid
2686 5633 2878 5672 novum
2923 5617 3169 5682 addatur,
3198 5618 3276 5672 sic
3321 5617 3449 5672 mihi
3486 5619 3717 5682 videtur,
3750 5620 3867 5688 quia

2287 5711 2544 5782 quidquid
2581 5711 2776 5765 factum
2807 5721 2886 5765 est
2917 5711 3232 5767 destruitur.
3259 5711 3389 5767 Data
3419 5727 3474 5767 ιιι
3506 5710 3752 5768 calendas
3779 5710 3864 5765 Ju-

2290 5808 2426 5869 tiias,
2455 5804 2937 5874 Constantinopoli.
