4262 6264
341 365 446 425 H3
1551 350 1904 412 EPISTOLE
1945 352 2031 408 ET
2072 349 2412 406 DECRETA.
3517 351 3614 403 4⁵14

953 469 1334 528 SUGGESTIO
1960 468 2011 526 Α
2038 465 2195 532 dere,
2227 479 2387 532 quam
2427 462 2493 517 ad
2523 461 2866 516 concordiam
2897 459 3199 531 pervenire.
3236 459 3480 515 Praedicti
3501 472 3622 516 mo-

341 584 574 628 enitum
608 584 674 622 ετ
705 580 915 620 JtlANNIS
948 577 1328 626 Episcoronuu,
1363 575 1562 615 rsucrs
1592 576 1659 614 ετ
1689 573 1930 615 ntoscoat
2036 557 2189 612 uachi
2222 556 2288 610 ad
2323 554 2527 611 Italiam
2571 554 2847 610 venientes
2869 594 2885 620 ,
2927 553 3195 624 aliquanta
3227 553 3460 622 capitula
3495 566 3620 621 pro-

613 651 978 702 υυεοδίοκυκ»
1012 652 1076 689 ετ
1106 649 1292 689 sum“
1324 647 1664 686 PRES“““'~
2035 666 2241 722 ponere
2273 652 2492 716 habent,
2528 651 2666 705 inter
2688 664 2808 719 qua:
2836 656 2890 703 et
2919 663 3079 701 unum
3111 647 3177 702 de
3206 646 3470 701 Triuitate
3499 660 3622 699 cru-

777 748 974 802 Eadem
1004 762 1116 816 quae
1145 748 1198 800 in
1225 745 1494 814 superiori.
2036 747 2252 802 ciﬁxum
2312 744 2662 808 continetur,
2723 749 3000 810 sperantes
3052 739 3125 794 ita
3187 737 3492 793 conﬁrmari
3546 750 3618 792 ex

414 847 549 902 Cum
594 844 688 900 Dei
721 840 1108 905 misericordia,
1142 855 1244 909 quo
1279 837 1466 893 ordine
1494 845 1549 891 et
1588 850 1692 906 qna
1721 834 1932 890 cautela
2035 841 2352 896 auctoritate
2381 836 2723 893 beatitudinis
2754 844 2972 900 vestrae,
3001 833 3138 887 sicut
3167 843 3217 885 et
3245 832 3296 885 in
3326 830 3446 884 aliis
3479 829 3621 883 litte-

343 939 860 1000 communicavimus
909 935 964 988 iu
1015 932 1254 986 Ecclesia
1301 928 1928 997 Constantiuopolitana,
2036 934 2111 989 ris
2141 931 2598 1002 signiﬁcavimus,
2647 936 2700 982 et
2746 925 2905 980 modo
2955 926 3056 979 hoc
3084 921 3308 976 dicimus
3335 962 3348 986 ,
3391 929 3448 973 ut
3481 918 3622 973 nulla

341 1036 452 1105 iam
493 1033 616 1086 aliis
647 1028 839 1085 litteris
882 1042 976 1096 per
1009 1039 1222 1085 servum
1253 1033 1491 1078 vestrum
1523 1021 1821 1075 P0lli0nem
1852 1019 1934 1073 di-
2037 1025 2246 1081 novitas
2273 1039 2301 1077 a
2332 1023 2459 1078 sede
2483 1019 2778 1090 apostolica
2811 1018 3117 1073 scribatur:
3144 1014 3264 1084 quia
3293 1023 3346 1067 et
3371 1026 3468 1066 nos
3499 1019 3624 1064 ante

343 1127 510 1182 rectis
540 1132 716 1178 vestra
743 1119 1019 1176 beatitudo
1050 1116 1319 1187 cognovit.
1349 1116 1414 1169 Et
1449 1112 1695 1168 similiter
1729 1113 1780 1166 in
1812 1112 1932 1166 aliis
2039 1117 2413 1186 imperatorem
2442 1159 2456 1182 ,
2505 1123 2558 1167 et
2613 1122 2738 1165 ante
2783 1119 3025 1164 senatum
3077 1107 3191 1161 lucc
3242 1103 3618 1168 indicavimus,

345 1219 544 1276 litteris
574 1232 680 1272 non
717 1214 905 1278 semel,
931 1212 1025 1267 sed
1054 1211 1313 1277 secundo,
1342 1209 1516 1279 qualia
1547 1207 1728 1263 remuli
1757 1205 1934 1260 bomi-
2039 1208 2319 1264 dicentes:
2355 1207 2516 1260 Extra
2563 1202 2799 1274 synodos
2847 1212 3075 1270 quatuor
3103 1240 3118 1263 ,
3169 1206 3321 1251 extra
3368 1192 3622 1261 epistolas

349 1328 448 1368 nes
474 1310 749 1380 religionis
780 1315 987 1362 tentant
1028 1304 1328 1374 signiﬁcare
1349 1300 1686 1358 curavimus:
1721 1306 1779 1352 ut
1803 1296 1934 1351 nihil
2039 1317 2190 1371 papa}
2218 1298 2413 1355 Leonis
2438 1340 2452 1363 ,
2485 1312 2584 1351 nec
2626 1295 2854 1349 dicimus
2884 1303 2983 1347 uec
3013 1291 3340 1346 admittimus
3370 1284 3623 1356 quidquid

348 1406 419 1461 sit
441 1377 640 1468 actum,
671 1412 763 1456 aut
791 1399 1075 1468 cogitatum
1101 1396 1428 1458 faciendum,
1455 1391 1596 1462 quod
1620 1392 1784 1445 lateat
1812 1389 1935 1443 bea-
2039 1409 2145 1449 non
2174 1391 2478 1447 continetur
2509 1390 2560 1444 in
2603 1385 2875 1456 praedictis
2911 1383 3132 1454 synodis
3160 1423 3175 1447 ,
3221 1389 3312 1434 aut
3341 1377 3481 1446 quod
3515 1391 3621 1430 non

350 1496 635 1552 titudinem
660 1466 912 1548 vestram.
942 1490 1059 1544 Stat
1097 1487 1374 1542 nobiscum
1404 1500 1523 1541 cum
1554 1485 1644 1538 Dei
1670 1481 1937 1552 adjutorio
2040 1493 2121 1539 est
2149 1484 2405 1551 scriptum
2438 1496 2464 1532 a
2500 1495 2632 1548 papa
2675 1478 2854 1531 Leone
2889 1491 2997 1528 non
3037 1472 3359 1540 suscipimus
3387 1486 3401 1525 :
3433 1468 3554 1537 quia
3580 1466 3628 1520 si

351 1587 607 1659 quidquid
647 1586 698 1639 in
727 1581 1315 1649 ConstantinOpolitana
1350 1577 1586 1633 Ecclesia
1612 1589 1694 1632 est
1722 1575 1937 1630 ordiua-
2039 1574 2273 1630 voluerit
2312 1573 2561 1627 dominus
2601 1579 2786 1624 noster
2827 1567 3124 1636 qualemvis
3167 1563 3455 1616 novitatem
3496 1556 3628 1613 serio

354 1693 487 1737 tum.
527 1681 644 1736 Non
672 1681 903 1734 titubant
941 1677 1129 1746 gaudia
1177 1675 1469 1745 spiritualia
1492 1716 1507 1741 ,
1549 1689 1669 1742 qua:
1698 1671 1938 1727 celebra-
2041 1668 2203 1732 bere,
2241 1664 2388 1733 pejus
2420 1663 2519 1718 erit
2553 1662 2694 1715 istud
2729 1660 2938 1714 initium
2987 1651 3259 1725 (vitium)
3311 1665 3464 1717 quam
3498 1644 3629 1701 illud

352 1785 477 1829 runt
504 1782 559 1829 et
583 1773 858 1828 celebrant
879 1737 1147 1824 caiholici.
1174 1737 1346 1823 Causa
1375 1737 1723 1823 Antiochense
1746 1763 1936 1818 Eccle-
2042 1757 2185 1825 Quod
2235 1756 2428 1809 factum
2480 1764 2562 1807 est
2611 1767 2706 1822 per
2757 1747 3131 1820 Eutycltetem.
3183 1742 3440 1798 Sutﬁcere
3471 1737 3630 1792 debet

353 1869 446 1920 sia:
484 1864 840 1920 ordinationis
881 1876 984 1916 non
1021 1861 1193 1914 solum
1234 1859 1388 1914 nobis
1417 1857 1631 1912 labores
1657 1855 1807 1922 fecit,
1842 1851 1938 1908 sed
1972 1842 2018 1902 Β
2047 1849 2303 1904 Ecclesim
2353 1846 2493 1917 quod
2546 1860 2642 1914 per
2691 1843 2966 1910 sexaginta
3021 1852 3193 1894 annos
3232 1836 3298 1889 ab
3337 1832 3630 1902 Eutychete

356 1956 582 2027 grandes
613 1953 1018 2009 tribulationcs:
1057 1952 1178 2021 quia
1216 1950 1461 2004 homines
1494 1920 1807 2002 festinantes
1837 1945 1936 1997 im-
2045 1955 2210 2010 usque
2241 1937 2400 1994 modo
2430 1935 2703 1992 sustinuit.
2745 1932 2906 1986 Nobis
2933 1929 3072 2000 quod
3101 1930 3274 1982 visum
3305 1935 3385 1978 est
3416 1920 3632 1990 scripsi-

357 2052 726 2119 pedimentum
772 2049 948 2104 facere
995 2046 1228 2119 generali
1271 2043 1478 2110 unitati,
1508 2041 1736 2098 diversis
1765 2039 1938 2094 modis
2044 2048 2162 2089 mus
2197 2049 2209 2085 :
2249 2033 2301 2085 in
2338 2039 2512 2085 vestra
2544 2035 2805 2099 potestate
2848 2034 2929 2080 est
2965 2022 3264 2078 deliberare
3300 2018 3441 2087 quod
3482 2013 3633 2070 vobis

358 2143 575 2196 diversa
604 2140 976 2209 impedimenta
1009 2140 1269 2194 fecerunt.
1303 2137 1492 2191 Nostra
1540 2143 1654 2190 erat
1694 2130 1940 2202 proposi-
2047 2125 2186 2178 Deus
2217 2120 2556 2192 imperaverit
2587 2139 2599 2171 :
2630 2117 2880 2188 quoniam
2931 2116 3044 2168 h.ec
3091 2113 3167 2167 illi
3215 2111 3454 2165 nituntur
3483 2120 3632 2160 asse-

363 2234 442 2288 tio
463 2233 530 2285 de
558 2233 638 2286 his
659 2233 743 2299 qui
769 2247 828 2286 se
849 2231 1240 2300 suspenderent
1260 2229 1327 2283 de
1357 2226 1698 2282 anathemate
1729 2225 1779 2278 iu
1810 2237 1942 2292 prte-
2045 2230 2200 2279 rere.
2233 2229 2298 2267 eo
2328 2211 2488 2266 mOdO
2521 2211 2622 2266 sibi
2658 2208 2968 2262 saliSiacere
2997 2206 3292 2274 Cllpieﬂlesi
3327 2203 3393 2254 ila
3428 2211 3482 2253 ιιι
3511 2212 3636 2268 1)το-

360 2327 500 2381 dicta
515 2324 750 2380 Ecclesia
768 2324 1022 2378 ordinare
1037 2322 1394 2378 sacerdotem.
1415 2319 1528 2375 Non
1548 2324 1945 2389 proposuerunt
2047 2307 2293 2361 ﬁleamut‘
2315 2313 2370 2360 et
2399 2304 2638 2358 dicamus
2669 2316 2830 2355 unum
2856 2299 2922 2352 de
2950 2296 3208 2351 Trinilale
3239 2306 3450 2363 passum
3482 2295 3632 2352 εεεες

358 2431 482 2476 ante
521 2421 708 2475 oculos
732 2433 857 2474 suos
879 2418 1117 2472 futurum
1155 2416 1410 2486 judicium
1452 2414 1628 2484 palam
1655 2412 1894 2467 dicentes
1927 2429 1940 2464 :
2048 2397 2190 2465 (ιυοά
2223 2411 2323 2452 nec
2349 2395 2538 2450 Ρίίῑτθε
2569 2407 2667 2448 nec
2703 2391 2891 2463 δΥηοάί
2935 2390 3203 2443 άίιθτυηί·
3261 2386 3360 2439 is”
3393 2381 3511 2436 ideo
3543 2394 3638 2483 Pi?”

361 2513 558 2568 Omnes
579 2513 669 2582 qui
692 2512 805 2566 sedi
826 2511 1132 2581 apostolica;
1149 2507 1618 2565 communicabant
1638 2502 1942 2559 Nestor-iani
2048 2488 2257 2560 singula
2277 2489 2641 2557 exposuimus,
2669 2500 2736 2539 ne
2765 2483 2978 2538 illorum
3009 2479 3274 2535 subtilitas
3299 2475 3555 2545 glorietur
3583 2472 3636 2526 in

361 2616 512 2661 sunt:
545 2618 600 2660 et
625 2604 792 2673 magis
813 2604 920 2658 illis
943 2619 1049 2658 non
1075 2603 1273 2658 debere
1293 2601 1538 2663 credere,
1563 2600 1653 2670 qui
1682 2596 1843 2652 modo
1866 2596 1946 2651 vi-
2051 2594 2233 2643 ηοεῑΐίὶ
2259 2583 2600 2652 δίπηρὶίεῖίθιθ
2627 2587 2844 2649 Propter
2872 2577 3002 2631 ίεῑθδ
3036 2589 3201 2629 ηονθδ
3226 2585 3350 2626 suas
3382 2566 3635 2673 intenti?

363 2699 554 2753 dentur
599 2697 665 2751 ad
711 2656 1142 2751 Zommunionem
1180 2693 1324 2750 sedis
1354 2656 1658 2762 αροειάιῑξτω
1687 2688 1942 2744 revocati,
2050 2691 2167 2730 nes.
2194 2674 2458 2728 Vitaliano
2485 2670 2766 2741 magniﬁco
2789 2669 2904 2722 viro
2925 2667 3330 2733 subrepserunt,
3356 2669 3414 2713 ut
3434 2668 3487 2712 et
3513 2656 3640 2710 talia

365 2792 490 2847 post
537 2791 730 2845 multas
761 2789 1077 2844 εηιίειίοηεε
1105 2828 1119 2853 ,
1163 2793 1218 2842 οι
1260 2760 1402 2855 pem;
1444 2786 1497 2838 in
1536 2793 1646 2839 "es
1674 2795 1886 2837 menses
1915 2795 1946 2835 ει
2049 2765 2322 2821 vindicare
2352 2779 2448 2834 pro
2470 2762 2662 2816 talibus
2690 2760 2873 2823 rebus,
2897 2767 2951 2812 et
2971 2766 3154 2810 contra
3184 2767 3280 2807 nos
3308 2762 3641 2820 quaecunque

370 2885 616 2941 Patribus
655 2893 915 2953 protract-1
955 2881 1288 2946 certamina,
1342 2879 1611 2950 piissimus
1659 2878 1949 2945 imperator
2052 2881 2053 2884 ‘

2052 2860 2220 2929 potuit
2269 2857 2662 2928 impedimenta
2699 2854 2950 2916 ail‘erret;
3019 2850 3168 2918 cujus
3217 2846 3637 2901 immutationem

368 2992 459 3032 sua
491 2977 810 3032 auctoritate
836 2975 1058 3029 Paulum
1097 2973 1312 3028 nomine
1355 2968 1819 3042 presbyterumde
1850 2968 1951 3023 Ec-

2051 2953 2228 3009 omnis
2251 2952 2529 3006 uobiscum
2552 2949 2713 3004 deﬁet
2731 2945 2994 3002 Ecclesia.
3017 2944 3352 3012 Quapropter
3371 2951 3637 3009 rogamus,

369 3069 532 3124 clesia
575 3064 1157 3134 Consmntinopolitana
1196 3063 1358 3132 elegit
1398 3032 1709 3132 episcopum
1751 3059 1864 3114 ﬁeri
1895 3059 1951 3113 in
2053 3058 2103 3102 Ill
2137 3054 2394 3102 οοηειιθιδ
2437 3043 2686 3106 cattle”.
2733 3049 2786 3094 ει
2832 3052 2934 3108 (illa
2983 3035 3123 3090 θοιθῑ
3166 3032 3413 3087 ἀθηνίηυε
3461 3036 3643 3083 ηοείθτ

371 3161 608 3216 Ecclesia
649 3159 1012 3225 Antiochum,
1045 3156 1229 3212 dicens
1271 3157 1411 3210 inter
1433 3122 1556 3209 ialia
1588 3122 1642 3209 et
1670 3153 1772 3206 hoc
1801 3150 1950 3206 testi.
1985 3213 2023 3225 κ
2053 3138 2347 3209 vigilantia,
2392 3134 2637 3205 cogitetis
2661 3174 2675 3197 ,
2720 3141 2771 3185 et
2799 3127 3067 3200 q'uomodo
3111 3122 3468 3193 suspendeudi
3491 3129 3639 3186 sunt,

372 3254 609 3309 monium
642 3253 710 3308 de
752 3253 867 3322 ipso
892 3293 907 3318 ,
949 3253 1070 3321 quia
1119 3251 1328 3306 duobus
1370 3249 1523 3303 annis
1569 3248 1622 3301 in
1669 3243 1949 3302 Antiochia
1979 3213 2025 3276 (ἶ
2055 3233 2204 3302 quia
2233 3229 2387 3285 nobis
2421 3227 2591 3281 taliter
2623 3230 2996 3284 recesserunt,
3029 3226 3084 3274 et
3119 3233 3147 3271 a
3189 3223 3369 3270 nostra
3397 3227 3643 3268 commu-

645 3301 709 3308 _.-
754 3301 862 3322 Ὗ--
892 3301 907 3318 ,
953 3301 1070 3321 τη-
1124 3301 1322 3306 ______

373 3350 578 3418 positus
608 3363 713 3402 non
745 3347 1083 3402 mediocriter
1112 3345 1399 3400 resistebat
1424 3343 1627 3398 Severo
1659 3340 1949 3395 heretico:

2059 3301 2220 3378 nione
2251 3323 2465 3375 fuerunt
2493 3316 2747 3385 sejuncti;
2781 3323 2835 3369 et
2864 3311 2987 3382 quid
3015 3311 3092 3364 eis
3123 3307 3529 3378 reSpondeatur,
3559 3301 3643 3357 vel

374 3442 566 3496 similia
611 3451 664 3495 et
705 3456 891 3494 omnes
939 3439 1185 3494 catholici
1225 3436 1612 3493 consonabant.
1672 3434 1738 3489 Et
1776 3432 1952 3488 omnia

2057 3416 2326 3488 quomodo
2348 3428 2534 3469 eorum
2558 3409 2788 3480 capitula
2813 3404 3175 3475 repellantur;
3200 3400 3321 3471 quia
3344 3415 3436 3452 eos
3457 3409 3645 3450 omnes

375 3533 478 3588 ista
513 3532 580 3588 de
619 3547 845 3602 persona
883 3531 1119 3599 prmdicti
1168 3487 1846 3598 im'pei-‘a'tnr‘eeqprnmisit
1888 3522 1955 3578 ad
2059 3487 2650 3573 Constantinopolitana
2675 3496 2937 3555 catholica
2962 3489 3490 3550 exborretEcclesia.
3519 3487 3644 3541 Data

375 3633 613 3678 vestram
656 3623 1032 3678 leatitudinem
1062 3623 1372 3677 relaturum.
1421 3620 1617 3674 Harum
1649 3627 1828 3672 tamen
1859 3616 1957 3670 tri-

1433 3587 1618 3674 Harum
1649 3627 1828 3672 tamen
1859 3616 1957 3670 lri-
2060 3619 2116 3658 Ill
2147 3599 2394 3657 calendas
2421 3596 2590 3653 .lulias
2613 3635 2626 3660 ,
2657 3587 3116 3657 Constantinopoli

379 3715 705 3772 bulationum
735 3715 1037 3785 provisores
1063 3721 1118 3769 et
1146 3713 1274 3768 socii
1302 3723 1355 3768 et
1383 3712 1572 3766 unitati
1601 3709 1955 3766 Ecclesiarum
2660 3702 3041 3762 SUGGESTIO

381 3808 763 3877 impedimento
785 3807 1031 3862 monachi
1055 3807 1124 3862 de
1149 3805 1369 3875 Scythia
1398 3805 1629 3868 fuerunt,
1657 3803 1746 3873 qui
1776 3808 1960 3871 postea
2367 3817 2680 3860 ιεολτοιιυιι
2711 3815 2778 3852 AD
2810 3810 3114 3851 thltMlSDAM
3143 3808 3334 3848 PAPAII.

381 3897 471 3953 hic
496 3899 808 3954 defecerunt
846 3898 993 3968 (hinc
1019 3896 1427 3966 discesserunt),
1469 3893 1720 3986 assignati
1755 3892 1822 3945 ab
1845 3906 1962 3946 om-
2066 3918 2326 3986 Reliqui“
2349 3915 2407 3971 3.
2439 3913 2696 3986 Laurenti,-
2719 3919 2765 3963 ει
2791 3907 3082 3986 δᾳηςρηφ-ξᾳ
3122 3906 3466 3986 amarat-orum
3486 3899 3649 3986 tinui-

380 3991 538 4047 nibus
567 3991 697 4045 nihil
731 3991 1006 4061 paciﬁcum
1051 3989 1305 4057 cogitare,
1337 3987 1402 4041 ad
1443 3985 1827 4042 beatitudinem
1870 3994 1963 4038 ve-
2134 3973 2289 4061 niqu
2309 3985 2526 4061 concedi
2545 3993 2740 4061 petunt,
2763 3982 2850 4052 qui
2870 3981 2960 4034 illa
2983 3979 3033 4030 in
3057 3973 3268 4031 basilica
3291 3973 3648 4029 Auastolorum

379 4093 546 4139 stram
579 4092 964 4150 cucurrerunt,
995 4090 1274 4150 sperantes
1307 4079 1626 4148 subrepere,
1655 4086 1708 4132 et
1745 4091 1838 4146 per
1875 4076 1963 4130 lit-
2135 4060 2381 4113 σοιίοεανε
2408 4055 2662 4125 cupiemu-

381 4190 528 4236 teras
558 4187 748 4233 vestra:
780 4177 923 4231 sedis
961 4191 1086 4230 suas
1127 4174 1452 4229 intentiones
1481 4171 1820 4226 conﬁrmare.
1872 4169 1964 4224 lsti
2140 4174 2306 4228 Filius
2335 4181 2512 4228 vester
2540 4169 2851 4239 magniﬁcus
2883 4169 2962 4223 vir
2992 4165 3350 4231 Justiniauus,
3401 4177 3488 4218 res
3517 4175 3647 4216 con-

381 4273 453 4328 de
480 4288 574 4327 sua
601 4271 873 4342 provincia
915 4270 1193 4340 episcopos
1228 4275 1516 4330 accusant.
1556 4266 1692 4319 inter
1721 4278 1856 4334 quos
1883 4271 1967 4318 est
2066 4269 2344 4323 venientes
2395 4265 2514 4318 ﬁdei
2567 4278 2678 4317 suae
2737 4262 2975 4322 faciens,
3029 4258 3299 4314 basilicam
3349 4265 3650 4311 sanctorum

381 4366 647 4421 Paternus
674 4363 971 4418 Tomitanae
997 4362 1224 4418 civitatis
1252 4362 1496 4416 antistes.
1543 4356 1837 4414 Petitiones
1867 4356 1965 4410 οι)-
2068 4359 2447 4427 Apostolorum
2474 4397 2489 4422 ,
2541 4355 2592 4409 in
2649 4369 2748 4423 qua
2800 4351 3067 4407 desiderat
3113 4360 3166 4404 et
3205 4350 3342 4403 ιεετιιῑ
3384 4343 3652 4402 Laurentii

385 4458 644 4522 tulerunt,
676 4465 727 4510 et
755 4454 924 4508 coacti
954 4453 1175 4523 piissimi
1207 4452 1464 4522 principis
1499 4458 1553 4504 et
1588 4447 1789 4503 domini
1822 4446 1968 4501 Vita-
2069 4451 2321 4519 martyris
2350 4447 2602 4517 reliquias
2632 4459 2775 4509 esse,
2813 4441 3118 4507 constituit,
3149 4448 3330 4509 sperat
3362 4453 3456 4507 per
3484 4434 3656 4506 parvi-

383 4550 516 4603 liani
538 4548 777 4616 magistri
803 4545 1308 4614 militumjussione,
1334 4545 1640 4612 frequenter
1658 4539 1724 4594 ad
1747 4539 1969 4594 audien-
2000 4588 2046 4646 υ
2074 4552 2234 4599 tatem
2267 4549 2538 4605 nostram,
2570 4547 2626 4592 ut
2653 4537 3026 4608 praadictorum
3055 4541 3362 4589 sanctorum
3405 4527 3656 4596 reliquias

409 4640 422 4646 -
962 4636 973 4646 .
1467 4631 1480 4644 ο
1585 4631 1596 4646 ι
1677 4640 1749 4646 ,Α
1832 4644 1877 4646 __
1917 4629 1958 4646 εγ
2141 4637 2153 4646 .
2231 4639 2254 4646 ..
2541 4631 2553 4646 ι
2596 4632 2628 4646 --
2737 4630 2776 4646 ιι
2817 4628 2924 4646 ιμηε.
2965 4625 3171 4646 ___:.I-___
3208 4621 3389 4646 --.ζιελ
3420 4617 3654 4646 ..-ωηιξηιῖ

384 4640 513 4693 tiam
545 4653 718 4692 causae
754 4636 1100 4691 convenimus
1124 4677 1138 4700 ,
1186 4650 1290 4688 non
1332 4631 1484 4700 quasi
1513 4631 1755 4685 volentes
1786 4644 1882 4684 nos
1913 4629 1966 4682 in
2000 4617 2046 4646 ¹¹

2000 4617 2046 4646 υ
2075 4637 2323 4692 celeriter
2352 4631 2680 4686 concedatis.
2736 4628 2928 4683 Habuit
2959 4625 3174 4695 quidem
3208 4621 3391 4692 petitio
3420 4617 3656 4688 prmdicti

382 4729 469 4784 liis
501 4729 726 4796 negotiis
754 4742 1017 4796 occupare
1057 4744 1069 4778 :
1101 4726 1225 4795 quia
1265 4725 1418 4780 nobis
1459 4731 1582 4777 sunt
1621 4731 1742 4776 ante
1783 4721 1969 4777 oculos
2075 4725 2172 4780 viri
2203 4722 2494 4778 secundum
2527 4736 2729 4775 morem
2760 4719 3088 4780 Graecorum,
3114 4722 3168 4768 et
3197 4727 3292 4766 nos
3320 4719 3506 4765 contra
3532 4722 3658 4762 con-

384 4823 732 4877 beatitudinis
759 4833 951 4876 vestrae
991 4829 1285 4888 praacepta,
1318 4818 1510 4888 quibus
1544 4816 1873 4886 praecepistis
1912 4823 1970 4869 ttt
2077 4815 2414 4871 suetudinem
2465 4813 2608 4867 sedis
2657 4811 2964 4878 apostolicae
3022 4805 3386 4875 exposuimus.
3442 4799 3660 4869 Accepit

381 4935 563 4975 causae
618 4925 822 4973 tantum
870 4916 958 4971 cui
1024 4929 1341 4969 veneramus
1396 4910 1584 4967 intenti
1641 4909 1800 4964 nullis
1852 4909 1969 4962 aliis
2000 4943 2004 4948 ν
2080 4909 2362 4963 rationem.
2399 4907 2464 4960 Et
2490 4905 2608 4972 quia
2641 4903 2761 4957 talis
2791 4909 2874 4956 est
2903 4899 3082 4954 fervor
3114 4897 3234 4951 ﬁdei
3263 4896 3399 4965 ejus,
3432 4895 3518 4964 qui
3550 4907 3662 4949 me-

383 5012 616 5081 ncgotiis
644 5012 1011 5075 misceremur,
1055 5007 1149 5064 sed
1175 5015 1452 5077 sperantes
1485 5020 1642 5075 posse
1675 5002 1972 5056 intentione
2079 5009 2226 5055 retur
2263 4997 2521 5068 quidquid
2567 4996 2634 5050 de
2679 4992 2966 5064 apostolica
3005 4990 3133 5044 sede
3168 4985 3570 5056 depoposcerit,
3610 4991 3663 5038 et

383 5077 572 5156 eorum
609 5102 825 5168 pacari,
867 5099 933 5152 ad
973 5099 1074 5152 hoc
1117 5096 1515 5151 descendimus.
1569 5094 1634 5147 Et
1664 5094 1785 5162 quia
1818 5091 1971 5146 nobis
2080 5092 2200 5147 talis
2244 5101 2324 5146 est
2384 5091 2474 5159 qui
2516 5096 2697 5158 sperat
2737 5085 2877 5140 unde
2921 5091 2976 5138 et
3037 5082 3182 5136 salus
3226 5080 3418 5135 anima:
3449 5088 3500 5133 et
3541 5077 3661 5131 ﬁdei

383 5195 476 5248 diu
511 5193 895 5255 laborantibus,
921 5201 973 5246 et
1004 5191 1109 5244 illis
1136 5189 1334 5242 nttllarn
1366 5187 1781 5256 suscipientibus
1809 5185 1973 5238 ratio-
2078 5186 2303 5241 effectus
2344 5192 2614 5240 accrescat
2641 5223 2656 5248 ,
2698 5179 2892 5235 talibus
2921 5175 3202 5232 desideriis
3231 5175 3493 5244 postulata
3518 5186 3663 5224 com-

385 5301 534 5349 uem,
563 5285 693 5339 nihil
727 5283 1036 5352 proﬁciebat
1068 5283 1120 5335 in
1152 5296 1216 5336 eo
1246 5295 1350 5348 quo
1375 5278 1707 5344 tenebamus,
1741 5276 1975 5330 clemen-
2081 5281 2215 5350 petit
2236 5295 2341 5334 non
2374 5292 2586 5346 negare.
2620 5274 2773 5330 Unde
2803 5273 2846 5327 si
2874 5281 2925 5328 et
2959 5271 3271 5327 beatitudini
3303 5279 3491 5323 vestra:
3519 5265 3663 5317 vide-

384 5378 627 5431 tissimus
658 5379 950 5447 imperator
983 5375 1034 5428 iu
1074 5381 1343 5428 conventu
1380 5373 1624 5441 publico,
1657 5369 1745 5423 ubi
1788 5378 1843 5423 et
1876 5382 1973 5422 nos
2081 5380 2268 5436 retur,
2323 5368 2622 5423 sanctuaria
2678 5366 2954 5420 beatorum
3014 5363 3375 5432 apostolorum
3425 5355 3564 5409 l’etri
3612 5362 3664 5408 et

387 5471 762 5535 interfuimus,
816 5470 1133 5532 Paternum,
1170 5466 1478 5534 przedictum
1526 5462 1834 5532 episcopum
1860 5501 1875 5524 ,
1924 5467 1978 5512 et
2086 5465 2269 5531 Pauli,
2303 5461 2593 5516 secundum
2638 5474 2866 5524 morem,
2894 5459 2942 5512 ei
2976 5455 3158 5526 largiri
3188 5451 3494 5522 praecipite;
3538 5455 3590 5500 et
3619 5445 3661 5499 si

387 5560 732 5626 magniﬁcum
771 5562 940 5615 virum
987 5559 1311 5613 Vitalianum
1350 5554 1560 5610 reduxit
1593 5555 1655 5607 atl
1702 5552 1925 5623 gratiam
1960 5567 1976 5605 :
2083 5556 2194 5610 ﬁeri
2225 5561 2420 5624 potest,
2453 5553 2518 5606 ad
2548 5555 2836 5606 secundam
2870 5556 3188 5603 cataractam
3222 5545 3331 5611 ipsa
3361 5538 3660 5593 sanctuaria

381 5665 732 5710 accusatora-s
761 5668 974 5725 quoque
1005 5654 1122 5722 ejus
1151 5666 1250 5706 suo
1279 5651 1532 5721 praecepit
1562 5648 1816 5716 episc0po
1847 5657 1977 5713 sup-
2083 5646 2370 5717 deponere,
2404 5654 2637 5698 vestrum
2666 5652 2750 5698 est
2775 5640 3087 5696 deliberare.
3123 5634 3258 5687 Petit
3286 5641 3339 5686 et
3367 5630 3432 5685 de
3462 5628 3663 5683 catenis

381 5754 613 5823 plicare.
659 5752 900 5806 Monachi
929 5765 1058 5806 vero
1098 5765 1217 5804 cum
1251 5746 1498 5803 similiter
1533 5744 1596 5798 ad
1634 5740 1976 5797 concordiam
2082 5747 2386 5793 sanctorum
2418 5735 2785 5805 apostolorum
2811 5775 2824 5798 ,
2857 5730 2899 5782 si
2944 5725 3194 5797 possibile
3224 5731 3306 5778 εει
3327 5765 3339 5788 ν
3370 5731 3422 5777 ει
3454 5721 3521 5774 de
3551 5736 3666 5775 οῖδ-

382 5856 784 5916 υυωτετοιιιυτ.
819 5844 939 5910 iuga
971 5843 1106 5917 lapsi
1137 5844 1437 5899 maluerunt
1467 5840 1532 5894 de
1560 5836 1773 5893 civitate
1803 5834 1974 5889 discc-
2085 5829 2243 5890 ticula
2282 5827 2424 5885 beati
2459 5825 2726 5882 Laurentii
2773 5819 3044 5893 martyris.
3090 5816 3193 5873 Ista
3237 5823 3359 5872 sunt
3404 5812 3666 5872 desideria
