4262 6264
622 372 720 427 ‘75

1945 365 2079 421 ROB
2088 363 2319 421 ωεωε
2358 362 2558 420 ΡΔΡΑΕ

3782 360 3885 413 4⁸76

621 493 859 563 praedicti
886 508 981 547 viri
1008 509 1019 544 :
1045 507 1097 546 tn
1123 503 1222 544 acc
1253 487 1383 543 ﬁdes
1408 484 1571 554 ipsius
1596 492 1673 539 est
1702 482 1940 539 incitata.
1972 482 2195 547 Propter
2222 480 2275 540 Α
2303 477 2549 543 praedicto
2579 482 2767 542 agente
2796 473 2847 527 in
2878 473 3063 540 rebus,
3096 474 3261 532 etiam
3287 473 3393 531 duo
3423 472 3581 540 pallia
3610 472 3780 527 serica
3812 472 3879 526 ad

621 587 720 640 ltoc
754 588 803 640 in
835 584 1023 639 urbem
1053 592 1283 636 vestram
1318 580 1490 632 virum
1532 575 1879 646 spectabilem
1919 574 2197 643 Eulogium

621 696 670 732 tn
708 678 1019 747 g's'rianum
1059 673 1290 737 direxit,
1329 671 1428 726 hcc
1466 671 1565 726 sibi
1595 670 1905 726 satisfacere
1930 669 2196 739 judicans,

619 772 663 824 si
694 772 758 824 de.
791 771 907 839 ipso
936 768 1101 832 fonte,
1131 768 1198 820 de
1226 781 1333 835 quo
1362 781 1455 833 per
1482 781 1695 821 omnem
1728 774 1925 820 terram
1950 773 2200 820 sanctua-

619 864 696 917 ria
723 862 1083 930 apostolorum
1110 869 1236 915 sunt
1261 860 1405 925 data,
1436 859 1559 914 inde
1584 868 1638 914 et
1663 860 1777 927 ipse
1803 859 2052 927 reliquias
2081 873 2200 912 sus-

619 954 796 1021 cipere
825 962 1112 1006 mereatur.
1148 950 1215 1005 Et
1250 951 1386 1007 bene
1411 950 1582 1006 facitis
1620 965 1835 1006 causam
1877 949 2201 1004 ecclesiasti-

620 1061 735 1099 cam
787 1060 1110 1112 magnopere
1158 1045 1211 1098 in
1264 1045 1652 1099 contestatione
1711 1043 1804 1098 Dei
1857 1043 1945 1096 tali
1996 1042 2199 1097 homini

620 1138 1031 1203 commendare,
1064 1139 1215 1205 cujus
1243 1135 1523 1190 sinceritas
1554 1144 1609 1190 et
1637 1135 1913 1203 integritas
1942 1134 2082 1188 circa
2114 1148 2202 1190 re-

620 1227 869 1294 ligionem
917 1227 1232 1282 catholicam
1280 1237 1403 1281 nota
1451 1235 1533 1281 est
1579 1226 1827 1281 omnibus
1874 1225 2196 1282 hominibus.

621 1317 717 1371 llic
744 1319 1029 1373 voluerunt
1058 1319 1318 1387 capsellas
1346 1327 1627 1385 argenteas
1656 1318 1831 1373 facere
1855 1327 1907 1373 et
1934 1318 2198 1387 dirigere;

620 1411 711 1464 sed
762 1420 940 1480 postea
988 1414 1355 1479 cogitaverunt
1400 1420 1458 1464 ut
1495 1419 1548 1464 et
1588 1414 1689 1465 hoc
1726 1426 1938 1479 quoque
1968 1426 1995 1461 a
2028 1421 2202 1465 vestra

619 1505 747 1558 sede
799 1520 894 1573 pro
956 1504 1327 1557 benedictione
1387 1504 1662 1568 su~cipiat.
1724 1502 1969 1571 Singulas
2023 1511 2201 1556 tamen

620 1599 883 1667 capsellas
915 1614 1009 1667 per
1035 1599 1361 1666 singulorum
1391 1598 1754 1666 apostolorum
1792 1597 2049 1664 reliquias
2088 1596 2201 1650 ﬁeri

620 1693 817 1747 debere
838 1694 1190 1763 suggerimus.
1218 1692 1348 1745 Data
1374 1706 1430 1744 tu
1451 1690 1702 1744 calendas
1723 1690 1909 1752 Julias,
1933 1691 2202 1745 Constan-

622 1784 864 1855 ﬁnopoﬁ.

1026 1876 1403 1931 EVEMI’LUM
1443 1876 1796 1930 EPISTULA?

1047 1985 1333 2023 JUSTINIANI
1357 1986 1421 2023 AD
1444 1986 1765 2023 llOBMISDAM.

624 2085 973 2139 Dissensiones
1002 2100 1032 2137 a
1061 2085 1323 2138 monachis
1363 2085 1565 2152 Scythis
1605 2086 1847 2137 excitatas
1877 2083 1938 2135 ab
1981 2100 2036 2136 eo
2066 2100 2206 2137 com-

764 2156 1059 2224 pescendas.
1110 2154 1470 2221 Apostolorum
1506 2156 1745 2224 reliquas
1776 2170 1830 2207 se
1856 2171 2056 2223 capere.

693 2270 920 2323 Domino
967 2279 1155 2323 sancto
1202 2271 1405 2323 meritis
1453 2268 1762 2323 beatissimo
1810 2278 1864 2324 et
1910 2270 2203 2337 apostolico

623 2361 839 2416 domino
868 2362 1000 2431 patri
1032 2376 1181 2430 papae
1218 2360 1512 2415 Hormisdm
1543 2360 1874 2415 Justinianus
1913 2359 1992 2413 vir
2019 2360 2204 2414 claris-

624 2455 806 2510 simus.

699 2548 929 2617 Propitia
960 2546 1271 2614 Divinitate,
1302 2561 1421 2613 quae
1453 2561 1665 2611 semper
1694 2545 1986 2600 Ecclesium
2016 2544 2203 2599 catho-

626 2638 782 2694 licam
813 2655 904 2708 per
932 2639 1258 2693 incrementa
1284 2636 1401 2692 ﬁdei
1434 2638 1680 2702 instituit,
1708 2638 1882 2691 unitas
1905 2646 2205 2690 ~anctarnm

628 2731 983 2787 Ecclesiarum
1031 2746 1127 2801 per
1170 2730 1465 2785 doctrinam
1499 2743 1549 2785 et
1581 2731 1951 2785 auctoritatem
1991 2739 2208 2797 aposto-

627 2820 763 2876 latos
785 2822 948 2876 vestri
975 2822 1234 2888 provenit.
1261 2821 1365 2875 Svd
1393 2822 1639 2891 quoniam
1664 2823 2023 2890 comperimus
2047 2835 2209 2890 quos-

632 2912 749 2965 dam
792 2913 1007 2967 nomine
1043 2910 1331 2967 monachos
1359 2953 1372 2975 ,
1413 2912 1606 2980 quibus
1647 2913 1814 2982 magis
1858 2913 2120 2967 diScordia
2154 2915 2205 2967 in

628 3007 806 3061 studio
835 3016 917 3061 est
949 3021 1103 3075 quam
1133 3007 1327 3061 caritas
1366 3016 1420 3062 et
1450 3022 1549 3076 pax
1594 3006 1717 3071 Dei,
1755 3008 2029 3076 cupientes
2058 3023 2206 3076 quat-

628 3100 749 3155 dam
782 3099 1112 3168 perturbare,
1142 3099 1205 3152 ad
1235 3101 1481 3169 angelum
1509 3108 1744 3153 vestrum
1774 3099 1898 3153 hinc
1927 3099 2207 3155 disceden-

630 3201 709 3248 tes
749 3194 852 3248 iter
878 3193 1164 3261 arripuisse
1195 3210 1207 3247 :
1240 3208 1376 3262 quos
1419 3193 1691 3247 beatitudo
1723 3200 1931 3255 vestra,
1978 3210 2210 3262 praesen—

631 3288 771 3343 tibus
807 3288 1017 3358 scriptis
1051 3302 1265 3347 causam
1299 3286 1479 3340 livoris
1508 3301 1695 3341 eorum
1736 3302 2062 3357 cognosrcns
2088 3330 2101 3353 ,
2138 3290 2208 3341 ita

633 3386 691 3435 ut
716 3387 1011 3447 merentur,
1036 3378 1305 3448 sust-ipere
1327 3387 1382 3433 et
1406 3394 1433 3431 a
1460 3393 1516 3431 se
1539 3378 1694 3447 longe
1716 3380 1914 3448 pellere
1931 3380 2204 3447 dignetur:

630 3468 879 3540 quoniam
919 3470 1220 3539 vaniloquia
1263 3470 1498 3539 ipsorum
1539 3471 1901 3526 festinantium
1946 3475 2209 3530 novitates

628 3563 968 3618 introducere
1005 3564 1058 3617 in
1093 3562 1359 3629 Ecclesia,
1392 3562 1531 3631 quod
1564 3579 1735 3632 neque
1766 3574 1993 3634 quatuor
2019 3565 2208 3638 synodi

628 3655 983 3717 venerabiles,
1007 3669 1178 3721 neque
1210 3654 1376 3708 sancti
1410 3654 1599 3709 Leonis
1631 3670 1779 3723 papae
1809 3656 2047 3722 epistolae
2078 3671 2207 3710 con-

631 3747 800 3801 tinere
827 3753 1137 3810 noscuntur,
1163 3746 1214 3799 in
1242 3745 1385 3799 omni
1416 3744 1531 3799 loco
1554 3745 1735 3799 turbas
1761 3745 1997 3799 excitare
2024 3746 2209 3801 viden-

629 3849 733 3893 tur.
789 3837 1144 3903 Quamobrem
1203 3837 1361 3891 etiam
1400 3845 1452 3890 et
1499 3851 1526 3889 a
1572 3835 1700 3891 viris
1743 3837 2208 3891 reverendissimis

627 3927 890 3997 episcopis
921 3935 976 3982 et
1004 3926 1317 3984 diaconibus
1347 3926 1563 3982 directis
1604 3927 1672 3983 ab
1699 3928 1998 3995 apostolatu
2027 3938 2207 3984 vestro

627 4020 691 4074 ad
722 4035 821 4074 nos
851 4021 1071 4089 angelus
1099 4028 1279 4074 vester
1320 4018 1590 4074 destinare
1637 4020 1885 4090 dignetur
1908 4062 1922 4083 ,
1968 4029 2020 4075 et
2064 4023 2206 4091 ipsos

628 4113 783 4183 digna
815 4114 1146 4168 correctione
1176 4112 1486 4181 perculsos,
1520 4122 1577 4168 ut
1607 4113 1849 4181 superius
1876 4114 2073 4169 dictum
2102 4124 2201 4181 est,

627 4205 825 4273 pellere
863 4203 1068 4273 jubeat.
1119 4203 1257 4273 Ergo
1294 4202 1408 4256 haec
1445 4204 1672 4273 petimus
1705 4212 1761 4258 ut
1813 4203 1990 4273 (sicut
2020 4218 2209 4273 supra-

626 4298 821 4352 dictum
851 4296 971 4365 est)
1018 4296 1165 4366 ipsas
1214 4295 1516 4365 hujusmodi
1566 4295 1769 4351 litteras
1820 4311 1914 4364 per
1954 4297 2204 4351 eumdem

627 4389 936 4458 portitorem
963 4388 1029 4442 ad
1057 4404 1154 4442 nos
1184 4388 1417 4458 dirigere
1446 4403 1768 4458 magnopere
1798 4387 2036 4443 festinet.
2071 4389 2208 4445 Sunt

626 4493 802 4535 autem
833 4480 1044 4534 nomina
1073 4494 1279 4545 eorum,
1311 4479 1561 4547 Achilles,
1590 4478 1842 4543 Joannes,
1872 4478 2124 4534 Leontius
2152 4486 2206 4534 et

627 4571 902 4626 Mauritius
933 4569 1293 4642 (Maxentius).
1329 4570 1452 4624 Hmc
1483 4577 1665 4623 nostra
1695 4581 1777 4624 est
1802 4570 2030 4623 maxima
2058 4570 2205 4624 solli-

625 4665 873 4720 citudinis
904 4679 1082 4729 causa,
1114 4678 1183 4719 ne
1212 4663 1406 4726 unitas,
1440 4678 1596 4730 quam
1627 4670 1804 4717 vester
1828 4663 1979 4717 labor
2005 4662 2204 4718 oratio-

626 4770 727 4826 que
756 4754 1006 4825 perfecit,
1040 4769 1134 4825 per
1162 4754 1429 4823 inquietos
1461 4753 1706 4807 homines
1732 4752 2049 4821 dissipetur,
2082 4768 2203 4821 spe-

627 4859 805 4904 rantes
840 4850 893 4904 in
922 4848 1149 4903 Domino
1181 4849 1289 4903 Deo
1310 4889 1324 4914 ,
1366 4846 1490 4917 quia
1516 4847 1561 4901 si
1587 4846 1711 4917 quid
1741 4856 1821 4902 est
1857 4848 1996 4915 quod
2028 4846 2203 4903 adhuc

625 4956 652 4992 a
678 4941 836 4995 totius
854 4941 999 4995 orbis
1030 4956 1158 5009 pace
1182 4940 1482 5004 dissentiat,
1514 4940 1616 4993 hoc
1641 4954 1851 5008 quoque
1875 4940 2201 4995 orationibus

625 5030 814 5083 vestris
853 5032 1159 5099 apostolicae
1198 5032 1341 5088 sedis
1367 5032 1726 5085 communioni
1759 5032 2009 5085 societur.
2058 5032 2200 5087 Prte-

623 5128 895 5176 sumentes
923 5131 1099 5175 autem
1125 5123 1193 5177 de
1221 5124 1562 5178 beatitudinis
1593 5133 1779 5177 vestrae
1808 5123 2198 5190 benevolentia,

626 5218 898 5279 paternam
958 5211 1297 5268 dilectionem
1346 5215 1566 5269 nimium
1613 5214 1842 5284 petimus
1875 5254 1889 5277 ,
1940 5223 2209 5282 quatenus

624 5302 863 5373 reliquiis
888 5312 1195 5358 sanctorum
1221 5305 1581 5374 apostolorum
1608 5312 1713 5359 tam
1746 5320 1841 5359 nos
1866 5321 2022 5374 qnam
2052 5304 2198 5359 basi-

622 5394 777 5448 licam
809 5410 995 5449 eorum
1028 5394 1114 5448 hic
1145 5393 1198 5448 in
1230 5396 1389 5449 domo
1420 5408 1597 5449 nostra
1629 5396 1728 5450 sub
1757 5396 1971 5450 nomine
2004 5395 2197 5464 prtedi-

621 5497 829 5541 ctorum
870 5486 1253 5543 venerabiliqu
1293 5498 1648 5542 constructam
1685 5488 1956 5543 illustrare
1993 5497 2046 5542 et
2078 5488 2201 5542 illuc

622 5580 827 5634 minare
860 5582 1004 5650 large
1033 5579 1323 5650 dignemini
1351 5596 1366 5645 ;
1413 5592 1796 5646 coanoscentes
1822 5581 1961 5651 quod
1994 5583 2198 5636 nullum

622 5672 776 5725 nobis
800 5674 969 5741 majus
990 5674 1304 5728 beneﬁcium
1331 5688 1427 5728 nec
1455 5690 1645 5727 munus
1672 5686 1925 5742 prmstare
1954 5675 2197 5744 potestis,

619 5759 836 5816 domine
865 5766 1168 5821 beatissime
1203 5778 1380 5833 pater,
1414 5781 1571 5835 quam
1605 5765 1645 5818 si
1678 5764 1814 5819 hanc
1845 5756 2078 5819 nostram
2105 5779 2200 5833 pe-

620 5848 866 5911 titionem
887 5858 1320 5930 adimpleveritis.
1360 5861 1551 5917 Subito
1581 5868 1759 5915 autem
1790 5860 1890 5915 i'er
1912 5860 2198 5929 arripit-nte

2302 576 2672 621 ornamentum
2717 566 2901 620 altaris
2941 575 3247 619 sanctorum
3287 563 3649 632 apostolorum
3687 564 3859 616 direxi

2302 675 2439 725 ntus,
2461 675 2579 729 quas
2599 660 2969 727 suscipientes,
2986 658 3374 713 efﬁcacissimis
3399 659 3648 727 precibus
3671 658 3878 726 vestris,

2305 752 2470 807 nostri
2499 752 2682 822 jubete
2715 753 2911 821 jngiter
2940 752 3118 809 facere
3148 754 3481 811 memoriam.

2699 867 2788 921 EX
2800 868 3079 924 EMPLUM
3128 868 3485 936 EPISTOLIE

2300 984 2588 1023 JUSTINIANI
2625 984 2724 1022 PER
2774 983 3021 1025 FRATREM
3064 985 3426 1024 PROEMPTORIS
3473 986 3541 1024 AD
3585 984 3883 1025 HOBIISDAI

2997 1057 3186 1095 PAPAI.

2304 1141 2439 1196 Petit
2486 1152 2541 1196 ut
2588 1145 2819 1211 expedito
2872 1143 3239 1196 monachorum
3291 1146 3494 1211 negotio
3547 1141 3793 1196 Joannem
3836 1151 3885 1195 et

2744 1215 3010 1275 Leontium
3038 1215 3103 1269 ad
3134 1232 3184 1269 se
3211 1216 3450 1269 remittat.

2373 1330 2638 1397 Quidquid
2686 1338 2770 1383 est
2812 1330 3050 1391 cautius,
3096 1327 3350 1395 quidquid
3399 1326 3640 1387 ﬁrmius,
3685 1332 3742 1377 ut
3787 1339 3885 1392 pro

2306 1429 2487 1474 sancta
2518 1420 2619 1473 ﬁde
2649 1428 2704 1473 et
2729 1419 3018 1472 concordia
3042 1433 3312 1472 sacrarum
3341 1417 3695 1470 Ecclesiarum
3726 1430 3884 1483 gera-

2303 1523 2409 1579 tur,
2444 1524 2709 1582 optamus.
2747 1514 2899 1568 Unde.
2930 1513 2994 1565 ad
3028 1512 3407 1569 beatitudinem
3440 1521 3669 1563 vestram
3701 1518 3754 1561 et
3782 1510 3884 1560 fra-

2306 1617 2387 1659 ter
2432 1617 2614 1659 noster
2660 1605 3079 1670 gloriosissimus
3129 1603 3421 1658 Vitalianus
3469 1618 3562 1670 per
3605 1601 3884 1655 Paulinum

2305 1699 2474 1751 virum
2507 1698 2786 1752 sublimem
2819 1697 3157 1751 defensorem
3189 1704 3381 1749 vestra:
3412 1696 3663 1749 Ecclesia:
3692 1693 3884 1747 rt-scri‘

2308 1792 2447 1859 psit,
2484 1799 2536 1841 cl
2568 1804 2663 1842 ητις
2704 1804 2798 1857 per
2824 1788 3069 1841 eumdem
3111 1786 3415 1855 signiﬁcare
3455 1788 3758 1840 curavimus
3796 1785 3883 1838 illa

2229 1859 2283 1919 Β
2306 1883 2503 1936 debere
2534 1880 2916 1935 beatitudinem
2946 1889 3180 1933 vestram
3227 1879 3481 1948 perlicere
3506 1918 3519 1939 ,
3554 1894 3671 1943 quae
3698 1891 3883 1944 pacem

2307 1982 2361 2027 ct
2385 1974 2725 2027 concordiam
2767 1974 2965 2025 sanctis
3001 1971 3295 2025 concedant
3337 1970 3605 2025 Ecclesiis.
3647 1966 3885 2022 Subinde

2308 2076 2501 2123 tamen.
2530 2066 2621 2134 qui
2643 2066 2840 2118 certius
2866 2079 3181 2131 responsum
3201 2063 3266 2117 ad
3290 2062 3622 2115 Sanctitatetu
3644 2068 3883 2112 vestram

2306 2158 2535 2219 referat,
2561 2171 2683 2211 cum
2714 2156 2906 2209 litteris
2930 2155 3155 2222 piissimi
3180 2156 3343 2207 nostri
3372 2151 3706 2217 imperatoris
3729 2150 3886 2204 desti-

2308 2251 2572 2305 navimus.
2626 2251 2756 2303 Nam
2799 2258 2992 2317 quanta
3040 2249 3263 2317 qumstio
3305 2249 3355 2300 in
3400 2247 3639 2317 partibus
3687 2245 3886 2299 nostris

2308 2352 2421 2395 orta
2449 2351 2558 2403 est,
2590 2350 2759 2406 potest
2793 2340 2951 2394 etiam
2983 2340 3247 2393 antelatus
3280 2340 3362 2392 vir
3392 2338 3671 2407 religiosus
3702 2336 3887 2389 defen-

2308 2447 2400 2486 sor
2426 2430 2762 2484 sanctitatem
2786 2440 3018 2486 vestram
3050 2432 3333 2484 instruere.
3367 2429 3517 2483 Unde
3546 2429 3772 2495 petimus
3804 2437 3884 2490 ut,

2310 2523 2353 2577 si
2377 2531 2459 2576 est
2484 2522 2757 2588 possibile,
2784 2522 3067 2576 celerrimo
3093 2521 3217 2575 dato
3240 2534 3497 2588 responso
3525 2526 3579 2573 et
3600 2516 3887 2574 satisfactis

2309 2615 2571 2683 religiosis
2606 2614 2920 2678 monachis,
2969 2614 3228 2668 Joannem
3272 2624 3325 2666 et
3369 2612 3647 2667 Leontium
3693 2610 3757 2664 ad
3789 2622 3888 2663 nos

2309 2706 2638 2761 remittatis:
2674 2706 2773 2759 nisi
2821 2707 2961 2759 enim
3008 2705 3255 2773 precibus
3302 2714 3357 2759 et
3397 2703 3667 2771 diligentia
3715 2709 3887 2758 vestra

2311 2801 2411 2854 ista
2456 2799 2682 2864 quaestio
2726 2798 2897 2852 soluta
2948 2798 3142 2860 fuerit,
3182 2811 3429 2850 veremur
3466 2810 3532 2848 ne
3575 2810 3679 2847 non
3725 2793 3889 2861 possit

2313 2890 2672 2944 Ecelesiarum
2708 2898 3009 2945 sanctarum
3052 2902 3152 2955 pax
3184 2887 3483 2956 provenire.
3528 2886 3667 2955 Ergo
3694 2899 3891 2953 cogno~

2313 2993 2524 3038 arentes
2555 2984 2677 3051 quia
2709 2990 2764 3035 et
2792 2996 3001 3036 merces
3033 2991 3087 3036 et
3121 2981 3416 3050 periculum
3448 2980 3606 3047 hujus
3632 2980 3706 3033 rei
3741 2978 3890 3032 vobis

2312 3084 2576 3138 servatur,
2605 3074 2891 3143 diligenter
2920 3082 3162 3140 tractate,
3195 3083 3249 3128 et
3280 3074 3635 3127 ﬁrmissimum
3669 3085 3890 3138 respon-

2315 3184 2431 3223 sum
2461 3183 2557 3237 per
2585 3168 2845 3221 antelatos
2876 3167 3152 3233 religiosos
3190 3167 3496 3227 monachos,
3528 3166 3571 3218 si
3601 3174 3682 3217 est
3714 3162 3890 3231 possi-

2239 3237 2288 3302 c
2317 3261 2452 3323 bile,
2486 3270 2772 3329 antequam
2816 3260 3020 3329 legatus
3058 3268 3242 3313 noster
3276 3258 3338 3311 ad
3383 3256 3763 3312 beatitudinem
3803 3271 3889 3308 ve-

2313 3364 2479 3407 stram
2513 3352 2785 3421 perveniat
2814 3392 2828 3417 ,
2860 3350 3015 3405 nobis
3052 3350 3308 3406 remittite
3337 3366 3351 3413 ;
3384 3349 3435 3403 in
3473 3348 3574 3404 hoc
3602 3347 3744 3403 enim
3775 3347 3892 3402 solo

2311 3444 2491 3499 omnis
2513 3443 2709 3512 pendet
2739 3443 2983 3497 intentio.

2719 3552 3097 3609 EXEMPLUM
3140 3551 3494 3608 EPISTOLIE

2736 3663 3019 3704 Jusrtnum
3051 3663 3116 3702 Αυ
3139 3651 3459 3701 uonmsbau.

2311 3743 2388 3797 An
2413 3742 2685 3796 dicentium
2719 3742 2787 3795 sit
2820 3757 2977 3794 unum
3020 3740 3082 3793 de
3109 3738 3354 3792 Trinitate
3380 3737 3538 3807 fuisse
3566 3738 3888 3794 cruciﬁxum.

2381 3837 2450 3893 Ut
2483 3836 2790 3906 plenissima
2830 3835 2950 3889 ﬁdei
2991 3833 3249 3901 perfectio
3279 3831 3513 3885 doctrina
3549 3832 3891 3887 beatitudinis

2308 3938 2501 3983 vestra:
2552 3926 2707 3981 nobis
2760 3926 3073 3996 proveniat,
3122 3924 3315 3979 iterum
3378 3922 3657 3990 Eulogium
3718 3924 3890 3978 virum

2308 4030 2581 4076 strenuum
2610 4029 2855 4088 agentem
2888 4019 2938 4071 in
2969 4016 3131 4071 rebus
3154 4016 3313 4084 juxta
3343 4016 3474 4069 alias
3500 4029 3707 4081 causas,
3732 4017 3891 4070 etiam

2309 4111 2450 4167 hanc
2480 4121 2698 4181 propter
2728 4108 3045 4173 direximus,
3081 4123 3174 4176 per
3209 4122 3363 4177 quem
3397 4107 3551 4160 valde
3584 4107 3809 4175 petimus
3838 4117 3893 4163 ut

2310 4220 2403 4274 per
2429 4205 2608 4259 omnia
2654 4217 2913 4271 responso
2944 4200 3273 4270 apostolatus
3306 4200 3469 4255 vestri
3509 4201 3892 4269 circumspecto

2308 4306 2363 4353 et
2400 4296 2710 4352 cautissimo
2753 4295 2806 4348 in
2850 4292 3191 4347 confessione
3230 4291 3506 4347 catholica:
3539 4290 3661 4345 ﬁdei
3699 4292 3893 4346 conﬁr-

2308 4376 2659 4444 metursPost
2683 4386 2850 4442 semel
2876 4387 3017 4440 enim
3045 4385 3221 4440 divina
3251 4384 3611 4439 misericordia
3639 4384 3887 4439 donatam

2308 4480 2564 4534 Ecclesiae
2587 4477 2860 4532 catholicae
2892 4477 3169 4541 unitatem,
3197 4475 3411 4546 quidam
3441 4483 3686 4529 asserunt
3736 4474 3890 4528 Chri-

2307 4582 2443 4626 stum
2468 4570 2659 4624 Filium
2690 4570 2779 4623 Dei
2806 4569 3086 4623 Dominum
3119 4578 3357 4622 nostrum
3387 4582 3482 4636 pro
3504 4575 3685 4621 nostra
3715 4568 3886 4623 Salute

2311 4680 2470 4720 carne
2491 4663 2803 4717 cruciﬁxum
2825 4679 2988 4717 unum
3010 4663 3077 4716 de
3090 4662 3349 4717 Trinitate
3361 4662 3555 4716 debere
3572 4660 3850 4731 prmdiCari
3875 4678 3889 4715 :

2312 4760 2450 4828 quod
2466 4757 2512 4811 si
2525 4755 2920 4825 suscipiendum
2936 4757 3024 4822 sit,
3043 4764 3261 4823 paterna
3278 4754 3580 4824 provisione
3593 4756 3890 4807 reverentia

2311 4858 2488 4903 vestra
2518 4849 2826 4903 cautissimo
2855 4862 2954 4901 suo
2999 4847 3293 4915 rescripto,
3328 4846 3451 4914 quid
3478 4847 3660 4915 sequi.
3695 4845 3892 4912 quidve

2311 4956 2474 5011 super
2494 4940 2595 4994 hoc
2616 4940 2817 4995 evitare
2837 4939 3150 5002 debeamus,
3174 4953 3270 4993 nos
3292 4937 3581 4992 certiorare
3604 4937 3850 5003 dignetur
3876 4955 3889 4990 :

2311 5036 2560 5103 quoniam
2598 5033 2760 5088 verba
2794 5033 3042 5088 videntur
3084 5031 3256 5085 facere
3293 5030 3685 5085 dissensionem
3721 5046 3735 5082 :
3770 5044 3890 5082 nam

2309 5142 2499 5182 sensus
2545 5127 2685 5183 inter
2714 5128 3007 5183 cathol?cos
3036 5141 3222 5180 omnes
3268 5141 3407 5179 unus
3451 5140 3569 5178 esse
3614 5124 3886 5191 probatur.

2312 5219 2573 5289 lmponite
2629 5219 2789 5287 igitur
2846 5218 2995 5271 vobis
3049 5218 3211 5271 semel
3270 5226 3576 5284 Stt<ceptum
3627 5215 3888 5279 laborem,

2309 5321 2493 5366 sancte
2520 5325 2581 5364 ac
2610 5309 2939 5364 venerabilis
2971 5309 3152 5374 Pater,
3188 5309 3349 5362 etiam
3381 5307 3431 5359 itt
3463 5305 3563 5357 hoc
3592 5306 3891 5370 praedeces-

2308 5417 2457 5457 sores
2498 5412 2704 5456 vestros
2735 5410 3052 5471 sequentes.
3086 5415 3309 5470 quorum
3355 5395 3667 5451 memoriam
3697 5406 3750 5449 et
3778 5412 3893 5448 am-

2310 5490 2603 5561 plectimini
2630 5532 2643 5555 ,
2689 5500 2743 5546 et
2771 5493 3044 5547 consortio
3081 5490 3422 5561 pontiﬁcatus
3451 5488 3657 5541 ornatis
3683 5529 3697 5551 ,
3741 5498 3791 5541 ct
3822 5488 3891 5543 de

2304 5583 2401 5636 bac
2465 5582 2761 5635 intentione
2809 5582 3006 5637 liberos
3053 5599 3148 5636 nos
3200 5588 3486 5649 properate
3558 5580 3788 5635 reddere
3834 5589 3890 5634 et

2303 5687 2539 5726 securos.
2590 5672 2701 5725 Hoc
2730 5672 2871 5726 enim
2902 5673 3171 5726 credimus
3202 5687 3323 5726 esse
3354 5671 3676 5725 catholicum
3701 5713 3714 5736 ,
3747 5672 3888 5738 quod

2304 5773 2486 5819 vestro
2532 5764 2781 5831 religioso
2844 5779 3106 5833 responso
3159 5764 3313 5818 nobis
3362 5761 3520 5817 fuerit
3567 5764 3887 5821 intitnatnm.

2304 5857 2436 5926 Quia
2460 5873 2588 5913 vero
2615 5856 2814 5913 dictum
2836 5867 2912 5913 est
2939 5857 3222 5931 Scythicos
3246 5854 3540 5913 monachos
3566 5854 3663 5912 hac
3685 5855 3891 5913 ratione
