4262 6264
312 408 417 466 477

1526 413 1875 468 ΕΡΙΞΤΟΙΛΕ
1919 416 2009 473 ET
2047 420 2381 484 DECRETA.

3466 430 3564 484 478

314 523 382 576 ad
413 521 592 577 sedem
623 531 856 578 vestram
886 525 1179 579 accessisse
1220 540 1316 595 pro
1362 527 1643 582 traditione
1675 529 1889 583 Patrum
1921 534 1947 594 Α

1928 534 1974 593 Α
2001 557 2115 596 rum
2146 543 2548 613 allegationibus
2580 559 2699 599 cum
2742 545 2928 618 legatis
2964 545 3321 601 remeantibus
3361 561 3565 612 compe.

310 624 368 670 et
394 614 583 669 ordine
613 616 939 685 regularum,
969 617 1190 686 prtebito
1221 619 1297 672 eis
1325 634 1602 687 responso,
1628 622 1757 675 nihil
1792 622 1911 675 fnr~

310 708 567 769 midante,
596 709 659 761 ad
692 723 787 762 nos
811 723 931 763 cum
961 709 1153 763 vestris
1176 710 1364 764 litteris
1392 711 1571 780 jubete
1595 713 1887 768 remittere.

308 799 546 864 Quarum
575 798 733 851 etiam
774 798 1100 869 exemplaria
1144 802 1448 869 consignata
1493 802 1746 871 pracdicto
1777 805 1890 857 viro

305 899 531 943 strenuo
554 888 776 959 Eulogio
798 890 913 943 dari
938 891 1226 959 prmcipite.
1253 892 1376 946 Haec
1397 893 1535 947 enim
1562 894 1741 947 omnia
1771 894 1889 947 ideo

305 983 540 1050 petimus
564 997 661 1035 vos
688 981 972 1050 disponere
1000 983 1225 1049 cautius,
1255 994 1309 1037 ut
1338 999 1405 1038 ne
1434 984 1582 1038 locus
1610 984 1890 1039 mendacio

301 1074 391 1127 vel
438 1073 641 1125 insidiis
685 1073 885 1126 detur:
915 1074 1162 1141 quoniam
1206 1089 1416 1128 summo
1462 1088 1578 1129 cum
1622 1074 1895 1130 desiderio

305 1165 469 1219 fidem
502 1164 818 1218 catholicam
854 1166 1271 1233 amplectentes,
1300 1175 1474 1220 vestra
1507 1167 1749 1221 doctrina
1778 1168 1889 1221 nni-

309 1264 475 1310 tatem
504 1256 755 1309 universo
781 1254 896 1309 orbi
927 1255 1155 1323 petimus
1182 1257 1507 1312 condonare.

822 1364 1148 1422 EPISTULA
1190 1367 1368 1421 LXVI.

871 1478 937 1514 Αῐ)
974 1474 1335 1515 Jl'STlNIANUM.

306 1550 591 1607 Monachos
620 1550 840 1624 Scythas
863 1561 984 1624 ante
1004 1551 1279 1624 legatorum
1303 1551 1569 1624 adventum
1602 1551 1759 1624 Roma
1785 1570 1886 1606 non

398 1624 731 1676 discessuros.
774 1621 1133 1689 Apostolorum
1159 1623 1451 1675 sanctuaria
1478 1623 1791 1676 transmittit.

376 1713 658 1768 Hormisda
693 1712 996 1771 Iustiniano
1031 1712 1146 1766 viro
1176 1713 1387 1767 illustri.

374 1804 450 1858 Ita
482 1804 889 1873 magniﬁcentiae
925 1813 1116 1856 vestrm
1153 1803 1385 1856 animum
1424 1804 1604 1871 vigere
1643 1804 1884 1858 novimus

306 1895 580 1963 religionis
602 1892 815 1955 alfectu,
838 1901 896 1944 ut
919 1890 1229 1946 benelicium
1256 1907 1283 1945 a
1309 1893 1457 1946 vobis
1482 1894 1531 1946 in
1558 1892 1884 1961 perfectione
1914 1892 1961 1952 Β

307 1987 457 2057 pacis
488 1985 739 2041 Ecclesiae
768 1984 939 2038 velitis
967 1985 1133 2051 magis
1162 1984 1295 2050 exigi
1326 1999 1481 2051 quam
1512 1985 1719 2052 rogari,
1743 1984 1885 2052 judi-

308 2087 491 2131 cantes
542 2075 745 2129 meritis
793 2074 1121 2129 excellentiae
1168 2085 1357 2128 vestrm
1404 2075 1702 2141 prolicere,
1744 2075 1885 2142 quod

308 2179 409 2221 vos
435 2165 792 2235 generalitatis
819 2164 1082 2217 desiderio
1112 2164 1370 2232 contingit
1398 2163 1609 2218 oﬂerre.
1659 2163 1809 2219 Unde
1835 2172 1887 2217 et

308 2272 412 2311 nos
440 2272 470 2309 a
504 2256 649 2309 vobis
678 2264 994 2324 praesumpte
1024 2255 1310 2323 qumrimns
1350 2265 1595 2325 tanquam
1652 2256 1885 2311 debitum

310 2350 450 2419 quod
501 2349 702 2405 meritis
732 2349 926 2403 vestris
976 2350 1218 2401 novimus
1262 2363 1379 2401 esse
1424 2348 1757 2414 profuturum
1793 2357 1889 2403 :et

309 2443 454 2507 ideo,
490 2443 705 2496 domine
737 2442 831 2507 till,
866 2443 962 2496 Sub
994 2442 1139 2495 omni
1169 2442 1389 2495 caritate
1423 2444 1735 2506 salutantes,
1770 2457 1889 2511 spe-

313 2548 493 2589 ramus
524 2541 583 2587 ut
612 2534 932 2587 immineatis
960 2533 1108 2602 operi
1155 2532 1293 2599 quod
1339 2532 1562 2585 Domino
1602 2531 1889 2599 adjuvante

313 2628 597 2690 fundastis,
628 2641 892 2682 memores
918 2626 1078 2680 divini
1110 2625 1395 2679 testimonii
1430 2641 1444 2679 :
1480 2624 1579 2690 Qui
1608 2641 1891 2695 persevera-

312 2720 430 2774 rerit
468 2734 626 2786 usque
658 2720 711 2771 in
743 2718 924 2787 ﬁnem,
954 2717 1039 2769 hic
1066 2716 1235 2768 ralvus
1264 2716 1353 2767 erit
1397 2712 1608 2781 (Matth.
1646 2713 1718 2782 κ).
1749 2714 1892 2768 Prm-

312 2820 457 2865 terea
508 2808 803 2862 monachos
831 2849 844 2872 ,
884 2821 1015 2876 quos
1044 2809 1256 2860 venisse
1290 2805 1511 2858 Romam
1557 2803 1892 2873 signiﬁcastis

311 2903 506 2957 litteris
537 2903 746 2965 chtris,
771 2902 835 2954 ad
865 2900 1075 2970 propria
1108 2914 1227 2951 mox
1249 2899 1513 2951 voluimus
1535 2897 1752 2951 reverti.
1787 2895 1892 2949 Sed

314 2997 436 3065 quia
468 2996 568 3049 sub
598 2994 969 3049 testiﬁcatione
998 2992 1247 3062 potentiae
1274 2992 1467 3044 divinre
1514 2990 1760 3043 dicebant
1788 3004 1883 3058 per

316 3088 537 3142 insidias
582 3088 635 3141 in
688 3088 877 3141 itinere
928 3093 1137 3155 paratas
1177 3085 1297 3137 vita:
1328 3086 1589 3137 stist’nere
1634 3097 1692 3136 se
1741 3094 1897 3149 posse

318 3180 599 3234 discrimen
623 3222 635 3241 ,
674 3178 915 3231 volentes
957 3177 1132 3232 redire
1161 3173 1676 3241 Constantinopolim
1703 3213 1716 3235 ,
1753 3172 1893 3239 passi

318 3288 423 3326 non
478 3286 663 3326 sumus
710 3272 970 3326 violenter
1020 3270 1237 3336 expelli.
1299 3269 1633 3336 Quapropter
1677 3259 1971 3324 necesseC

319 3362 600 3417 habuimus
628 3361 963 3417 venientibus
1004 3360 1189 3429 legatis
1220 3360 1413 3411 nostris
1466 3356 1737 3424 inquirere
1792 3371 1893 3424 qua

320 3470 503 3509 revera
547 3453 771 3507 faciente
798 3466 953 3505 causa
993 3454 1132 3505 inter
1156 3466 1247 3505 eos
1280 3450 1437 3503 fuerit
1474 3458 1735 3502 commota
1779 3448 1892 3502 dis-

321 3546 529 3600 cordia.
601 3546 1031 3599 Beatissimorum
1086 3558 1212 3597 vero
1256 3540 1617 3609 apostolorum
1659 3540 1798 3593 Petri
1843 3548 1899 3594 et

320 3636 475 3690 Pauli
505 3638 827 3701 sanctuaria,
870 3637 1009 3688 sicut
1046 3633 1445 3703 religiosissimo
1475 3630 1737 3699 qums‘stis
1767 3631 1897 3683 alie-

321 3734 414 3779 ctu
442 3767 454 3787 ,
501 3739 593 3792 per
638 3725 818 3780 harum
866 3726 1181 3795 portitorem
1228 3724 1326 3776 sub
1370 3723 1510 3777 omni
1558 3722 1898 3775 veneratione

323 3817 755 3883 transmisimus;
786 3827 1031 3887 optantes
1053 3814 1380 3869 orationibus
1410 3828 1594 3866 eorum
1625 3821 1679 3865 ut
1708 3811 1899 3864 mentis

320 3918 517 3963 vestrae
561 3907 763 3963 oblatio
808 3919 860 3963 et
904 3907 1167 3962 desideria
1213 3908 1393 3976 gratiae
1440 3907 1546 3959 sint
1601 3904 1899 3957 Divinitatis

321 4010 559 4069 accepta.
598 3999 833 4054 Petimus
864 4000 1039 4067 itaque
1078 4008 1134 4051 ut
1168 4011 1269 4051 tam
1300 3997 1366 4050 de
1393 3996 1474 4049 his
1503 4010 1619 4063 quae
1644 4003 1900 4063 geruntur

319 4108 419 4163 pro
448 4092 730 4145 concordia
763 4106 918 4159 quam
965 4091 1124 4143 etiam
1171 4090 1237 4143 de
1286 4086 1667 4142 incolumitatis
1710 4094 1899 4137 vestra:

324 4186 461 4239 bono
493 4184 748 4237 nuntietis
777 4181 1119 4235 sollicitudini
1144 4190 1336 4233 nostrre
1358 4178 1627 4249 gaudium,
1653 4183 1900 4230 currente

322 4278 510 4345 pagina
544 4276 861 4329 litterarum.
894 4273 1018 4326 Data
1052 4287 1101 4324 iv
1132 4286 1299 4325 nonas
1323 4269 1673 4340 Septembris,
1706 4267 1903 4321 Eutha-

324 4369 439 4420 rico
464 4368 582 4419 viro
612 4365 908 4419 clarissimo
938 4363 1159 4416 consule
1205 4364 1379 4431 (anno
1412 4360 1618 4415 Domini
1648 4358 1791 4427 ΕΟ).

822 4476 1152 4533 EPISTULA
1198 4475 1400 4531 LXVII.

941 4588 1005 4626 AD
1046 4586 1259 4625 EUMDEI

322 4683 547 4754 Scythas
572 4682 840 4738 monachos
868 4691 992 4805 aut:
1002 4684 1284 4762 legatorum
1309 4679 1582 4734 aduentum
1613 4673 1773 4730 Roma
1799 4690 1898 4727 non

996 4766 1284 4805 rscessuros.

996 4766 1284 4806 tscessuros.

397 4845 677 4899 iiormisda
703 4844 998 4900 Iustiniano
1022 4844 1232 4898 illustri.

396 4924 625 5007 Eulogio
650 4939 761 4992 viro
788 4938 1083 4993 clarissimo
1112 4937 1220 4991 tilio
1242 4943 1424 4990 nostro
1446 4932 1736 4995 deferente,
1762 4928 1901 4983 litte-

328 5047 416 5086 ras
442 5031 775 5086 celsitudinis
804 5038 993 5085 vestra:
1024 5027 1385 5097 suscepimus,
1413 5039 1581 5091 eoque
1607 5028 1898 5084 remeante,

326 5123 561 5177 debitum
589 5121 949 5188 persolventes
981 5115 1312 5171 salutationis
1342 5113 1605 5180 ofﬁcium,
1636 5109 1902 5182 signiﬁca-

330 5228 451 5267 mus
495 5212 722 5282 Srythas
753 5210 1044 5264 monachos
1086 5209 1343 5277 allegasse
1386 5204 1612 5274 plurima
1656 5216 1772 5270 qua?
1805 5214 1902 5254 nos

331 5305 631 5371 relinquere
661 5302 955 5357 indiscussa
988 5315 1091 5354 non
1124 5314 1402 5367 possumus
1434 5314 1445 5349 :
1478 5294 1571 5350 sed
1610 5295 1898 5363 legatorum

332 5405 636 5450 nostrorum
669 5395 1023 5462 Deojuvante
1069 5392 1380 5445 festinemus
1426 5389 1711 5443 adventum
1757 5402 1769 5439 :
1807 5400 1902 5455 pro

328 5501 434 5555 qua
466 5501 524 5539 re
551 5499 646 5540 eos
681 5485 731 5537 in
772 5482 911 5537 Urbe
941 5481 1207 5535 credimus
1236 5478 1542 5533 tetitteudos
1568 5518 1582 5542 ,
1616 5491 1642 5529 a
1674 5491 1774 5546 qua
1805 5490 1903 5531 nec

329 5576 433 5647 ipsi
465 5576 797 5633 ordinatione
834 5574 1176 5630 dissentiunt.
1226 5571 1642 5641 Amplitudinem
1673 5578 1903 5623 vestram

332 5679 512 5724 tamen
546 5669 775 5723 retinere
800 5667 1130 5731 conﬁdimus,
1165 5665 1301 5731 quod
1331 5665 1397 5719 de
1426 5663 1554 5731 ipsis
1586 5662 1739 5716 nobis
1765 5678 1904 5731 prm-

331 5759 487 5813 terito
519 5769 761 5828 tempore
790 5758 984 5813 litteris
1013 5758 1287 5812 deStinatis
1315 5754 1648 5825 scripserint.
1693 5752 1747 5807 lu
1779 5769 1908 5822 quo-

404 5869 481 5945 (oi
516 5871 582 5930 ν.
617 5868 679 5928 C.
708 5871 783 5929 ita
813 5871 939 5931 iecit
965 5869 1218 5928 Collectio
1245 5868 1493 5927 Avellana
1525 5881 1624 5921 ms.

1996 642 2169 690 tenter
2224 635 2475 690 fuerimus
2536 637 2824 706 instructi,
2882 637 2929 691 si
2976 638 3101 704 quid
3155 637 3570 705 reprehensione

1994 726 2208 794 dignum
2236 727 2466 795 cognitio
2489 738 2665 781 nostra
2694 729 2972 797 repererit.
3001 742 3218 782 necesse
3246 737 3323 783 est
3346 738 3403 781 ut
3430 731 3571 783 circa.

1992 828 2087 869 eos
2123 825 2395 871 teneamus
2443 819 2860 873 ecclesiasticam
2909 820 3256 887 disciplinam.
3304 820 3567 875 Victorem

1991 916 2247 975 praeterea
2277 950 2291 975 ,
2323 908 2410 978 qui
2461 910 2670 965 diaconi
2719 910 2915 965 habere
2962 912 3270 981 perhibetur
3314 912 3564 977 officium,

1990 998 2142 1062 cuius
2175 996 2330 1053 fidem
2384 998 2437 1052 hi
2481 1000 2579 1066 ipsi
2630 1001 2874 1055 monachi
2921 1002 3265 1069 vehementer
3295 1010 3564 1066 accusant,

1990 1089 2071 1142 vel
2103 1089 2239 1144 alios
2268 1090 2354 1155 qui
2390 1105 2666 1156 perversos
2694 1092 2911 1146 forsitan
2940 1092 3194 1161 objiciunt
3222 1091 3565 1159 qumstiones,

1989 1180 2327 1235 ordinatione
2358 1180 2559 1237 domini
2591 1182 2683 1237 lilii
2715 1184 2882 1238 nostri
2914 1182 3311 1239 clementissimi
3342 1182 3567 1251 impera-

1990 1274 2120 1327 toris
2143 1273 2206 1326 ad
2225 1275 2405 1328 urbem
2430 1275 2581 1329 vobis
2603 1277 3006 1346 suggerentibus
3026 1273 3468 1349 dirigantur[sic],
3492 1283 3551 1329 ut

1987 1363 2266 1417 Universos
2296 1365 2640 1434 allegationes
2667 1366 2734 1422 de
2757 1368 2946 1436 quibus
2969 1366 3297 1423 contendunt
3323 1381 3416 1420 nos
3442 1380 3565 1436 pos-

1989 1454 2155 1509 simus
2186 1470 2496 1525 agnoscere.

2593 1546 2972 1603 SUGGESTIO

2202 1674 2437 1714 DIOSCORI
2482 1675 2685 1715 DIACON‘I
2724 1677 2789 1714 AD
2825 1675 3125 1715 HOIHII‘DAI
3165 1676 3352 1717 PAPAM.

1988 1770 2063 1823 Ab
2094 1772 2448 1824 umeticrmnt
2486 1789 2539 1826 se
2568 1773 2822 1825 consortio
2856 1788 3045 1827 carere.
3096 1771 3352 1824 Victorem
3389 1773 3564 1824 diaco-

2060 1858 2175 1892 num
2206 1840 2505 1894 catholicam
2537 1842 2683 1907 ﬁdem
2714 1846 3012 1910 professum.
3051 1841 3268 1895 Sent/tas
3294 1843 3565 1894 monacho:

2062 1909 2471 1963 Chalcedonense
2504 1909 2769 1963 Concil'um
2802 1912 3085 1963 damnasse.
3117 1912 3274 1963 Suam
3303 1912 3450 1979 ﬁdem
3482 1926 3559 1964 ea:-

2059 1982 2232 2047 ponit,
2264 1997 2413 2048 quam
2448 1982 2702 2048 pontiﬁcis
2725 1982 2822 2050 jud
2844 1982 2922 2033 cio
2949 1982 3213 2033 submittit.

2060 2095 2160 2149 Per
2193 2093 2560 2163 Euloginmm
2591 2093 2764 2145 virum
2795 2092 3075 2147 sublimem
3108 2092 3314 2145 litteras
3343 2091 3539 2144 heatitu

1987 2188 2128 2243 dinis
2155 2198 2347 2242 vestrae
2379 2186 2710 2249 suscepimus
2736 2226 2752 2250 ,
2786 2187 2836 2239 in
2869 2187 3059 2253 quibus
3109 2185 3445 2254 signiticastis
3488 2185 3567 2236 in-

1991 2283 2281 2335 tentionem
2339 2279 2718 2332 monachorum
2764 2277 3081 2347 Scytharum
3118 2322 3131 2343 ,
3189 2285 3243 2331 et
3303 2274 3567 2344 quomodo

1990 2373 2161 2427 visum
2198 2372 2350 2424 fuerit
2382 2372 2698 2435 apostolatui
2720 2378 2896 2423 vestro
2921 2371 3171 2437 episcopo
3194 2367 3567 2421 Consmntino-

1991 2464 2229 2535 politano
2258 2477 2470 2517 causam
2515 2462 2761 2529 delegare
2792 2504 2806 2524 .
2838 2470 2892 2515 ut
2926 2462 3040 2530 ipse
3070 2462 3208 2513 inter
3237 2474 3327 2513 eos
3356 2500 3369 2523 ,
3398 2468 3446 2511 et
3481 2458 3566 2521 qni

1992 2558 2059 2609 ah
2084 2557 2163 2611 eis
2192 2557 2517 2619 impetuntur
2558 2554 2766 2608 audiret
2798 2571 2811 2607 :
2844 2554 2972 2607 mihi
3006 2553 3217 2621 quidem
3252 2566 3355 2605 non
3383 2546 3568 2613 displi-

1993 2655 2193 2709 cuerat,
2226 2647 2345 2714 quia
2377 2645 2465 2698 ubi
2492 2645 2813 2698 conSt-ientia
2841 2660 2959 2697 cum
3012 2644 3104 2697 Dei
3135 2642 3398 2709 adjutor'o
3428 2639 3567 2692 nulla

1996 2737 2276 2792 formidine
2326 2745 2596 2799 terretur,
2636 2751 2663 2787 a
2706 2735 2849 2788 nullo
2898 2734 3054 2786 debet
3108 2734 3414 2793 declinare;
3466 2730 3569 2781 imo

1998 2829 2166 2899 magis
2195 2827 2468 2891 festinare,
2503 2836 2556 2880 ut
2585 2842 2679 2895 per
2707 2839 2929 2879 examen
2962 2825 3099 2888 quod
3133 2838 3317 2877 verum
3350 2830 3429 2875 est
3457 2835 3570 2873 om-

1998 2921 2154 2976 nibus
2185 2918 2575 2974 manifeStetur.
2623 2916 2971 2985 Significastis
3002 2915 3132 2969 mihi
3162 2915 3227 2967 ab
3256 2914 3357 2967 illis
3385 2922 3572 2965 conte.-

1998 3010 2280 3064 stationem
2314 3009 2489 3062 datam
2523 3051 2535 3072 ,
2568 3018 2623 3061 ut
2653 3024 2757 3062 non
2788 3006 2916 3061 mihi
2946 3006 3179 3059 hmretiei
3205 3005 3570 3071 iungerentur.

1998 3102 2142 3168 Quos
2172 3101 2355 3153 dicunt
2383 3099 2660 3153 hmreticos
2686 3113 2785 3164 ego
2812 3100 3018 3165 ignoro,
3053 3098 3150 3149 nisi
3181 3097 3299 3150 illos
3331 3095 3359 3149 fe
3385 3104 3463 3148 rte.
3484 3093 3571 3161 qui

1998 3191 2258 3261 synodum
2304 3189 2789 3244 Chalcedonensem
2824 3187 3116 3253 suscipiunt
3146 3229 3159 3252 ,
3192 3201 3323 3255 quos
3364 3200 3459 3252 ego
3487 3199 3570 3238 ca~

2002 3282 2229 3335 tholicos
2257 3282 2397 3336 dico.
2452 3280 2636 3333 Victor
2662 3279 2915 3332 diaconus
2943 3277 3138 3331 dicitur
3164 3293 3178 3330 :
3208 3274 3567 3345 quidamcum

2001 3375 2122 3435 isto,
2152 3384 2433 3435 antequam
2475 3385 2571 3424 nos
2607 3368 3119 3435 Constantinopolim
3152 3366 3572 3435 ingrederentur,

2001 3464 2297 3519 habuerunt
2344 3462 2691 3517 intentionem
2734 3460 2753 3531 (
2777 3459 3214 3529 contentionem)
3253 3459 3318 3513 de
3364 3474 3468 3511 uno
3511 3458 3577 3509 de

2000 3557 2259 3629 Trinitate
2285 3553 2539 3609 crucifixo
2566 3594 2580 3617 ,
2613 3563 2666 3607 et
2699 3553 2764 3607 de
2790 3553 3001 3606 Christo
3043 3552 3337 3617 composito
3364 3590 3377 3614 ,
3427 3558 3478 3603 et
3511 3549 3577 3601 de.

2001 3648 2119 3700 aliis
2148 3645 2390 3714 capitulis
2410 3644 2483 3712 (ὁ)
2509 3644 2662 3697 nobis
2684 3643 2769 3698 hic
2799 3643 2987 3711 positis
3018 3660 3029 3693 :
3063 3641 3366 3695 obtulerunt
3392 3650 3577 3693 centra

2004 3741 2178 3808 ipsum
2210 3739 2443 3793 libellum
2474 3745 2579 3790 tam
2611 3736 2766 3791 nobis
2805 3750 2961 3802 quam
2992 3734 3244 3804 episcopo
3280 3733 3576 3786 Constanti-

2004 3829 2334 3895 nopolitano.
2363 3827 2719 3882 Convenimus
2753 3826 2804 3880 in
2832 3826 3045 3879 domum
3073 3824 3329 3892 episcopi,
3354 3831 3411 3875 ut
3439 3824 3577 3875 inter

2003 3936 2096 3973 eos
2148 3920 2493 3973 intentionem
2523 3959 2539 3984 ,
2586 3932 2705 3987 quae
2753 3917 3060 3971 vertebatur
3087 3960 3100 3978 ,
3148 3929 3573 3982 agnosceremus.

2009 4012 2305 4067 Praidictus
2334 4010 2615 4079 episcopus
2650 4009 2908 4080 synodum
2937 4006 3427 4061 Chalcedonensem
3458 4021 3578 4073 pro-

2003 4106 2121 4159 tulit
2152 4123 2165 4158 :
2199 4104 2326 4174 legit
2355 4112 2477 4158 ante
2503 4116 2689 4156 omnes
2733 4101 2911 4156 omnia
2957 4114 3077 4169 quae
3122 4106 3245 4152 sunt
3293 4098 3344 4152 in
3390 4096 3577 4152 eodem

2001 4197 2229 4250 concilio
2256 4196 2578 4254 constituta,
2611 4193 2798 4247 dicens
2833 4208 2846 4245 :
2889 4192 3088 4245 Prmter
3134 4190 3231 4242 ista
3276 4188 3403 4242 nihil
3451 4185 3578 4241 mihi
3630 4176 3785 4243 si“

2001 4287 2146 4341 aliud
2186 4286 2413 4341 dicatur.
2444 4285 2544 4352 Qui
2571 4282 2813 4350 sequitur
2840 4282 2939 4335 ista
2978 4289 3156 4346 potest
3192 4280 3330 4339 inter
3356 4268 3579 4351 cathoiti

2003 4394 2096 4433 cos
2150 4392 2287 4431 esse.
2342 4375 2527 4430 Victor
2575 4372 2852 4439 respondit
2888 4370 3185 4436 :*8uscipio
3233 4358 3479 4439 similiter
3527 4375 3580 4420 et

2004 4470 2253 4534 epistolas
2271 4482 2420 4536 papae
2447 4467 2654 4529 Leonis,
2670 4474 2723 4517 et
2746 4463 2911 4518 s-tncti
2933 4460 3117 4530 Cyrilli
3147 4460 3395 4527 epistolis
3412 4474 3580 4528 syno-

2004 4560 2173 4624 dales,
2200 4574 2317 4626 quae
2352 4567 2475 4610 sunt
2500 4556 2553 4609 in
2579 4552 3005 4609 Chalcedonensi
3036 4550 3264 4607 concilio
3294 4548 3533 4615 allegatae
3563 4564 3575 4597 :

1928 4625 1983 4689 Β
2006 4662 2059 4708 et
2084 4666 2241 4705 manu
2272 4647 2579 4710 subscribo,
2614 4656 2667 4699 et
2704 4644 3053 4698 sacramentis
3080 4639 3336 4696 confirmo
3366 4639 3464 4692 ista
3494 4651 3580 4689 me

2006 4745 2277 4810 suscipere
2302 4783 2317 4806 ,
2346 4752 2397 4795 et
2424 4748 2615 4808 prater
2648 4739 2746 4792 ista
2775 4736 2905 4791 nihil
2934 4736 3075 4789 aliud
3114 4734 3399 4803 prmdicare
3432 4747 3446 4783 :
3480 4727 3579 4784 etsi

2007 4839 2259 4892 inventus
2289 4833 2440 4888 fuero
2467 4831 2751 4900 aliquando
2777 4839 2929 4885 extra
2962 4829 3058 4881 ista
3090 4824 3229 4880 aliud
3261 4822 3575 4890 praedicans,

2007 4928 2205 4983 nullam
2236 4926 2375 4979 circa
2408 4938 2492 4976 me
2520 4932 2642 4991 peto
2676 4918 3120 4974 misericordiam.
3152 4914 3364 4985 Scytha:
3392 4928 3423 4968 e
3451 4927 3579 4966 cou-

2008 5028 2087 5073 tra
2120 5018 2506 5071 inchoaverunt
2545 5012 2725 5068 dicere
2756 5029 2769 5064 :
2805 5011 3040 5065 Addatur
3065 5017 3120 5063 et
3150 5022 3283 5062 unus
3311 5006 3378 5060 de
3403 5005 3580 5059 Trini-

2010 5118 2136 5167 tate.
2168 5108 2273 5163 Nos
2294 5123 2324 5161 e
2344 5116 2524 5161 contra
2551 5106 2779 5160 diximus
2809 5120 2821 5154 :
2851 5100 3002 5168 Quod
3034 5116 3138 5155 non
3168 5108 3249 5154 est
3277 5098 3328 5151 in
3356 5106 3583 5167 quatuor

2009 5200 2251 5254 conciliis
2281 5199 2554 5253 definitum
2577 5237 2590 5259 ,
2626 5210 2723 5249 nec
2752 5195 2804 5247 in
2836 5192 3073 5260 epistolis
3103 5190 3239 5245 beati
3270 5205 3419 5259 papa:
3449 5188 3582 5242 Lco~

2009 5294 2112 5356 nis,
2144 5308 2240 5345 nos
2267 5306 2365 5346 nec
2394 5292 2570 5344 dicere
2602 5302 2881 5356 possumus
2908 5301 3003 5341 nec
3042 5286 3255 5340 addere.
3304 5282 3581 5351 Displicnit

2014 5384 2117 5437 hoc
2143 5383 2363 5437 dictum.
2394 5382 2572 5436 Victor
2599 5388 2773 5432 autem
2810 5387 2986 5433 utrum
3015 5380 3220 5432 sincero
3259 5376 3439 5429 animo
3468 5374 3582 5425 Ita-c

2012 5474 2216 5528 diceret
2246 5489 2312 5526 an
2350 5473 2532 5525 dolose
2560 5514 2574 5539 ,
2607 5471 2727 5538 quis
2758 5485 2916 5524 nosse
2945 5480 3115 5536 potest
3160 5468 3257 5522 nisi
3287 5466 3372 5533 qui
3418 5464 3578 5516 corda

2011 5564 2316 5633 cognoscit?
2341 5560 2513 5616 Verba
2540 5562 2636 5615 ista
2662 5576 2757 5614 nos
2783 5559 3105 5621 audivimus;
3136 5558 3223 5610 Dei
3245 5564 3323 5607 est
3342 5553 3578 5605 animum

2007 5655 2265 5725 judicare.
2304 5655 2490 5706 Postea
2520 5653 2631 5705 sine
2661 5652 2817 5704 nobis
2848 5649 3151 5717 magniﬁcus
3178 5648 3255 5697 vir
3285 5644 3579 5697 Vitalianus

2014 5751 2265 5817 magister
2287 5747 2511 5800 militum
2544 5746 2678 5799 inter
2706 5759 2764 5797 se
2795 5752 2847 5796 et
2872 5741 3174 5805 episcopum
3205 5736 3577 5789 Constantino-

2116 5859 2164 5930 b)
2206 5858 2344 5913 Edit.
2378 5858 2531 5912 Rom.
2553 5897 2567 5921 ,
2601 5856 2739 5909 nobis
2769 5854 2883 5906 hinc
2912 5849 3106 5923 positis.
