4262 6264
675 375 774 431 479

1990 370 2351 427 ΗΟΙὶΜΙὸῡιΕ
2391 369 2588 427 ΡΛΡᾸΕ

3835 365 3935 423 460

680 491 971 563 politauum
1001 498 1328 545 vocaverunt
1379 487 1685 566 praedictum
1727 486 1991 542 Victorem
2019 531 2034 557 ,
2082 488 2242 543 locuti
2270 491 2323 549 Α
2432 489 2734 566 Dioscorum
2758 502 2859 541 non
2889 486 3146 566 probasse.
3190 485 3260 540 Se
3297 485 3517 566 aliquem
3550 483 3617 538 ad
3649 483 3936 553 pontiﬁcem

680 590 953 637 suntcum
983 595 1048 635 eo
1082 598 1093 631 :
1125 578 1251 648 quid
1300 577 1607 633 deﬁnierint
1654 578 1793 633 inter
1825 594 1883 634 se
1908 618 1924 646 ,
1964 580 2251 634 nescimus.

682 674 872 730 Postea
906 688 1001 727 nec
1037 672 1213 725 Victor
1239 670 1307 725 ad
1336 685 1435 726 nos
1470 672 1638 738 venit,
1672 686 1773 727 nec
1798 683 1882 728 est
1905 686 2066 727 causa
2091 672 2250 728 dicta.

682 765 772 820 lsti
801 773 974 819 tamen
1005 762 1217 832 Scythae
1244 761 1398 830 (sciat
1424 762 1695 819 beatitudo
1718 766 1921 836 vestra)
1950 781 2138 821 omnes
2164 765 2257 836 qui

680 855 943 921 accipiunt
1011 853 1274 924 synodum
1338 854 1831 912 Chalcedonensem
1907 856 2256 913 Nestorianos

679 944 881 1012 dicunt,
911 943 1151 998 dicentes
1181 963 1193 999 :
1224 944 1337 1000 Non
1369 946 1565 1001 sufﬁcit
1586 947 1823 1017 synodus
1851 955 2038 1003 contra
2066 947 2259 1003 Nesto-

680 1036 858 1101 rium,
903 1044 955 1091 et
1002 1036 1079 1092 sic
1122 1036 1319 1093 debere
1368 1038 1631 1108 synodum
1661 1039 1935 1109 suscipere
1962 1055 2070 1111 quo
2095 1041 2257 1096 modo

679 1128 781 1196 ipsi
812 1128 1162 1197 exposuerint
1188 1146 1199 1180 :
1225 1128 1316 1198 qui
1344 1129 1587 1185 homines
1612 1130 1794 1199 quales
1824 1140 1971 1196 sunt,
1998 1140 2052 1187 et
2072 1131 2257 1202 quales

677 1217 1002 1274 intentiones
1032 1218 1258 1287 habent,
1300 1228 1355 1275 et
1389 1221 1514 1290 quid
1552 1221 1738 1276 volunt
1765 1221 1820 1276 in
1851 1222 1955 1277 fide
1995 1222 2257 1281 catholica

677 1310 1058 1379 introducere,
1107 1326 1230 1367 cum
1276 1311 1371 1366 Dei
1416 1311 1682 1382 adjutorio
1730 1313 2125 1370 manifestatum
2175 1323 2258 1371 est

676 1405 924 1460 omnibus
970 1405 1249 1461 catholicis
1284 1423 1297 1459 :
1329 1421 1428 1461 nec
1456 1405 1658 1474 indiget
1696 1422 1857 1462 causa
1904 1422 2025 1462 meo
2051 1407 2253 1474 labore,

675 1511 833 1565 quam
862 1512 957 1565 pro
981 1511 1077 1551 sua
1106 1497 1473 1553 misericordia
1500 1497 1642 1555 Deus
1688 1498 1938 1568 produxit
1962 1499 2028 1555 ad
2060 1500 2256 1556 lucem.

676 1589 789 1657 Ego
814 1589 955 1659 quod
984 1605 1014 1642 a
1054 1590 1299 1644 Patribus
1337 1589 1539 1657 didici,
1584 1591 1727 1661 quod
1757 1605 1973 1661 semper
2016 1593 2260 1648 Ecclesia

674 1695 705 1735 c
723 1682 933 1736 itholica
959 1682 1214 1750 servavit,
1238 1698 1345 1739 non
1374 1685 1529 1750 tacui,
1565 1700 1669 1739 non
1697 1686 1975 1742 abscondi.
2008 1686 2156 1742 Unus
2177 1698 2260 1744 est

675 1773 838 1848 Deus,
864 1773 932 1828 de
962 1789 1067 1843 quo
1091 1773 1299 1845 Moyses
1330 1776 1582 1845 loquitur,
1613 1777 1801 1833 dicens
1831 1796 1847 1831 :
1883 1779 2032 1844 Audi,
2066 1778 2253 1848 Israel,

2428 558 2798 613 declinaturum
2824 567 2878 611 ut
2904 558 3206 627 quastiones
3232 556 3482 610 terminet.

2426 672 2667 730 Justinus
2704 672 2977 741 Augustus
3006 669 3301 725 Hormisdae
3330 684 3501 741 papae.

2426 765 2640 832 Quanto
2669 764 2958 834 ﬂagramus
2984 763 3161 818 studio
3192 778 3286 833 pro
3311 760 3626 832 colligendis
3650 758 3938 816 concordia

2357 855 2733 913 sacratissimis
2761 855 3018 910 Ecclesiis
3039 894 3055 922 ,
3083 853 3392 924 jamdudum
3422 868 3520 908 nos
3548 853 3722 923 palam
3751 852 3940 908 fecisse

2355 950 2687 1022 dignoscitur
2715 968 2729 1003 :
2757 947 2850 1020 qui
2878 957 2929 1003 et
2959 949 3175 1003 ineunte
3203 957 3387 1003 nostro
3418 947 3642 1018 imperio
3683 945 3940 1001 sanctitu-

2356 1045 2539 1102 dinem
2577 1053 2808 1099 vestram
2844 1042 3233 1097 admonendam
3281 1041 3531 1096 duximus
3555 1082 3571 1107 ,
3617 1055 3723 1110 quo
3767 1047 3941 1093 certos

2356 1135 2630 1206 dirigeret,
2659 1142 2718 1189 ut
2743 1134 3049 1190 interventu
3079 1148 3266 1190 eorum
3296 1132 3591 1187 remedium
3619 1130 3832 1199 aliquod
3860 1129 3942 1183 his

2356 1225 2519 1283 rebus
2564 1224 2791 1281 inveniri
2843 1225 3030 1295 possit.
3078 1224 3147 1278 Et
3186 1231 3469 1289 antequam
3504 1221 3812 1277 advenerint
3852 1221 3944 1289 qui

2358 1316 2611 1373 destinati
2657 1323 2817 1383 sunt,
2848 1323 3038 1371 cuncta
3082 1313 3497 1384 praeparavimus
3525 1353 3539 1378 ,
3582 1327 3688 1382 quo
3736 1311 3942 1365 facilius

2359 1411 2782 1480 transigerentur
2820 1422 2939 1478 quae
2978 1422 3073 1476 per
3111 1405 3250 1461 hanc
3288 1405 3718 1461 ﬂorentissimam
3755 1401 3940 1457 urbem

2358 1500 2693 1570 disponenda
2725 1500 2953 1556 fuerant.
3008 1499 3201 1555 Verum
3231 1498 3483 1570 quoniam
3524 1510 3715 1568 preces
3756 1505 3940 1549 nostro

2360 1593 2562 1647 numini
2617 1600 2876 1662 porrecta:
2918 1602 3039 1646 sunt
3082 1605 3149 1646 ex
3191 1590 3417 1646 diversis
3463 1589 3587 1644 Eois
3632 1586 3940 1658 provinciis,

2360 1693 2504 1738 certa
2533 1682 2773 1753 quaedam
2805 1681 3191 1738 disserentibus
3217 1695 3315 1751 pro
3336 1678 3438 1735 llde
3465 1678 3747 1742 catholica,
3766 1690 3942 1731 secre-

2363 1785 2519 1844 taque
2565 1788 2673 1827 sua:
2718 1774 2910 1829 mentis
2953 1773 3387 1839 declarantibus,
3430 1787 3551 1841 qua:
3591 1770 3731 1842 apud
3760 1783 3818 1824 se
3846 1783 3941 1839 pro

675 1840 922 1919 minimis
951 1840 1093 1921 Deus
1120 1840 1252 1931 tuus,
1286 1840 1421 1921 Deus
1451 1840 1583 1921 unus
1611 1878 1683 1921 est
1732 1870 1913 1940 (Deut.
1944 1840 2055 1940 vi)';
2106 1882 2158 1927 et,
2204 1840 2255 1927 in
2288 1870 2335 1928 Β
2363 1840 2635 1918 individua
2666 1863 2929 1919 Trinitate
2957 1865 3241 1919 constituta
3277 1840 3571 1927 testantur,
3603 1840 3825 1932 quaeque
3854 1860 3943 1915 fir-

674 1958 780 2013 alio
810 1959 927 2013 loco
962 1959 1037 2013 ait
1065 1974 1080 2013 :
1115 1959 1363 2013 Dominus
1397 1959 1537 2014 solus
1562 1950 1769 2016 docebat
1797 1979 1901 2017 eos.
1935 1962 2105 2018 Unius
2129 1964 2256 2019 sub-

673 2049 885 2103 stantia:
909 2048 1179 2104 credimus
1203 2050 1541 2115 Trinitatem,
1565 2052 1833 2120 quomodo
1854 2053 2072 2123 prmdixi
2098 2068 2256 2109 unam

674 2139 961 2207 deitatem;
1003 2149 1113 2196 tres
1142 2154 1401 2210 personas
1422 2184 1436 2205 ,
1468 2142 1594 2212 quia
1632 2158 1733 2198 nec
1761 2144 1944 2213 plures
1970 2144 2100 2201 deos
2127 2145 2260 2201 dici-

674 2246 832 2298 mus,
863 2232 1145 2287 credentes
1176 2248 1339 2287 unum
1371 2232 1539 2288 Deum
1565 2248 1687 2289 esse
1708 2277 1723 2303 ,
1754 2234 1804 2287 id
1833 2245 1915 2290 est
1942 2235 2174 2301 Patrem,
2204 2245 2261 2293 et

675 2324 891 2391 Filium,
917 2332 972 2379 et
998 2323 1251 2394 Spiritum
1282 2336 1550 2391 sanctum,
1593 2340 1691 2380 nec
1730 2337 1834 2381 tres
1876 2343 2131 2397 personas
2160 2345 2255 2383 ne-

675 2432 884 2486 gamus,
908 2433 975 2473 ne
1001 2418 1217 2475 Sabellii
1245 2419 1434 2488 dogma
1460 2421 1735 2475 videamur
1761 2422 1930 2492 sequi.
1959 2421 2152 2477 Verum
2177 2432 2260 2478 est

676 2522 960 2578 personam
989 2508 1150 2575 Filii,
1193 2508 1246 2564 id
1277 2519 1360 2564 est
1391 2509 1548 2565 Verbi
1583 2511 1674 2566 Dei
1700 2552 1714 2576 ,
1746 2510 2255 2569 consubstantialem

677 2596 861 2663 Patri,
896 2608 951 2654 et
992 2598 1106 2668 ipsa
1149 2615 1275 2655 caro
1315 2600 1452 2656 facta
1481 2583 1613 2667 est‘;
1645 2601 1759 2671 ipsa
1787 2603 1839 2657 in
1882 2613 2033 2658 utero
2077 2603 2257 2658 Mariae

675 2689 934 2745 habitavit
962 2707 977 2756 ;
1002 2690 1113 2760 ipsa
1142 2700 1385 2745 naturam
1416 2691 1701 2747 humanam
1727 2696 1965 2764 suscepit
1992 2695 2109 2749 sine
2134 2709 2259 2763 pec-

674 2793 794 2838 cato
823 2800 837 2849 ;
871 2783 984 2853 ipse
1013 2784 1179 2839 Filius
1219 2784 1313 2840 Dei
1353 2785 1511 2840 homo
1545 2785 1714 2842 factus
1753 2797 1909 2842 natus
1936 2797 2022 2843 est
2053 2786 2121 2842 de
2151 2786 2257 2841 vir-

672 2876 795 2946 gine
822 2875 1018 2943 Maria;
1059 2884 1278 2948 propter
1311 2880 1451 2947 quod
1490 2892 1609 2933 eam
1641 2878 1733 2933 Dei
1774 2879 2088 2949 genitricem
2118 2878 2257 2934 dici-

672 2983 793 3023 mus
832 2976 887 3024 et
913 2969 1204 3039 credimus,
1236 2970 1359 3040 quia
1386 2970 1560 3026 unitas
1586 2971 1875 3026 divinitatis
1915 2981 1970 3027 et
2012 2971 2257 3026 humani-

672 3062 837 3129 tatis,
881 3078 1002 3134 qua:
1046 3063 1161 3119 fieri
1201 3075 1376 3135 erepta
1427 3073 1509 3120 est
1550 3079 1615 3120 es
1665 3080 1771 3134 quo
1809 3063 1991 3119 Mariae
2035 3063 2257 3135 angelus

672 3154 888 3212 Gabriel
918 3159 1255 3214 annuntiavit
1281 3160 1497 3216 dicens;
1526 3160 1646 3227 Ave,
1677 3158 1870 3229 Maria,
1896 3160 2060 3231 gratia
2078 3160 2251 3231 plena,

673 3248 901 3319 Spiritus
933 3260 1138 3304 sanctus
1169 3252 1481 3321 superveniet
1510 3251 1563 3304 in
1594 3260 1640 3304 te
1681 3250 1834 3322 (Luc.
1866 3251 1904 3323 ι)
1924 3293 1938 3317 ,
1977 3260 2117 3318 etc.,
2148 3267 2253 3306 non
2278 3245 2328 3310 C

673 3349 878 3394 tantum
909 3341 962 3395 in
995 3349 1146 3397 utero
1166 3356 1271 3396 non
1301 3350 1383 3397 est
1403 3342 1594 3406 divisa,
1618 3342 1714 3396 sed
1744 3357 1845 3397 nec
1869 3342 1920 3397 in
1952 3354 2125 3412 partu,
2154 3358 2254 3399 nec

674 3431 727 3487 in
757 3432 1119 3499 nutrimentis,
1145 3447 1244 3488 nec
1272 3433 1328 3487 in
1357 3434 1625 3503 passione,
1650 3449 1749 3489 nec
1780 3434 1831 3488 in
1862 3436 2129 3504 sepulcro,
2155 3451 2255 3491 nec

674 3525 726 3580 in
776 3524 1170 3581 resurrectione
1198 3564 1213 3591 ,
1257 3539 1355 3580 nec
1401 3524 1455 3579 in
1499 3525 1639 3581 ctelo
1686 3534 1933 3595 separata
1978 3534 2061 3580 est
2090 3544 2103 3580 :
2133 3527 2253 3597 quia

674 3631 809 3672 unus
841 3626 923 3672 est
951 3615 1120 3671 Filius
1150 3617 1243 3671 Dei
1282 3616 1537 3672 Dominus
1577 3627 1761 3673 noster
1800 3619 1955 3674 Jesus
1983 3617 2252 3685 Christus,

675 3725 781 3764 non
809 3708 864 3763 iu
895 3709 1142 3781 personis
1171 3709 1373 3766 divisus
1400 3749 1416 3777 ,
1464 3726 1568 3765 non
1610 3709 1663 3766 in
1710 3711 1914 3766 naturis
1951 3723 2250 3781 separatus,

674 3816 847 3871 neque
893 3800 946 3855 in
995 3801 1229 3871 potentia
1281 3801 1544 3858 diversus.
1601 3803 1745 3859 ldem
1793 3814 1876 3859 est
1923 3819 2155 3875 namque
2201 3815 2255 3861 et

674 3892 940 3948 sustinens
966 3894 1266 3963 passionem
1289 3935 1305 3961 ,
1334 3896 1456 3965 quia
1483 3910 1670 3952 omnes
1697 3895 1959 3962 homines,
1992 3905 2086 3951 aut
2118 3897 2253 3950 divi-

674 3982 807 4038 dens
828 3983 1275 4055 quemadmodum
1300 3985 1600 4056 Nestorius,
1631 3996 1722 4043 aut
1752 4004 1953 4059 negans
1983 3990 2253 4059 quomodo

674 4075 963 4146 Eutyches,
986 4086 1076 4131 aut
1098 4078 1271 4132 minus
1296 4077 1714 4135 incarnationem
1736 4083 1961 4137 credens
1985 4083 2253 4152 quomodo

674 4168 1039 4239 Apollinaris,
1084 4178 1175 4225 aut
1213 4171 1547 4240 phantasiam
1596 4173 1935 4231 introduceus
1981 4175 2253 4245 quomodo

674 4256 876 4323 Manes,
905 4274 934 4312 a
966 4259 1071 4315 tide
1098 4260 1359 4316 catholica
1390 4274 1513 4317 sunt
1540 4263 1723 4330 incisi;
1756 4264 2001 4322 homines
2021 4267 2251 4336 operarii

676 4347 968 4418 iniquitatis
989 4391 1002 4415 ,
1034 4364 1085 4406 et
1119 4353 1300 4409 hostes
1334 4354 1591 4409 doctrinae
1614 4357 1998 4424 aposmlorum.
2040 4358 2141 4413 Ista
2173 4359 2254 4415 di-

676 4441 802 4510 dici,
836 4444 931 4495 ista
960 4444 1137 4498 audivi
1166 4459 1194 4498 a
1225 4445 1516 4514 majoribus
1541 4449 1736 4503 nostris
1764 4459 1853 4503 :et
1869 4450 1912 4503 si
1936 4449 2074 4505 forte
2102 4459 2252 4505 extra

675 4534 776 4589 ista
807 4537 931 4606 quid
960 4535 1247 4593 debeamus
1277 4534 1426 4610 Sequi
1461 4542 1666 4611 ignoro,
1699 4552 1999 4612 exponcnte
2027 4546 2252 4599 beatitu-

2363 1955 2519 2009 miter
2542 1968 2662 2009 sese
2686 1960 2996 2022 recepturos
3017 1953 3317 2009 ostenditur
3349 1951 3682 2023 (ostendunt)
3710 1965 3725 2003 :
3756 1951 3942 2019 hisque

2363 2044 2578 2100 relectis
2603 2089 2617 2111 ,
2653 2044 2937 2100 Dioscorus
2966 2044 3142 2114 aliqua
3180 2044 3411 2100 asseruit
3450 2058 3556 2097 non
3598 2041 3943 2097 convenienti

2360 2139 2551 2193 ordine
2599 2137 2798 2192 inserta
2859 2136 3022 2192 fuisse
3062 2155 3074 2189 :
3112 2138 3304 2192 merito
3353 2134 3599 2190 duximus
3657 2131 3944 2203 aperienda

2361 2228 2514 2284 vobis
2536 2242 2597 2281 ea
2623 2242 2741 2296 qua:
2769 2242 2953 2282 sumus
2986 2226 3182 2281 edocti.
3226 2225 3340 2280 Non
3372 2225 3539 2279 multo
3564 2223 3739 2292 itaque
3769 2230 3889 2291 post
3914 2236 3944 2275 ει

2361 2319 2516 2373 nobis
2554 2318 2768 2389 quidam
2813 2316 3166 2372 destinabitur
3208 2315 3275 2370 ad
3320 2316 3602 2370 certiorem
3645 2311 3942 2368 faciendam

2358 2408 2740 2465 beatitudinem
2793 2418 2937 2461 tuam
2980 2421 3142 2476 super
3184 2405 3467 2469 omnibus,
3508 2412 3562 2457 et
3596 2400 3942 2457 insinuandas

2360 2498 2509 2553 vobis
2542 2497 2959 2567 supplicationes
2997 2509 3114 2565 qua:
3154 2494 3307 2549 nobis
3352 2492 3546 2548 oblatae
3580 2499 3737 2558 sunt,
3776 2499 3831 2544 et
3856 2502 3944 2544 re-

2358 2606 2614 2663 sponsum
2666 2590 2878 2659 pietatis
2922 2598 3114 2646 vestrae
3157 2587 3495 2645 referendum
3522 2629 3538 2654 ,
3587 2600 3692 2658 quo
3739 2584 3943 2654 possint

2359 2685 2591 2740 resecari
2622 2683 2834 2739 tandem
2865 2682 3576 2753 dubitationesincongruae.
3623 2679 3811 2736 Securi
3840 2679 3939 2749 igi-

2351 2784 2448 2832 tur
2476 2774 2542 2830 de
2570 2785 2757 2829 nostro
2783 2775 3012 2830 concilio
3036 2816 3054 2839 ,
3083 2774 3325 2830 sollicitis
3352 2774 3687 2829 orationibus
3731 2773 3942 2844 placare

2359 2866 2513 2921 nobis
2561 2865 2905 2920 Divinitatem
2942 2881 3207 2920 summam
3238 2865 3551 2936 dignemini.
3583 2867 3713 2921 Data
3740 2880 3825 2919 Juv
3854 2879 3942 2919 ca-

2357 2959 2544 3015 lendas
2577 2958 2882 3026 Februarii,
2918 2956 3409 3027 Constantinopoli,
3445 2958 3712 3014 Vitaliano
3743 2965 3798 3013 et
3836 2956 3941 3011 Ru-

2358 3051 2495 3108 stico
2522 3049 2830 3107 consulibus
2861 3050 3025 3119 (anno
3054 3048 3264 3103 Domini
3293 3047 3445 3117 520).
3564 3036 3567 3039 “

3005 3179 3302 3235 RELATIO

2583 3307 2793 3350 JOANNIS
2824 3307 3054 3347 EPISCOPI
3083 3303 3703 3347 οοΝςτΑιιτικοροιισι-Αμι.

2428 3413 2712 3470 [astantem
2740 3407 3006 3467 dominica?
3033 3399 3279 3476 passionis
3309 3402 3439 3463 diem
3468 3418 3602 3464 recte
3626 3405 3869 3463 celebrari

2856 3497 2947 3536 xm
2974 3481 3213 3535 calendas
3242 3480 3429 3535 Maias.

2428 3593 2651 3648 Domino
2682 3608 2777 3663 per
2814 3593 2994 3647 omnia
3036 3590 3253 3647 amabili
3298 3591 3409 3648 Deo
3434 3635 3448 3659 ,
3497 3592 3937 3662 sanctissimoque

2356 3684 2511 3740 fratri
2547 3684 3026 3740 comministratori
3069 3684 3394 3753 llormisdie,
3433 3684 3487 3740 in
3528 3685 3754 3741 Domino
3795 3683 3934 3739 salu-

2358 3783 2485 3830 tam.

2426 3862 2887 3929 Quemadmodum
2935 3878 3069 3932 puro
3114 3862 3276 3918 corde
3315 3871 3368 3919 et
3408 3862 3628 3918 caritate
3674 3862 3938 3932 Spirituali

2354 3953 2496 4023 apud
2542 3953 2899 4023 nosmetipsos
2928 3952 3189 4009 habemus
3225 3963 3311 4022 te,
3351 3954 3511 4010 frater
3544 3954 3853 4022 carissime,
3884 3965 3940 4011 et

2355 4045 2803 4118 quemadmodum
2843 4058 2894 4103 te
2932 4062 3029 4118 per
3067 4049 3244 4103 omnia
3275 4048 3520 4105 ducimus
3552 4049 3937 4118 venerandum,

2355 4153 2420 4194 ex
2460 4136 2712 4208 operibus
2751 4138 2833 4192 his
2871 4136 3199 4193 satisfactum
3236 4153 3355 4194 esse
3396 4148 3590 4195 vestra:
3624 4140 3939 4195 reverentia:
3976 4130 3977 4133 “

2350 4228 2674 4298 iudicamus,
2706 4227 2986 4283 dominicae
3003 4229 3357 4299 obsequentes
3376 4231 3493 4286 voci
3523 4232 3802 4287 manifeste
3830 4231 3940 4285 cla-

2355 4319 2522 4374 manti
2554 4338 2565 4371 :
2601 4319 2729 4384 Qum
2756 4319 2909 4372 vultis
2936 4329 2990 4373 ut
3012 4320 3204 4390 faciant
3226 4322 3364 4375 vobis
3392 4322 3619 4375 homines
3642 4338 3660 4376 :
3682 4324 3755 4375 sic
3780 4333 3827 4375 et
3855 4336 3941 4377 vos

2355 4412 2507 4481 facite
2529 4413 2600 4466 eis
2630 4410 2840 4482 (Matth.
2862 4413 2957 4483 vn)
2988 4452 3003 4479 ,
3035 4421 3089 4467 et
3116 4414 3465 4481 apostolicam
3500 4413 3795 4468 doctrinam
3825 4430 3941 4467 am-

2355 4502 2651 4572 plectentes
2676 4500 2988 4559 docentem:
3022 4501 3116 4555 Vos
3137 4504 3347 4558 invicem
3369 4504 3557 4556 honore
3583 4503 3941 4569 praecidentes

674 4628 799 4682 dine
828 4638 998 4683 vestra
1027 4645 1247 4687 necesse
1276 4642 1357 4686 est
1389 4593 1680 4703 nteusequi.
1730 4593 2023 4691 Maxentius
2053 4646 2249 4703 tamen,
2280 4622 2334 4686 Ῑ)
2358 4593 3569 4703 T§A°?f,'_'.‘.’_‘f?.,993'}???

675 4722 760 4789 qui
804 4721 905 4775 sub
948 4720 1154 4776 abbatis
1200 4723 1459 4778 vocabulo
1507 4724 1639 4779 dixit
1689 4739 1749 4780 se
1786 4728 2251 4797 congregationem

676 4811 874 4867 habere
899 4855 915 4887 ,
955 4815 1000 4869 si
1041 4815 1396 4885 interrogetur
1418 4857 1433 4883 ,
1474 4827 1566 4871 aut
1597 4834 1717 4873 cum
1755 4820 1947 4889 quibus
1977 4822 2252 4878 monachis

675 4902 842 4972 vixit,
882 4914 974 4959 aut
1003 4905 1053 4959 in
1102 4922 1209 4975 quo
1240 4907 1563 4962 monasterio
1588 4950 1604 4975 ,
1651 4918 1745 4963 aut
1772 4909 1871 4964 sub
1915 4925 2019 4981 quo
2062 4912 2254 4968 abbate

674 4994 968 5047 monachus
993 4996 1159 5051 factus
1185 5008 1286 5064 est,
1310 4998 1486 5055 dicere
1510 5014 1612 5053 non
1641 5010 1832 5069 potest.
1856 5001 2111 5058 Similiter
2138 5004 2252 5060 etsi

674 5078 740 5133 de
778 5081 986 5139 Achille
1014 5086 1194 5144 dicere
1221 5090 1439 5145 voluero
1462 5132 1476 5157 ,
1510 5106 1620 5145 rem
1648 5091 1789 5146 facio
1816 5107 2199 5162 supervacuam
2233 5113 2246 5150 :

673 5176 758 5228 cui
785 5176 981 5230 sutlicit
1007 5193 1216 5250 semper
1245 5182 1407 5238 latere
1433 5194 1648 5254 propter
1684 5187 2067 5242 conscientiam
2096 5204 2247 5246 suam

672 5266 740 5321 ab
764 5269 1012 5323 omnibus
1040 5272 1316 5327 catholicis
1351 5274 1679 5330 damnatam.
1717 5276 1845 5331 Data
1878 5277 2055 5333 idibus
2086 5281 2247 5337 Octo-

671 5359 782 5414 biis
810 5360 1095 5416 Eutharico
1123 5364 1346 5420 consule
1386 5367 1557 5437 (anno
1585 5369 1795 5424 Domini
1825 5371 1974 5441 5l9).
2015 5372 2249 5444 Accepta

671 5469 736 5508 xv
766 5455 1016 5511 calendas
1047 5455 1369 5526 Decembris,
1404 5458 1623 5516 Rustico
1652 5463 1765 5517 viro
1795 5464 2091 5521 clariss‘mo
2119 5482 2248 5522 con-

668 5547 783 5602 sulc
812 5548 974 5619 (anno
1002 5547 1210 5603 Domini
1243 5548 1395 5618 520).

1299 5660 1627 5717 EPISTULA

1126 5768 1326 5809 JUSTINI
1366 5770 1433 5808 AD
1472 5768 1791 5810 HORIISDAII.

668 5846 853 5908 Preces
887 5854 948 5907 de
975 5854 1076 5924 ﬁde
1112 5858 1411 5925 qurestiones
1446 5859 1756 5915 continentes
1790 5860 1886 5916 sibi
1916 5861 2138 5930 oblatas,
2165 5876 2250 5919 eas

2358 4682 2627 4737 vinculum
2671 4682 2954 4738 insolubile
2994 4683 3253 4753 spirituali
3301 4684 3523 4739 caritate
3549 4684 3614 4739 ad
3644 4683 3940 4739 unitionem

2360 4771 2806 4843 (adunationem)
2836 4781 3138 4829 sanctarum
3179 4773 3536 4829 Ecclesiarum
3580 4776 3941 4842 continentes,

2354 4876 2461 4931 quo
2488 4878 2585 4917 nec
2610 4862 2998 4918 contrariorum
3029 4864 3310 4933 spirituum
3345 4864 3563 4930 ictibus,
3596 4880 3694 4920 nec
3720 4865 3943 4920 ﬂuctua-

2356 4954 2589 5009 tionibus
2617 4956 2872 5009 malorum
2898 4955 3173 5025 principis,
3203 4954 3283 5010 vel
3315 4957 3554 5011 veritatis
3581 4956 3779 5010 inimici
3812 4956 3942 5010 titu-

2359 5045 2488 5101 bare
2513 5047 2796 5114 possimus,
2821 5046 3108 5102 auxiliante
3135 5047 3288 5103 nobis
3312 5058 3493 5103 sancta
3516 5055 3568 5102 et
3594 5048 3943 5102 consubstan-

2359 5137 2470 5192 tiali
2504 5137 2798 5203 Trinitate,
2843 5138 3225 5194 intercessione
3270 5139 3519 5208 gloriosae
3564 5148 3619 5193 et
3663 5154 3802 5194 verte
3845 5138 3944 5194 Dci

2357 5230 2633 5300 genitricis
2661 5231 2839 5285 Maria:
2874 5248 2884 5282 :
2922 5247 3015 5298 per
3043 5246 3161 5301 qua:
3193 5232 3459 5299 praecipue
3488 5230 3681 5297 nobis,
3725 5229 3945 5285 domine

2358 5329 2518 5389 atque
2564 5321 2942 5389 sanctissime,
2995 5319 3323 5375 immobilem
3368 5333 3677 5387 permanere
3724 5334 3945 5374 oramus

2358 5418 2660 5464 nostrarum
2686 5420 3087 5481 vestrarumque
3115 5419 3417 5464 sanctarum
3444 5408 3800 5465 Ecclesiarum
3833 5422 3944 5465 sta-

2356 5511 2503 5566 tum,
2553 5501 2897 5557 nihilominus
2949 5512 3004 5558 et
3050 5501 3459 5571 inseparabilem
3499 5501 3772 5559 custodire
3815 5505 3941 5561 ﬁdei

2354 5592 2649 5647 unitionem
2685 5614 2699 5649 :
2730 5602 2919 5663 potens
2956 5604 3041 5650 est
3082 5594 3223 5649 enim
3269 5593 3409 5649 Deus
3435 5594 3674 5650 victoriae
3704 5596 3937 5667 palmam

2352 5683 2691 5752 sperantibus
2712 5683 2765 5737 in
2786 5699 2908 5739 eum
2932 5686 3048 5741 sine
3069 5686 3360 5741 certamine
3378 5687 3705 5743 condonare.
3732 5688 3938 5743 Instan-

2353 5775 2423 5831 tis
2453 5786 2627 5833 autem
2663 5776 2943 5835 dominica:
2971 5780 3232 5851 passionis
3270 5796 3586 5850 numerum,
3618 5780 3710 5849 qui
3744 5778 3935 5835 vestris

2354 5871 2656 5929 continetur
2678 5870 2887 5942 litteris,
2911 5889 2975 5929 ex
3006 5872 3257 5945 repositis
3285 5873 3421 5946 apud
3453 5888 3549 5930 nos
3574 5872 3677 5937 diei
3706 5869 3934 5942 pascha-
