4248 6260
283 395 397 456 481

1508 376 1861 437 EPISTOL/E
1902 375 1990 430 ET
2031 373 2366 429 DECIlETA.

3463 373 3566 430 482

285 514 359 569 lis
406 508 690 565 annalibus
735 509 882 560 recte
929 501 1128 557 habere
1173 497 1534 568 significamus
1564 495 1582 514 '
1633 496 1720 566 (et
1757 499 1880 544 ante
1907 492 1959 553 Α
1987 487 2211 551 fuerint,
2248 494 2390 539 tanta
2442 482 2571 538 falsa
2604 497 2699 553 per
2751 493 2984 538 nostram
3033 483 3326 539 absentiam
3376 481 3564 539 dicturi

285 602 506 674 quidem
535 596 821 666 scientes),
857 605 910 650 et
939 608 1081 649 nunc
1118 591 1482 660 scrupulosius
1517 587 1874 656 requirentes,

285 695 412 748 sine
443 690 775 746 dubitatione
822 686 1003 741 mundi
1054 683 1394 738 festivitatem
1444 680 1738 735 incolumes
1778 691 1877 732 nos

284 785 567 841 celebrare
595 795 686 835 xm
716 779 1058 835 calendarum
1088 775 1342 830 Maiarum
1365 774 1453 828 die
1482 781 1726 842 optamus
1751 788 1763 823 :
1788 768 1878 840 qui

284 887 374 934 est
405 875 618 946 proprie
648 886 820 927 nonus
839 870 1077 926 decimus
1097 867 1212 922 dies
1239 867 1400 921 futuri
1433 864 1632 921 mensis
1653 863 1875 934 Aprilis.

284 972 454 1025 Orate
505 967 666 1036 igitur
693 1005 707 1028 ,
748 971 803 1016 et
848 963 988 1016 circa
1035 970 1272 1014 nostram
1321 959 1634 1014 memoriam
1676 955 1876 1010 nullam

285 1060 619 1116 oblivionem
645 1065 822 1111 vester
839 1054 1068 1117 animus,
1091 1050 1445 1115 sanctissime,
1468 1048 1666 1104 habere
1686 1048 1875 1116 digne-

287 1165 398 1207 tur.
431 1151 655 1204 Omnem
677 1161 795 1218 quaa
825 1161 944 1200 cum
973 1153 1148 1199 vestra
1175 1152 1258 1198 est
1283 1143 1563 1199 sanctitate
1587 1142 1638 1194 in
1663 1139 1878 1194 Christo

287 1244 682 1300 fraternitatem
705 1254 806 1310 ego
827 1252 1036 1307 quoque
1056 1246 1110 1293 et
1127 1237 1229 1291 mei
1254 1237 1537 1306 plurimum
1560 1233 1872 1288 salutamus.

288 1339 410 1391 Atia
466 1351 619 1389 manu
655 1348 673 1386 :
703 1331 990 1387 Incolumis
1047 1331 1099 1384 in
1149 1330 1370 1383 Domino
1417 1341 1509 1380 ora
1559 1339 1655 1396 pro
1699 1325 1875 1389 nobis,

289 1431 542 1484 amabilis
567 1427 656 1482 Dei
683 1434 736 1480 et
763 1425 1100 1480 sanctissime
1129 1423 1308 1477 frater.
1344 1421 1473 1474 Data
1495 1417 1874 1474 Constantino-

290 1524 449 1594 poli,
481 1537 566 1576 ιιι·
608 1519 857 1576 calendas
897 1519 1208 1582 Februarii,
1259 1516 1527 1570 Vitaliano
1570 1524 1626 1571 et
1656 1514 1876 1569 Ilustico

291 1630 383 1670 vv.
419 1629 496 1669 cc.
531 1613 836 1674 consulibus
869 1612 1030 1683 (anno
1064 1610 1268 1664 Domini
1300 1608 1447 1679 520).

896 1701 1274 1759 SUCCESTIO

295 1813 526 1858 GERMANI
555 1812 807 1865 EPISCOPI,
844 1810 1043 1850 FELICIS
1065 1811 1131 1848 ΕΤ
1164 1809 1397 1850 DIOSCORI
1424 1805 1775 1856 DIACONORUM,
1805 1803 1872 1843 ΕΤ

813 1903 996 1942 BLANDI
1035 1901 1364 1941 PRESBYTER].

297 1984 611 2040 Dorotheum
643 1980 946 2034 Heracleam
987 1980 1142 2048 fuisse
1172 1981 1484 2047 perductum,
1537 1975 1877 2048 necimpera-

368 2067 527 2109 torem
566 2053 844 2122 permisisse
888 2060 941 2103 ut
977 2046 1189 2122 Romam
1219 2052 1485 2122 duceretur
1513 2062 1529 2099 :
1561 2046 1677 2122 inde
1706 2053 1876 2122 autem

368 2146 400 2178 a
429 2114 608 2195 quibus
639 2125 786 2195 fuer_it
830 2121 1066 2195 dimissus
1112 2121 1357 2195 ignorari.
1411 2119 1486 2170 De
1528 2114 1756 2195 paschali
1794 2116 1878 2169 die

377 2188 686 2248 Orientatem
716 2193 997 2246 Ecclesiam
1041 2188 1156 2243 cum
1185 2190 1418 2243 Romana
1448 2188 1730 2241 convenire.

373 2286 682 2341 Reverentia
731 2285 890 2337 vestri
942 2282 1266 2351 apostolatus
1319 2279 1546 2350 alloquia
1597 2292 1693 2348 per
1740 2277 1877 2331 filios

295 2391 506 2437 vestros
524 2381 754 2435 Leonem
777 2387 934 2448 atque
953 2378 1227 2448 Eulogium
1249 2375 1588 2432 desiderabili
1612 2374 1877 2428 hilaritate

295 2476 668 2543 suscepimus;
735 2487 957 2542 quorum
1007 2472 1152 2542 prius
1201 2481 1566 2542 praeceptum,
1615 2485 1710 2525 cur
1757 2483 1876 2539 quae

295 2565 695 2622 Thessalonica
726 2564 1063 2633 contigerunt
1103 2577 1208 2617 non
1241 2563 1649 2627 insinuavimus,
1679 2575 1872 2630 argue-

295 2661 404 2715 bat.
450 2658 556 2714 Sed
587 2658 743 2726 longe
770 2665 890 2710 ante
918 2657 1035 2725 ejus
1065 2657 1348 2710 adventum
1367 2697 1381 2722 ,
1423 2655 1700 2711 occasione
1730 2669 1878 2708 com-

295 2759 500 2819 parata,
535 2748 836 2802 curavimus
865 2745 1164 2816 significare
1193 2760 1522 2816 quaecunque
1549 2745 1633 2799 vel
1662 2757 1876 2798 rumore

297 2840 644 2908 venientium,
674 2837 756 2892 vel
787 2852 971 2892 eorum
1000 2838 1089 2907 qui
1121 2836 1449 2905 pertulerant
1482 2835 1713 2902 scriptis,
1744 2849 1878 2903 quo-

296 2950 411 2989 rum
441 2933 688 3001 exempla
727 2931 910 2985 subter
937 2929 1273 2999 adjunximus
1300 2970 1314 2992 ,
1355 2929 1436 2984 vel
1466 2929 1687 2999 piissimi
1727 2929 1876 2996 prin-

297 3026 429 3093 cipis
479 3021 786 3077 narratione
836 3022 1213 3091 comperimus.
1265 3021 1454 3075 Secuta
1499 3032 1581 3075 est
1627 3019 1875 3074 vindicta:

300 3117 584 3188 promissio
616 3135 628 3168 :
658 3115 794 3169 adeo
826 3125 882 3169 ut
913 3115 1212 3169 Dorotheus
1243 3113 1734 3168 Thessalonicensis
1762 3112 1876 3181 epi-

297 3223 491 3276 sc0pus
521 3206 586 3260 ad
626 3204 936 3260 Heracleam
972 3205 1327 3260 deduceretur
1363 3205 1663 3266 civitatem,
1702 3204 1875 3257 donec

298 3313 455 3353 causa
489 3296 774 3351 terminum
803 3296 1084 3365 reperiret.
1130 3295 1272 3350 Inter
1305 3297 1417 3349 haec
1441 3338 1454 3361 ,
1487 3294 1776 3350 secundum
1811 3309 1872 3347 ea

298 3405 416 3460 quae
470 3385 844 3458 praecepistis,
904 3387 1272 3442 auctoritatem
1330 3386 1656 3455 apostolatus
1715 3385 1876 3442 vestri

299 3482 525 3553 principi
571 3480 841 3535 insinuare
893 3481 1216 3546 curavimus,
1265 3488 1321 3533 ut
1366 3478 1432 3532 ad
1483 3479 1878 3549 percipiendam

297 3572 598 3627 doctrinam
629 3570 903 3625 catholica:
944 3571 1188 3639 puritatis
1229 3571 1449 3624 Romam
1488 3571 1738 3640 przefatus
1769 3572 1878 3626 Do-

299 3664 529 3718 rotheus
567 3677 666 3714 una
697 3676 817 3714 cum
850 3660 1082 3715 Aristide
1110 3661 1430 3716 mitteretur.
1477 3663 1574 3726 Qui
1606 3663 1882 3732 reSpondit

302 3771 529 3812 causam
562 3771 661 3809 non
711 3770 830 3809 esse
872 3769 969 3823 pro
998 3769 1098 3823 qua
1127 3754 1349 3807 Romam
1380 3753 1755 3823 delegarentur
1782 3770 1879 3808 au-

303 3847 512 3914 diendi,
538 3846 625 3899 ubi
655 3845 770 3900 sine
796 3854 1162 3900 accusatorum
1192 3844 1554 3899 controversia
1579 3859 1636 3898 se
1665 3855 1885 3914 possent

301 3941 522 3995 liberius
551 3953 828 3993 excusare.
881 3938 986 3994 Sed
1020 3949 1272 4007 repente,
1303 3937 1426 3992 dum
1460 3938 1574 3992 hzec
1602 3949 1880 4006 geruntur,

303 4033 369 4085 ab
397 4030 724 4086 lleracliensi
746 4070 760 4093 ,
791 4039 1044 4099 quantum
1075 4029 1406 4099 agnovimus,
1442 4030 1496 4082 in
1526 4044 1629 4099 qua
1659 4029 1881 4083 teneba-

305 4135 407 4189 tur,
439 4125 701 4179 dimissus
727 4131 810 4178 est
835 4123 1047 4177 civitate
1077 4140 1089 4176 :
1119 4139 1276 4193 quam
1308 4124 1376 4177 ob
1406 4137 1638 4189 causam,
1673 4125 1753 4179 vel
1784 4138 1885 4193 qua

303 4219 540 4286 ratione,
576 4225 669 4270 aut
697 4216 1034 4280 conditione,
1087 4216 1171 4270 vel
1198 4217 1389 4286 quibus
1416 4217 1695 4286 agentibus
1729 4218 1886 4287 igno-

305 4324 502 4363 ramus.
556 4308 633 4362 De
663 4307 899 4378 paschali
927 4308 1017 4362 die
1056 4316 1229 4362 vestra
1281 4308 1552 4362 beatitudo
1598 4318 1887 4378 cognoscat

302 4399 634 4456 concordare
660 4399 1008 4452 Orientalium
1038 4414 1159 4453 cum
1196 4399 1484 4469 apostolica
1513 4401 1642 4455 sede
1671 4410 1887 4455 senten-

306 4492 452 4557 tiam,
480 4500 538 4544 ut
567 4505 658 4543 xm
690 4489 1029 4544 calendarum
1061 4490 1316 4545 Maiarum
1344 4491 1432 4546 die
1455 4491 1718 4546 festivitas
1745 4497 1887 4547 cete-

304 4583 503 4638 branda
534 4589 783 4651 speretur
806 4622 820 4646 ,
850 4581 989 4636 sicut
1018 4581 1238 4637 Joannis
1266 4598 1477 4652 quoque
1507 4584 1887 4639 Constantino-

305 4677 523 4746 politaui
549 4676 806 4730 antistitis
833 4676 1091 4731 relatione
1119 4676 1363 4732 clarebit.
1399 4678 1654 4746 Superest
1679 4687 1734 4732 ut
1762 4693 1886 4732 ora-

307 4774 463 4828 tionis
493 4771 839 4827 beatitudinis
870 4781 1060 4826 vestra:
1091 4771 1415 4827 adminiculo
1441 4773 1710 4838 celeriter,
1748 4774 1890 4828 sicut

303 4867 570 4936 cupimus,
606 4865 796 4920 vestris
823 4880 1127 4920 mereamur
1153 4866 1463 4936 prmsentari
1491 4867 1742 4936 vestigiis.

923 4957 1281 5014 INDICULUS

304 5065 386 5112 QUI
427 5062 689 5103 DIRECTUS
717 5062 813 5102 EST
845 5066 874 5104 Α
906 5065 1123 5116 ΙΟΑΝΝΕ,
1157 5065 1421 5117 EPISCOPO,
1452 5066 1551 5104 νει,
1584 5067 1646 5104 ΑΒ
1677 5065 1890 5103 EPIPIIA-

617 5135 707 5174 NIO
727 5136 1064 5174 PBESBYTERO
1087 5138 1152 5175 DE
1178 5137 1584 5176 THESSALONICA.

559 5210 1085 5266 Tltessalonicensium
1114 5214 1329 5266 crimina
1358 5223 1652 5267 narrantur.

378 5302 433 5358 Si
485 5317 584 5372 pro
632 5303 864 5371 peccatis
893 5303 1089 5357 nostris
1127 5303 1212 5357 isti
1243 5300 1333 5372 qui
1364 5302 1486 5358 hinc
1516 5302 1726 5357 adducti
1770 5309 1896 5357 sunt

306 5394 543 5462 episcopi
587 5393 1104 5462 Constantinopolim
1137 5393 1330 5448 fuerint
1369 5394 1616 5463 ingressi,
1673 5409 1776 5448 non
1810 5393 1894 5448 di-

307 5498 492 5536 camus
516 5483 658 5552 quod
685 5484 1064 5554 imperatorem
1085 5485 1248 5537 visuri
1278 5493 1402 5537 sunt
1424 5483 1596 5540 modis
1620 5485 1892 5549 omnibus,

309 5578 402 5633 sed
433 5577 579 5648 quod
618 5585 673 5633 et
703 5580 816 5635 suis
847 5579 979 5635 locis
1009 5581 1372 5636 restituentur.
1407 5582 1604 5637 'I‘antas
1631 5584 1768 5637 enim
1803 5598 1895 5652 pe-

304 5673 495 5725 cunias
523 5686 708 5727 secum
740 5673 1074 5743 detulerunt,
1120 5683 1177 5729 ut
1206 5689 1309 5729 non
1346 5677 1588 5731 homines
1608 5720 1622 5744 ,
1651 5677 1742 5731 sed
1776 5691 1898 5746 pos-

308 5763 418 5820 sint
444 5766 670 5835 angelos
714 5781 1004 5822 excmcare.
1037 5768 1092 5823 Si
1121 5783 1246 5839 ergo
1284 5769 1447 5838 (quod
1479 5770 1638 5839 absit)
1671 5770 1893 5840 ingressi

1983 593 2125 649 sunt,
2158 591 2350 652 quanta
2384 588 2558 649 potest
2587 579 2829 634 diabolus
2857 579 3122 633 invenire.
3155 579 3287 632 Nam
3318 577 3362 632 si
3392 578 3476 632 hic
3513 580 3565 633 in

1982 683 2271 742 conspectu
2305 681 2489 725 nostro
2520 671 2670 739 plura
2703 678 3077 736 tentaverunt,
3119 677 3174 723 et
3203 669 3422 723 domino
3473 686 3566 723 ιιι).

1979 765 2186 819 hiscum
2229 773 2403 819 stante
2445 761 2652 816 confusi
2695 769 2850 827 sunt,
2880 768 3076 830 quanta
3117 760 3309 814 facient
3341 775 3434 828 per
3473 762 3564 814 ali-

1980 857 2208 911 sentiam
2242 854 2446 908 nostri?
2480 853 2544 908 Ut
2572 867 2700 922 ergo
2741 868 2926 908 eorum
2967 853 3135 922 possit
3172 852 3414 920 dissipari
3448 869 3562 907 ma-

1978 947 2217 1015 lignitas,
2243 945 2426 1015 jubete
2456 945 2608 998 nobis
2649 944 3026 1012 praesentibus,
3059 944 3104 997 si
3142 943 3205 997 ad
3236 944 3562 999 audientiam

1978 1053 2076 1108 pro
2108 1037 2339 1106 peccatis
2369 1044 2585 1090 ventum
2609 1036 2796 1099 fuerit,
2829 1044 2887 1088 ut
2917 1042 3124 1088 constet
3154 1035 3290 1103 apud
3321 1035 3564 1090 homines

1979 1146 2076 1185 nos
2108 1131 2375 1185 immerito
2405 1138 2647 1184 mortuos
2677 1143 2818 1192 esse,
2849 1136 2902 1182 et
2925 1127 3044 1182 illos
3076 1127 3368 1196 patrocinio
3397 1142 3560 1197 pecu-

1980 1231 2082 1282 nia:
2111 1227 2375 1281 laborare.
2406 1225 2511 1279 Nos
2541 1225 2682 1279 enini
2712 1236 2805 1278 eos
2835 1223 2885 1276 in
2917 1221 3164 1276 omnibus
3193 1223 3244 1276 in
3274 1231 3562 1291 conspectu

1979 1328 2197 1374 senatus
2227 1319 2547 1372 convincere
2579 1330 2881 1385 possumus,
2915 1313 3056 1384 quod
3087 1313 3319 1368 haeretici
3344 1315 3562 1382 perfecti

1979 1421 2104 1467 sunt
2134 1428 2149 1475 ;
2181 1422 2304 1465 tunc
2335 1411 2551 1466 demum
2589 1425 2773 1464 eorum
2809 1419 2986 1478 potest
3013 1409 3300 1464 monstrari
3331 1408 3561 1464 fallacia.

1978 1502 2108 1557 Item
2160 1501 2445 1556 dicendum
2502 1517 2516 1554 :
2564 1500 2619 1555 Si
2671 1500 2908 1554 harretici
2960 1514 3064 1554 non
3109 1509 3259 1566 sunt,
3293 1500 3564 1569 quomodo

1977 1603 2102 1649 ante
2131 1593 2265 1648 duas
2319 1592 2682 1649 hebdomadas
2728 1608 2885 1663 quam
2931 1607 3030 1646 nos
3077 1592 3411 1646 venissemus
3450 1603 3563 1646 sta-

1979 1696 2194 1740 tuerunt
2223 1699 2410 1740 omnes
2440 1685 2496 1738 in
2533 1699 2696 1738 unum
2750 1684 2984 1754 episcopi
3023 1698 3092 1738 ne
3121 1685 3240 1754 quis
3265 1685 3454 1738 missas
3484 1684 3564 1739 fo-

1979 1792 2066 1833 ras
2091 1779 2360 1833 civitatem
2399 1785 2630 1832 teneret.
2666 1776 2770 1832 Sed
2806 1777 2930 1830 hinc
2961 1791 3147 1830 omnes
3167 1817 3182 1840 ,
3217 1785 3272 1829 ut
3301 1785 3354 1830 et
3383 1776 3565 1830 multi-

1907 1872 1954 1932 B
1983 1870 2112 1926 tudo
2157 1879 2300 1925 esset
2343 1868 2534 1922 futura:
2582 1867 2831 1922 seditioni
2881 1875 3197 1936 congregata
3224 1905 3240 1932 ,
3292 1874 3347 1920 et
3384 1865 3564 1920 doceri

1982 1962 2149 2034 possit
2176 1961 2469 2015 secundum
2508 1974 2724 2014 errores
2745 1973 2952 2012 eorum.
2983 1956 3082 2023 Qui
3117 1965 3396 2026 postquam
3438 1970 3565 2009 sen-

1980 2064 2164 2110 serunt
2206 2067 2305 2107 nos
2337 2051 2552 2107 venisse
2583 2051 3020 2121 publicaverunt,
3051 2046 3407 2102 festinandum
3448 2060 3567 2101 esse

1979 2162 2100 2202 cum
2135 2145 2406 2215 parvulis,
2442 2160 2508 2198 ne
2539 2142 2913 2213 persecutione
2946 2141 3194 2195 veniente
3237 2138 3424 2209 pagani
3454 2153 3567 2192 mo-

1980 2249 2228 2295 rerentur
2266 2239 2496 2292 infantes
2526 2252 2541 2290 :
2577 2246 2629 2290 et
2672 2244 2796 2290 tunc
2835 2235 2980 2289 velut
3010 2233 3076 2288 ad
3105 2233 3330 2288 alterum
3363 2230 3566 2285 Pascha

1982 2342 2158 2388 tantos
2187 2331 2622 2401 haptizaverunt,
2659 2337 2716 2382 ut
2755 2338 3064 2382 consuetam
3095 2325 3438 2380 festivitatem
3476 2337 3565 2377 su-

1980 2433 2249 2494 perarent.
2279 2424 2408 2478 Item
2433 2421 2716 2477 dicendum
2743 2438 2756 2474 :
2781 2421 2836 2476 Si
2868 2420 3105 2475 haeretici
3128 2434 3235 2474 non
3266 2428 3412 2484 sunt,
3435 2433 3566 2488 quo-

1979 2518 2142 2574 modo
2200 2525 2345 2572 tanta
2397 2522 2734 2571 sacramenta
2788 2514 3176 2578 confecerunt,
3230 2521 3285 2566 ut
3336 2511 3566 2566 canistra

1980 2613 2135 2681 plena
2164 2611 2414 2667 omnibus
2444 2617 2760 2681 erogarent,
2791 2624 2860 2663 ne
2890 2609 3199 2662 imminente
3232 2605 3392 2677 (sicut
3418 2604 3567 2660 dice-

1979 2704 2142 2773 bant)
2174 2701 2550 2773 persecutione
2579 2699 2978 2755 communicare
3017 2712 3120 2751 non
3151 2695 3405 2766 possent?
3438 2696 3565 2750 Item

1978 2797 2023 2851 si
2053 2795 2289 2850 haeretici
2317 2809 2422 2848 non
2454 2803 2598 2856 sunt,
2633 2800 2818 2861 postea
2847 2804 3011 2858 quare
3039 2789 3271 2842 accusati
3299 2795 3422 2842 sunt
3443 2801 3564 2856 ges-

1982 2887 2047 2941 tis
2073 2901 2102 2939 a
2130 2885 2390 2952 Candido,
2419 2885 2533 2938 viro
2559 2882 2795 2947 sublimi,
2828 2879 3027 2934 vicario
3059 2879 3294 2948 magistri
3339 2879 3566 2932 militum

1979 2975 2423 3044 praetorianorum
2455 2973 2507 3027 in
2537 2971 2741 3042 judicio
2773 2968 3186 3040 praafectorum?
3219 2968 3283 3020 Et
3312 2968 3356 3021 si
3389 2977 3550 3020 matu-

1979 3078 2097 3117 rum
2129 3063 2423 3132 periculum
2460 3068 2787 3131 cognoscent
2814 3057 3142 3121 adfuturum,
3175 3070 3340 3124 quare
3359 3055 3558 3124 denuo,

1982 3162 2232 3221 tanquam
2261 3149 2576 3216 damnandi,
2608 3148 2773 3204 velint
2798 3146 3081 3202 subvenire
3112 3145 3302 3199 iterum
3333 3145 3566 3214 parvulis

1901 3249 1948 3314 (ι
1980 3243 2290 3310 cupientes;
2343 3249 2486 3295 tanta
2529 3255 2741 3294 rursum
2801 3247 2855 3294 et
2906 3236 3160 3293 confutati
3209 3245 3566 3305 exercuerunt

1985 3334 2308 3402 baptismata
2334 3370 2349 3393 ,
2398 3339 2457 3384 ut
2483 3344 2610 3384 vere
2651 3328 2856 3384 cunctis
2904 3341 2963 3380 se
2992 3326 3272 3380 lmreticos
3304 3326 3568 3380 ostendis-

1982 3432 2102 3478 sent
2136 3439 2148 3474 :
2182 3421 2248 3476 ad
2279 3435 2436 3492 quam
2471 3436 2584 3475 rem
2620 3419 2750 3473 satis
2785 3427 2837 3472 et
2865 3416 3141 3486 magnifica
3171 3424 3406 3485 potestas
3436 3431 3567 3485 prte-

1982 3514 2247 3568 fectorum
2278 3512 2591 3583 gravissime
2630 3509 2902 3579 indignata
2941 3518 3044 3562 est.
3090 3507 3217 3561 Item
3249 3508 3294 3561 si
3334 3508 3568 3562 hmretici

1983 3620 2089 3659 non
2117 3613 2261 3670 sunt,
2289 3603 2556 3672 quomodo
2591 3615 2710 3656 cum
2739 3600 2788 3653 in
2818 3597 3131 3666 baptisterio
3153 3597 3450 3652 absconditi
3480 3613 3569 3652 es-

1982 3709 2186 3760 semus,
2214 3692 2496 3747 consilium
2537 3692 2676 3746 inter
2719 3704 2777 3744 se
2809 3688 3046 3743 habitum
3076 3701 3172 3756 per
3198 3694 3427 3751 noctem,
3460 3688 3570 3740 vel-

1985 3786 2060 3839 uti
2090 3785 2156 3839 de
2201 3783 2440 3852 periculo
2468 3781 2695 3836 liberare
2713 3795 2810 3834 nos
2833 3779 3095 3842 volentes,
3125 3777 3178 3830 in
3210 3777 3329 3830 navi
3363 3778 3572 3832 mittere

1985 3874 2299 3936 voluerunt,
2335 3879 2392 3925 ut
2427 3871 2524 3924 hac
2553 3870 2838 3924 occasione
2881 3869 3013 3921 mari
3047 3867 3348 3937 przecipites
3379 3866 3569 3920 daren-

1989 3964 2109 4018 tur?
2134 3963 2375 4031 Cumque
2397 3976 2495 4016 nos
2525 3957 2989 4029 respondissemus
3020 3971 3116 4026 per
3156 3957 3482 4010 Demetrium
3520 3964 3574 4011 et

1988 4053 2254 4107 Andream
2303 4050 2559 4105 diaconos
2603 4066 2615 4102 :
2666 4047 2863 4103 Omnes
2906 4061 3003 4101 nos
3051 4047 3186 4116 apud
3219 4061 3315 4100 vos
3339 4061 3456 4101 esse
3485 4061 3574 4100 co-

1990 4150 2290 4213 gnoscnnt;
2323 4138 2591 4211 quomodo
2618 4153 2712 4207 per
2743 4146 2951 4192 noctem
2982 4137 3234 4206 navigare
3260 4151 3572 4205 possumus;

1995 4233 2090 4289 sed
2123 4234 2167 4289 si
2200 4246 2295 4286 vos
2324 4245 2449 4284 vere
2496 4242 2592 4298 pro
2636 4238 2819 4282 nostra
2851 4226 3021 4281 salute
3054 4226 3426 4291 consuluistis,
3457 4241 3575 4280 cra-

1992 4323 2132 4377 stina
2157 4322 2242 4375 die
2269 4327 2479 4374 secrete
2506 4317 2739 4386 quinque
2762 4316 2845 4370 vel
2877 4330 2968 4368 ses
2995 4324 3291 4380 senatores,
3321 4316 3406 4384 qui
3439 4316 3576 4385 peri-

1992 4412 2168 4466 culum
2200 4407 2514 4463 substantia:
2543 4407 2629 4460 vel
2659 4405 2844 4458 salutis
2876 4419 2987 4457 sua:
3017 4412 3290 4467 metuunt,
3323 4417 3426 4456 una
3455 4420 3576 4458 cum

1994 4501 2258 4572 magistris
2289 4497 2515 4552 militum
2554 4504 2607 4549 et
2645 4494 2845 4548 vicario
2888 4491 3130 4546 Candido
3159 4493 3356 4547 comite
3397 4493 3577 4560 jubete

1993 4591 2290 4650 advocare;
2324 4590 2724 4652 cognoscantet
2755 4581 2851 4651 ipsi
2876 4579 2961 4634 tibi
2991 4578 3383 4642 transferimur,
3415 4587 3466 4632 et
3495 4581 3578 4633 fa-

1993 4682 2162 4736 cimus
2193 4675 2334 4748 quod
2375 4673 2608 4741 jubent;
2670 4672 2750 4726 sin
2799 4680 2975 4724 autem
3023 4670 3124 4722 soli
3161 4669 3443 4734 secretim,
3479 4669 3578 4724 hoc

1996 4786 2100 4824 non
2139 4767 2396 4827 facimus;
2431 4773 2556 4817 tunc
2586 4763 2659 4816 illi
2706 4777 2810 4816 non
2845 4762 3174 4816 invenientes
3211 4759 3482 4823 effectura,
3509 4760 3575 4814 ad

1995 4863 2180 4915 horam
2216 4863 2512 4919 tacuerunt,
2544 4862 2598 4908 et
2636 4853 2736 4905 alia
2788 4851 2874 4905 die
2899 4850 3092 4904 iterum
3132 4849 3446 4904 seditionem
3481 4865 3580 4919 po-

1994 4950 2102 5022 puli
2143 4951 2547 5001 commoverunt
2584 4961 2595 4994 :
2640 4941 2783 4995 unde
2825 4941 2942 5007 vix,
2987 4939 3098 4994 Deo
3132 4939 3347 4995 volente
3411 4943 3580 4996 evasi-

1995 5046 2137 5086 mus'
2595 5091 2979 5148 SUGGES’I‘IO

2219 5182 2454 5226 DIOSCORI
2486 5180 2694 5220 DIACONI
2727 5181 2792 5218 AD
2823 5179 3124 5219 HORMISDAH
3157 5181 3348 5219 ΡΛΡᾹΜ.

1996 5263 2347 5335 Epiphanimn
2421 5259 2474 5310 in
2537 5255 2982 5392 locum/rlpannis
3038 5258 3582 5330 Constantiiwpotitani

2644 5343 2700 5379 su
2748 5343 2802 5380 ec
2829 5344 2932 5381 um.

2644 5343 2932 5381 suﬂecmm.

2071 5415 2197 5468 Erat
2243 5410 2474 5482 optabile
2522 5419 2576 5462 et
2621 5415 2746 5461 voto
2791 5418 2977 5464 nostro
3011 5412 3336 5468 conveniens
3386 5425 3581 5464 conso-

2004 5506 2183 5560 nantia
2210 5499 2493 5572 praateritis
2521 5500 2861 5567 aununtiare,
2890 5500 3092 5555 scilicet
3126 5499 3429 5571 pontificem
3453 5497 3581 5552 Con~

1999 5591 2483 5663 stautinopolitanae
2544 5589 2801 5646 Ecclesiae
2847 5591 3104 5647 Joannem
3152 5604 3269 5643 esse
3327 5589 3583 5657 supersti-

2003 5697 2144 5752 tem,
2190 5693 2243 5738 et
2287 5681 2680 5737 confessionem
2726 5681 2910 5735 libello
2935 5679 3132 5733 editam
3167 5695 3183 5746 ;
3214 5678 3366 5747 cujus
3393 5678 3583 5733 merita

2004 5793 2107 5833 non
2150 5783 2231 5830 cst
2273 5773 2488 5828 dubium
2521 5772 2634 5827 Deo
2665 5770 2906 5842 placere,
2932 5768 3018 5840 qui
3043 5769 3183 5825 inter
3211 5767 3503 5832 catholicos
3531 5776 3584 5828 et

380 5885 400 5904 '
440 5878 658 5937 Ansulis
681 5881 879 5940 inclusa
915 5884 966 5945 in
999 5885 1211 5941 Labbeo
1232 5886 1428 5944 omissa
1451 5887 1810 5958 supplevimus
1831 5905 1898 5952 cx
1919 5897 2044 5953 edit,
2081 5893 2233 5949 Rom.
