4262 6264
647 441 754 496 485

1976 429 2345 489 HORMISDAE
2386 431 2589 489 PAPIE

3800 435 3906 492 484

646 553 1124 611 contmunicatores
1147 551 1289 608 sedis
1315 548 1616 619 apostolica:
1650 545 1841 602 meruit
1867 543 1930 598 ad
1961 543 2118 598 aliam
2147 559 2217 598 ex
2246 545 2298 606 Α
2323 542 2532 596 dicam?
2577 554 2790 596 omnem
2838 541 3227 610 prteeoniorum
3277 539 3475 596 fontem
3523 542 3909 600 transcenden-

647 652 747 706 hac
770 653 872 705 vita
904 648 1198 705 discedere.
1228 649 1278 700 in
1311 645 1462 715 cujus
1511 645 1684 698 locum
1733 642 2057 712 Epiphanius
2102 642 2219 710 qui-

645 745 767 800 dam
819 742 1098 813 presbyter
1143 741 1408 811 quondam
1458 738 1726 811 syucellus
1767 737 1882 806 ejus
1922 733 2216 803 successit,

649 837 798 903 cujus
835 833 983 886 initia
1028 832 1163 886 bona
1197 832 1444 886 videnlur
1478 849 1491 885 :
1523 848 1643 885 nam
1687 829 2018 884 rationabilis
2051 827 2220 896 loqui-

647 935 750 993 tur,
783 936 836 978 et
865 924 1124 994 promittit
1155 923 1370 978 Patrum
1400 938 1459 978 se
1487 922 1696 992 regulas
1726 933 2089 982 servntnrunt,
2121 932 2216 986 pa-

644 1035 758 1072 cem
782 1017 1146 1086 unitatemque
1171 1017 1469 1070 ordinatam
1501 1032 1604 1068 non
1627 1013 1905 1082 dissipare,
1933 1011 2026 1065 setl
2051 1009 2218 1078 magis

642 1126 859 1180 augere.
903 1110 1005 1164 Ista
1052 1117 1176 1163 sunt
1211 1123 1329 1178 qua:
1368 1108 1649 1176 promittit.
1694 1106 1827 1172 Quid
1859 1115 2032 1158 tamen
2057 1115 2220 1170 opere

645 1205 811 1267 possit
841 1202 1082 1269 implere,
1110 1201 1284 1255 adhuc
1308 1201 1631 1268 ignoramus.
1667 1199 1770 1250 llas
1789 1195 2050 1265 siquidem
2081 1195 2219 1248 litte-

644 1310 763 1359 ras,
789 1305 977 1362 quarta
1009 1301 1130 1361 post
1169 1292 1561 1346 ordinationem
1594 1289 1836 1358 ejusdem
1866 1289 1981 1352 die,
2007 1295 2219 1355 reperta

643 1387 920 1438 occasione
950 1385 1377 1438 transmisimus:
1410 1383 1633 1437 necdum
1665 1396 1784 1434 cum
1830 1396 1894 1435 eo
1923 1378 2220 1434 communi-

643 1480 908 1542 cavitnus;
935 1493 1039 1530 non
1066 1478 1214 1546 quasi
1241 1475 1575 1538 resistentes,
1600 1473 1691 1527 sed
1717 1471 1834 1542 quia
1868 1471 2040 1525 adhuc
2067 1469 2135 1524 ah
2154 1484 2220 1525 eo

644 1585 745 1622 non
778 1584 959 1621 sumus
990 1568 1212 1620 invitati.
1247 1566 1505 1636 Superest
1553 1573 1606 1618 ut
1644 1562 1985 1617 beatitudinis
2029 1569 2220 1615 vestra:

644 1663 851 1716 insiStat
877 1663 1068 1727 oratio,
1099 1670 1358 1731 quatenus
1388 1662 1578 1714 divinae
1600 1659 1782 1726 gratia:
1806 1655 2070 1726 adjutorio
2101 1652 2218 1706 talis

642 1763 917 1822 erumpat,
970 1769 1063 1821 per
1105 1769 1259 1821 quem
1310 1752 1377 1806 de
1423 1750 1654 1820 perfecta
1701 1749 1964 1816 possimus
2017 1745 2220 1800 unitate

641 1846 890 1915 gaudere.
926 1846 1154 1910 Accepta
1184 1859 1251 1896 vn
1281 1841 1401 1896 idus
1435 1841 1663 1908 Aprilis,
1697 1837 1915 1892 Rustico
1966 1836 2080 1890 viro
2109 1834 2218 1890 cla-

641 1938 852 1988 rissimo
881 1935 1100 1988 consule
1136 1940 1296 2002 (anno
1325 1932 1535 1984 Domini
1571 1927 1719 1999 5‘20).

1281 2020 1578 2076 RELATIO

640 2132 818 2172 SYNODI
846 2131 1470 2171 CONSTANTINOPOLITANA‘I
1498 2129 1562 2167 DE
1586 2126 1936 2167 οῐιυιΝΔῚΊΟΝΕ
1961 2122 2216 2162 ΕΡΙΡΗΔΝΙΙ

1298 2195 1543 2239 El’hCOPI.

817 2276 1166 2345 Epiphaniam
1187 2275 1482 2345 epise0pum
1515 2274 1728 2326 electum
1758 2271 2037 2342 significat.

711 2370 933 2424 Domino
973 2381 1156 2424 nostro
1183 2378 1368 2423 sancto
1402 2383 1462 2422 ac
1489 2368 1798 2422 beatissimo
1839 2365 1972 2434 patri
2005 2371 2216 2432 patrum

636 2463 1037 2531 archiepiscopo
1081 2472 1135 2516 et
1171 2461 1486 2531 patriarcha:
1519 2460 1820 2514 Hormisdac
1861 2457 2210 2526 TheOphilus,

640 2555 944 2620 Basiliscus,
979 2555 1166 2620 Isaias,
1199 2555 1532 2618 Anastasius,
1576 2551 1867 2614 Paternus,
1919 2550 2208 2604 Martianus

637 2655 690 2698 et
711 2653 929 2709 caetera,
954 2657 1133 2700 sancta
1163 2644 1398 2713 synodus
1419 2657 1536 2711 quae
1561 2641 2210 2710 inConstautiuopolitana

633 2746 714 2788 est
744 2735 959 2790 civitate
988 2743 1328 2804 congregata.

705 2826 1145 2881 lnnumerabilem
1173 2824 1668 2893 etininvestigatam
1682 2823 1858 2893 magni
1889 2823 1983 2877 Dei
2012 2829 2064 2876 et
2093 2821 2212 2877 Sal-

632 2923 832 2975 vatnris
863 2921 1026 2974 nostri
1066 2921 1193 2974 Jesu
1231 2918 1429 2973 Christi
1463 2917 1795 2984 sapientiam,
1827 2923 2081 2984 quantum
2115 2915 2210 2995 ho-

632 3013 863 3067 minibus
891 3013 1046 3065 datur
1069 3010 1312 3079 intelligi,
1338 3007 1762 3071 covtsiderantes,
1785 3007 2061 3062 caritatem
2091 3006 2206 3076 ejus

631 3106 944 3159 immensam
974 3105 1116 3172 juste
1148 3103 1424 3169 miramur,
1456 3111 1509 3155 et
1547 3113 1665 3155 eum
1694 3115 1883 3169 magna
1914 3097 2208 3153 clamamus

630 3210 797 3253 voce:
838 3199 960 3263 Quis
996 3198 1228 3261 loquetur
1271 3193 1516 3262 potentias
1550 3192 1788 3257 Domini,
1821 3192 2025 3245 auditas
2055 3190 2206 3258 faciet

2326 641 2450 686 tem.
2484 632 2578 686 llis
2605 645 2735 702 ergo
2767 631 3051 686 virtutibus
3086 631 3322 700 pollens,
3349 646 3453 686 non
3483 629 3754 688 immerito
3785 649 3911 705 pro-

2324 723 2468 792 prias
2512 732 2566 775 et
2612 721 2844 776 creditas
2883 721 3102 776 sibimet
3146 723 3407 800 maximas
3447 720 3705 780 Ecclesiae
3752 738 3911 783 curas

2324 814 2598 882 sapienter
2633 823 2688 868 et
2725 814 3016 870 Itonorilice
3049 817 3281 885 gessisse
3319 815 3672 887 dignoscitur,
3707 819 3910 877 habens

2323 903 2376 958 in
2406 915 2586 958 mente
2625 901 2755 958 illttd
2784 905 2926 974 quod
2957 921 2986 959 a
3015 905 3155 960 sacri
3201 907 3394 962 cantici
3438 919 3654 964 auctore
3683 911 3910 968 relatum

2322 1001 2407 1048 est
2433 1010 2445 1046 :
2479 991 2551 1046 Os
2577 1010 2742 1047 meum
2774 996 3001 1064 loquetur
3023 996 3349 1066 sapientiam,
3380 1007 3426 1052 et
3451 999 3714 1054 meditatio
3741 1002 3909 1057 cordis

2323 1084 2420 1137 mei
2463 1084 2791 1154 prudentiam
2839 1085 3019 1156 (Psal.
3073 1088 3367 1155 Laxxvnt).
3419 1088 3572 1144 Unde
3614 1095 3907 1148 secundum

2323 1184 2524 1229 rectam
2557 1186 2611 1231 et
2657 1177 2986 1247 probabilem
3034 1179 3326 1233 ﬁdelissimi
3370 1188 3425 1235 et
3464 1181 3908 1243 Christianis-inti

2324 1266 2491 1319 nostri
2524 1265 2803 1335 principis,
2828 1278 2882 1322 et
2904 1267 3155 1336 piissime:
3177 1269 3393 1339 reginae,
3417 1278 3470 1325 et
3496 1272 3908 1342 gloriosissimo-

2326 1371 2442 1413 rum
2497 1361 2796 1414 communis
2845 1360 3154 1429 reipublicae
3211 1377 3493 1430 procerum
3550 1368 3905 1436 sententiam,

2325 1455 2506 1500 nostra
2539 1461 2748 1517 quoque
2777 1449 2938 1503 etiam
2984 1451 3223 1505 omnium
3263 1451 3316 1505 in
3358 1451 3459 1507 hac
3499 1454 3636 1509 urbe
3665 1455 3907 1511 habitan-

2327 1538 2457 1592 tium
2489 1541 2886 1610 testilicatione,
2919 1540 3178 1611 judicium
3209 1543 3355 1599 Pauli
3384 1546 3641 1602 mirabilis
3665 1563 3906 1604 commu-

2323 1627 2407 1682 nis
2456 1630 2709 1684 Ecclesia:
2751 1631 2987 1687 doctoris
3021 1647 3127 1688 non
3167 1642 3249 1688 est
3283 1635 3336 1690 in
3370 1650 3436 1690 eo
3471 1637 3788 1705 fraudatum,
3812 1641 3905 1711 qui

2324 1722 2847 1791 irreprchensibilem
2878 1726 3074 1781 debere
3112 1741 3232 1782 esse
3273 1728 3582 1798 episcOpum
3624 1733 3901 1791 denuntiat

2325 1810 2373 1882 (Ι
2422 1812 2552 1866 Tim.
2601 1811 2680 1882 tu)
2717 1816 2833 1867 :ita
2880 1824 2936 1868 et
2973 1823 3211 1869 nostrum
3261 1818 3568 1885 pontiﬁcem
3621 1822 3907 1880 virtutibus

2252 1917 2302 1983 Β
2333 1905 2562 1974 undique
2593 1914 2905 1959 coronatum
2936 1919 3058 1961 esse
3089 1907 3352 1964 videmus.
3388 1909 3553 1979 Igitur
3584 1914 3903 1970 ecclesiasti-

2326 2009 2442 2050 cam
2476 1997 2647 2066 legem
2677 1997 2984 2066 implentes,
3005 2000 3320 2067 apostolatui
3357 2010 3534 2056 vestro
3568 2006 3903 2062 salutationis

2324 2085 2562 2140 debitum
2595 2086 2961 2155 persolventes
2983 2088 3250 2158 officium,
3289 2107 3564 2161 speramus
3593 2103 3649 2150 ut
3673 2098 3901 2167 amplius

2322 2179 2560 2232 caritatis
2600 2181 2866 2234 vinculum
2915 2191 2968 2236 et
3015 2190 3292 2250 paternum
3335 2183 3582 2242 affectum
3627 2188 3763 2244 circa
3803 2205 3902 2244 nos

2321 2273 2514 2327 caritas
2539 2282 2717 2327 vestra
2747 2276 3011 2330 custodire
3041 2276 3310 2345 dignetur,
3340 2286 3397 2333 et
3434 2282 3661 2348 sapienti
3699 2283 3899 2351 guber-

2320 2365 2535 2419 natione
2580 2374 2635 2421 et
2683 2365 3009 2434 humilitate,
3048 2384 3166 2438 quae
3209 2370 3570 2428 Christianum
3617 2374 3792 2442 decet,
3841 2386 3902 2434 et

2324 2455 2753 2520 mansuetudine,
2781 2472 2898 2526 qua:
2925 2458 2990 2511 ad
3015 2459 3345 2515 rationabilis
3384 2462 3564 2530 traditi
3612 2466 3758 2520 vobis
3785 2466 3901 2522 uvi-

2320 2546 2384 2602 lis
2427 2547 2650 2603 salutem
2701 2548 2969 2618 pertinet,
3011 2551 3316 2620 peragatis,
3364 2566 3649 2610 commune
3691 2555 3896 2613 lucrum

2318 2639 2718 2707 existimantes,
2745 2643 2886 2712 quod
2918 2658 3012 2712 per
3039 2660 3130 2699 vos
3160 2654 3215 2700 et
3235 2656 3474 2702 vestrum
3507 2664 3820 2719 germanum
3846 2662 3899 2709 et

2316 2731 2853 2789 comministratorem
2873 2774 2888 2800 ,
2921 2746 3160 2791 nostrum
3209 2749 3386 2794 autem
3427 2741 3698 2798 dominum
3728 2754 3780 2800 et
3809 2760 3900 2814 pa-

2316 2821 2623 2884 triarcham,
2658 2837 2838 2892 pacem
2871 2826 3034 2879 totius
3061 2827 3205 2882 orbis
3237 2828 3594 2887 Ecclesiarum
3621 2848 3741 2890 esse
3768 2851 3895 2904 pro-

2316 2915 2503 2970 visam.
2540 2915 2724 2970 Frater
2753 2920 2886 2972 enim
2916 2937 2949 2972 a
2973 2904 3130 2990 fratr'e
3155 2923 3392 2994 adjuvtm'
3408 2925 3763 2995 spiritualiter,
3782 2945 3896 2983 ntu-

2315 3025 2403 3062 rus
2425 3018 2499 3063 est
2521 3011 2949 3081 inexpugnabilis,
2978 3023 3024 3067 et
3048 3014 3224 3068 ciuitas
3252 3016 3470 3080 munita,
3493 3031 3558 3072 ex
3585 3018 3782 3072 divinis
3807 3027 3896 3076 ess

2314 3100 2557 3170 accipere
2583 3100 2896 3170 Scripturis.
2923 3103 3056 3158 Nam
3088 3103 3166 3177 (α)
3193 3106 3247 3160 in
3284 3105 3755 3165 intercessionibus
3789 3125 3894 3167 ve-

2315 3201 2439 3246 strae
2507 3194 2850 3250 beatitudinis
2903 3199 3173 3266 generalis
3229 3201 3580 3268 tranquillitas
3635 3203 3892 3262 Ecclesiis

641 3306 810 3343 omnes
839 3289 1016 3342 laudes
1043 3290 1148 3360 ejus
1176 3287 1344 3355 (Psul.
1378 3286 1510 3356 cv)?
1536 3286 1676 3341 Ecce
1706 3285 1848 3339 enim
1894 3300 1990 3354 per
2017 3287 2207 3338 bonam
2239 3291 2285 3355 ο
2318 3284 2738 3342 orthodoxorum
2777 3287 2938 3343 fuerit
2961 3289 3220 3344 redonata
3239 3329 3253 3356 ,
3280 3291 3443 3361 gloria
3473 3293 3684 3362 quidem
3714 3296 3765 3350 itt
3795 3311 3892 3352 ex-

628 3382 954 3433 voluntatem
1001 3390 1198 3432 saneta:
1245 3387 1298 3431 et
1340 3378 1497 3431 uuitts
1537 3377 1784 3430 essentia:
1825 3376 2120 3440 Trinitatis,
2162 3383 2217 3430 et

628 3470 1008 3523 intercessione
1039 3468 1284 3531 gloriosa:
1312 3468 1490 3520 Maria:
1523 3468 1759 3536 virginis,
1789 3467 1966 3520 studio
1999 3481 2211 3536 quoque

628 3569 682 3614 et
710 3559 974 3629 vigilantia
999 3557 1437 3612 Christianissimi
1469 3567 1521 3612 et
1552 3557 1846 3611 lidelissitni
1875 3557 2213 3625 imperatoris

627 3659 679 3704 et
702 3649 952 3718 piissimae
988 3651 1207 3717 reginae,
1233 3649 1361 3700 olim
1386 3665 1502 3717 qua:
1528 3649 1734 3701 fuerant
1761 3649 1996 3702 membra
2019 3647 2212 3726 divisa,

626 3754 720 3811 per
748 3740 980 3807 Spiritus
1019 3742 1188 3794 saneti
1223 3740 1447 3808 gratiam
1479 3741 1544 3794 ad
1573 3742 1827 3794 unitatem
1857 3751 1909 3795 et
1931 3743 2210 3796 caritatem

624 3831 913 3901 perfectam
959 3841 1084 3886 sunt
1123 3831 1335 3885 redacta
1383 3848 1396 3884 :
1438 3841 1493 3886 et
1538 3832 1675 3886 sicut
1705 3832 1915 3900 Moyses
1950 3843 2001 3885 et
2033 3836 2210 3887 Aaron

626 3923 784 3978 duces
820 3923 908 3978 Dei
945 3939 1069 3978 vere
1107 3924 1330 3977 cultura:
1375 3923 1686 3977 Israelitica:
1727 3923 2009 3989 nominati,
2068 3938 2211 3978 nunc

624 4016 694 4069 ita
727 4025 782 4069 et
814 4029 910 4068 nos
939 4015 1232 4083 gaudentes
1261 4013 1556 4067 clamamus
1589 4030 1601 4065 :
1631 4013 1903 4067 Cantemus
1936 4012 2155 4066 Domino
2192 4029 2211 4066 :

624 4104 844 4173 gloriose
880 4104 1012 4156 enim
1046 4103 1409 4172 honori/iectus
1452 4113 1544 4156 est.
1593 4103 1812 4174 Adjulor
1861 4113 1906 4157 et
1956 4113 2209 4176 protector

625 4195 792 4265 factus
820 4204 891 4247 est
923 4193 1044 4247 milii
1083 4195 1135 4246 in
1165 4193 1378 4247 salutem
1406 4193 1602 4259 (Exod.
1633 4196 1743 4266 xv).
1776 4194 1838 4248 Et
1867 4195 1981 4250 haec
2010 4196 2208 4251 sentire

627 4295 681 4338 et
704 4285 995 4353 prmdiCare
1021 4299 1141 4338 cum
1186 4284 1382 4338 fiducia
1411 4301 1594 4340 sumus
1622 4285 1818 4340 edocti.
1851 4286 2208 4342 Consideran-

625 4383 705 4429 tes
735 4386 909 4429 autem
942 4377 1214 4429 caritatem
1255 4385 1309 4430 et
1347 4376 1453 4430 Deo
1496 4376 1781 4431 amabilem
1820 4387 2010 4432 vestrae
2042 4377 2208 4434 beati-

625 4465 822 4521 tudinis
850 4466 1007 4520 vitam
1033 4468 1192 4522 etiam
1225 4483 1291 4522 ex
1333 4468 1414 4521 his
1442 4470 1528 4537 qui
1571 4485 1597 4522 a
1628 4469 1779 4524 vobis
1810 4479 1932 4525 sunt
1955 4469 2204 4525 destinati

625 4558 1050 4613 reverendssimi
1078 4559 1256 4629 legati,
1281 4559 1527 4614 similiter
1563 4568 1618 4615 et
1665 4575 1846 4630 pacem
1900 4570 2200 4615 sanctarum

2321 3376 2479 3430 celsis
2509 3377 2614 3432 Deo
2641 3379 2878 3433 omnium
2909 3380 3172 3436 Salvatori
3203 3396 3298 3451 per
3321 3383 3539 3452 angelos
3559 3399 3680 3440 cum
3711 3386 3890 3442 bctitia

2319 3467 2603 3536 referetur,
2654 3486 2754 3540 pax
2805 3487 2932 3526 vero
2982 3472 3036 3528 in
3080 3482 3220 3528 terra
3265 3475 3712 3532 conlirmabitur:
3754 3479 3890 3538 bona

2318 3567 2492 3614 autem
2545 3562 2792 3617 voluntas
2841 3563 3088 3619 ﬁdelibus
3138 3565 3159 3634 (
3175 3566 3226 3620 in
3277 3566 3556 3636 ﬁdelibus)
3597 3570 3890 3626 communis

2318 3649 2528 3706 Domini
2574 3662 2628 3707 et
2677 3653 2965 3709 Salvatoris
2995 3657 3159 3712 nostri
3186 3655 3311 3711 Jesu
3341 3657 3533 3713 Christi
3569 3661 3737 3714 servis
3773 3661 3889 3716 fun-

2317 3743 2491 3797 detur.
2523 3744 2788 3814 Adjicient
2819 3747 2978 3817 igitur
3008 3747 3203 3804 nostris
3228 3747 3726 3819 supplicationibus,
3749 3752 3887 3820 quod

2316 3835 2494 3891 minus
2536 3837 2735 3891 dictum
2777 3848 2895 3906 est,
2937 3841 3170 3897 Joannes
3207 3841 3570 3897 sanctissimus
3606 3845 3888 3912 episcopus

2315 3926 2781 3997 Claudiopolitanis
2823 3931 3056 3986 civitatis
3104 3942 3289 3988 noster
3325 3933 3806 3998 eomministrator;
3833 3945 3886 3991 et

2314 4019 2667 4076 Heraclianus
2696 4025 3175 4081 revereudissimus
3209 4026 3490 4096 presbyter
3528 4026 3739 4082 Sanctae
3777 4027 3888 4082 bla-

2309 4113 2444 4179 joris
2467 4114 2709 4170 ecclesiae
2737 4127 2792 4170 et
2831 4117 3164 4174 cohabitator
3187 4118 3429 4188 praedicti
3455 4120 3774 4175 sanctissimi
3798 4136 3886 4176 ar-

2311 4203 2636 4275 chiepiscopi
2655 4216 2720 4262 .et
2747 4209 3060 4277 patriarchae
3086 4209 3370 4280 Epiphanii
3391 4251 3406 4276 ,
3431 4223 3486 4266 et
3511 4212 3885 4268 Constantinus

2310 4299 2390 4352 vir
2414 4301 2890 4357 reverendissimus
2918 4303 3176 4360 diaconus
3219 4305 3456 4374 ejusdem
3488 4316 3685 4362 sancte
3718 4307 3885 4361 eccle-

2309 4391 2424 4456 sia»,
2451 4392 2543 4460 qui
2570 4394 2938 4461 probationem
2961 4411 3074 4451 sum
3095 4406 3256 4453 rectae
3281 4398 3424 4464 ﬁdei,
3443 4407 3502 4454 et
3525 4399 3680 4453 bonae
3701 4401 3886 4454 volun-

2311 4483 2430 4537 tatis
2453 4483 2586 4538 olim
2619 4484 2734 4550 his,
2769 4487 2858 4555 qui
2889 4503 2918 4542 a
2960 4500 3132 4544 vestra
3173 4489 3464 4558 apostolica
3503 4489 3632 4544 sede
3673 4488 3884 4546 fuerant

2311 4572 2518 4638 directi,
2551 4577 2764 4633 dedisse
2784 4589 3211 4648 cognoscuntur:
3241 4581 3385 4650 digni
3413 4591 3587 4636 autem
3611 4589 3668 4636 et
3695 4591 3885 4637 vestra

622 4650 715 4705 Dei
743 4651 1104 4706 Ecclesiarum
1147 4661 1255 4705 tam
1285 4651 1512 4706 senioris
1550 4666 1706 4718 quam
1746 4653 1969 4707 novella:
1993 4654 2194 4719 lterum,
2227 4659 2280 4720 D

2227 4659 2280 4720 D
2306 4667 2633 4734 sanetitatis,
2680 4677 2736 4723 et
2783 4671 3242 4728 administratione
3271 4671 3361 4745 [F.
3393 4673 3883 4728 administrationis-

622 4744 703 4796 cui
731 4758 827 4797 nos
856 4742 957 4812 ipsi
992 4744 1277 4814 participes
1305 4743 1472 4799 fuisse
1501 4754 1893 4810 monstrantur,
1925 4745 2061 4798 bono
2105 4759 2200 4812 pa-

627 4837 760 4890 stori
807 4847 861 4891 et
900 4837 1123 4906 principi
1165 4840 1402 4892 omnium
1448 4837 1659 4892 Christo
1710 4839 1817 4894 Deo
1849 4848 2034 4894 nustro
2069 4854 2198 4894 con-

621 4937 770 4982 suete
791 4929 987 5000 gratias
1008 4930 1308 4984 referimus.
1340 4929 1468 4983 Nam
1508 4940 1626 4998 post
1661 4920 1861 4984 obitum
1891 4939 2090 4985 sauctte
2116 4946 2201 4985 re-

619 5019 948 5073 cordationis
1005 5021 1272 5089 quondam
1330 5021 1715 5090 archiepiscopi
1776 5031 1829 5074 et
1885 5022 2200 5089 patriarcha;

619 5107 838 5162 Joannis
864 5108 1460 5179 Constantinopolitanae
1481 5111 1731 5179 civitatis,
1763 5112 1922 5179 Deus,
1948 5114 2035 5182 qui
2069 5128 2193 5184 pro-

620 5199 790 5268 priam
821 5209 1058 5252 sanetam
1098 5199 1393 5255 Ecclesiam
1435 5202 1487 5255 in
1513 5211 1658 5269 petra
1691 5213 1849 5256 recta:
1872 5202 1994 5257 lidei
2021 5206 2198 5258 incor-

621 5301 774 5360 rupta
808 5289 1070 5355 fundavit,
1117 5301 1171 5345 et
1218 5299 1400 5360 portas
1435 5291 1626 5348 inferni
1673 5308 1778 5346 non
1825 5293 2114 5362 praevalere
2144 5295 2192 5350 ei

619 5384 857 5439 decrevit
882 5381 1095 5454 (Matth.
1120 5382 1254 5452 xvi),
1282 5381 1428 5437 dedit
1463 5384 1618 5438 nobis
1653 5392 1892 5439 sanctum
1927 5395 2191 5454 pastorem

621 5484 675 5531 et
701 5475 1052 5546 patriarcham
1085 5472 1462 5542 Epiphanium,
1493 5473 1794 5538 virtutibus,
1826 5487 1877 5529 et
1905 5475 2194 5529 correctio-

621 5569 800 5638 nibus,
829 5579 884 5622 et
913 5567 1258 5623 meditatione
1300 5564 1597 5619 divinarum
1640 5567 1915 5623 florentem
1955 5569 2194 5636 Scriptu-

621 5674 820 5725 rarum,
851 5669 1045 5714 rectam
1076 5673 1288 5729 quoque
1316 5666 1583 5711 tenentem
1610 5657 1786 5722 lidetn,
1812 5670 1864 5714 et
1888 5659 2191 5711 orhatorum

623 5762 894 5817 paternam
927 5760 1195 5820 regentem
1229 5747 1638 5804 sollicitudinem
1679 5768 1689 5802 :
1717 5758 1786 5813 et,
1813 5750 1934 5818 quid
1966 5750 2192 5817 amplius

694 5880 769 5952 (α)
793 5880 935 5934 Edil.
967 5881 1144 5945 Rom,
1169 5899 1210 5934 st
1243 5899 1352 5950 (μίαν
1375 5886 1627 5936 intercus.

2313 4760 2476 4827 pacis,
2501 4769 2555 4813 et
2575 4767 2758 4831 gratia:
2779 4763 2984 4817 Domini
3011 4765 3178 4819 nostri
3201 4753 3325 4820 Jesu
3339 4763 3538 4820 Christi
3568 4766 3658 4820 Dei
3690 4768 3880 4833 nostri,

2308 4860 2361 4902 et
2407 4851 2660 4909 unitionis
2688 4863 2992 4910 sanctarum
3031 4855 3392 4912 Ecclesiarttm
3425 4859 3879 4912 monstrabantur.

2305 4943 2450 5008 Quos
2475 4948 2992 5014 speramusltetantes
3028 4948 3079 5003 in
3115 4950 3360 5014 Domino,
3389 4959 3441 5003 et
3469 4966 3650 5019 pacem
3673 4951 3892 5004 deside-a

2305 5044 2471 5090 ratam
2487 5039 2818 5108 nuntiantes,
2842 5041 2907 5094 ad
2927 5054 3026 5095 nos
3048 5042 3211 5097 citius
3227 5044 3420 5098 vestris
3435 5043 3544 5097 Deo
3567 5041 3882 5096 amabiibus

2301 5133 2725 5188 correctionibus
2766 5133 2987 5189 edoctus
3025 5149 3269 5190 remeare
3305 5135 3618 5204 dignemini.
3647 5136 3872 5186 Omnem

2301 5222 2353 5275 in
2386 5221 2597 5276 Christo
2624 5223 3017 5278 lraternitatem
3045 5239 3141 5279 nos
3168 5239 3381 5294 quoque
3401 5233 3456 5277 et
3475 5225 3564 5292 qui
3596 5224 3876 5278 nobiscum

2296 5323 2423 5370 sunt
2453 5315 2736 5384 plurimum
2771 5316 3063 5370 salutamus
3087 5319 3252 5384 (anno
3276 5315 3482 5370 Domini
3511 5315 3660 5381 519).

2852 5457 3305 5498 SUBSCRIPTIONES.

2338 5543 2340 5546 ’
2369 5555 2696 5623 'l‘heOphilus
2729 5555 3094 5610 misericordia
3130 5552 3219 5609 Dei
3256 5554 3537 5623 episcopus
3565 5553 3876 5610 lleraclien-

2299 5649 2371 5702 sis
2398 5646 2643 5712 civitatis,
2675 5647 3117 5715 metropolitanus
3155 5646 3498 5706 subscribens
3528 5647 3580 5702 iu
3608 5647 3872 5718 synodali-

2301 5740 2413 5807 bus,
2443 5738 2611 5790 saluto
2646 5753 2740 5790 vos
2770 5737 2820 5792 itt
2857 5737 3104 5804 Domino,
3133 5733 3370 5792 domine.
