4262 6264
371 381 481 439 485

1575 379 1924 439 EPISTOLE
1962 379 2052 438 ET
2089 380 2433 441 DECRETA.

3546 395 3649 450 486

449 499 734 556 Basiliscus
779 497 1149 556 misericordia
1186 498 1280 555 Dei
1311 500 1624 570 episcopus,
1657 502 1745 571 qui
1779 502 1797 533 ‘
1822 501 1956 556 Zici-
1986 505 2043 563 Α
2066 503 2196 559 sede
2221 502 2523 573 deiiciatur,
2555 517 2656 572 qua
2680 516 2739 557 se
2759 501 2976 572 dignum
3004 503 3245 571 exhibet,
3276 518 3375 561 nec
3392 510 3645 568 anteriori

366 594 618 653 nemium
642 593 1084 664 metropolitanus
1112 604 1169 649 ιιι
1188 610 1365 663 supra.

446 686 753 757 Stephanus
785 687 1150 741 misericordia
1174 687 1267 742 Dei
1289 686 1569 757 episcopus
1586 685 1959 741 Nicomedien-

367 780 513 837 sium
542 780 985 848 metrOpolitanus
1009 788 1067 834 ut
1094 793 1273 848 supra.

446 873 607 928 Isaias
638 872 1005 927 misericordia
1038 872 1131 927 Dei
1161 873 1443 942 episcopus
1474 871 1695 927 Rhodiae
1730 871 1957 927 civitatis

365 964 817 1032 metropolitanus
846 973 903 1017 ut
922 976 1099 1030 supra.

444 1054 762 1110 Anastasius
791 1054 1158 1109 misericordia
1188 1054 1283 1109 Dei
1311 1055 1599 1124 episcopus
1625 1051 1953 1108 Nicaeensius

364 1128 813 1213 metropolitanus
844 1152 903 1199 ut
930 1159 1114 1214 supra.

442 1237 677 1291 Joannes
716 1236 1086 1290 misericordia
1136 1236 1227 1291 Dei
1266 1237 1549 1305 episc0pus
1596 1235 1957 1305 Claudiopoli-

364 1337 510 1383 tana:
531 1328 762 1383 civitatis
792 1327 1081 1396 provinciae
1112 1328 1326 1382 Isauria
1357 1336 1412 1381 ut
1432 1341 1614 1395 supra.

444 1425 705 1481 Paternus
762 1422 1126 1479 misericordia
1190 1424 1283 1477 Dei
1335 1424 1617 1493 episcopus
1667 1421 1956 1493 provincia!

365 1517 603 1588 Scythia
630 1517 1072 1586 mctropolitanus
1099 1522 1351 1585 utsupra.

442 1610 733 1663 Martianus
780 1608 1147 1663 misericordia
1191 1608 1284 1663 Dei
1334 1608 1614 1676 episcottus
1662 1604 1956 1661 Chalcedo—

364 1703 551 1757 nensis
579 1701 813 1755 civitatis
842 1700 1282 1768 metropolitanus
1308 1707 1367 1753 ut
1390 1711 1569 1766 supra.

444 1794 703 1848 Patricius
738 1792 1105 1846 misericordia
1150 1791 1244 1845 Dei
1295 1790 1577 1860 episcopus
1612 1788 1955 1856 Eudoxiopo-

368 1886 547 1941 litanae
572 1885 803 1939 civitatis
833 1882 1271 1952 metropolitanus
1297 1890 1353 1937 ut
1382 1895 1561 1950 supra.

442 1978 795 2050 Polydeucius
813 1976 1180 2031 misericordia
1198 1977 1288 2029 Dei
1313 1976 1594 2045 cpiscopus
1606 1972 1951 2028 Antiochente

369 2070 605 2125 civitatis
626 2069 1066 2137 metrOpolitanus
1093 2076 1151 2121 ut
1174 2082 1352 2137 supra.

447 2164 700 2233 Eulogius
731 2163 1095 2218 misericordia
1119 2162 1209 2217 Dei
1235 2163 1519 2233 episcopus
1542 2161 1804 2218 Melitente
1824 2162 1952 2218 civi-

370 2257 499 2311 tatis
525 2256 962 2324 metropolitanus
994 2266 1049 2308 ut
1072 2270 1251 2324 supra.

442 2350 743 2419 Stephanus
790 2349 1156 2404 misericordia
1206 2350 1296 2404 Dei
1340 2349 1623 2418 episc0pus
1664 2351 1739 2421 (a)
1771 2348 1950 2406 Philo-

363 2442 657 2497 mcdiensis
683 2443 911 2496 civitatis
943 2444 1229 2509 provincia:
1263 2442 1474 2498 Pisiditc
1506 2453 1563 2498 ut
1592 2457 1771 2513 supra.

438 2534 823 2589 Clll‘iSlOdOl‘US
852 2535 1218 2589 misericordia
1253 2535 1344 2589 Dei
1381 2537 1663 2606 episcOpus
1692 2533 1951 2607 Methym-

364 2626 549 2682 ncnsis
578 2626 805 2682 civitatis
837 2637 892 2681 ut
914 2642 1092 2696 supra.

438 2702 1050 2772 Palmztntiusiminimus
1080 2718 1361 2788 cpiscopus
1398 2717 1667 2774 Oenattdas
1716 2719 1948 2775 civitatis

365 2811 655 2879 provincia:
687 2810 862 2881 Lycia:
887 2822 940 2864 ut
966 2826 1147 2881 supra.

438 2902 673 2955 Joannes
731 2903 1096 2957 misericordia
1159 2904 1249 2958 Dei
1299 2905 1583 2973 episcopus
1636 2904 1948 2959 Attaliensis

366 2994 596 3049 civitatis
630 3003 686 3049 ut
712 3012 889 3066 supra.

436 3087 673 3142 Joannes
700 3088 1066 3143 misericordia
1098 3090 1191 3144 Dei
1222 3091 1509 3158 episcopus
1528 3090 1831 3160 Olympium
1874 3089 1949 3142 ci-

366 3178 545 3232 vitatis
577 3180 863 3247 provincia:
895 3181 1065 3250 Lyt-ite
1094 3190 1147 3235 ut
1174 3197 1353 3249 supra.

2063 606 2213 662 spem
2250 606 2469 662 prorsus
2506 593 2669 647 adimi
2707 593 2992 662 patiamur,
3021 595 3297 664 repetendi
3345 596 3518 653 locum
3545 600 3646 656 de-

2061 698 2197 749 nuo,
2227 700 2335 754 quo
2358 696 2417 739 se
2450 685 2734 754 spoliatum
2765 686 2879 739 sine
2915 699 3076 738 causa
3111 687 3421 751 conﬁrmat;
3454 690 3551 743 sed
3588 690 3645 747 in

2062 790 2122 830 re
2149 775 2310 829 dubia
2348 775 2731 845 temperantius
2757 789 3066 840 versemur,
3098 776 3171 830 ita
3202 786 3260 831 ut
3288 777 3500 834 interim
3529 782 3649 850 qui-

2060 867 2181 922 dem
2223 866 2312 921 hic
2351 867 2492 921 idem
2538 866 2683 921 Elias
2716 866 2798 921 vir
2840 868 3319 924 revereudissimus
3364 871 3647 941 episcopus

2059 960 2114 1015 in
2136 959 2314 1029 quiete
2334 967 2674 1028 permaneat;
2707 973 2887 1013 verum
2919 966 3195 1028 postquam
3221 974 3505 1015 successor
3529 964 3647 1031 ejus

2058 1051 2219 1107 vitam
2247 1051 2577 1121 deposuerit,
2612 1060 2723 1105 tum
2764 1050 2982 1106 demum
3009 1050 3075 1105 ad
3106 1052 3290 1106 sedem
3320 1063 3641 1125 revertatur,

2057 1146 2181 1214 quia
2210 1144 2422 1198 destitit
2445 1142 2765 1197 adhibendis
2796 1143 2943 1212 prius
2972 1143 3220 1198 omnibus
3278 1158 3396 1212 qua:
3424 1146 3491 1200 ad
3536 1146 3639 1201 im-

2059 1235 2372 1307 petrandam
2418 1235 2699 1290 reditionis
2726 1234 2997 1289 licentiam
3032 1235 3514 1291 sacratissimaan
3560 1252 3644 1293 re-

2056 1330 2299 1398 gularum
2324 1328 2597 1397 postulant
2626 1326 2869 1392 definita,
2904 1326 3297 1395 interponendo
3323 1328 3485 1383 etiam
3514 1342 3645 1383 cou-

2057 1435 2217 1475 sensu
2250 1430 2355 1474 tam
2392 1430 2493 1474 tua:
2519 1419 2664 1473 sedis
2693 1418 3032 1487 apostolica,
3062 1434 3221 1488 quam
3253 1419 3647 1477 ﬂorentissima

2058 1512 2217 1581 hujus
2263 1512 2410 1567 urbis
2435 1550 2452 1577 ,
2496 1526 2595 1566 nec
2622 1526 2727 1565 non
2772 1511 2996 1564 aliarum
3025 1525 3249 1580 quarum
3274 1513 3374 1569 hoc
3399 1514 3641 1570 interest.

2058 1604 2135 1659 De
2180 1604 2383 1659 Thoma
2424 1604 2586 1659 etiam
2633 1613 2687 1659 et
2727 1604 3030 1659 Nicostrato
3058 1608 3185 1660 viris
3226 1608 3644 1676 religiosissimis

2057 1695 2325 1763 episcopis
2369 1697 2547 1749 omnia
2599 1694 3045 1762 mancipabuntur
3090 1696 3321 1751 eifectui.
3358 1697 3643 1769 Postquam

2058 1793 2269 1839 uetera:
2300 1785 2462 1839 etiam
2493 1785 2645 1839 vobis
2671 1786 2932 1853 cupulattc
2962 1785 3191 1852 fuerint;
3217 1788 3311 1842 sed
3342 1798 3395 1843 et
3432 1790 3497 1844 ad
3529 1791 3642 1846 uni-

1981 1870 2031 1935 ι
2059 1883 2222 1929 tatem
2249 1874 2583 1930 venerabiles
2603 1875 2876 1940 Ecclesiae,
2901 1891 3021 1945 quae
3045 1877 3378 1946 praecedente
3409 1895 3641 1949 superno

2056 1971 2306 2041 prasidio
2347 1972 2628 2027 statuenda
2676 1972 2994 2027 duxerimus
3024 1988 3121 2041 pro
3160 1973 3642 2029 sacratissintarum

2054 2064 2358 2132 regularum
2407 2063 2590 2117 itidem
2639 2064 2850 2119 ordine.
2901 2064 3164 2130 Quoniam
3220 2063 3400 2131 itaque
3446 2072 3642 2120 vestra

2053 2172 2265 2227 quoque
2295 2156 2637 2211 sanctitudiui
2658 2138 3360 2211 deliberatiottem'nostram
3387 2166 3641 2223 oportue-

2053 2256 2136 2303 rat
2168 2248 2479 2310 declarare,
2534 2256 2590 2301 ut
2618 2262 2681 2302 ex
2717 2248 2815 2302 hac
2850 2248 3009 2303 etiam
3048 2248 3263 2317 pateﬁat
3310 2248 3633 2303 desiderium

2051 2336 2105 2393 in
2134 2354 2239 2407 quo
2270 2354 2482 2394 omnem
2512 2354 2731 2408 operam
2764 2339 3092 2394 intendimus
3127 2338 3194 2392 ad
3222 2340 3640 2407 compescendas

2050 2440 2212 2501 atque
2237 2432 2615 2501 temperandas
2661 2432 3058 2486 controversias
3083 2469 3099 2496 ,
3140 2440 3194 2485 et
3237 2440 3470 2497 optatam
3503 2432 3642 2487 inter

2054 2538 2242 2577 omnes
2274 2523 2617 2577 concordiam
2672 2522 3081 2591 prorogandam,
3116 2531 3407 2590 praesentes
3432 2536 3641 2591 quoque

2052 2614 2258 2669 litteras
2288 2616 2539 2669 duximus
2567 2616 2942 2680 destinandas,
2990 2626 3265 2669 moventes
3296 2614 3557 2682 praecipue
3587 2620 3642 2669 ut

2051 2716 2151 2775 pro
2193 2705 2449 2759 incolumi
2492 2714 2631 2759 statu
2672 2707 2974 2775 reipublicae
3015 2720 3211 2759 numen
3237 2718 3524 2773 supernum
3551 2719 3643 2759 ve-

2051 2798 2180 2854 stris
2216 2808 2467 2854 exoretur
2510 2800 2777 2868 precibus.
2810 2799 2941 2851 Data
2974 2811 3045 2851 vtt
3088 2798 3205 2851 idus
3249 2798 3468 2865 Juuias,
3497 2797 3642 2853 Con-

2050 2890 2422 2961 stantinopoli,
2449 2891 2719 2947 Vitaliano
2758 2898 2811 2945 et
2860 2890 3077 2945 Rustico
3118 2892 3431 2947 consulibus
3464 2892 3641 2962 (anno

2050 2980 2262 3037 Domini
2294 2984 2442 3053 519).

2684 3071 3016 3127 EPISTOLA

2515 3176 2713 3217 JUSTINI
2755 3180 2820 3216 AD
2851 3177 3175 3216 ﬂﬂﬂﬂlSDAI.

440 3241 730 3325 Ilartianus
778 3241 1030 3326 minimus
1075 3241 1357 3342 episcopus
1404 3274 1673 3328 Martianzc
1721 3241 2023 3330 cit-italiae
2055 3242 2339 3342 οίζίθεπίῖα
2384 3254 2668 3342 ¹ε9σ¹⁰τξηξ
2701 3254 3144 3342 εοηεεαηιίροροιί
3281 3254 3398 3342 “his
3429 3252 3642 3342 σίτίίσίίῗ

364 3363 654 3432 provincia:
688 3363 861 3434 Lycia:
884 3375 939 3416 ut
966 3379 1144 3432 supra.

442 3455 647 3509 Pbocas
674 3456 925 3509 tninimus
955 3457 1239 3525 episcopus
1268 3457 1531 3511 Dardana:
1572 3458 1803 3513 civitatis
1826 3474 1953 3528 pro-

365 3546 560 3601 vmciaz
595 3546 923 3616 Hellesponti
956 3557 1011 3601 ut
1033 3564 1211 3618 supra.

442 3636 657 3691 Zotictts
705 3638 1070 3693 misericordia
1123 3640 1216 3694 Dei
1261 3642 1547 3709 episcopus
1586 3640 1951 3709 Carpatiensis

369 3730 605 3784 civitatis
630 3734 916 3799 provincia:
948 3733 1241 3786 lnsularum
1269 3745 1326 3787 ιιι
1354 3750 1539 3802 supra.

440 3820 723 3878 Sabbatius
753 3825 1118 3879 misericordia
1161 3826 1251 3879 Dei
1294 3828 1575 3895 episcopus
1618 3825 1950 3882 Stratonicus

362 3915 595 3971 civitatis
621 3916 912 3986 provincia:
940 3917 1119 3988 Lydia:
1148 3929 1203 3972 ut
1228 3934 1409 3988 supra.
1583 3919 1586 3922 ’

995 4026 1322 4084 EPISTULA

792 4134 1079 4175 JUSTiNlANI
1110 4138 1174 4177 AD
1200 4137 1515 4179 BORMISDAM.

365 4208 536 4263 Eliam
572 4210 817 4266 Ecclestaz
859 4228 965 4267 stuc
996 4231 1094 4267 non
1146 4231 1289 4283 posse
1328 4218 1525 4270 restitui
1556 4216 1742 4269 virente
1774 4231 1830 4269 eo
1865 4217 1949 4281 qui

432 4284 486 4333 in
532 4284 673 4335 illius
723 4284 890 4336 locum
934 4285 1172 4351 stt/fectus
1202 4288 1387 4354 fuerat.
1426 4288 1669 4340 'lltomrtm
1704 4298 1750 4341 et
1791 4288 1951 4339 Mco-

441 4362 654 4405 strotum
683 4371 807 4420 pare
836 4356 1043 4422 ﬁrmata
1072 4358 1179 4409 suis
1208 4360 1410 4412 sedibus
1437 4374 1490 4412 se
1520 4362 1887 4413 restituturum.

439 4445 770 4500 Justinianus
800 4450 1067 4519 Augustus
1096 4450 1387 4505 llormisdue
1419 4467 1588 4520 papae.

436 4536 567 4591 Cum
594 4538 645 4590 itt
675 4539 857 4592 animo
881 4540 1035 4595 nol-is
1065 4543 1154 4606 sit,
1179 4554 1328 4611 pater
1358 4544 1779 4613 religiosissime,
1812 4556 1862 4599 ιιι
1895 4546 1945 4599 in

361 4716 418 4775 in
453 4719 566 4774 Elia
602 4722 713 4773 viro
746 4724 1191 4779 reverendissimo
1232 4725 1483 4794 episcopo
1526 4726 1576 4781 id
1618 4730 1947 4782 constituen-

361 4813 490 4866 dum
522 4813 823 4880 credimus,
864 4818 1050 4885 legatis
1101 4818 1510 4893 admonentibus
1553 4824 1775 4886 vestris,
1807 4823 1947 4893 quod

364 4905 509 4959 inter
552 4909 723 4961 varias
770 4920 1018 4980 utrasque
1066 4916 1299 4969 rationes
1336 4917 1635 4985 expeditius
1673 4934 1791 4973 esse
1819 4934 1947 4989 per-

359 5007 606 5063 spectum
653 5009 755 5055 est.
797 5002 928 5055 Nam
971 5014 1025 5058 et
1068 5005 1119 5059 in
1155 5009 1402 5076 praesenti
1442 5011 1742 5079 pontificem
1772 5010 1948 5066 C3388-

363 5088 624 5143 riensium
655 5092 804 5145 urbis
832 5094 979 5148 favor
1003 5105 1202 5151 tutatur
1232 5102 1494 5168 omnium,
1525 5120 1680 5172 quem
1704 5104 1773 5157 ob
1800 5104 1949 5159 insti-

366 5185 480 5229 tuta
516 5178 869 5247 pulcherrima
901 5200 1006 5239 non
1037 5190 1210 5242 solum
1244 5189 1430 5245 incolae
1462 5194 1783 5249 validissime
1816 5196 1948 5250 reti-

364 5270 601 5324 nendum
630 5273 988 5343 arbitrantur,
1024 5280 1115 5332 sed
1159 5297 1324 5350 prope
1364 5293 1583 5339 cunctus
1614 5287 1803 5340 Oriens
1832 5288 1950 5343 sine

362 5363 529 5416 dubio
558 5379 878 5434 veneratur,
907 5378 961 5424 et
984 5371 1075 5441 qui
1099 5372 1243 5443 prior
1270 5375 1319 5428 in
1347 5376 1533 5431 eodem
1569 5379 1665 5432 fuit
1693 5380 1949 5437 sacerdo-

363 5456 462 5522 tio,
490 5456 681 5523 injuria
708 5474 827 5516 esse
853 5477 1113 5520 remoutm
1153 5470 1413 5537 queritur.
1454 5470 1629 5523 Visum
1662 5480 1742 5526 est
1772 5473 1951 5543 itaque

362 5550 657 5605 convenire
687 5564 743 5606 ut
771 5570 868 5609 nec
900 5555 1156 5613 faciamus
1203 5559 1457 5627 impetum
1502 5573 1683 5617 contra
1717 5552 1953 5619 infinita-

361 5655 485 5693 rum
509 5650 629 5695 vota
660 5647 1078 5716 multitudinum,
1113 5660 1204 5706 aut
1236 5654 1394 5708 homo
1429 5656 1727 5725 integritate
1758 5660 1951 5717 nobilis

440 5755 625 5847 ‘_:l:e_3e
649 5759 999 5847 qisicensium.
1030 5766 1118 5823 Sic
1143 5768 1193 5824 in
1217 5785 1346 5825 tnss.
1380 5784 1524 5841 saepe
1552 5772 1822 5839 Quitiacus
1852 5794 1949 5847 pro

362 5821 632 5893 Cyriacus.
668 5831 833 5889 iisan.

2126 3330 2217 3378 bus
2256 3343 2428 3389 pacem
2471 3328 2777 3379 restitutam.
2836 3325 2899 3378 In
2941 3325 3249 3379 damnandis
3292 3328 3642 3395 episcoporum

2124 3398 2418 3450 nominibus
2444 3399 2614 3450 mitius
2642 3396 2917 3468 agendum.

2124 3487 2369 3541 Justinus
2414 3491 2682 3558 Augustus
2739 3487 3034 3542 llormisdac
3089 3502 3239 3556 papae
3291 3504 3382 3556 per
3440 3488 3611 3558 legato

2053 3582 2377 3637 Germanum
2421 3591 2476 3636 et
2518 3582 2776 3637 Joannem
2818 3582 3135 3651 episcopos,
3173 3581 3403 3635 Felicem
3435 3591 3490 3635 et
3522 3582 3607 3635 Diti

2053 3689 2264 3727 scorutn
2296 3675 2567 3738 diaconos,
2600 3686 2652 3728 et
2681 3674 2939 3729 Blandum
2972 3676 3363 3744 presbyterum.

2124 3766 2343 3821 Summa
2389 3768 2601 3834 quidem
2652 3767 2890 3822 habenla
2935 3767 3087 3820 vobis
3138 3777 3219 3819 est
3261 3767 3449 3834 gratia,
3495 3766 3637 3836 quod

2056 3857 2289 3911 alacrem
2322 3872 2540 3924 operam
2588 3872 2691 3911 non
2741 3858 2994 3912 dubitatis
3039 3858 3351 3926 impendere
3382 3859 3446 3911 ad
3487 3859 3642 3914 colli-

2053 3950 2255 4019 gendas
2302 3950 2717 4020 adunandasque
2761 3949 3092 4003 venerabiles
3139 3950 3417 4015 ecclesias,
3458 3966 3641 4005 rerum

2057 4044 2107 4096 in
2132 4060 2192 4097 ea
2228 4045 2476 4113 prmlucet
2506 4046 2735 4097 maxime
2765 4043 2997 4113 perfecta
3040 4045 3279 4110 solertia,
3303 4046 3441 4114 quod
3470 4044 3642 4098 itumi-

2061 4149 2156 4188 ttes
2212 4134 2476 4201 adoptatis
2528 4136 2616 4205 qui
2664 4150 2788 4191 voto
2832 4136 3092 4191 benevolo
3126 4148 3227 4191 tua:
3270 4139 3642 4193 sanctitudinis

2054 4227 2265 4280 sincero
2288 4236 2339 4280 et
2364 4228 2569 4295 integro
2591 4228 2793 4295 possint
2818 4228 2996 4281 animo
3020 4229 3312 4283 deservire.
3344 4230 3642 4286 Gertnatus

2053 4317 2317 4385 siquidem
2349 4317 2825 4371 revr-rendissimus
2855 4319 3136 4386 cpiscOpui
3156 4359 3171 4384 ,
3206 4333 3305 4372 nec
3336 4334 3440 4372 non
3470 4320 3637 4383 Felix,

2054 4420 2105 4460 et
2128 4406 2429 4475 Dioscorus,
2446 4416 2496 4461 et
2516 4407 2749 4461 Blandus
2764 4408 2868 4461 viri
2891 4408 3274 4476 religiosissimi
3296 4419 3439 4463 tanta
3470 4419 3641 4465 semet

2054 4498 2403 4567 prmbuerunt
2435 4507 2667 4552 attentos
2698 4498 2957 4552 industria
2979 4540 2993 4561 ,
3027 4514 3087 4551 ac
3125 4499 3177 4552 in
3208 4508 3351 4552 tanta
3378 4502 3637 4568 sapientLa

448 4588 465 4591 '
487 4588 525 4637 ἶ
556 4588 565 4590 '
989 4588 1034 4595 "
1065 4588 1154 4606 ""
1179 4588 1317 4611 """
1358 4588 1779 4613 ""°""'“"""
2028 4589 2248 4643 ‘versati
2281 4599 2403 4641 sunt
2454 4597 2511 4642 ut
2570 4598 2787 4643 nuntutn
2811 4590 2875 4642 ad
2905 4588 3141 4642 ofﬁcium
3164 4602 3351 4642 eorum
3419 4590 3613 4643 et'tiuet

363 4640 510 4680 0mm
542 4643 601 4682 re
631 4637 810 4681 nostra
851 4642 991 4686 inter
1020 4648 1077 4685 se
1109 4643 1428 4687 concurrant
1468 4636 1719 4699 consilia,
1754 4646 1862 4690 tum
1894 4646 1948 4692 et
1982 4614 2030 4675 Ι)
2057 4691 2223 4699 ,μην
2246 4680 2335 4699 με,
2390 4630 2433 4699 εξ
2487 4604 2697 4699 “and
2762 4692 2802 4699 __
2864 4681 3137 4699 sub“..-
3196 4682 3362 4699 ,μέλει
3386 4604 3427 4699 p,
3510 4698 3513 4699 ,
3545 4681 3576 4699 ..
3604 4634 3635 4699 ,ἶ

2057 4680 2337 4734 ιτειιιεέουίε
2389 4681 2438 4734 in
2486 4681 2703 4749 plenum
2752 4692 2807 4735 et
2854 4681 3140 4735 elaboratis
3185 4682 3456 4747 omnibus,
3506 4681 3639 4738 niltil

2054 4772 2415 4825 altercationis
2456 4782 2766 4841 superesset
2812 4775 3067 4839 ulterius;
3101 4774 3194 4829 sed
3217 4790 3335 4829 cum
3363 4791 3425 4830 ea
3455 4776 3639 4831 condi-

2056 4866 2203 4918 tione
2237 4864 2307 4917 sit
2327 4865 2567 4917 mortalis
2602 4865 2877 4935 l‘ragi'itas,
2908 4875 2963 4919 ut
2991 4866 3263 4920 remissius
3293 4868 3432 4923 circa
3463 4883 3521 4924 se
3554 4870 3638 4940 agi

2055 4956 2345 5023 desideret,
2382 4967 2437 5011 et
2481 4958 2989 5027 interrogationibus
3024 4960 3135 5014 suis
3168 4961 3383 5030 planum
3412 4962 3639 5031 pra'beri

2056 5064 2372 5118 responsum
2399 5092 2416 5116 ,
2470 5054 2702 5109 maxime
2742 5068 2860 5108 cum
2890 5055 3066 5125 aliqua
3094 5070 3257 5111 causa
3289 5057 3341 5112 in
3378 5060 3639 5116 immensa

2059 5140 2330 5197 hominum
2382 5143 2539 5199 fuerit
2580 5144 2919 5201 multitudine
2945 5145 3189 5203 devoluta
3214 5190 3227 5212 ,
3261 5148 3453 5205 factum
3477 5163 3556 5207 est
3581 5160 3641 5207 ut

2059 5233 2110 5285 iu
2138 5233 2235 5287 hac
2256 5236 2469 5304 quidem
2497 5238 2626 5291 utbe
2649 5237 3021 5293 ﬂorentissima
3052 5239 3301 5311 quidquid
3334 5243 3638 5297 ordinatum

2057 5333 2139 5377 est
2182 5326 2248 5378 de
2294 5340 2453 5381 causa
2492 5328 2793 5397 religionis,
2845 5330 3021 5400 deque
3070 5332 3276 5387 unitate
3316 5332 3638 5387 celebranda

2057 5428 2179 5468 cum
2209 5418 2497 5483 apostolica
2526 5418 2653 5473 sede
2682 5421 2784 5476 sub
2824 5423 3154 5491 temporibus
3181 5421 3403 5475 Joannis
3429 5423 3641 5490 religio-

2056 5508 2283 5562 sissima:
2331 5512 2628 5576 memoriae,
2676 5526 2801 5568 cum
2850 5517 2903 5569 in
2952 5512 3252 5569 sacerdotio
3290 5512 3450 5580 regia:
3494 5522 3641 5567 esset

2057 5599 2211 5668 hujus
2241 5602 2387 5655 urbis
2408 5644 2421 5668 ,
2452 5604 2500 5657 id
2534 5603 2745 5662 favente
2773 5606 2883 5663 Deo
2905 5617 3149 5662 servetur
3174 5606 3478 5673 immobile;
3512 5608 3637 5675 quin

2056 5707 2108 5751 ct
2136 5698 2187 5751 in
2225 5698 2341 5752 aliis
2367 5702 2732 5767 compluribus
2758 5702 3064 5757 civitatibus
3090 5702 3314 5771 probata
3350 5702 3422 5758 sit
3463 5712 3640 5758 vestra

2128 5808 2203 5877 (α)
2232 5807 2317 5863 Al.
2345 5807 2733 5867 Philontelemis
