4262 6264
611 392 706 448 687

1915 374 2286 434 ΗΟΒΜΙὸΒΕ
2325 372 2524 433 ΡΑΡᾹ]

3774 375 3883 439 488

612 503 875 562 ordinatio
921 512 1083 574 atque
1119 505 1386 570 suscepta.
1434 495 1638 552 Caetera
1676 507 1803 547 vero
1832 492 2182 549 clementiore
2210 500 2260 554 Α
2289 493 2488 546 unitate
2517 502 2732 562 recepta
2760 498 3034 562 iungatur.
3063 491 3380 563 Specialiter
3414 499 3592 547 autem
3624 503 3882 563 depreca-

612 599 839 670 quodam
870 598 1140 666 indigeant
1168 591 1529 648 moderamine
1562 590 1613 643 in
1647 587 1950 643 nominibus
1981 586 2191 641 antisti-

613 699 746 753 tum.
796 704 900 743 non
947 702 1135 742 eorum
1183 685 1271 752 qui
1317 682 1616 753 specialiter
1661 680 1926 735 numerati
1973 687 2099 734 sunt
2137 678 2190 733 in

612 782 836 854 epistola
859 795 1016 850 quam
1048 777 1348 834 sanctitudo
1377 787 1464 830 tua
1495 776 1647 830 nobis
1675 774 1978 830 destinasse
2015 773 2192 827 nosci-

612 884 720 938 tur,
753 871 847 925 sed
875 870 1102 924 aliorum
1135 884 1357 938 quorum
1388 867 1700 922 memoriam
1731 866 1976 919 maximae
2009 864 2194 919 civita-

612 973 693 1020 tes
717 964 964 1031 diligunt,
988 962 1038 1016 in
1061 962 1252 1032 quibus
1270 961 1515 1016 ﬂoruisse
1541 970 1835 1014 noscuntur
1855 959 2190 1028 superstites.

612 1056 945 1125 Quapropter
986 1054 1174 1125 legatis
1215 1054 1435 1126 quidem
1488 1060 1592 1107 tua:
1637 1051 2009 1106 sanctitudinis
2051 1049 2194 1104 nulla

612 1150 707 1203 fuit
748 1150 960 1204 licentia
1003 1147 1238 1202 mandati
1289 1157 1528 1202 tenorem
1569 1144 1903 1216 egrediendi,
1937 1159 2057 1198 cum
2089 1156 2196 1213 quo

611 1240 798 1295 directi
847 1249 995 1294 sunt.
1037 1239 1221 1293 Omnis
1260 1247 1437 1292 autem
1476 1237 1596 1290 linis
1637 1235 1833 1304 negotii
1874 1242 2053 1289 vestro
2083 1233 2196 1302 jam

610 1342 815 1388 tantum
861 1332 1058 1403 pendet
1102 1331 1325 1386 arbitrio
1347 1371 1361 1394 ,
1393 1338 1452 1384 ut
1478 1328 1624 1384 solus
1661 1342 1846 1398 pacem
1878 1325 2199 1381 concludere

611 1426 800 1480 debeat
828 1426 917 1495 qui
949 1423 1116 1494 prima
1144 1423 1222 1478 rei
1258 1420 1547 1477 commovit
1573 1419 1791 1474 exordia
1823 1437 1834 1471 :
1873 1417 1969 1473 sed
1990 1433 2050 1472 ea
2082 1416 2199 1484 qui-

620 1517 766 1583 dem,
794 1532 894 1572 nec
923 1532 1030 1571 non
1075 1515 1339 1584 quaedam,
1364 1510 1926 1568 commemorabuntur
1962 1506 2199 1579 apertius

610 1627 706 1682 per
733 1613 962 1681 legatum
990 1620 1228 1665 nostrum
1248 1651 1262 1675 ,
1297 1608 1385 1678 qui
1412 1606 1567 1676 paulo
1595 1613 1715 1675 post
1743 1602 2116 1658 destinabitur.
2139 1599 2198 1655 In

611 1706 857 1778 prassenti
892 1721 1020 1760 vero
1057 1703 1404 1760 redeuntibus
1436 1701 1566 1754 viris
1604 1697 2048 1768 religiosissimis,
2089 1703 2196 1749 tam

610 1797 982 1867 appellandam
1011 1803 1244 1849 vestram
1277 1793 1633 1847 reverentiam
1662 1789 2008 1852 credidimus,
2037 1802 2195 1856 quam

2296 603 2414 640 mur
2443 585 2774 656 pontiﬁcium
2800 594 3038 641 vestrum
3071 595 3127 642 ut
3156 601 3252 656 pro
3281 586 3434 642 nobis
3455 585 3687 656 benigno
3715 587 3883 646 patris

2294 678 2473 731 animo
2496 692 2650 733 orare
2673 677 2925 748 iubeatis.

2923 768 3256 826 EPISTOLA

2750 876 2978 916 JULIAN/E
3011 878 3076 916 AD
3106 877 3425 917 HORMISDAI.

2810 951 3116 1020 Ponti/icem
3145 955 3358 1009 salutat.

2369 1043 2595 1098 Domino
2643 1043 2952 1100 beatissimo
2982 1054 3142 1115 atque
3175 1046 3486 1115 apostolicae
3526 1046 3669 1102 sedis
3695 1047 3888 1117 proba-

2299 1137 2505 1192 tissimo
2545 1137 2780 1207 pontiﬁci
2825 1136 3123 1192 Ilormisda:
3159 1153 3311 1208 papae
3341 1139 3479 1210 patri
3515 1139 3726 1194 Juliana
3758 1142 3886 1196 Ani-

2299 1230 2402 1284 cia.

2370 1325 2500 1391 Quae
2529 1325 2699 1396 prima
2731 1335 2855 1379 sunt
2896 1332 3002 1379 tuae
3050 1324 3391 1381 beatitudinis
3419 1325 3756 1380 salutationis
3789 1326 3887 1381 ob-

2300 1419 2484 1488 sequia
2512 1419 2889 1487 persolvimus,
2921 1426 3170 1488 optantes
3209 1430 3268 1473 ut
3312 1419 3450 1474 hanc
3497 1419 3736 1488 paginam
3784 1420 3886 1474 tuis

2300 1509 2621 1564 venerandis
2670 1509 2949 1563 obtutibus
2997 1508 3254 1564 Divinitas
3303 1510 3458 1564 faciat
3500 1510 3794 1574 recenseri,
3833 1519 3887 1565 ct

2300 1616 2399 1671 pro
2423 1615 2536 1655 sua:
2568 1600 2823 1656 Ecclesia:
2848 1600 3030 1670 vigore
3071 1611 3355 1670 augmenta
3399 1600 3653 1655 salutaria
3690 1611 3887 1655 vestra:

2301 1691 2422 1744 vita:
2447 1688 2726 1760 suffragari
2756 1690 3038 1759 dignetur,
3070 1701 3333 1760 quatenus
3365 1701 3416 1746 te
3446 1691 3686 1760 pervigili
3722 1691 3886 1760 possit

2299 1793 2485 1837 contra
2509 1782 2772 1837 adversos
2795 1791 2849 1836 et
2869 1781 3082 1837 rabidos
3104 1797 3264 1837 canes
3293 1791 3462 1838 status
3487 1782 3744 1840 Ecclesiae.
3768 1781 3884 1835 vin-

609 1887 1075 1954 commonendam,
1109 1894 1165 1939 ut
1187 1887 1297 1940 suis
1328 1883 1657 1938 orationibus
1687 1897 1781 1951 pro
1809 1891 1992 1936 nostro
2015 1888 2193 1935 utatur
2222 1872 2268 1933 Β
2297 1874 2486 1929 dicari.
2527 1873 2760 1940 Etenim,
2813 1873 3137 1928 venerabilis
3185 1883 3357 1943 pater,
3403 1873 3543 1943 qnod
3581 1873 3648 1928 de
3686 1881 3884 1927 nostra:

611 1979 855 2049 imperio,
895 1992 1098 2048 proque
1129 1976 1384 2031 incolumi
1425 1983 1564 2028 statu
1602 1973 1928 2043 reipublicaz.
1962 1973 2093 2027 Data
2123 1987 2194 2026 vn

609 2069 727 2126 idus
755 2069 900 2135 Julii,
932 2067 1409 2136 Constantinopoli.
1443 2064 1708 2119 Vitaliano
1735 2072 1788 2118 et
1816 2063 2035 2118 Rustico
2067 2061 2194 2118 viris

609 2163 916 2217 clarissimis
943 2161 1253 2216 consulibus
1283 2161 1446 2231 (anno
1475 2158 1683 2212 Domini
1713 2157 1863 2228 519).

1238 2251 1567 2308 ΕΡΙΞΤΟΙιΑ

899 2361 1184 2401 ΕυΡΗΕἊΙᾹΞ
1215 2360 1469 2400 Αυσυδτλε
1493 2360 1558 2400 Αἰ)
1585 2357 1904 2397 HOBHISDAH.

611 2437 931 2493 Sauctissimi
958 2437 1213 2506 pontiﬁcis
1228 2435 1540 2558 orationibus
1566 2451 1618 2489 se
1637 2444 1682 2488 et
1698 2434 1859 2487 virum
1881 2447 2033 2487 suum
2057 2445 2195 2484 com-

1301 2523 1412 2558 men
1451 2516 1520 2558 at.

1301 2516 1520 2559 mendat.

684 2603 975 2673 Eupliemia
1009 2603 1242 2672 Augusta
1267 2601 1564 2655 Ilormisda:
1593 2614 1762 2670 papae.

679 2693 1028 2748 Beatitudinis
1055 2702 1244 2747 vestrae
1281 2692 1486 2745 litteras
1513 2699 1660 2760 grato
1695 2689 2042 2760 iucundoque
2071 2700 2194 2742 sus-

609 2787 848 2858 cepimus
878 2789 1057 2840 animo
1091 2804 1102 2838 ε
1133 2799 1289 2855 quem
1321 2783 1516 2838 etenim
1552 2799 1656 2838 non
1691 2782 1861 2836 solum
1890 2780 2195 2851 apostolicae

608 2880 753 2935 sedi‘s
782 2879 1072 2934 auctoritas
1101 2876 1367 2942 celebrat,
1399 2876 1490 2929 sed
1522 2875 1644 2929 vita:
1681 2888 1890 2944 quoque
1926 2886 2197 2926 commen-

611 2972 700 3027 dat
732 2971 1027 3040 integritas,
1062 2978 1114 3024 et
1141 2968 1379 3023 studiosa
1411 2977 1569 3023 recue
1602 2966 1722 3020 ﬁdei
1752 2964 1967 3020 solertia
1987 3004 2002 3028 ,
2039 2964 2196 3030 hujus

611 3063 772 3117 verba
795 3061 912 3131 quis
941 3076 1045 3114 non
1078 3059 1444 3114 libentissimis
1468 3058 1723 3126 suscipiet
1752 3054 2008 3109 auribus?
2036 3054 2197 3123 Igitur

611 3153 876 3225 poscimus
897 3165 960 3206 ac
980 3164 1263 3206 monemus
1281 3157 1336 3204 ut
1357 3149 1689 3204 oratiOnibus
1709 3147 1902 3202 vestris
1926 3158 2195 3214 nunquam

608 3244 836 3300 excedat
866 3258 1058 3297 nomen
1087 3257 1288 3307 meum,
1320 3256 1382 3296 ac
1411 3241 1677 3310 prtecipue
1708 3237 2039 3294 serenissimi
2065 3251 2197 3291 con-
2225 3253 2272 3317 ο

611 3337 749 3407 iugis
781 3335 981 3400 nostri,
1014 3334 1106 3387 sed
1141 3342 1246 3386 tam
1281 3332 1493 3399 utrique
1524 3339 1863 3393 nostrorum,
1895 3343 2054 3396 quam
2087 3326 2193 3380 rei-

612 3427 836 3497 publicae
879 3439 1172 3495 supernum
1221 3422 1467 3493 precibus
1510 3421 1704 3476 vestris
1741 3423 1984 3490 placetur
2016 3419 2200 3489 ρι’ωεί-

612 3518 778 3573 dium.

1246 3585 1575 3640 EPISTULA

1076 3693 1296 3734 CELERIS
1325 3695 1390 3731 AD
1413 3693 1736 3731 HORIISDAH.

613 3774 916 3844 LegaMrum
943 3790 1096 3842 opera
1119 3771 1560 3844 ConstantinOp‘oli
1590 3786 1761 3844 omnes
1785 3769 1995 3838 paciﬁce
2017 3770 2198 3834 vivere,

705 3845 839 3915 quod
865 3855 910 3898 el
942 3841 993 3897 in
1024 3844 1140 3898 aliis
1169 3842 1451 3897 civitatibus
1479 3841 1613 3896 brevi
1641 3846 1870 3911 futurum
1907 3850 2096 3909 sperat.

687 3935 910 3990 Domino
955 3935 1265 3990 beatissimo
1306 3943 1362 3989 et
1400 3933 1696 4003 apostolico
1724 3934 1857 4002 patri
1903 3930 2200 3986 Ilormisda:

612 4026 768 4082 Celer
799 4027 877 4081 vir
902 4029 1144 4081 illustris.

685 4121 912 4174 Maxima
939 4120 1096 4175 nobis
1136 4119 1507 4190 gratulationis
1540 4133 1698 4175 causa
1729 4126 2029 4188 praestatur,
2063 4130 2199 4187 quo-

615 4212 749 4267 tiens
773 4211 837 4266 ad
865 4212 1219 4280 apostolatum
1237 4219 1472 4265 vestrum
1504 4209 1770 4265 scribendi
1801 4221 2009 4278 tempus
2034 4224 2200 4265 emer-

613 4304 762 4358 serit.
784 4302 933 4358 Nunc
960 4304 1121 4372 igitur
1149 4312 1422 4358 remeante
1452 4303 1759 4357 beatissimo
1787 4303 2055 4358 Germano
2085 4302 2197 4371 epi-

615 4410 799 4463 scnpn,
832 4395 914 4449 vel
945 4395 1405 4450 reverendissimis
1426 4396 1575 4458 viris.
1600 4395 1689 4466 qui
1722 4412 1750 4449 a
1777 4395 1924 4451 vobis
1948 4411 2042 4464 pro
2071 4410 2201 4451 con-

613 4487 895 4557 iungendi.-
927 4488 1127 4543 sanctis
1166 4487 1422 4542 Ecclesiis
1469 4489 1680 4542 luerunt
1709 4489 1983 4556 destinati,
2016 4503 2201 4544 neces-

613 4583 810 4634 sarium
834 4579 1080 4634 duximus
1098 4583 1433 4634 sanctitatem
1451 4591 1679 4636 vestram
1705 4581 1901 4636 debere
1928 4581 2194 4648 venerari,

616 4673 912 4729 indicantes
964 4673 1262 4728 antedictos
1306 4673 1556 4727 habuisse
1597 4674 1809 4743 quidem
1859 4673 2092 4728 studium
2140 4683 2199 4728 ut

615 4765 941 4818 voluntatem
985 4776 1216 4820 vestram
1259 4766 1447 4834 plenus
1474 4775 1786 4835 sequeretur
1817 4764 2071 4830 effectus;
2103 4764 2198 4820 sed

616 4858 738 4926 quia
765 4866 931 4911 totum
954 4872 1148 4926 corpus
1173 4868 1289 4912 erat
1317 4858 1606 4924 inﬁrmum,
1629 4858 1842 4912 interim
1863 4858 2196 4928 caput,quod

617 4950 763 5016 prius
809 4952 1169 5005 necessarium
1208 4951 1511 5020 judicatur,
1553 4952 1794 5006 adhibito
1847 4953 2201 5008 medicamine

615 5047 794 5091 vestro
835 5051 1076 5094 sanatum
1117 5051 1196 5096 est
1218 5083 1232 5106 ,
1267 5051 1320 5097 et
1347 5043 1613 5098 dissensio
1643 5059 1760 5112 quae
1792 5052 1908 5098 erat
1938 5044 2074 5098 inter
2112 5058 2203 5099 ve-

616 5129 884 5183 nerabiles
924 5130 1190 5186 Ecclesias
1223 5133 1513 5190 Romanam
1562 5143 1615 5189 et
1654 5133 2196 5203 ConstantinOpolita-

616 5242 738 5281 nam
784 5226 985 5280 unitate
1032 5229 1424 5286 interveniente
1465 5230 1671 5300 sepulta
1712 5237 1813 5296 est,
1857 5237 1910 5284 et
1949 5231 2052 5284 alia
2087 5243 2194 5284 non

619 5332 777 5387 parva
815 5317 1053 5372 membra
1105 5319 1292 5374 similis
1333 5321 1632 5376 Divinitatis
1661 5321 1828 5391 gratia
1861 5329 2080 5390 purgata
2111 5329 2196 5377 at-

614 5426 718 5481 que
745 5411 1049 5481 coniuncta.
1081 5411 1228 5466 Hanc
1255 5413 1414 5468 etiam
1457 5428 1605 5482 spem
1651 5415 1885 5483 gerimus
1931 5412 2194 5480 universi,

614 5502 756 5574 quod
792 5504 957 5574 gratia
990 5503 1118 5569 Dei,
1146 5519 1264 5574 qua:
1294 5519 1507 5574 semper
1531 5505 1645 5561 sedi
1684 5516 1874 5561 vestra:
1907 5505 2199 5574 permansit

615 5605 668 5648 ct
700 5606 993 5664 permanet,
1026 5594 1325 5666 ltujusmodi
1356 5596 1509 5652 vobis
1555 5598 1956 5666 inspirationem
1985 5597 2195 5652 bonita-

616 5687 682 5742 tis
709 5689 964 5757 prrebeat,
994 5699 1048 5745 et
1067 5689 1475 5746 mansuetudine
1496 5699 1549 5745 et
1575 5689 1976 5760 dispensatione
2020 5700 2195 5746 vestra

616 5779 875 5847 reliquum
904 5782 1074 5836 adhuc
1101 5798 1317 5854 corpus,
1349 5782 1488 5854 quod
1522 5781 1746 5838 habetur
1770 5785 2037 5839 inﬁrmum
2063 5781 2192 5853 (sic-

617 5880 674 5929 ut
722 5872 965 5943 superius
1003 5888 1032 5928 a
1080 5876 1235 5932 nobis
1278 5876 1550 5948 dictum),
1606 5891 1784 5933 ves'ro
1842 5877 2193 5942 medicamine

2227 4629 2279 4691 D

2300 1965 2423 2019 lidei
2464 1964 2770 2035 integritate
2817 1980 2997 2018 curam
3042 1964 3218 2034 geris,
3246 1963 3457 2019 vicariis
3496 1963 3710 2034 gloriosi
3741 1962 3883 2018 Petri

2299 2056 2526 2126 apostoli
2570 2056 2668 2110 ista
2708 2056 3064 2120 conveniunt,
3096 2057 3181 2111 cui
3213 2057 3468 2111 Dominus
3498 2054 3882 2125 pascendarum

2299 2147 2479 2201 ovium
2509 2146 2740 2215 injunxit
2765 2146 3020 2201 ofﬁcium.
3056 2145 3355 2217 Cognoscat
3383 2160 3510 2217 ergo
3548 2157 3634 2202 tua
3665 2162 3760 2218 pro
3791 2162 3886 2202 no-

2298 2238 2380 2292 bis
2409 2246 2589 2293 sancta
2621 2237 2927 2293 sollicitudo
2946 2279 2960 2303 ,
2996 2253 3092 2293 nos
3131 2239 3335 2296 ﬁrmius
3366 2248 3548 2294 tenere
3576 2250 3736 2295 rectm
3763 2239 3882 2296 ﬁdei

2299 2331 2606 2386 ﬁrmitatem
2640 2330 2972 2385 immobilem
3002 2348 3012 2382 :
3046 2345 3142 2398 pro
3180 2346 3281 2400 qua
3329 2346 3396 2386 ne
3433 2332 3550 2400 ejus
3596 2333 3884 2386 violaretur

2298 2425 2648 2478 sanctimonia
2677 2423 2933 2479 hactenus
2956 2425 3385 2495 repugnavimus.
3421 2424 3571 2490 Quod
3603 2417 3729 2480 iero
3761 2436 3882 2482 tuus

2299 2519 2630 2589 apostolatus
2678 2533 2780 2588 pro
2833 2526 2996 2572 tanta:
3049 2517 3260 2589 pietatis
3305 2532 3465 2573 causa
3512 2533 3695 2574 curam
3746 2519 3886 2576 ferro

2299 2613 2554 2683 praecepit
2577 2653 2594 2679 ,
2624 2612 2680 2667 in
2717 2615 2973 2682 quantum
3019 2613 3290 2682 potuimus
3332 2628 3429 2680 pro
3463 2616 3660 2667 nostris
3683 2614 3886 2669 viribus

2299 2719 2405 2758 non
2443 2703 2739 2759 desivimus
2781 2704 2973 2774 spiritu
3003 2704 3238 2759 lenitatis
3272 2703 3527 2758 adversos
3573 2705 3883 2774 admonere,

2299 2804 2353 2852 et
2382 2797 2476 2851 Dei
2507 2796 2660 2852 nobis
2681 2796 2851 2867 gratia
2881 2806 3315 2865 cooperante.....
3345 2798 3480 2851 deest
3504 2800 3778 2869 reliquum.

2799 2911 3128 2968 EPISTOLA
3161 2911 3384 2965 LXVIII.

2840 3020 2907 3058 AD
2940 3017 3171 3058 LEGATOS
3202 3022 3220 3054 ὁ
3230 3018 3324 3057 UOS
3333 3042 3346 3055 .

2375 3095 2452 3148 De
2475 3110 2647 3148 eorum
2675 3095 2839 3149 salute
2871 3104 2917 3149 et
2947 3095 3097 3148 rebus
3123 3095 3276 3164 gestis
3305 3095 3489 3148 certior
3519 3095 3629 3164 ﬁeri
3651 3097 3808 3166 cupit.

2374 3186 2653 3240 Ilormisda
2683 3187 2871 3256 legatis
2901 3186 3033 3240 suis.

2371 3277 2447 3331 Ita
2494 3293 2592 3333 nos
2638 3278 3018 3333 incolumitatis
3064 3287 3116 3332 et
3163 3287 3374 3333 actuum
3421 3285 3714 3336 vestrorum
3753 3296 3879 3339 cura

2302 3371 2574 3442 sollicitat,
2609 3380 2667 3426 ut
2691 3371 2935 3441 quamvis
2967 3372 3334 3440 frequentibus
3367 3374 3737 3429 occasionibus
3777 3391 3881 3433 non

2303 3467 2775 3534 praetermittamus
2819 3463 3046 3530 hortari,
3087 3465 3350 3519 certiores
3393 3480 3490 3520 nos
3537 3465 3606 3522 de
3651 3467 3731 3521 bis
3765 3485 3882 3538 qua:

2301 3556 2444 3611 circa
2473 3570 2567 3610 vos
2588 3565 2816 3625 aguntur
2843 3555 2959 3609 ﬁeri
2987 3555 3176 3609 litteris
3205 3555 3503 3610 destinatis.
3527 3555 3655 3610 Nam
3683 3566 3737 3612 et
3763 3567 3880 3614 Cum

2303 3664 2397 3718 per
2444 3649 2712 3704 hominem
2757 3648 2978 3702 illustris
3019 3648 3116 3701 viri
3164 3657 3322 3717 atque
3369 3650 3637 3718 magniﬁci
3677 3650 3880 3720 patricii

2303 3741 2399 3795 ﬁlii
2422 3743 2591 3795 nostri
2623 3741 2830 3810 Agapiti
2853 3739 3135 3794 desideriis
3165 3739 3354 3794 vestris
3383 3754 3647 3810 congruos
3674 3743 3882 3798 miseri-

2303 3833 2661 3898 musall‘atus,
2691 3841 2745 3888 et
2768 3847 2908 3887 nunc
2935 3847 3148 3902 quoque
3181 3832 3464 3886 ansietatis
3489 3842 3679 3887 vestrae
3703 3835 3882 3890 credi-

2302 3923 2479 3977 dimus
2499 3924 2751 3978 solatium
2774 3965 2788 3989 ,
2821 3924 2865 3978 si
2894 3923 2961 3977 ad
2989 3936 3082 3977 vos
3111 3924 3395 3993 praesentia
3422 3926 3616 3995 scripta
3641 3924 3882 3983 mittere-

2303 4033 2421 4072 mus
2446 4035 2459 4072 :
2488 4026 2690 4071 tantum
2715 4018 2797 4072 est
2827 4025 2883 4070 ut
2907 4017 2974 4072 de
2995 4017 3200 4071 actibus
3226 4027 3388 4087 atque
3410 4019 3665 4087 sosiiitate
3686 4031 3883 4087 vestra,

2303 4125 2403 4164 nec
2432 4125 2536 4164 non
2562 4119 2616 4164 et
2645 4111 2711 4164 de
2733 4123 2880 4163 mora
2925 4124 3018 4178 per
3042 4124 3200 4179 quam
3223 4123 3318 4163 vos
3347 4109 3571 4164 detineri
3599 4111 3883 4179 plurimum

2302 4201 2568 4266 dolemus,
2599 4200 2851 4256 relevetis
2877 4215 2974 4255 nos
3003 4201 3247 4270 alloquiis
3263 4201 3364 4257 sub
3392 4203 3674 4259 occasione
3697 4204 3883 4262 idonea

2305 4295 2600 4364 portitoris.
2635 4295 2762 4348 Data
2813 4309 2861 4347 ιν
2899 4294 3018 4348 idus
3055 4293 3246 4361 Iulias,
3282 4294 3502 4350 Rustico
3533 4298 3652 4350 viro
3698 4297 3884 4352 claris-

2305 4388 2442 4441 simo
2472 4387 2692 4442 consule
2717 4388 2874 4454 (anno
2907 4387 3118 4442 Domini
3151 4385 3296 4458 520).

2820 4498 3153 4556 EPISTOLA
3186 4498 3373 4555 LXIX.

2934 4608 3001 4645 Αι)
3031 4605 3258 4646 Εοευειι.

2306 4681 2430 4737 Cum
2474 4697 2649 4736 eorum
2673 4682 2866 4736 litteras
2916 4700 3017 4736 non
3050 4684 3328 4752 acceperit,
3361 4682 3529 4738 mon'et
3559 4694 3612 4738 ut
3642 4685 3880 4743 scribant.

2377 4773 2656 4828 Hormisda
2701 4775 2966 4830 Germano
3011 4776 3296 4845 episcoiio,
3331 4777 3494 4832 Felici
3540 4785 3596 4833 et
3632 4779 3886 4839 Dioscoro

2304 4865 2566 4935 diaconis,
2597 4877 2651 4921 et
2681 4866 2880 4921 Blando
2908 4869 3240 4939 presbytero.

2377 4959 2598 5014 Animos
2630 4968 2842 5015 nostros
2877 4969 2980 5014 tam
3023 4961 3331 5016 diuturnum
3362 4963 3666 5018 dilectionis
3695 4975 3886 5024 vestrm

2305 5052 2599 5120 silentium,
2620 5063 2679 5108 ut
2705 5061 2972 5109 tantorum
2998 5064 3295 5124 temporum
3319 5058 3602 5113 contristat
3620 5060 3885 5130 absentFa,

2307 5146 2570 5214 praecipue
2613 5161 2732 5201 cum
2763 5147 2843 5200 vir
2872 5148 3182 5218 magniﬁcus
3233 5151 3483 5218 patricius
3511 5153 3886 5224 Symmachus,

2303 5245 2358 5292 ct
2390 5238 2468 5292 vir
2499 5237 2721 5292 illustris
2748 5237 3020 5293 Romanus
3052 5241 3308 5310 magister
3339 5242 3569 5297 militum
3603 5244 3693 5298 tilii
3719 5245 3888 5301 nostri

2305 5331 2533 5386 reditum
2591 5331 2728 5399 apud
2789 5345 2887 5386 nos
2933 5332 3171 5389 caritatis
3218 5341 3410 5387 vestra:
3462 5335 3579 5387 sine
3632 5335 3888 5394 dilatione

2304 5421 2684 5491 promiserint,
2709 5431 2761 5477 et
2790 5424 3094 5491 ignoramus
3115 5433 3289 5478 utrum
3312 5423 3420 5477 illic
3443 5437 3724 5479 causarum
3754 5444 3887 5496 qua-

2306 5513 2456 5575 litas,
2486 5527 2553 5565 an
2585 5522 2731 5568 certe
2775 5514 2918 5568 fraus
2955 5515 3129 5584 aliqua
3154 5515 3398 5571 simulata
3427 5518 3527 5571 sub
3563 5522 3887 5579 necessitate

2304 5602 2568 5668 detineat;
2610 5605 2733 5673 quia
2781 5605 2936 5660 nobis
2983 5607 3400 5663 sollicitudinem
3439 5608 3556 5667 sine
3581 5619 3885 5673 cessatione

2302 5694 2608 5764 gerentibus
2629 5736 2643 5760 ,
2675 5704 2729 5751 et
2763 5711 2898 5766 pene
2930 5697 3208 5754 universos
3240 5701 3486 5758 homines
3515 5704 3726 5762 illatum
3765 5724 3885 5778 par-

2301 5787 2428 5840 tium
2457 5789 2949 5856 percunctantibus,
2974 5789 3183 5848 diversa
3214 5802 3269 5849 et
3309 5794 3586 5853 dissimilia
3627 5800 3882 5865 nuntians

2299 5888 2386 5938 tur
2436 5899 2446 5932 :
2493 5891 2547 5938 et
2585 5881 2726 5955 ideo,
2762 5885 3014 5958 quoniam
3059 5901 3156 5944 vos
3178 5902 3368 5946 causas
3410 5900 3571 5948 tantae
3619 5893 3878 5957 tarditatis
