4262 6264
1874 326 1916 343 ,Α

335 427 445 482 489

1539 413 1899 473 ΕΡῙΞΤΟΙΛΕ
1939 414 2030 472 ΕΤ
2069 414 2416 473 DECRETA.

3514 422 3620 476 490

302 588 307 595 ,
331 534 530 592 melius
556 529 963 602 deprehendere
987 535 1042 587 et
1069 527 1369 597 intelligere
1396 525 1619 597 potestis
1646 536 1809 595 atque
1835 539 1926 580 co-
1950 528 2009 591 Α
2029 528 2150 584 aliis
2172 529 2263 601 (ut
2291 542 2351 584 se
2379 527 2578 585 habent
2607 529 2837 585 humana
2868 528 3081 599 studia)
3104 529 3156 584 in
3186 529 3516 586 contrarium
3532 545 3624 587 re.

331 640 621 699 gnoscere,
668 622 973 693 signiﬁcare
1019 619 1173 675 nobis
1218 619 1342 683 ista,
1392 618 1458 672 de
1500 615 1695 687 quibus
1747 624 1934 671 noster

330 717 612 772 cruciatur
639 716 875 778 animus,
907 713 1199 776 debuistis;
1233 711 1321 767 vel
1352 710 1396 765 si
1427 719 1509 766 est
1535 724 1696 764 causa
1718 708 1934 763 dilatio-

333 810 421 864 nis
446 808 672 873 idonea,
704 807 843 861 sicut
866 805 1213 861 constitutum
1240 810 1351 868 est,
1381 802 1613 872 aliquem
1646 804 1710 856 de
1738 799 1935 856 vestris

331 901 403 955 ad
450 914 548 954 nos
591 905 907 969 oportuerat
952 895 1249 961 destinari,
1298 893 1439 949 unde
1478 909 1545 948 ne
1581 893 1802 947 forsitan
1838 905 1933 961 per

332 990 635 1055 versutias,
668 996 760 1043 aut
795 988 1025 1057 aliquam
1053 984 1523 1041 concinnationem
1564 983 1719 1038 vobis
1743 981 1931 1037 dilatio

331 1091 389 1136 et
416 1079 801 1149 impedimenta
830 1085 1173 1147 generentur,
1197 1074 1299 1129 sub
1317 1074 1597 1129 celeritate
1617 1072 1776 1127 nobis
1796 1071 1932 1126 scri-

332 1172 481 1237 bite,
513 1180 570 1224 ut
600 1169 701 1224 sub
728 1167 1033 1223 rationabili
1061 1165 1401 1221 ordinatione
1429 1178 1527 1233 pro
1558 1172 1732 1219 vestra
1764 1176 1925 1232 repe-

332 1261 522 1317 titione
553 1261 621 1315 ad
654 1260 820 1314 ﬁlium
852 1269 1091 1314 nostrum
1123 1256 1599 1312 clementissimum
1634 1255 1931 1324 imperato-

332 1369 453 1410 rem
503 1353 816 1423 dirigamus.
865 1351 1005 1419 Ergo
1053 1359 1161 1404 tam
1202 1349 1345 1405 circa
1384 1361 1641 1419 personas
1669 1362 1829 1417 quam
1861 1346 1931 1403 de

333 1460 499 1501 causa
529 1444 673 1509 ﬁdei,
707 1458 802 1510 pro
828 1456 929 1512 qua
959 1441 1051 1496 diu
1093 1440 1396 1503 moramini,
1427 1439 1553 1509 quid
1590 1446 1808 1509 geratur
1848 1438 1932 1492 in.

336 1538 555 1598 struite.
584 1542 743 1604 atque
786 1532 1095 1602 plenissime
1145 1530 1301 1587 nobis
1341 1530 1589 1585 universa
1614 1527 1926 1597 rescribite,

334 1638 398 1685 ut
425 1629 675 1685 omnibus
709 1626 966 1695 cognitis,
995 1625 1105 1679 Deo
1144 1633 1331 1678 nostro
1364 1623 1607 1689 favente,
1637 1628 1930 1675 tractemus

334 1718 796 1792 quemadmodum
828 1716 1071 1786 personis
1112 1716 1307 1770 vestris
1355 1720 1410 1768 et
1437 1726 1615 1766 causa:
1646 1710 1813 1780 ipsius
1836 1725 1930 1765 cu-

335 1815 424 1885 jus
464 1826 553 1867 res
591 1812 766 1878 agitur
810 1810 976 1877 possit
1020 1804 1390 1863 misericordia
1438 1803 1745 1859 subvenire.
1796 1802 1927 1856 Data

2042 622 2402 687 mittentibus,
2432 637 2518 677 me
2540 623 2885 678 crediderunt
2913 624 2982 678 de
3020 623 3120 677 hoc
3147 622 3399 691 ambiguo
3424 637 3621 679 consu-

2040 713 2281 767 lendum.
2335 713 2453 767 Dixi
2504 713 2717 783 quidem
2748 729 2809 769 ea
2840 728 2959 783 quae
3010 729 3041 768 a
3097 713 3474 768 tractatorihus
3525 729 3624 782 pro

2004 812 2009 813 '
2039 814 2199 872 captu
2227 804 2431 873 proprii
2462 803 2658 874 ingenii
2708 805 3067 873 disputantur,
3120 819 3228 859 non
3259 811 3318 858 ut
3367 807 3623 861 canonica

2038 896 2225 965 recipi,
2258 896 2445 951 aut'ad
2475 896 2809 968 synodalium
2842 898 3015 952 vicem
3054 912 3153 966 pro
3204 897 3319 967 lege
3374 899 3619 963 servari;

2037 987 2133 1043 sed
2164 987 2363 1043 habere
2406 1002 2506 1042 nos
2548 997 2692 1043 certa
2740 988 2966 1053 scilicet,
3011 1002 3131 1058 qua:
3169 989 3337 1043 veteri
3382 988 3501 1059 lege
3533 990 3620 1045 vel

2037 1093 2175 1133 nova
2196 1078 2522 1148 conscripta,
2555 1088 2610 1134 et
2639 1079 2979 1147 generalibus
3007 1080 3222 1134 Patrum
3254 1088 3378 1135 sunt
3405 1079 3619 1134 decreta

2034 1168 2251 1238 judiciis
2278 1171 2344 1224 ad
2377 1171 2777 1225 fundamentum
2800 1170 2947 1239 ﬁdei,
2966 1185 3030 1226 ac
3056 1171 3332 1240 religionis
3358 1174 3621 1241 integram

2037 1258 2382 1327 ﬁrmitatem;
2413 1260 2527 1314 haec
2553 1269 2753 1325 autem,
2799 1276 2917 1330 qua:
2948 1261 3213 1316 antistites
3262 1261 3462 1315 diversi
3494 1276 3623 1315 con-

2037 1350 2389 1418 scripserunt,
2422 1365 2519 1419 pro
2545 1350 2801 1420 qualitate
2853 1351 2935 1405 sui
2986 1352 3103 1405 sine
3157 1351 3468 1420 pra-judicio
3499 1349 3621 1405 ﬁdei

2037 1441 2214 1495 solere
2237 1440 2469 1498 censeri.
2496 1440 2601 1497 Sed
2622 1456 2745 1495 cum
2773 1440 2888 1495 haec
2909 1441 3201 1511 (quantum
3224 1442 3279 1495 in
3304 1456 3489 1496 eorum
3512 1440 3623 1495 fre-

2035 1534 2221 1603 quenti
2252 1534 2613 1603 postulatione
2635 1534 3032 1603 persensimus)
3063 1534 3231 1602 magis
3248 1534 3327 1588 eis
3348 1534 3623 1588 excusatio
3674 1516 3676 1523 ’

2035 1622 2345 1678 videretur:
2374 1624 2460 1679 vel
2492 1637 2588 1693 pro
2614 1638 2801 1679 eorum
2827 1639 3009 1694 prece,
3040 1624 3124 1679 vel
3146 1639 3245 1693 pro
3266 1623 3505 1692 obsequii
3525 1637 3620 1678 oc-

2035 1712 2253 1768 casione
2299 1712 2559 1768 reddendi
2606 1713 2923 1782 apostolatui
2956 1722 3154 1777 vestro,
3208 1728 3303 1782 per
3350 1713 3619 1768 Iustinum

2037 1804 2320 1859 diaconum
2373 1819 2552 1860 meum
2586 1806 2898 1874 presumpsi
2949 1806 3126 1875 apices
3155 1805 3434 1874 parvitatis
3481 1819 3620 1861 mem

337 1905 516 1960 idibus
554 1900 712 1965 Julii,
746 1899 965 1955 Rustico
1004 1899 1119 1952 viro
1162 1897 1465 1953 clarissimo
1507 1894 1731 1950 consule
1760 1894 1930 1965 (anno
1958 1913 2008 1973 Β
2037 1896 2281 1965 ingerere
2308 1912 2323 1961 ;
2366 1890 2559 1965 quibus
2590 1895 2959 1966 principaliter
2988 1896 3288 1951 orationum
3320 1896 3621 1952 vestrarum

340 1994 551 2050 Domini
585 1990 734 2060 520).
977 2057 1279 2113 RELATIO

341 2169 678 2211 POSSESSOBIS
710 2166 942 2209 EPISCOPI
961 2167 1081 2206 AFRI
1102 2168 1202 2205 PER
1227 2164 1478 2205 ιυετιΝωί
1501 2163 1769 2205 DIACONUII
1788 2162 1930 2205 EJUS.

498 2246 720 2303 Consulit
749 2245 1045 2314 pontiﬁcem
1081 2245 1145 2298 de
1173 2243 1359 2296 Fausti
1388 2244 1612 2313 episcopi
1638 2243 1788 2297 libro.

421 2339 642 2394 Domino
672 2337 983 2392 beatissimo
1024 2345 1077 2389 et
1124 2334 1466 2390 ineffabiliter
1522 2333 1775 2394 mirabili,
1805 2333 1934 2388 etin

339 2433 542 2490 Christi
572 2432 740 2503 gratia
769 2427 1106 2499 pra-ferendo
1138 2441 1289 2497 papae
1320 2425 1621 2482 Hormisda:
1648 2427 1936 2482 Possessor

339 2525 628 2595 episcOpus
656 2522 710 2575 in
736 2520 960 2574 Domino
987 2530 1244 2573 aeternam
1269 2518 1519 2571 salutem.

415 2617 582 2672 Decet
611 2624 666 2669 et
685 2612 904 2682 expedit
926 2610 991 2665 ad
1026 2609 1217 2679 capitis
1256 2624 1534 2665 recurrere
1577 2607 1939 2664 medicamen-

341 2718 479 2775 tum,
510 2706 720 2776 quoties
770 2703 945 2773 agitur
992 2701 1061 2756 de
1115 2700 1343 2754 sanitate
1392 2698 1776 2754 membrorum.
1833 2697 1935 2764 Qui

340 2800 487 2854 enim
515 2796 775 2865 majorem
810 2796 955 2849 circa
989 2794 1262 2861 subjectos
1291 2790 1715 2846 sollicitudinem
1774 2790 1933 2859 gerit,

340 2901 437 2945 aut
461 2904 490 2943 a
520 2905 625 2958 quo
651 2888 822 2955 magis
850 2894 933 2940 est
959 2884 1195 2938 nutantis
1245 2883 1368 2937 ﬁdei
1428 2881 1694 2937 stabilitas
1746 2895 1937 2948 exspe-

340 2982 558 3045 ctanda,
588 2995 745 3051 quam
769 2979 837 3033 ab
864 2977 979 3047 ejus
1009 2976 1152 3031 sedis
1185 2974 1432 3042 praeside,
1482 2973 1634 3042 cujus
1676 2972 1879 3041 primus
1906 2985 1936 3025 a

339 3074 561 3129 Christo
591 3083 768 3127 rector
813 3072 1020 3125 audivit
1046 3089 1057 3123 :
1105 3068 1183 3122 Tu
1231 3084 1281 3121 es
1313 3066 1522 3131 Petr'us,
1554 3076 1601 3120 et
1625 3082 1778 3136 super
1801 3065 1938 3119 hanc

342 3176 538 3236 petram
565 3162 833 3231 wdiﬁcabo
867 3161 1149 3215 Ecclesium
1170 3175 1333 3211 meam
1360 3156 1575 3227 (Matth.
1604 3158 1712 3224 xw)
1736 3156 1758 3208 ?
1782 3154 1937 3210 Arbi-

344 3270 460 3314 tror
489 3266 721 3312 vestram
754 3254 1137 3309 beatitudinem
1170 3266 1275 3304 non
1305 3249 1471 3303 latere
1498 3248 1709 3316 quantis
1728 3247 1778 3299 in
1795 3245 1935 3301 Con-

344 3348 816 3418 stantinopolitana
849 3344 982 3399 urbe
1012 3342 1247 3397 Ecclesia
1279 3340 1489 3394 laboret
1526 3337 1760 3401 insidiis,
1787 3344 1844 3391 et
1867 3334 1935 3391 ad

342 3457 551 3498 morem
576 3439 772 3494 veteris
794 3436 967 3492 morbi
990 3436 1043 3488 in
1067 3436 1274 3490 saniem
1301 3433 1491 3485 vulnus
1512 3431 1705 3485 iterum
1730 3437 1936 3500 quaerat

342 3544 653 3601 erumpere,
701 3527 846 3598 quod
873 3526 1165 3582 obductum
1197 3522 1433 3579 creditur
1459 3520 1729 3576 cicatrice.
1782 3518 1934 3574 Unde

340 3641 471 3681 cum
503 3622 851 3694 quorumdam
909 3622 1128 3674 fratrum
1186 3617 1397 3671 animus
1434 3615 1503 3669 de
1532 3613 1719 3669 codice
1751 3612 1934 3667 Fausti

342 3716 631 3785 cujusdam
659 3716 871 3769 natione
895 3716 911 3736 ⁶
943 3711 1082 3767 Galli
1105 3715 1145 3735 “
1169 3709 1386 3780 Reginae
1408 3707 1645 3763 civitatis
1673 3705 1932 3775 episcopi,

343 3811 443 3882 qui
471 3810 539 3865 de
566 3807 793 3863 diversis
818 3807 974 3862 rebus
1001 3815 1055 3861 et
1081 3804 1407 3874 frequentius
1432 3802 1500 3856 de
1522 3801 1692 3870 gratia
1727 3800 1820 3855 Dei
1854 3798 1936 3853 di-

342 3913 491 3961 serte
520 3904 663 3958 visus
685 3909 769 3957 est
801 3900 1095 3968 disputare,
1153 3898 1207 3951 in
1238 3896 1550 3952 scandalum
1601 3900 1932 3961 moveretur,

418 4052 444 4079 ι
473 4041 709 4097 Joannes
737 4035 1030 4092 Maxentius
1058 4034 1341 4088 hmreticus
1369 4039 1424 4085 et
1445 4029 1672 4085 mendax
1702 4029 1935 4098 scriptor

343 4114 551 4183 primus
579 4122 661 4165 est
694 4108 783 4183 qui
812 4109 945 4162 hanc
970 4105 1249 4172 epistolam
1282 4102 1577 4183 llormisdte
1605 4115 1727 4155 esse
1773 4114 1935 4167 nega-

342 4176 454 4249 vit;
495 4197 655 4251 quam
712 4176 827 4248 ipsa
869 4176 1359 4251 tamen_connexio
1408 4188 1588 4251 rerum
1635 4179 1933 4251 gestarum,

342 4240 919 4317 sententiarum'atque
964 4246 1250 4302 verborum
1281 4243 1601 4317 proprietas,
1635 4242 1748 4317 ipse
1776 4240 1927 4293 deni-

338 4342 447 4395 que
470 4324 643 4393 stylus
678 4310 978 4395 Hormisdae
1003 4310 1293 4395 manifeste
1311 4313 1638 4395 adjudicant.
1670 4310 1933 4391 Joannem

341 4382 678 4456 Cochliiaum,
714 4393 882 4445 virum
933 4389 1068 4441 fama
1121 4386 1415 4447 celebrem,
1460 4392 1516 4437 et
1558 4382 1933 4456 haereticorum

340 4467 516 4522 nostri
539 4453 795 4530 temporis
823 4460 1140 4530 acerrimum
1167 4457 1614 4530 impugnatorem,
1637 4453 1782 4530 idem
1807 4464 1928 4530 cum

341 4518 616 4594 Maxentio
649 4518 886 4586 sensisse
914 4529 1161 4591 fatemur,
1192 4518 1284 4581 sed
1317 4518 1506 4580 Errore
1552 4521 1761 4594 etboni
1814 4518 1935 4588 opi-

340 4593 509 4664 nione
531 4608 709 4672 lapsus
737 4602 854 4656 fuit.
880 4600 1203 4672 Apologiam
1224 4598 1367 4652 enim
1399 4593 1734 4672 Maxentiijn
1772 4603 1935 4659 quam
1963 4604 2020 4667 θ

342 4664 632 4739 inciderat,
655 4689 684 4726 a
716 4664 981 4727 catholico
1010 4664 1271 4739 scriptam,
1324 4681 1475 4739 esse_
1502 4664 1725 4739 putavit,
1763 4674 1933 4739 _quam

342 4731 636 4803 haereticus
661 4731 1136 4810 pestilentissimus'
1155 4738 1416 4810 ediderat.
1439 4731 1622 4788 caruit
1645 4731 1935 4810 virdoctus

339 4802 540 4873 harum
572 4802 919 4884 epistolarum
951 4809 1246 4884 Hormisdie
1287 4822 1428 4884 nunc
1457 4818 1644 4884 recens
1675 4802 1937 4884 editurum

342 4872 755 4950 subsidio.'Qiio
783 4884 826 4938 si
854 4884 1142 4936 instructus
1170 4880 1377 4941 fuisset,
1409 4876 1731 4950 iratiilein_et
1754 4872 1935 4950 dolum

342 4942 591 5015 haeretici
641 4942 1070 5009 animadvertere
1123 4949 1411 5019 potuisset.
1476 4944 1607 4998 Vide
1654 4942 1939 5019 Baroninm

343 5013 492 5086 anno
518 5027 642 5089 5&0,
676 5039 900 5078 numero
931 5013 1190 5091 vigesimo
1216 5018 1454 5073 secundo
1473 5025 1529 5091 et
1553 5013 1938 5091 sequentibus;

343 5083 697 5158 I’ossevinum
717 5095 768 5147 in
794 5083 1062 5162 Apparatu
1080 5105 1271 5162 sacro,
1289 5091 1454 5162 verbo
1475 5084 1701 5162 Joannes
1726 5083 1938 5162 Maxen-

344 5154 471 5226 iias.
497 5170 628 5224 Ssv.
654 5154 856 5220 Btuius:
870 5154 1236 5215 l-Vaferrimi
1263 5159 1483 5225 hujusce
1506 5154 1762 5226 haeretici,
1782 5162 1941 5219 atque

344 5224 405 5296 ut
440 5239 719 5294 minimum
742 5238 948 5304 loquar,
977 5231 1307 5302 Eutychiana
1329 5224 1547 5296 fuligine
1571 5224 1742 5304 tincti,
1762 5232 1941 5304 patro-

346 5314 551 5367 cinium
594 5322 762 5375 nuper
808 5297 1161 5375 susceperunt
1219 5313 1474 5375 procaces
1513 5297 1723 5375 quidam
1751 5303 1941 5375 'atque

345 5364 597 5438 infruniti
617 5364 901 5432 novatores
918 5364 1158 5429 Jansenii
1184 5364 1428 5432 asseclae,
1451 5369 1545 5422 sed
1570 5364 1763 5438 infelici
1779 5364 1942 5438 plane

346 5436 513 5521 atque
544 5450 697 5521 irrito
725 5452 1090 5521 succeSStt,_ut
1118 5442 1364 5510 pluribus
1413 5440 1544 5492 alias
1604 5436 1940 5521 docebimust

346 5502 708 5593 Egmierenim
742 5520 794 5571 in
832 5502 1186 5593 quaestionem
1235 5520 1476 5593 vpcatur,
1510 5519 1685 5562 utrum
1724 5502 1943 5593 tolerari

557 5593 670 5645 haec
691 5573 941 5667 asseriio,
977 5584 1123 5667 Urius
1154 5585 1224 5667 de.
1246 5582 1500 5667 Trinitate
1520 5594 1696 5667 passus
1726 5573 1944 5667 estlsled

346 5644 664 5736 quosensu,
689 5644 949 5736 quibusve
978 5654 1374 5736 adblandientis
1417 5644 1711 5717 vulpeculae
1745 5644 1948 5736 subdo—

347 5723 421 5792 lis
450 5734 657 5788 artibus
686 5723 1023 5783 s'ubtiliorum
1045 5726 1421 5782 haereticorum
1445 5735 1594 5775 more
1617 5732 1735 5792 eam
1761 5723 1947 5792 protu-

347 5785 922 5868 iEri—tdefenderitque
949 5812 1070 5851 cum
1102 5797 1211 5851 suis
1245 5793 1460 5868 Scythis
1491 5787 1767 5868 mon_achis
1788 5785 1949 5868 Ioan-

349 5859 458 5934 nes
497 5871 800 5930 Maxentius
821 5859 851 5932 ,’
883 5869 985 5923 hoc
1034 5883 1142 5921 uno
1199 5859 1551 5935 patrocinium
1602 5859 1953 5913 Janseniano-

643 5964 921 6025 Ρλτιοι.
952 5958 1162 6020 LXIII
1177 6001 1191 6018 .

1963 3271 2011 3337 C

2037 1989 2314 2043 munimen
2337 2002 2654 2057 exposcens,
2703 2001 2886 2058 quaeso
2916 1996 2975 2042 ut
3014 1990 3355 2043 consulentes
3380 1990 3527 2058 .quid
3552 1990 3623 2047 de

2036 2080 2246 2151 praefati
2276 2080 2512 2135 auctoris
2540 2081 2699 2135 dictis
2727 2080 2989 2147 videatur,
3041 2079 3359 2134 auctoritate
3405 2088 3621 2148 aposto-

2038 2173 2154 2228 lica:
2182 2172 2550 2242 responsionis
2571 2180 2864 2242 agnoscant
2892 2188 2903 2223 :
2933 2171 3174 2226 maxime
3196 2170 3339 2242 quod
3370 2170 3462 2225 ﬁlii
3483 2187 3623 2239 quo-

2037 2278 2143 2333 que
2172 2264 2335 2318 vestri
2366 2264 2599 2333 magistri
2624 2264 2854 2317 militum
2879 2261 3182 2318 Vitalianus
3210 2271 3266 2316 et
3290 2261 3625 2318 Justinianus

2037 2355 2307 2426 praecipue
2324 2368 2483 2424 super
2513 2354 2611 2409 hac
2641 2370 2698 2409 re
2719 2354 2983 2424 rescripto
3033 2352 3384 2408 beatitudinis
3426 2362 3625 2409 vestra

2039 2448 2287 2502 similiter
2312 2446 2587 2502 informari
2615 2446 2945 2502 desiderant.
2979 2445 3232 2501 Codicem
3269 2460 3482 2514 quoque
3511 2451 3627 2501 tra-

2038 2540 2290 2595 ctandum
2342 2541 2362 2608 (
2396 2545 2713 2593 tractatuum
2744 2537 2762 2606 )
2816 2536 3047 2592 antehac
3086 2536 3348 2591 direxisse
3380 2537 3622 2603 memini,

2037 2633 2404 2687 continentem
2436 2630 2579 2685 beati
2609 2630 2759 2684 Pauli
2796 2629 3027 2699 apostoli
3058 2629 3402 2699 epistolarum
3440 2630 3625 2697 expla-

2038 2725 2314 2785 nationes;
2340 2736 2439 2792 pro
2465 2735 2571 2791 quo
2592 2720 2855 2785 rescripto
2885 2719 3139 2791 gratulari
3164 2734 3268 2775 non
3293 2719 3486 2774 merui.
3518 2719 3626 2774 Un-

2038 2816 2107 2871 de
2155 2815 2314 2869 simili
2347 2791 2521 2884 prece
2567 2812 2804 2881 deposco
2856 2821 2915 2867 ut
2946 2814 3349 2883 praerogativam
3399 2791 3625 2867 benedi-

2037 2907 2229 2965 ctionis
2256 2917 2446 2961 vestrae
2484 2904 2808 2974 competenti
2858 2904 3210 2974 responsione
3256 2916 3466 2958 merear
3506 2901 3625 2957 adi-

2037 2999 2191 3069 pisci.
2246 2999 2477 3064 Accepta
2532 3012 2601 3049 xv
2648 2993 2903 3050 calendas
2933 2995 3185 3064 Augusti,
3234 2991 3455 3047 Rustico
3504 2991 3623 3047 viro

2038 3086 2335 3144 clarissimo
2355 3085 2599 3141 consule.

2540 3210 2565 3237 ⁸
2597 3197 2933 3254 EPISTULA
2964 3195 3128 3250 LXX.

2426 3287 2493 3325 AD
2522 3283 2883 3326 POSSESSOREM
2927 3279 3236 3322 EPISCOPUH.

2042 3368 2263 3430 Scythas
2284 3367 2579 3430 monachos,
2612 3380 2732 3419 suos
2752 3378 2948 3417 errores
2985 3362 3231 3415 damnare
3271 3358 3520 3430 nolentes,
3568 3365 3627 3411 ut

2152 3385 2263 3421 mas
2284 3385 2579 3430 monacnos,
2612 3385 2732 3419 suos
2752 3385 2948 3417 errares
2985 3385 3230 3415 aumnure
3271 3385 3520 3421 nuwmca,
3569 3385 3626 3411 ul

2113 3385 2371 3493 zwreticos
2395 3439 2457 3490 ab
2483 3437 2607 3490 urbe
2628 3437 2890 3503 expulsos.
2923 3432 3108 3485 Fausti
3128 3431 3316 3483 librum
3336 3444 3368 3482 a
3390 3428 3627 3483 Romam!

2111 3508 2350 3563 Ecclesia
2374 3524 2477 3561 non
2513 3506 2692 3575 recipi.

2114 3618 2395 3675 Hormisda
2418 3615 2723 3673 Possessori
2747 3615 3019 3683 episcopo.

2113 3710 2264 3765 Sicut
2289 3706 2485 3762 rationi
2509 3706 2758 3776 congruit
2782 3714 2839 3758 ut
2868 3703 3154 3759 consulant
3172 3699 3506 3770 ambigentes
3521 3743 3536 3769 ,
3558 3701 3631 3759 ita

2040 3817 2138 3872 par
2165 3808 2250 3857 est
2290 3798 2621 3869 respondere
2666 3796 2964 3861 consultos,
3015 3794 3139 3864 quia
3172 3792 3287 3861 ipse
3324 3792 3554 3863 impellit
3578 3793 3633 3853 in

2039 3909 2279 3951 errorem
2311 3894 2398 3963 qui
2430 3908 2536 3947 non
2566 3890 2784 3946 instruit
2814 3891 3182 3960 ignorantem;
3215 3900 3315 3942 nec
3343 3886 3632 3957 quidquam

2040 4047 2161 4086 rum
2215 4031 2317 4086 rite
2365 4026 2733 4097 promeritus,_
2764 4022 2927 4097 quod,
2962 4021 3017 4077 in
3047 4019 3394 4097 apostolicam
3450 4020 3632 4097 sedem

2038 4102 2293 4170 injurias,
2316 4089 2381 4153 et'
2402 4102 2454 4153 in
2490 4089 2824 4170 Hormisdam
2854 4089 3152 4170 Romanum
3200 4089 3505 4170 pontiﬁcem
3529 4090 3634 4170 im-

2043 4158 2466 4241 pudentissimus
2482 4166 2860 4241 calumniator,
2880 4164 3091 4241 illorum
3113 4162 3167 4241 in
3192 4158 3436 4241 eamdem
3451 4158 3635 4241 sedem

2044 4230 2305 4297 conviciis
2333 4248 2389 4294 et
2416 4240 2468 4291 in
2499 4249 2738 4290 summos
2780 4234 3033 4288 Ecclesiae
3058 4231 3328 4285 antistites
3356 4230 3635 4284 calumniis

2047 4311 2375 4381 praeluserit.
2410 4308 2719 4381 Haereamus
2736 4305 2787 4358 in
2812 4303 3096 4356 calumniis
3122 4300 3347 4381 Joannis
3368 4298 3625 4381 Maxentii

2046 4370 2109 4435 ac
2138 4397 2205 4436 ne
2233 4394 2530 4446 evagemur
2552 4377 2729 4446 latiu_s,
2756 4389 2914 4446 unam
2938 4387 3001 4425 ex
3025 4372 3274 4446 omnibus
3304 4370 3631 4439 seligamus:

2048 4452 2265 4505 Dixerat
2289 4440 2631 4502 Hormisdas:
2659 4444 3003 4510 Proﬁcicmus
3024 4441 3154 4491 inter
3168 4440 3490 4510 adversantes
3514 4454 3636 4507 pro-

2044 4522 2169 4591 priis
2195 4520 2358 4591 bonis,
2391 4519 2433 4569 si
2455 4516 2719 4591 erroribus
2751 4507 3484 4591 ήοηυὶῃυοιυαζηιινηαζὶςηὶσἐ
3523 4518 3636 4591 quo

2045 4575 2176 4645 nihil
2209 4575 2414 4651 sanius,
2448 4586 2581 4639 nihil
2613 4584 2790 4637 verius
2836 4578 3167 4651 diciupotuit.
3210 4575 3347 4651 Quid
3400 4575 3467 4628 ad
3520 4576 3637 4651 haec

2046 4645 2440 4729 perditissimus
2464 4652 2837 4729 sycophanta?
2864 4649 3082 4729 callide,
3107 4646 3300 4713 inquit,
3335 4651 3477 4729 tuom
3501 4645 3637 4726 nile-

2044 4713 2115 4785 i'is
2146 4713 2404 4785 occultare
2436 4713 2725 4795 perﬁdiam,
2759 4732 2864 4776 etc.
2895 4718 3194 4795 Pelagianae
3239 4713 3471 4795 per/idne
3495 4715 3637 4795 invo-

2048 4784 2215 4856 lutum
2242 4784 2498 4855 erroribus
2521 4784 2816 4847 cunctorum
2858 4784 3046 4844 oculis'
3070 4786 3353 4856 anteponit,
3381 4785 3469 4856 qui
3505 4784 3638 4856 inter

2047 4853 2371 4926 aduersarius
2396 4883 2499 4920 non
2533 4865 2625 4917 Dei
2650 4878 2877 4926 munere,
2909 4858 2997 4911 sed
3031 4853 3451 4926 propriis_bﬁonis
3481 4853 3640 4923 proﬁ-

2049 4923 2163 4996 cere
2178 4923 2224 4994 te
2243 4923 2387 5008 posse
2410 4935 2605 4991 tumida
2622 4923 3099 5008 elationecoiiﬁdis,
3123 4923 3227 5007 etc.
3256 4923 3641 5008 Calumniaris,

2050 4996 2335 5082 impudens
2368 5008 2585 5082 nebulo,
2640 5005 2791 5082 dum_
2812 4998 3009 5082 Chrisﬁ
3038 4997 3295 5082 vicarium
3314 4996 3641 5082 'hasreticum

2050 5067 2407 5139 etinimicum
2457 5067 2699 5131 veritatis
2742 5070 3059 5138 blaSpbemo
3080 5083 3176 5121 ore
3205 5067 3545 5139 deblateras,
3591 5071 3642 5117 et

2049 5136 2277 5225 egregiis
2306 5147 2679 5225 defensoribus
2732 5144 2836 5223 tuis
2867 5136 3150 5225 magniﬁce
3198 5138 3482 5225 preliices.
3510 5136 3643 5225 Ero—

2051 5205 2364 5295 piiaiiibm,
2393 5234 2495 5295 non
2528 5217 2619 5295 Dei
2649 5214 2829 5295 donis,
2854 5205 3226 5295 sanctissimus
3252 5207 3488 5276 pontifex
3510 5205 3644 5285 lior-

2052 5276 2276 5359 ini'sdas,
2311 5276 2404 5346 sed
2433 5286 2586 5342 bonis
2603 5276 2825 5359 opponit
2848 5284 3062 5359 alienis.
3082 5280 3287 5334 Cmtera
3310 5293 3412 5359 non
3435 5276 3644 5359 patiun:

2054 5343 2333 5432 tur-hujus
2347 5343 2753 5414 pbscrvationis
2777 5354 3035 5432 angustize
3052 5369 3067 5403 :
3096 5361 3243 5431 recte
3255 5343 3643 5432 ien-imtmon‘uit

2053 5413 2134 5490 iii-
2164 5413 2430 5493 eruditus,
2464 5438 2730 5493 suspenso
2774 5413 2909 5489 pede
2940 5420 3140 5493 et‘acri
3174 5417 3378 5493 judicio
3407 5413 3644 5493 baeretici

2054 5483 2337 5573 liiiju'svieoi
2367 5483 2905 5573 pernici'osioris'quo
2929 5483 3194 5573 cultioris,
3248 5483 3469 5573 legenda
3509 5494 3645 5573 cess:

2342 5548 2543 5635 scripta
2564 5608 2578 5630 ,
2608 5580 2677 5619 ne
2700 5548 3012 5639 impingunt.
3048 5548 3250 5639 PulLl-D.
3272 5548 3491 5639 bassis,
3503 5548 3642 5639 SL1.

2124 5645 2155 5679 ⁸
2186 5642 2338 5695 Errat
2366 5656 2378 5690 :
2409 5626 2835 5691 commoratione
2863 5626 3078 5700 quidem
3107 5626 3313 5705 Gallus,
3346 5631 3401 5705 at
3430 5626 3644 5705 natione

2056 5692 2343 5770 mna—unus
2370 5708 2488 5772 fuit,
2517 5715 2577 5760 ut
2598 5705 2685 5759 vel
2715 5692 2939 5773 ipsemet
2970 5704 3195 5752 testatur
3224 5692 3465 5763 pluribus
3492 5692 3645 5753 locis.

2070 5850 2093 5859 ,η
2127 5787 2166 5807 ⁴⁶
2193 5781 2407 5838 Reiensi
2442 5780 2494 5833 in
2534 5773 2866 5831 Narbonensi
2896 5785 2966 5824 ιι.

3218 5918 3296 5981 16
