4248 6260
605 290 708 354 ιοι

1954 283 2324 344 HORMISDE
2362 289 2561 348 ΡΑΡᾹΞ

3777 313 3884 371 432

605 403 782 479 aptius
808 407 892 460 est
922 381 1162 459 studioso
1182 400 1479 471 religionis,
1506 413 1666 496 quam
1719 398 1972 496 imposito
2041 397 2185 496 Edit.
2213 401 2273 464 Α
2292 403 2610 496 disciplinae,
2631 407 3051 471 obstinationem
3069 415 3370 486 pertinacis
3385 433 3571 479 amare
3589 426 3885 496 superbiae.

604 496 784 559 Rom.,
843 493 1156 564 inquisitio)
1188 492 1458 559 veritatis;
1491 492 1706 563 quando
1736 491 1947 549 facilius
1978 493 2191 550 devium

604 587 757 650 vitat,
780 585 868 654 qui
892 584 996 639 iter
1016 599 1112 654 per
1135 582 1276 654 quod
1296 583 1538 652 graditur
1553 595 1729 654 rogat.
1748 584 1855 640 Sed
1881 585 2189 655 priusquam

603 671 962 743 respondendi
994 686 1177 726 curam
1208 672 1275 727 de
1309 673 1389 727 bis
1420 688 1540 742 quae
1570 673 1788 730 dilectio
1837 683 1925 729 tua
1967 686 2193 742 percun-

603 772 780 821 ctatur
808 761 1105 833 aggrediar,
1131 762 1360 818 libenter
1385 764 1438 817 in
1463 761 1656 819 litteris
1690 765 1791 821 tuis
1823 764 1949 821 ﬁdei
1976 773 2080 820 tute
2106 780 2193 820 me

606 857 777 912 lateor
804 855 1076 911 invenisse
1118 853 1408 920 fervorem,
1440 856 1595 927 cujus
1641 857 1824 913 calore
1878 872 2191 923 succensus,

603 946 898 1004 redivivam
930 946 983 1000 in
1016 945 1124 1001 illis
1146 945 1385 1014 partibus
1433 947 1730 1004 inﬁdelium
1783 949 2191 1018 perversitatem

604 1039 785 1108 vigere
812 1037 1071 1107 suspiras.
1106 1037 1460 1108 Dignissimus
1488 1038 1675 1107 dolor,
1722 1040 1814 1112 qui
1874 1039 2053 1096 dedita
2082 1041 2192 1097 Deo

603 1129 765 1186 corda
796 1128 1110 1184 contristet:
1143 1144 1243 1185 nec
1265 1129 1408 1188 enim
1437 1139 1519 1186 est
1539 1131 1679 1202 apud
1703 1146 1822 1187 ~eos
1845 1131 2027 1201 lapsus
2049 1132 2190 1188 inla-

600 1221 933 1288 mentabilis,
965 1221 1156 1291 quibus
1178 1232 1258 1280 est
1283 1221 1550 1292 igniculus
1568 1223 1807 1279 caritatis
1831 1239 1845 1290 ;
1879 1225 2002 1295 quia
2026 1240 2191 1281 unum

604 1313 966 1385 spiritualium
998 1323 1181 1370 votum
1210 1323 1295 1371 est
1321 1315 1466 1371 salus
1491 1316 1813 1372 inconcussa
1850 1327 2190 1374 cunctorum.

601 1405 710 1462 Sed
734 1420 838 1460 non
867 1413 951 1460 est
989 1405 1168 1473 ignota
1216 1405 1471 1462 Ecclesia:
1498 1406 1593 1463 Dei
1623 1407 1692 1463 de
1723 1407 2030 1478 huiusmodi
2063 1422 2190 1478 pro-

601 1496 753 1552 cellis
776 1504 867 1550 aut
898 1496 1104 1550 insueta
1136 1504 1426 1568 tempestas
1452 1513 1467 1551 :
1490 1507 1544 1552 et
1574 1498 1818 1566 quamvis
1851 1499 2077 1553 rectoris
2107 1498 2190 1552 sui

601 1585 961 1656 gubernaculo
992 1586 1310 1640 inconcussa
1331 1587 1602 1670 persistat,
1626 1589 1792 1644 variis
1817 1599 1996 1645 tamen
2020 1588 2191 1644 insur-

599 1680 839 1749 gentium
877 1677 1132 1732 ﬂuctuum
1185 1678 1395 1732 laborat
1441 1690 1629 1735 vexata
1681 1679 2009 1737 turbinibus.
2053 1680 2187 1735 Nam

600 1771 744 1826 unde
772 1778 855 1826 est
884 1769 1184 1839 psalmidici
1213 1784 1315 1824 vox
1345 1771 1640 1840 prophetae,
1684 1773 1774 1842 qui
1800 1773 1967 1842 ipsius
1995 1772 2183 1830 Eccle-
2213 1772 2264 1837 B

599 1865 692 1919 sine
721 1873 1007 1932 personam
1037 1862 1226 1930 spiritu
1272 1877 1380 1931 quo
1430 1862 1808 1931 impellebatur
1855 1881 2136 1922 assumens
2169 1885 2181 1920 :

599 1951 772 2020 Step2,
803 1950 993 2019 inquit.
1039 1963 1456 2021 expugnaverunt
1509 1969 1587 2007 me
1639 1971 1671 2008 a
1719 1958 1990 2026 juventute
2027 1974 2183 2012 mea:

600 2044 783 2098 ctenim
811 2058 914 2095 non
941 2049 1217 2113 potuerunt
1243 2043 1412 2098 mihi?
1438 2044 1784 2115 Concutiunt,
1821 2048 1916 2103 sed
1939 2048 1992 2103 in
2016 2049 2187 2104 nihilo

601 2132 1001 2205 praevalebunt:
1033 2132 1207 2189 adhuc
1231 2135 1285 2190 in
1310 2149 1434 2191 area
1465 2150 1672 2205 sumus,
1725 2132 1888 2193 mixta
1918 2149 2045 2195 sunt
2075 2141 2186 2196 lru~

601 2233 778 2282 menta
809 2239 929 2279 cum
963 2225 1150 2294 paleis,
1177 2234 1399 2295 gemunt
1423 2225 1552 2282 boni
1591 2231 1864 2285 consortia
1899 2232 2183 2299 malorum,

601 2317 695 2373 sed
724 2327 969 2385 superest
998 2316 1212 2372 ﬂamma
1240 2333 1346 2373 non
1394 2321 1736 2390 necessariis,
1768 2333 1822 2378 et
1851 2334 2035 2393 parata
2061 2337 2187 2382 sunt

603 2407 796 2463 horrea
814 2406 925 2476 jam
952 2408 1204 2478 probatis.
1236 2408 1334 2463 Ubi
1367 2418 1631 2466 terrarum
1675 2428 1783 2468 non
1825 2425 1910 2469 est
1933 2416 2033 2471 ista
2059 2432 2182 2486 per-

603 2501 829 2557 mixtio?
859 2500 967 2555 Nos
997 2502 1118 2556 ﬁxis
1146 2501 1300 2556 decet
1327 2503 1526 2560 instare
1553 2505 1574 2576 (
1597 2506 1872 2579 insistere)
1903 2511 2141 2579 vestigiis
2167 2528 2180 2564 :

604 2591 946 2663 proﬁciemus
974 2591 1111 2646 inter
1137 2591 1482 2650 adversantes
1505 2597 1526 2618 θ
1553 2598 1784 2666 propriis
1816 2599 1996 2666 bonis,
2026 2600 2071 2654 si
2103 2617 2188 2655 er-

604 2683 820 2742 roribus
850 2698 956 2737 non
986 2683 1321 2740 involvamur
1337 2685 1547 2742 alienis.
1572 2688 1771 2746 Probat
1799 2693 1940 2748 enim
1969 2695 2184 2749 virtutis

603 2787 718 2832 suae
746 2773 977 2830 validum
995 2775 1175 2841 robur,
1208 2777 1442 2846 quicum
1466 2779 1758 2850 impellitur
1781 2798 1886 2838 non
1909 2797 2180 2842 movetur.

675 2862 777 2918 Ubi
807 2878 915 2918 non
945 2863 1104 2920 variae
1130 2867 1437 2923 tentationis
1459 2870 1677 2925 aculei?
1703 2873 1900 2938 Quales
1927 2889 2023 2944 per
2046 2877 2187 2932 hunc

604 2952 718 3009 fere
739 2954 919 3024 jugem
945 2969 1142 3009 annum
1176 2959 1528 3027 quorumdam
1578 2961 1916 3035 Scytharum,
1948 2969 2039 3036 qui
2069 2985 2189 3022 mo-

604 3045 805 3100 nachos
831 3061 941 3115 prae
963 3061 1022 3102 se
1051 3046 1296 3103 ferebant
1324 3050 1526 3120 specie,
1555 3067 1663 3108 non
1695 3058 1918 3111 veritate
1943 3074 1956 3123 ;
1980 3060 2185 3127 proles-

603 3137 774 3199 sione,
808 3152 913 3190 non
947 3152 1131 3206 opere,
1154 3139 1338 3195 subtili
1379 3149 1548 3198 tectas
1578 3144 1869 3202 calliditate
1898 3153 2182 3220 versutias,
2211 3131 2262 3198 (ἶ

604 3237 658 3284 et
685 3228 786 3283 sub
808 3229 1080 3300 religionis
1107 3232 1330 3288 obtentu
1346 3233 1664 3292 famulantia
1683 3239 1824 3295 odiis
1847 3242 1960 3298 suis
1981 3258 2186 3302 venena

603 3316 942 3384 pertulimus,
974 3317 1250 3374 studentes
1280 3334 1374 3375 eos
1398 3323 1466 3377 ab
1496 3324 1710 3380 interm
1737 3330 1960 3385 vulnere
2010 3337 2185 3391 medi-

603 3406 788 3461 cabilis
812 3408 1081 3476 patientiae
1109 3410 1477 3469 moderamine
1498 3430 1709 3482 sanare,
1735 3420 1874 3477 beati
1901 3423 2046 3480 Pauli
2072 3444 2188 3483 mo-

605 3500 718 3552 nita
747 3515 852 3553 non
885 3510 1119 3555 tacentes
1153 3520 1164 3554 :
1197 3504 1323 3559 Noli
1366 3508 1530 3562 verbis
1557 3515 1897 3581 contendere;
1942 3521 2011 3572 ad
2057 3523 2186 3577 nihil

603 3589 734 3642 enim
765 3590 888 3644 utile
933 3600 1028 3656 est,
1054 3593 1154 3646 nisi
1190 3594 1258 3646 ad
1300 3598 1672 3656 subversionem
1712 3607 2031 3663 audientium
2077 3614 2183 3683 (11

601 3678 736 3733 Tim.
768 3694 804 3732 tt
825 3682 864 3747 ).
898 3680 1004 3736 Sed
1033 3684 1244 3752 quando
1269 3686 1418 3742 virus
1460 3692 1603 3758 quod
1632 3694 1843 3753 viscera
1879 3678 2184 3769 penetravit

599 3771 879 3827 evellitur?
910 3774 1134 3840 Quando
1162 3780 1323 3834 corda
1373 3783 1513 3838 male
1563 3785 1664 3841 sibi
1695 3791 1910 3846 credula
1942 3797 2182 3854 veritatis

599 3863 968 3932 obtemperant
1009 3868 1305 3926 institutis?
1347 3873 1572 3942 Quando
1627 3880 1801 3938 induit
1862 3886 2181 3948 obedientize

598 3954 950 4011 humilitatem
977 3959 1319 4027 opinionibus
1338 3966 1452 4022 suis
1469 3968 1664 4028 vallata
1680 3976 1929 4044 superbia
1953 3979 1976 4034 1
2002 3980 2184 4047 Quan-

597 4044 667 4100 do
695 4047 1042 4113 acquiescunt
1091 4052 1207 4119 paci
1259 4057 1662 4116 contentionum
1711 4066 1900 4124 studiis
1959 4044 2179 4140 assueti,

595 4135 708 4189 sola
734 4137 1026 4191 certamina
1052 4151 1294 4198 amantes
1323 4145 1392 4200 de
1413 4148 1673 4219 religione
1693 4167 1933 4227 captare,
1960 4171 2013 4216 et
2030 4178 2182 4220 man-

593 4225 715 4280 data
743 4227 1052 4298 negligere?
1082 4232 1359 4304 Nunquam
1383 4243 1520 4310 apud
1544 4259 1638 4300 eos
1657 4248 1855 4306 caritas
1872 4268 2010 4310 novo
2032 4271 2180 4315 com-

591 4319 842 4376 mendata
867 4333 1155 4394 praecepto,
1190 4344 1458 4400 nunquam
1512 4351 1613 4405 pax
1667 4340 1939 4401 dominico
1991 4351 2178 4408 relicta

591 4409 864 4477 discessu;
897 4429 997 4468 una
1029 4418 1319 4485 pertinacis
1347 4438 1473 4479 cura
1505 4433 1781 4500 propositi,
1811 4439 2004 4496 rationi
2034 4445 2171 4501 velle

588 4499 873 4571 imperare,
908 4518 1013 4560 non
1049 4507 1313 4577 credere;
1343 4499 1740 4588 contemptores
1789 4532 2165 4593 auctoritatum

587 4601 849 4661 veterum,
876 4611 1134 4654 novarum
1158 4603 1337 4672 cupidi
1359 4614 1753 4684 quaestionum;
1777 4623 1946 4679 solam
1975 4637 2168 4695 putan-

586 4689 670 4736 tes
697 4685 936 4740 scientiae
964 4700 1167 4745 rectam
1199 4694 1361 4761 viam,
1420 4704 1657 4769 qualibet
1701 4723 1958 4785 concepta
1975 4685 2168 4777 dacili-

585 4780 694 4826 tate
723 4778 1042 4834 sententiam
1069 4798 1083 4834 :
1111 4798 1348 4854 eousque
1375 4796 1598 4850 tumoris
1627 4799 1773 4868 elati,
1800 4778 2161 4870 ut-arbitrium

584 4874 737 4958 suum
769 4867 1045 4940 utriusque
1069 4873 1214 4930 orbis
1245 4887 1433 4946 putent
1479 4867 1837 4949 inclinandum
1871 4914 1994 4957 esse
2019 4867 2167 4972 judi;

583 4948 761 5062 ciuinz
791 4969 891 5010 nee
914 4959 966 5013 in
998 4976 1222 5019 numero
1264 4966 1500 5027 ﬁdelium
1543 4975 1858 5047 deputantes
1905 4948 2162 5062 seqdaces

581 5037 883 5098 traditionis
915 5057 1167 5118 paternae,
1196 5055 1240 5109 si
1263 5073 1374 5114 suae
1397 5063 1629 5121 viderint
1655 5072 1848 5130 cedere
1871 5037 2016 5137 nollle
2036 5101 2162 5141 sen-

581 5129 759 5186 tentiae
785 5148 800 5189 :
831 5133 974 5194 docti
995 5140 1215 5202 crimina
1243 5162 1446 5218 serere,
1476 5155 1926 5222 obtrectationum
1957 5190 2158 5234 venena

579 5236 926 5293 componere,
955 5229 1221 5301 integrum
1254 5238 1512 5302 Ecclesia:
1537 5264 1730 5320 corpus
1757 5257 1961 5329 odisse,

578 5313 751 5370 tiones
781 5316 1067 5387 instruere,
1099 5322 1351 5384 invidiam
1375 5338 1666 5409 concitare,
1692 5354 1744 5400 et
1775 5365 1871 5418 pro
1897 5313 2153 5414 obedien-

576 5402 668 5469 tia,
699 5421 816 5475 quae
846 5410 897 5464 in
919 5412 1178 5469 coenobiis
1218 5420 1568 5493 principatum
1625 5402 1885 5507 regularis
1935 5449 2143 5508 obtinet

667 5521 722 5590 α)
753 5521 910 5580 Deest
945 5530 1105 5597 recipi
1132 5532 1182 5586 in
1214 5534 1344 5591 edit.
1385 5538 1540 5597 Rom.

641 5517 1173 5690 {bifilﬁ’i‘fimn
1317 5679 1328 5690 .
1468 5683 1478 5690 .

701 5591 719 5658 )
751 5592 834 5646 Al.
861 5591 1131 5666 profuisse.
1420 5591 1429 5593 ν

697 5659 868 5729 Super
907 5667 1020 5722 haec
1063 5675 1222 5729 verba
1251 5679 1567 5739 calumniam
1599 5697 1792 5749 struxit
1848 5699 2142 5766 Hormisdte

2370 495 2484 552 Non
2514 496 2636 556 illos
2660 503 2934 570 potuimus
2979 508 3224 578 monitis,
3282 526 3390 566 non
3442 521 3884 591 mansuetudine,

2297 605 2405 646 non
2423 592 2743 651 auctoritate
2763 599 3138 668 comprimere.
3170 602 3226 658 In
3257 605 3528 674 publicum
3549 626 3722 682 usque
3754 630 3882 684 pro-

2295 681 2449 739 diere
2473 697 2820 755 conventum,
2853 691 2921 746 ad
2946 695 3358 753 concursionem
3385 703 3580 770 quietis
3623 707 3768 760 circa
3800 723 3883 764 re-

2295 790 2419 844 gum
2450 778 2611 834 etiam
2635 791 2837 837 statuas
2865 785 3255 844 inclamantes:
3287 800 3342 845 et
3372 793 3472 847 nisi
3503 795 3675 850 ﬁdelis
3700 803 3883 869 populi

2295 872 2594 926 constantia
2626 875 2933 942 restitisset,
2963 894 3060 948 per
3088 881 3366 938 diabolicae
3416 888 3624 943 semina
3651 892 3880 949 nefanda

2296 961 2514 1018 zizanite
2541 967 2682 1034 apud
2714 967 2836 1023 illos
2872 968 3264 1029 dissensionem
3292 986 3345 1031 et
3374 977 3700 1037 discordiam
3731 999 3880 1042 com-

2295 1055 2587 1112 movissem
2622 1059 2697 1127 (1
2726 1060 2856 1116 Tim.
2889 1065 3018 1134 ιιι),
3067 1081 3161 1136 per
3199 1085 3334 1137 quos
3383 1072 3654 1139 adiutorio
3685 1078 3779 1133 Dei
3810 1081 3878 1136 de

2294 1144 2558 1214 religione
2582 1163 2768 1204 eorum
2795 1162 2878 1206 est
2893 1155 3042 1221 pulsa
3067 1156 3354 1214 dissensio.
3399 1160 3476 1217 De
3503 1165 3582 1219 eis
3603 1180 3726 1222 sero
3754 1185 3880 1238 pro-

2293 1234 2534 1292 bavimus
2556 1240 2866 1309 prophetica
2893 1249 3190 1312 apostolum
3216 1265 3345 1306 voce
3372 1253 3592 1320 dixisse,
3626 1258 3677 1311 in
3697 1234 3878 1316 novis-

2293 1328 2444 1384 simis
2465 1329 2652 1386 diebus
2683 1333 2883 1390 instare
2912 1346 3150 1406 tempora
3187 1344 3510 1410 periculosa,
3541 1357 3595 1401 et
3625 1349 3739 1406 fore
3775 1352 3875 1407 ho-

2295 1419 2468 1475 mines
2495 1422 2578 1476 sui
2609 1431 2813 1479 tantum
2837 1437 3121 1497 amatores,
3155 1431 3413 1489 habentes
3442 1436 3668 1493 formam
3701 1442 3873 1511 pieta-

2297 1512 2383 1576 tis,
2431 1515 2682 1572 virtutem
2740 1528 2918 1574 autem
2959 1523 3073 1591 ejus
3119 1525 3474 1596 abnegantes;
3529 1533 3709 1603 itaque
3753 1553 3875 1593 esse

2291 1607 2557 1664 vitandos.
2591 1610 2716 1666 Haec
2744 1613 2864 1668 ideo
2890 1614 3194 1674 dilectionis
3232 1633 3428 1676 vesme
3459 1623 3741 1681 indicanda
3773 1630 3874 1685 sub

2293 1702 2576 1756 occasione
2597 1705 2937 1771 credidimus,
2975 1724 3058 1773 ne,
3083 1711 3129 1764 si
3161 1712 3284 1767 illuc
3305 1713 3504 1768 fuerint
3527 1717 3663 1773 forte
3685 1719 3872 1786 delati,

2293 1791 2600 1860 ignorantes
2626 1797 3072 1863 quemadmodum
3120 1815 3180 1856 se
3225 1801 3279 1856 in
3329 1804 3460 1859 urbe
3489 1806 3727 1864 Romana
3761 1819 3871 1865 tra-

2291 1882 2573 1949 ctaverint,
2605 1887 2704 1941 sub
2733 1889 2908 1956 aliqua
2938 1893 3222 1948 verborum
3252 1896 3592 1954 simulatione
3649 1901 3872 1973 decipe-

2291 1984 2429 2028 rent.

2362 2065 2424 2119 Hi
2455 2082 2602 2135 vero,
2635 2083 2767 2138 quos
2783 2084 2878 2126 vos
2900 2073 2965 2127 de
2985 2073 3163 2131 Fausti
3193 2077 3468 2147 cujusdam
3499 2087 3541 2106 "
3565 2081 3699 2140 Galli
3730 2091 3871 2143 anti-

2289 2159 2452 2228 stitis,
2480 2159 2636 2217 dictis
2665 2165 3019 2232 consuluisse,
3078 2169 3272 2225 litteris
3320 2173 3620 2241 indicastis,
3677 2180 3726 2234 id
3767 2182 3871 2239 sibi

2289 2265 2603 2320 responsum
2643 2256 2893 2312 habeant.
2934 2258 3116 2330 Neque
3165 2263 3313 2318 illum
3357 2265 3434 2337 (α)
3479 2270 3664 2339 recipi,
3697 2289 3872 2343 neque

2289 2356 2630 2412 quemquam,
2665 2362 2799 2414 quos
2828 2348 2881 2402 in
2911 2352 3233 2408 auctoritate
3265 2355 3479 2410 Patrum
3527 2364 3628 2415 non
3681 2366 3871 2434 recipit

2289 2453 2516 2496 examen
2544 2446 2818 2502 catholicae
2841 2448 2984 2515 ﬁdei,
3020 2460 3113 2506 aut
3146 2455 3528 2512 ecclesiasticae
3568 2459 3871 2530 disciplinae

2289 2532 2684 2602 ambiguitatem
2715 2555 2873 2608 posse
2909 2545 3146 2613 gignere,
3178 2557 3268 2601 aut
3314 2549 3578 2618 religiosis
3614 2552 3868 2622 prtejudi-

2288 2622 2428 2678 cium
2457 2642 2790 2696 comparare.
2833 2633 2962 2688 Fixa
2991 2646 3114 2692 sunt
3169 2654 3196 2693 a
3240 2640 3488 2697 Patrtbus
3539 2660 3658 2712 quae
3689 2646 3874 2702 ﬁdeles

2291 2721 2484 2773 sectari
2536 2721 2766 2787 debeant
2810 2726 3092 2782 instituta:
3146 2732 3259 2786 sive
3301 2735 3696 2805 interpretatio,
3758 2739 3873 2795 sive

2292 2811 2621 2877 praedicatio,
2678 2832 2772 2870 seu
2803 2820 3024 2874 verbum
3058 2824 3238 2893 populi
3266 2826 3625 2884 aediﬁcatione
3654 2846 3874 2902 compo-

2291 2901 2472 2968 situm,
2505 2906 2549 2958 si
2579 2909 2698 2962 cuin
2733 2909 2835 2964 ﬁde
2864 2923 3007 2967 recta
3039 2924 3092 2969 et
3111 2916 3354 2972 doctrina
3385 2934 3514 2975 sana
3557 2923 3872 2992 concordat,

2290 2994 2607 3063 admittitur,
2633 3002 2676 3055 si
2701 3001 2990 3070 discordat,
3036 3007 3301 3066 aboletur.

2365 3085 2536 3143 Unum
2569 3100 2648 3144 est
2671 3093 3071 3153 fundamentum
3130 3111 3279 3158 extra
3308 3106 3446 3174 quod
3487 3107 3739 3177 quaelibet
3789 3111 3872 3167 l‘a-

2290 3177 2436 3233 brica
2467 3183 2509 3234 si
2537 3186 2830 3253 consurgit,
2875 3187 3087 3245 inﬁrma
3138 3203 3238 3260 est,
3273 3211 3435 3266 super
3465 3199 3594 3254 illud
3625 3203 3872 3273 quisquis

2291 3270 2536 3337 aediﬁcet,
2564 3275 2677 3329 sive
2706 3279 2854 3344 vilia,
2888 3281 3001 3336 sive
3057 3287 3310 3355 pretiosa,
3338 3293 3664 3348 consideret.
3717 3296 3874 3351 Errat

2288 3454 2477 3508 stravit
2517 3459 2804 3525 exorbitat,
2859 3478 2956 3518 nec
3001 3475 3174 3522 tamen
3227 3470 3561 3540 improbatur
3599 3478 3870 3547 diligentia

2288 3557 2384 3610 per
2411 3547 2574 3600 multa
2609 3549 2938 3622 discurrens,
2966 3558 3059 3610 sed
3108 3561 3318 3616 animus
3356 3578 3384 3616 a
3430 3568 3656 3624 veritate
3707 3572 3872 3626 decli-

2288 3647 2439 3689 nans.
2476 3637 2630 3708 Saepe
2660 3641 2728 3695 de
2762 3642 2843 3697 his
2873 3651 3169 3704 necessaria
3204 3654 3530 3720 providetur,
3577 3660 3642 3713 de
3673 3664 3871 3730 quibus

2285 3725 2384 3794 ipsi
2415 3732 2592 3784 aemuli
2621 3739 3027 3804 convincantur,
3081 3743 3379 3799 instructio.
3430 3747 3536 3803 Nec
3567 3751 3696 3804 vitio
3746 3753 3867 3810 dari

2285 3825 2460 3885 potest
2483 3835 2640 3876 nosse
2666 3827 2807 3892 quod
2840 3827 3044 3899 fugias;
3099 3843 3264 3904 atque
3313 3838 3434 3892 ideo
3473 3856 3576 3893 non
3629 3843 3869 3912 legentes

2284 3907 2575 3981 incongrua
2605 3914 2656 3979 in
2679 3919 2891 3986 culpam
2917 3924 3156 3989 veniunt,
3187 3927 3280 3980 sed
3311 3940 3620 3998 sequentes.
3643 3933 3793 4000 Quod
3818 3939 3868 3991 si

2283 4001 2355 4055 ita
2382 4017 2485 4058 non
2509 4017 2671 4071 esset,
2703 4025 2970 4080 nunquam
2993 4015 3178 4071 doctor
3202 4020 3290 4075 ille
3312 4024 3547 4091 gentium
3570 4029 3868 4094 acquievis-

2282 4105 2364 4147 set
2391 4097 2638 4153 nuntiare
2670 4100 2954 4158 ﬁdelibus:
2988 4105 3174 4162 Omnia
3206 4115 3446 4180 probate;
3503 4120 3642 4187 quod
3679 4122 3867 4177 bonum

2282 4194 2355 4240 est
2376 4194 2536 4243 tenete
2586 4190 2647 4259 (Ι
2678 4192 2856 4250 Thess.
2888 4197 2978 4266 ν).
3008 4199 3124 4255 Non
3153 4205 3249 4258 abs
3281 4221 3338 4261 re
3373 4219 3477 4272 est,
3512 4216 3609 4265 etsi
3643 4216 3867 4270 munda-

2282 4290 2428 4342 num,
2455 4294 2563 4335 non
2585 4289 2762 4339 tamen
2787 4301 2814 4339 a
2849 4288 3057 4346 ratione
3078 4292 3374 4350 discretum
3401 4299 3630 4354 miscere
3657 4310 3866 4360 sermo-

2282 4382 2424 4423 nem.
2479 4371 2673 4430 Fertur
2714 4379 2929 4448 quidam
2995 4385 3191 4441 nobilis
3242 4401 3358 4446 arte
3417 4395 3692 4466 pingendi,
3739 4415 3862 4456 cum

2197 4493 2252 4556 υ
2279 4473 2473 4556 equum
2503 4466 2754 4531 penicillo
2782 4471 2942 4526 vellet
2969 4477 3242 4544 explicare
3278 4484 3597 4553 perlectum,
3637 4491 3861 4548 asellum

2275 4549 2375 4602 sibi
2405 4550 2480 4621 (ὁ)
2506 4559 2848 4624 proposuisse
2903 4566 3140 4634 pingenti
3177 4609 3191 4631 ,
3248 4585 3499 4629 asserens
3553 4549 3660 4632 non
3693 4591 3748 4633 ut
3771 4582 3856 4650 ju-

2276 4651 2513 4696 mentum
2538 4645 2841 4705 imitaretur
2870 4653 3122 4726 informe,
3155 4663 3250 4718 scd
3275 4679 3340 4720 ne
3369 4666 3420 4720 in
3445 4669 3667 4740 alicujus
3693 4672 3862 4731 infor-

2275 4730 2377 4786 mis
2408 4732 2714 4794 lineamenti
2745 4743 3155 4805 similitudinem
3191 4755 3373 4823 lapsus
3407 4758 3685 4816 incideret.

2345 4823 2460 4879 Non
2490 4829 2786 4900 improvide
2816 4843 3114 4895 veneranda
3169 4846 3381 4900 Patrum
3412 4852 3673 4919 sapientia
3715 4855 3862 4912 ﬁdeli

2272 4924 2523 4984 potestati
2554 4942 2670 4993 qua:
2690 4941 2870 4984 essent
2901 4936 3159 4991 catholica
3181 4938 3430 5010 dogmata
3456 4944 3686 5012 detiniit;
3711 4960 3859 5006 certa

2270 5007 2528 5070 librorum
2561 5021 2720 5076 etiam
2750 5036 2986 5084 veterum
3033 5032 3085 5086 in
3128 5037 3503 5092 auctoritatem
3529 5042 3857 5111 recipienda,

2269 5116 2455 5162 sancto
2478 5109 2678 5180 Spiritu
2705 5117 3022 5185 instruente,
3053 5126 3335 5196 prmﬁgens
3362 5145 3373 5180 :
3403 5145 3469 5184 ne
3484 5109 3722 5200 opinioni
3743 5109 3859 5188 suae

2267 5192 2436 5250 lector
2465 5200 2766 5274 indulgens,
2797 5225 2900 5263 non
2935 5215 3073 5282 quod
3099 5217 3439 5275 aediﬁcationi
3469 5225 3856 5281 ecclesiastica:

2265 5290 2596 5354 conveniret,
2632 5295 2724 5350 sed
2749 5302 2888 5367 quod
2915 5304 3155 5374 voluptas
3185 5323 3281 5363 sua
3314 5313 3674 5380 concepisset,
3708 5331 3858 5371 assen

2263 5389 2422 5432 reret.
2452 5381 2586 5446 Quid
2606 5400 2733 5457 ergo
2756 5392 3210 5453 calumniantibus
3231 5415 3370 5470 opus
3394 5415 3510 5459 erat
3540 5416 3696 5461 extra
3719 5424 3856 5462 con-

2261 5469 2476 5525 stitutos
2504 5474 2755 5534 Ecclesiae
2787 5487 3044 5542 terminos
3083 5469 3362 5562 porrigere
3414 5499 3762 5567 quaestiones,
3798 5509 3856 5557 et

2259 5583 2410 5638 Joan.
2452 5587 2764 5646 Maxentius.

2327 5655 2386 5689 ⁸*
2415 5656 2468 5711 in
2499 5659 2665 5716 Gallia
2688 5664 2932 5724 Reiensis
2953 5670 3119 5741 episc.
