4262 6264
1148 354 1241 377 -.~‘

1267 378 1311 393 εον

295 460 404 519 495

1531 438 1891 501 EPISTULA!
1928 435 2017 497 ΕΤ
2055 433 2396 497 DECRETA.

3468 436 3572 497 494

296 576 366 632 de
393 571 478 629 his
505 582 626 642 quae
657 568 921 624 habentur
949 564 1113 630 dicta,
1137 562 1288 635 quasi
1311 558 1451 617 dicta
1474 570 1578 614 non
1608 561 1739 625 sint,
1766 568 1880 610 mo-
1914 553 1969 616 Α
1994 563 2189 608 nostrae
2217 555 2541 624 recepimus,
2574 552 2641 607 ad
2671 551 2853 609 divina
2880 553 2956 627 (a)
2985 553 3240 627 mysteria
3262 522 3577 611 incanum,

296 679 426 721 vere
446 662 760 727 certamina,
780 674 901 713 cum
922 654 1225 712 Christiana
1244 651 1378 708 ﬁdes
1400 650 1675 707 canonicis
1704 648 1878 714 libris,

297 767 352 811 et
382 751 728 825 synodalibus
757 747 1058 819 praeceptis,
1082 754 1135 801 et
1160 743 1377 799 Patrum
1400 736 1731 813 regularibus
1760 754 1891 794 con-

296 844 501 901 stitutis
529 836 707 898 stabili
736 847 791 895 et
812 839 1133 894 inconcusso
1164 836 1394 890 termino
1419 831 1706 904 (tramite)
1746 830 1914 903 limi-pl

300 950 445 995 tetur
463 937 489 990 ?
918 980 923 985 .
1604 966 1609 972 .

371 1031 450 1087 De
477 1025 704 1083 arbitrio
740 1032 916 1079 tamen
946 1020 1140 1083 libero,
1167 1026 1223 1074 et
1252 1018 1422 1089 gratia
1452 1016 1569 1082 Dei,
1617 1013 1759 1085 quod
1784 1011 1891 1065 Ro-

301 1136 464 1179 mana
495 1120 635 1191 (hoc
660 1125 745 1173 est
772 1113 1073 1184 catholica)
1103 1120 1359 1180 sequatur
1386 1119 1442 1165 et
1478 1114 1756 1163 assereret
1781 1105 1893 1159 Ec-

301 1213 490 1278 clesia,
524 1210 655 1265 licet
679 1211 729 1262 in
756 1206 921 1261 variis
949 1204 1111 1259 libris
1126 1202 1266 1258 beati
1304 1200 1615 1270 Augustini,
1640 1204 1694 1251 et
1724 1194 1896 1250 maxi-

304 1319 390 1357 me
408 1302 477 1357 ad
503 1300 763 1355 llilarium
784 1304 839 1353 et
854 1297 1200 1365 Prosperum,
1228 1288 1686 1361 possitcognosci,
1714 1295 1893 1341 tamen

302 1396 358 1449 in
384 1393 605 1450 scriniis
629 1388 1009 1447 ecclesiasticis
1044 1399 1299 1455 expressa
1344 1382 1575 1451 capitula
1608 1380 1894 1436 continen-

305 1497 416 1553 tur,
446 1501 566 1557 qua
589 1486 637 1541 si
668 1484 767 1539 tibi
794 1482 1011 1545 desunt,
1040 1487 1097 1535 et
1125 1476 1429 1533 necessaria
1455 1474 1701 1539 creditis,
1726 1469 1896 1527 destia-

303 1582 579 1645 nubimus,
598 1589 902 1647 quanquam
924 1573 1015 1644 qui
1035 1571 1325 1642 diligenter
1340 1567 1572 1638 apostoli
1597 1565 1743 1621 dicta
1764 1576 1899 1619 con-

303 1672 531 1740 sistat,
557 1667 689 1741 quid
715 1666 872 1738 sequi
903 1665 1100 1721 debeat
1118 1662 1398 1719 evidenter
1423 1664 1736 1730 cognoscat.
1762 1655 1899 1711 Data

304 1766 482 1822 idibus
498 1761 751 1836 Αιηιιοεδ.

822 1824 1159 1886 EPISTOLA
1186 1822 1375 1879 LXXI.

379 1942 448 1983 AD
470 1938 793 1981 IPI’HANIUI
819 1926 1488 1976 CONSTAN’I‘INOPOLITANUH
1517 1920 1824 1963 EPISCOPUI.

306 2016 669 2088 Epiphaniam
708 2013 1003 2088 episcOpttm
1043 2006 1359 2088 ordinatum.
1383 2017 1473 2055 nec
1501 1998 1765 2062 scripsisse
1804 2010 1897 2049 nec

775 2074 969 2151 legatos
993 2077 1188 2131 misisse
1214 2074 1433 2128 nuntiat.

384 2171 670 2232 Hormisda
691 2166 993 2244 Epiphanio
1009 2158 1602 2233 ConstantinOpoﬁtano
1619 2159 1893 2230 episcopo.

384 2264 490 2322 Diu
541 2279 638 2321 nos
677 2280 781 2319 non
844 2262 1083 2316 nuntiata
1128 2267 1231 2311 tua:
1272 2252 1561 2324 primordia
1619 2245 1899 2320 dignitatis

307 2370 534 2417 tenuere
562 2370 878 2426 suspensos,
901 2362 954 2408 et
980 2352 1033 2407 in
1064 2350 1177 2422 ipsa
1206 2346 1507 2404 communis
1538 2342 1898 2415 gratulatione

308 2451 533 2516 latitia,
563 2447 741 2503 mirati
778 2444 1064 2501 admodum
1123 2454 1307 2497 sumus
1356 2452 1561 2491 morem
1613 2432 1897 2503 pristinum

308 2545 471 2601 fuisse
509 2542 853 2615 neglectum;
886 2537 1008 2607 quia
1057 2542 1305 2605 reparata
1355 2528 1734 2593 Ecclesiarum,
1788 2522 1899 2578 Deo

308 2613 605 2702 annuente,
624 2629 935 2696 cuneordia,
962 2627 1175 2699 plenum
1215 2624 1464 2678 fraternae
1499 2618 1644 2689 pacis
1668 2615 1719 2670 id
1750 2613 1901 2685 ﬂagi-

309 2730 456 2786 tabat
482 2724 721 2783 officium
750 2742 762 2777 :
796 2722 1092 2793 praesertim
1124 2717 1268 2789 quod
1296 2714 1427 2770 illud
1473 2710 1573 2766 sibi
1616 2724 1721 2764 non
1748 2720 1899 2761 arro-

309 2824 489 2900 gantia
518 2821 837 2897 personalis,
877 2817 972 2875 sed
1007 2812 1311 2888 regularum
1357 2807 1697 2864 observantia
1725 2800 1898 2856 vindi-

310 2893 488 2973 cabat.
518 2893 780 2970 becuerat
803 2908 1089 2980 siquidem,
1112 2905 1276 2959 frater
1292 2899 1593 2963 carissime,
1621 2906 1672 2951 te
1695 2893 1899 2964 legatos

311 3010 375 3066 ad
409 3006 761 3079 apostolicam
788 3002 971 3059 sedem
1002 3000 1142 3055 inter
1166 2998 1281 3066 ipsa
1309 2992 1381 3047 tui
1416 2989 1758 3062 pontificatus
1798 2985 1901 3039 ini-

313 3105 380 3160 tia
401 3076 702 3159 destinasse
723 3102 742 3121 θ
762 3137 779 3164 ,
829 3104 886 3151 ut
910 3102 964 3150 et
987 3104 1145 3163 quem
1178 3086 1270 3143 tibi
1312 3084 1603 3139 debeamus
1650 3076 1897 3133 affectum

314 3205 447 3251 bene
472 3203 849 3264 cognosceres,
887 3193 944 3240 et
962 3192 1189 3239 vetustte
1220 3173 1626 3236 consuetudinis
1669 3168 1898 3223 formam

1996 655 2074 698 ter
2094 644 2395 710 admittere,
2420 654 2580 715 atque
2610 645 2676 700 ad
2701 645 2968 701 Ecclesias
2998 661 3142 715 suas,
3188 661 3217 699 a
3268 646 3459 716 quibus
3482 660 3579 704 eos

1993 734 2276 790 discordiae
2304 750 2457 791 error
2483 737 2807 803 excluserat,
2834 752 2932 807 pro
2955 739 3099 807 pacis
3127 745 3325 792 nostrae
3348 739 3578 808 plenituo

1993 824 2116 878 dine
2144 834 2432 889 revocare;
2458 835 2517 879 ut
2539 829 2732 894 unitas,
2780 840 2937 897 quam
2969 836 3089 896 post
3118 838 3379 883 annorum
3411 831 3578 887 multa

1992 915 2255 969 curricula
2285 930 2381 985 per
2411 922 2579 970 totum
2609 918 2795 972 orbem
2828 918 2938 972 suis
2964 918 3103 974 Deus
3133 920 3453 974 reStauravlt
3480 918 3579 975 Ec-

1993 1007 2195 1072 clesiis,
2227 1009 2373 1061 nulla
2404 1007 2737 1064 voluntatum
2767 1022 3066 1065 nostrarum
3085 1009 3335 1065 distantia
3359 1010 3581 1067 ltrdere-

1997 1109 2103 1152 tur.
2134 1097 2240 1153 Sed
2269 1099 2393 1166 quia
2424 1108 2537 1154 rem
2588 1108 2697 1154 tam
2749 1110 2977 1171 gratam,
3016 1109 3070 1155 et
3098 1101 3313 1155 Patrum
3367 1104 3581 1159 statutis

1997 1189 2390 1246 venerabilibus
2440 1203 2824 1262 congruentem
2872 1192 3188 1262 quibusdam
3243 1194 3583 1249 tarditatibus

1996 1284 2217 1352 contigit
2242 1298 2383 1339 nunc
2414 1299 2579 1355 usque
2621 1282 2844 1349 differri,
2879 1286 3017 1339 unde
3043 1283 3207 1338 etiam
3238 1283 3303 1338 ad
3329 1284 3584 1339 decesso-

1997 1388 2110 1429 rem
2136 1373 2484 1429 fraternitatis
2510 1380 2612 1429 tuae
2641 1390 2737 1429 nos
2759 1376 3039 1443 scripsisse
3055 1373 3431 1439 meminimus;
3457 1375 3584 1430 hor--

2000 1477 2175 1523 tamur
2202 1475 2262 1522 ut
2290 1467 2553 1537 laetitiam,
2587 1482 2747 1538 quam
2778 1467 2844 1523 de
2872 1467 3127 1522 damnato
3158 1466 3445 1536 praeteritae
3474 1468 3585 1525 dis-

1998 1558 2263 1613 sensionis
2290 1572 2475 1613 errore
2500 1558 2856 1626 percipimus:
2884 1556 2937 1610 in
2970 1556 3118 1610 nullo
3160 1558 3353 1612 iterum
3379 1557 3586 1614 discre-t

1998 1650 2241 1719 pantium
2268 1649 2570 1703 animorum
2622 1661 2781 1701 causa
2836 1648 3138 1703 contriSIet.
3192 1649 3397 1703 Etenim
3452 1643 3587 1709 nulli

1999 1742 2214 1796 videtur
2247 1756 2342 1796 vos
2400 1740 2677 1795 nobiscum
2737 1740 2896 1809 pleno
2948 1743 3344 1795 communicare
3390 1744 3587 1799 mentis

2000 1831 2212 1899 affectu,
2245 1832 2289 1885 si
2321 1844 2415 1885 eos
2444 1831 2532 1900 qui
2565 1830 2843 1885 nobiscum
2891 1822 3289 1886 communicant
3333 1845 3361 1885 a
3404 1838 3586 1889 vestro

1928 1918 1979 1989 Β
2004 1925 2277 1980 consortio
2298 1924 2611 1994 segregatis.
2641 1924 2911 1980 Incassum
2950 1934 3096 1980 certe
3124 1927 3373 1980 videntur
3396 1940 3587 1995 pacem

2002 2016 2242 2086 recipere
2256 2015 2347 2085 qui
2374 2015 2520 2085 pacis
2540 2014 2793 2070 diti‘erunt
2816 2022 3079 2085 praecepta
3105 2016 3397 2085 complere.
3424 2018 3589 2085 Quid-

2000 2109 2126 2179 quid
2157 2110 2299 2164 enim
2328 2108 2383 2162 in
2415 2107 2628 2161 illorum
2673 2107 3012 2177 Suscipienda
3064 2110 3444 2165 communione
3472 2124 3589 2165 mea

2000 2199 2213 2264 mmini,
2237 2199 2636 2271 quodammodo
2666 2199 2733 2253 de
2760 2206 2940 2253 nostra
2957 2198 3394 2254 reconciliatione
3410 2200 3591 2256 detraxi

2003 2292 2149 2346 bilis.
2184 2290 2252 2345 Et
2280 2289 2668 2359 providendum
2721 2299 2824 2353 est,
2881 2289 3043 2344 frater
3097 2290 3394 2359 carissime,
3450 2288 3591 2351 nes!

2004 2382 2367 2441 Ecclesiarum
2400 2390 2703 2438 uestrarum
2731 2381 2946 2437 tandem
2976 2382 3208 2451 desuper
3235 2382 3435 2437 indulta
3459 2396 3592 2438 conn

2000 2477 2184 2531 cordia
2207 2473 2275 2531 ab
2298 2476 2378 2530 his
2400 2474 2677 2529 exordium
2709 2483 2891 2527 sumat
2919 2474 3201 2543 exemplis,
3232 2485 3287 2529 et
3315 2474 3593 2544 religionis

2000 2566 2307 2622 veneranda
2337 2565 2542 2636 regula,
2567 2575 2621 2619 et
2661 2564 2971 2633 apostolicae
3000 2564 3143 2620 sedis
3171 2565 3462 2621 aucturitas
3491 2567 3591 2620 ima

2002 2659 2203 2713 minuta
2235 2657 2411 2730 (quod
2448 2656 2625 2725 absit)
2654 2671 2750 2726 per
2781 2656 3054 2711 Orientem
3085 2656 3259 2725 potius
3304 2655 3379 2728 (ιν)
3413 2654 3595 2712 divulsa

1999 2757 2119 2819 gata
2142 2763 2300 2819 quam
2342 2749 2594 2804 restituta
2624 2749 2889 2803 videatur.

2642 2838 2940 2894 RELATIO

2182 2946 2443 2987 EPIPHANII
2495 2945 2729 2987 EPIBCOPI
2778 2945 2939 2985 CONS'I'
2948 2943 3405 2985 ANTINOPOLITA‘SI.

2002 3024 2081 3079 De
2106 3040 2202 3078 sua
2248 3024 2508 3078 electione.
2540 3022 2722 3076 Fidem
2748 3022 3053 3074 catholicam
3101 3021 3396 3090 proﬁtetur,
3452 3029 3501 3072 et
3528 3022 3592 3074 de

2250 3095 2482 3147 omnibus
2512 3109 2630 3146 cum
2652 3091 2885 3145 Ecclesia
2907 3091 3140 3144 Ruinana
3166 3092 3335 3144 sentit.

2073 3185 2427 3241 Sanctissimo
2448 3200 2513 3238 ac
2534 3183 2845 3239 beatissimo
2872 3183 3090 3236 domino
3117 3182 3267 3236 fratri
3289 3193 3341 3237 et
3364 3182 3594 3244 commiaf

316 3290 413 3343 rite
432 3262 757 3354 comﬁpleres.
799 3277 906 3335 Sed
936 3277 1062 3331 licet
1091 3273 1173 3328 his
1202 3270 1439 3333 omissis,
1485 3262 1751 3336 paginalia
1779 3270 1899 3315 tan-

1928 3271 1974 3336 C
2002 3278 2275 3334 nistratori
2303 3277 2603 3332 Hormisdae
2627 3275 2957 3345 Epiphanius
2977 3272 3261 3343 episcopus
3288 3274 3341 3326 in
3364 3273 3595 3329 Domino

316 3391 425 3436 tum
456 3374 708 3433 sufﬁcere
728 3370 1028 3443 iudicasses
1056 3382 1122 3421 ex
1148 3363 1431 3421 occasione
1461 3355 1760 3425 colloquia;
1803 3363 1901 3405 nos

316 3483 492 3527 tamen
514 3464 684 3539 gratia
704 3461 993 3533 stipulante
1016 3452 1394 3527 (stimulante)
1426 3444 1718 3518 compulsi,
1762 3444 1903 3498 inte-

316 3565 416 3619 rim
437 3533 579 3630 iusle
598 3552 955 3614 constantiam
976 3543 1391 3618 exspectationis
1413 3543 1543 3596 abru
1552 3538 1746 3609 pimus,
1764 3533 1904 3589 reci-

317 3669 485 3726 proca
507 3658 705 3705 mutum
732 3642 972 3702 caritatis
1004 3641 1168 3695 verba
1199 3637 1485 3692 reddentes
1512 3648 1526 3697 ;
1574 3631 1696 3701 quia
1726 3636 1779 3681 et
1810 3639 1906 3680 no-

319 3725 435 3803 ster
468 3742 671 3797 animus
696 3737 897 3794 amoris
929 3730 1234 3803 impatiens,
1271 3734 1326 3782 et
1360 3725 1661 3796 legatorum
1689 3725 1906 3772 nostro-

320 3856 439 3897 rum
474 3835 649 3892 votiva
695 3830 887 3888 relatio
928 3826 1213 3883 exclusum
1242 3818 1383 3892 quod
1416 3814 1715 3885 imperabat
1745 3822 1907 3865 causa

322 3928 593 3987 silentium
609 3924 676 3979 ad
699 3921 878 3978 oflicia
902 3918 1129 3987 benigna
1153 3916 1451 3973 traxerunt,
1470 3904 1663 3977 quibus
1689 3904 1753 3957 ad
1772 3916 1909 3973 prte-

324 4041 445 4084 sens
476 4020 658 4097 gaudii
712 4015 882 4074 nostri
938 4014 1091 4084 signa
1142 4013 1531 4068 monstramus,
1574 4005 1630 4054 et
1688 3995 1911 4066 privatae

325 4085 718 4192 quodammodo
746 4106 995 4165 amicitia:
1025 4102 1202 4157 votiva
1230 4094 1608 4168 persolvimus.
1663 4085 1910 4158 Legatio-

326 4181 449 4272 dem
476 4219 655 4267 autem
684 4218 830 4261 tuam
852 4210 907 4258 et
932 4214 997 4256 ea
1018 4211 1121 4267 qua
1145 4186 1345 4248 dudum
1369 4186 1536 4261 gratia
1559 4181 1909 4245 sustinemus,

327 4320 379 4365 et
422 4304 539 4360 fulti
588 4296 864 4357 veteribus
897 4289 1204 4349 constitutis
1233 4283 1520 4354 exigimus,
1569 4284 1627 4330 ut
1651 4280 1912 4343 quantum

328 4363 507 4474 gaudii
538 4396 789 4457 fructum,
818 4386 904 4442 vel
932 4383 999 4439 de
1033 4382 1104 4436 tui
1127 4375 1469 4449 pontificatus
1500 4369 1706 4423 honore
1736 4363 1917 4431 capia-

329 4456 469 4554 mus,
497 4487 579 4543 vel
602 4499 733 4555 quas
764 4456 858 4535 tibi
882 4476 1083 4549 gratias
1109 4468 1298 4527 referri
1336 4462 1622 4520 conveniat
1667 4473 1764 4528 pro
1815 4456 1915 4509 im-

2006 3374 2256 3429 salutem.

2079 3467 2220 3520 Deus
2247 3465 2336 3535 qui
2360 3460 2414 3516 ἰή
2448 3460 2556 3515 alto
2578 3459 2794 3523 habitat,
2844 3466 2893 3511 et
2922 3456 3139 3510 humilia
3175 3456 3379 3527 respicit
3401 3456 3421 3526 (
3445 3455 3592 3511 Psal.

2008 3558 2168 3629 can),
2226 3566 2281 3612 et
2308 3556 2486 3610 omnia
2524 3569 2623 3624 pro
2652 3554 2822 3607 salute
2854 3551 3129 3604 hominum
3157 3548 3441 3604 afﬂuenter
3467 3564 3597 3618 pro-

2011 3653 2173 3715 videt,
2205 3666 2301 3721 pro
2317 3664 2411 3705 sua
2432 3648 2668 3704 bonitate
2685 3655 2741 3700 et
2765 3642 3137 3701 misericordia
3154 3656 3327 3702 meam
3357 3642 3600 3711 respexit

2010 3744 2347 3817 parvitatem,
2380 3753 2432 3797 et
2470 3746 2592 3810 post
2626 3739 2831 3794 obitum
2859 3744 3059 3791 sanetze
3105 3734 3380 3790 memoriae
3425 3749 3599 3803 quon-4

2010 3842 2132 3897 dam
2156 3835 2547 3905 archiepiscopi
2567 3844 2621 3888 et
2643 3831 2960 3902 patriarchae
2982 3831 3203 3887 Joannis
3218 3833 3399 3888 sedem
3415 3848 3599 3890 sacer:

2010 3932 2244 3986 dotalem
2269 3937 2473 3983 sancta:
2504 3925 2760 3981 Ecclesiae
2789 3924 3066 3978 catholica:
3094 3926 3256 3992 regiae
3281 3925 3428 3980 urbis
3465 3925 3603 3982 mihi

2011 4025 2259 4081 conferre
2288 4021 2536 4091 dignatus
2561 4025 2665 4084 est,
2689 4016 2975 4083 sententia,
3026 4024 3080 4071 et
3131 4017 3393 4071 electione
3443 4014 3604 4071 Chrla

2013 4114 2329 4174 stianissimi
2357 4125 2408 4168 et
2434 4111 2721 4182 iustissimi
2754 4109 3009 4179 principis
3062 4108 3231 4164 nostri
3278 4107 3491 4172 Justini,
3547 4117 3606 4164 et

2016 4211 2270 4281 piissimae
2301 4206 2521 4276 reginae,
2576 4219 2698 4275 quae
2736 4204 2789 4257 ei
2817 4203 2884 4256 ad
2910 4216 3070 4256 omne
3099 4201 3331 4255 studium
3362 4213 3607 4256 commu-

2016 4307 2159 4361 nicat
2188 4302 2448 4363 divinum,
2507 4296 2951 4367 sequentiumque
2980 4307 3165 4348 eorum
3194 4292 3279 4347 his
3300 4293 3494 4362 quibus
3521 4302 3612 4349 est:

2018 4403 2158 4457 bona
2182 4396 2547 4464 conversatio,
2575 4400 2632 4447 et
2652 4391 2744 4461 qui
2772 4390 2936 4460 regiis
2957 4389 3251 4443 honoribus
3282 4398 3406 4441 sunt
3434 4388 3609 4443 subli-

2018 4495 2237 4557 miorcs,
2271 4487 2429 4543 simul
2478 4493 2534 4541 et
2577 4483 2942 4547 sacerdotum,
2998 4488 3052 4533 et
3102 4479 3508 4541 monachorum,
3551 4483 3614 4532 et

330 4546 514 4654 pensis
539 4579 593 4634 in
620 4546 837 4646 negotio
860 4546 1216 4641 propagandae
1259 4556 1474 4613 unitatis
1502 4549 1698 4608 ofﬁciis
1734 4546 1918 4619 (sicut

1939 4639 1993 4654 η
2023 4546 2347 4644 fidelissima
2395 4578 2569 4650 plebis
2613 4546 2933 4632 consensus
2968 4571 3217 4627 accessit.
3270 4572 3610 4638 Quapropter

331 4685 638 4732 ηοεῑτοτυηι
661 4662 1035 4733 πτυυίνηθίίθτ
1056 4651 1285 4711 “mm
1307 4651 1600 4720 legatorum
1641 4636 1913 4709 narratio)
1939 4639 1997 4701 Β
2023 4636 2551 4736 neces—sarium'duxi
2574 4671 2676 4725 hoc
2706 4666 2935 4738 primum
2965 4661 3222 4718 indicium
3264 4636 3398 4715 meis
3425 4636 3502 4732 (c)
3524 4659 3610 4714 in-

331 4762 632 4825 evidentius
668 4755 1055 4827 exprimamus.

851 4836 1186 4901 EPISTOLA
1211 4830 1421 4891 LXXII.

970 4953 1037 4992 AD
1067 4945 1304 4989 EUMDEM.

334 5044 582 5114 Queritttr
609 5036 801 5101 Etiam,
833 5024 1086 5114 Thomam
1106 5032 1153 5114 cf
1182 5020 1535 5114 Nicostratum
1583 5008 1922 5114 sui'shsidibtts

398 5083 801 5169 res-titulos,
822 5083 937 5157 {ad
980 5094 1334 5167 Epiphaniam
1363 5092 1591 5160 spectare
1618 5092 1673 5136 at
1697 5083 1801 5134 hac
1832 5093 1924 5132 ecca

406 5181 657 5240 mntioni
695 5178 1031 5231 mandentur.

2023 4774 2167 4829 ferre
2210 4767 2425 4830 litteris,
2459 4772 2515 4819 ut
2537 4760 2819 4818 ostendam
2844 4770 3001 4827 quam
3035 4754 3178 4810 circa
3223 4758 3454 4806 vestram
3482 4763 3613 4820 apo.

2026 4865 2269 4921 stolieam
2301 4858 2483 4914 sedem
2516 4856 2689 4909 habeo
2726 4851 3081 4905 voluntatem.
3139 4846 3236 4899 Est
3277 4843 3409 4898 mihi
3438 4842 3615 4898 oratio

2029 4953 2237 5029 (ratio)
2269 4960 2616 5019 magnopere,
2644 4939 2977 5004 beatissime,
3003 4935 3149 4992 uniri
3196 4950 3284 4989 me
3330 4935 3503 5001 vobis,
3558 4938 3619 4990 et

2030 5027 2210 5105 divina
2240 5042 2488 5113 amplecti
2519 5040 2768 5109 dogmata
2816 5047 2937 5104 quae
2966 5048 3033 5087 ex
3082 5030 3257 5086 beatis
3304 5036 3359 5083 et
3410 5027 3623 5083 sanctis

2025 5142 2303 5215 discipulis
2328 5150 2381 5197 et
2402 5137 2659 5210 apostolis
2698 5132 2788 5188 Dei
2808 5130 3079 5200 praecipue
3095 5124 3294 5182 summi
3320 5122 3463 5179 Petri
3488 5126 3621 5193 apo:-

2027 5212 2287 5294 stolorum
2319 5232 2431 5287 sedi
2463 5235 2664 5283 sanctas
2691 5230 2887 5278 vestrae
2917 5226 3041 5275 sunt
3064 5219 3277 5285 tradita,
3309 5223 3364 5271 et
3384 5215 3515 5269 nihil
3535 5212 3624 5266 eis

562 5394 737 5422 ιιιιπδι
801 5394 978 5415 υιυυιι-
1003 5394 1038 5411 u
1052 5394 1156 5409 ιην-
1172 5394 1395 5404 ..η---.η
1428 5394 1570 5399 -.-ᾐν..
1610 5394 1615 5395 ,
2033 5394 2045 5406 ι

337 5394 693 5535 ιεπιᾜὶἰοηθ
711 5394 921 5527 iudicii,
952 5457 1114 5519 atque
1140 5444 1380 5499 caritatis
1417 5446 1614 5493 nostra:
1655 5436 1933 5502 respectu,
2034 5435 2231 5481 sanctae
2266 5417 2516 5473 Ecclesia:
2557 5412 2848 5467 constituta
2882 5408 3095 5479 ignoro,
3126 5402 3221 5459 sed
3267 5398 3497 5453 nutritus
3521 5394 3617 5535 llp:

1440 5530 1457 5535 ’
1526 5534 1531 5535 ⁷
1710 5534 1713 5535 ⁷
1886 5521 1905 5535 ⁸
2040 5516 2133 5535 “-³
2163 5515 2487 5535 “⁴¹·“·⁴¹¹“⁸¹··“
2529 5521 2592 5535 ιι·-
2623 5503 2820 5535 “anni-‘-
2846 5501 3113 5535 nnmuihna
3138 5497 3191 5535 in
3220 5498 3403 5535 nanum
3431 5494 3515 5535 εει
3582 5492 3603 5501 "

338 5521 540 5622 Elian,
568 5521 835 5609 Thetnanv
853 5553 1015 5616 atque
1044 5538 1405 5596 Nicostratum
1434 5530 1631 5585 fratres
1666 5534 1723 5581 et
1747 5521 1931 5622 coepi-

2040 5516 2133 5572 Dei
2163 5515 2489 5571 voluntatem
2527 5521 2592 5562 ex
2623 5503 2822 5561 teneris
2846 5501 3113 5572 unguibus
3138 5497 3191 5548 in
3220 5498 3405 5547 sancta
3431 5484 3621 5541 cathoa

337 5578 542 5721 Ξῖ)Ἶέ
556 5578 1171 5709 primum“
1186 5624 1513 5685 consortium
1536 5578 1935 5677 comnmiioiris
2041 5611 2139 5666 lica
2172 5603 2431 5667 Ecclesia,
2464 5599 2615 5671 parui
2653 5613 2747 5669 per
2775 5604 3017 5665 tempora
3046 5581 3397 5643 sanctissimis
3436 5578 3621 5632 sacer:

2194 5720 2197 5721 '
2499 5711 2530 5721 λ-
2648 5720 2651 5721 ν
2754 5712 2766 5721 ·
2916 5706 2995 5721 In.
3017 5713 3114 5721 ρ---
3133 5694 3284 5721 :_:.:..
3306 5693 3385 5721 ,ωε
3408 5688 3614 5721 Aniena.

442 5769 501 5816 al
523 5756 666 5815 Edit.
693 5752 849 5808 Rom.
881 5742 1029 5805 addit
1049 5754 1236 5802 tecum.

442 5779 475 5816 a
523 5756 849 5815 Edit.Rom.
881 5756 1122 5805 addittec

420 5756 501 5903 ib;
534 5832 617 5903 At.
650 5827 801 5903 deest
842 5821 1122 5889 divulgata.

426 5898 498 5967 (ς)
533 5902 592 5955 Al
605 5936 617 5951 .
668 5898 908 5949 inserere.

2116 5724 2147 5759 ¥
2172 5720 2468 5791 Episcopus
2473 5706 3116 5791 ponstantinoppli‘tanus
3133 5694 3286 5754 initio
3305 5693 3387 5750 sui
3407 5688 3614 5759 episco-

2046 5775 2201 5866 patus
2222 5775 2433 5859 legatos
2472 5785 2696 5841 Romam
2726 5775 2988 5835 mittebat.
