4262 6264
622 408 726 463 495

1988 397 2360 457 HORMISDAB
2399 398 2603 457 PAPJE

3802 402 3907 457 49G

621 520 837 579 dotibus
869 526 923 575 et
956 518 1293 591 patriarcbis.
1352 517 1483 571 Nam
1515 514 1712 584 saepius
1758 518 2075 585 praepositus
2123 515 2451 578 hisAstico
2472 515 2589 570 viro
2630 512 2931 569 clarissimo
2977 512 3197 569 consule
3247 514 3426 582 (anno
3456 515 3686 573 Domini
3736 518 3905 592 520).

554 664 559 669 .
620 614 709 684 qui
749 628 841 679 per
880 612 1303 667 sacratissimum
1357 616 1411 662 et
1466 606 1733 662 ineﬂ'abile
1786 606 2053 677 baptisma
2109 620 2206 660 sua

620 715 821 764 exuunt
844 715 1083 773 peccata,
1135 711 1190 757 et
1242 715 1424 756 veram
1475 700 1632 755 unius
1660 700 1908 755 essentiae
1938 698 2215 754 Trinitatis

621 799 778 855 docui
806 796 990 861 ﬁdem,
1010 809 1167 865 quam
1194 794 1358 865 (sicut
1386 793 1642 864 praefatus
1668 792 1813 863 sum)
1842 808 1907 848 ex
1936 792 2214 861 discipulis

621 891 719 945 Dei
741 888 917 957 magni
952 896 1007 943 et
1036 887 1331 943 Salvatoris
1353 888 1524 943 nostri
1545 868 1672 943 Jesu
1696 886 1899 941 ChriSti
1920 885 2211 955 proceden-

620 988 729 1034 tem
760 978 998 1033 omnium
1015 978 1354 1034 sacerdotum
1384 988 1439 1035 et
1458 980 1697 1033 omnium
1724 978 1982 1033 laicorum
2010 977 2215 1047 ample-

619 1071 785 1127 ctitur
810 1080 1003 1127 coctus.
1038 1071 1284 1126 Divinum
1314 1072 1456 1126 enim
1479 1084 1668 1126 revera
1696 1077 1940 1124 sanctum
1968 1076 2023 1122 et
2048 1082 2077 1121 a
2103 1068 2215 1122 Deo

619 1163 806 1218 datum
838 1163 1144 1235 symbolum
1177 1173 1537 1219 trecentorum
1560 1164 1745 1217 decem
1776 1171 1831 1218 et
1851 1172 1973 1217 octo
1994 1172 2214 1218 sancto-

620 1270 743 1313 rum
773 1257 989 1312 Patrum
1016 1257 1067 1311 in
1104 1257 1278 1312 Nicaea
1310 1265 1753 1327 congregatorum
1783 1256 1949 1311 adoro
1988 1266 2043 1310 et
2074 1270 2214 1324 prae-

622 1348 768 1417 dico,
791 1357 845 1403 et
871 1346 1165 1404 Christiani
1211 1350 1517 1419 splendoris
1568 1349 1907 1404 manifestum
1952 1350 2214 1419 judicium

623 1456 745 1499 esse
764 1442 1059 1497 annuntio:
1088 1451 1144 1497 et
1177 1443 1558 1512 quinquaginta
1582 1453 1638 1498 et
1661 1450 1874 1496 centum
1898 1451 2214 1496 sanctorum

623 1535 965 1591 sacerdotum
997 1536 1051 1589 in
1090 1534 1190 1589 hac
1231 1535 1364 1590 urbe
1412 1536 1559 1605 regia
1613 1535 1810 1589 factam
1853 1535 2215 1589 venerabilem

624 1628 927 1700 synodum:
992 1628 1242 1693 similiter
1288 1638 1343 1683 et
1382 1631 1734 1683 ducentorum
1780 1629 1873 1683 Dei
1915 1635 2214 1694 amatorum

624 1721 846 1776 Patrum
890 1728 1214 1774 conventum
1244 1720 1296 1771 in
1324 1719 1594 1789 Ephesina
1628 1718 1823 1773 factum
1851 1738 1862 1773 :
1919 1721 2134 1790 triginta
2166 1730 2220 1776 et

626 1816 1009 1865 sexcentorum
1031 1808 1617 1863 'reverendissimorum
1638 1806 1854 1862 Patrum
1887 1818 1942 1862 et
1964 1810 2218 1866 sacerdo-

627 1913 743 1958 tum
772 1900 1035 1971 synodum
1059 1900 1256 1954 factam
1279 1900 1617 1956 Chalcedone
1638 1915 1798 1953 uuam
1828 1901 2043 1969 (veram
2062 1899 2081 1971 )
2100 1916 2221 1958 esse
2254 1891 2302 1951 B

627 2001 687 2049 et
714 1991 1146 2060 convenientem,
1179 2001 1234 2045 et
1262 1991 1689 2060 compaginatam
1723 1991 1994 2059 praedictis
2022 1993 2223 2049 sanctis

629 2082 908 2148 conciliis,
944 2082 1058 2152 ipse
1082 2097 1182 2152 ego
1212 2082 1395 2146 didici,
1437 2081 1679 2151 aliosque
1736 2081 1932 2136 docere
1977 2083 2223 2152 cognovi.

628 2176 691 2232 In
717 2177 801 2231 his
822 2190 952 2244 ergo
983 2185 1213 2245 quatuor
1234 2174 1454 2245 synodis
1479 2174 1683 2228 sanctis
1707 2180 1761 2227 et
1782 2173 1950 2227 sacris
1975 2188 2223 2244 magnum

629 2269 846 2339 pietatis
874 2266 1220 2338 praedicatum
1249 2266 1585 2337 mysterium,
1613 2264 1920 2319 etomnium
1945 2265 2222 2319 hominum

631 2340 719 2417 est
748 2362 984 2430 reposita
1014 2360 1180 2414 salus.
1226 2358 1331 2412 Eos
1389 2358 1529 2412 enim
1582 2356 1672 2426 qui
1713 2356 1928 2429 fuerunt
1968 2355 2051 2409 vel
2099 2365 2226 2410 sunt

631 2449 875 2520 ejusdem
908 2448 1191 2503 sententiae
1222 2456 1275 2502 et
1303 2447 1538 2515 suscipio
1560 2454 1613 2501 et
1638 2448 1955 2516 amplector,
1986 2455 2041 2501 et
2071 2446 2225 2503 unire

629 2555 722 2597 me
743 2541 823 2595 eis
850 2539 1036 2609 diligo.
1073 2540 1115 2593 E
1146 2548 1334 2595 contra
1380 2548 1561 2594 autem
1607 2553 1701 2593 eos
1730 2539 1818 2603 qui
1849 2547 2046 2608 praeter.
2094 2538 2224 2592 istas

629 2631 758 2705 quid
789 2632 1030 2687 sentiunt
1048 2640 1138 2685 aut
1174 2630 1486 2700 przedicant,
1533 2632 1807 2697 praeterito
1852 2640 2092 2700 tempore
2126 2630 2223 2685 ali-

630 2726 757 2797 quid
797 2728 975 2780 conati
1016 2733 1162 2791 sunt,
1222 2740 1251 2777 a
1304 2735 1447 2779 οωιιι
1500 2724 1930 2779 ortltndnxorum
1979 2732 2224 2778 extorres

631 2831 754 2873 esse
783 2817 1052 2872 existimo.
1085 2815 1345 2870 Similiter
1369 2824 1544 2870 rectas
1574 2824 1628 2870 et
1654 2830 1842 2869 revera
1874 2814 2223 2885 religiosissi-

630 2925 749 2965 mas
773 2909 1031 2980 epistolas
1057 2907 1377 2964 venerabilis
1411 2922 1561 2976 papa:
1582 2907 1778 2962 Leonis
1813 2922 1911 2977 pro
1941 2915 2088 2961 recta
2117 2906 2223 2961 fide

631 3002 969 3072 conscriptas
991 3000 1500 3069 circumamplector
1522 3008 1577 3055 et
1598 3000 1856 3069 suscipio.
1892 3000 2096 3054 Habeat
2125 3000 2226 3067 igi-

631 3102 721 3147 tur
742 3095 881 3149 hanc
900 3094 1222 3149 sententiam
1244 3093 1385 3146 circa
1409 3106 1495 3146 me
1512 3102 1703 3146 vestra:
1730 3091 2077 3146 beatitudinis
2099 3105 2225 3145 san-

630 3195 718 3241 cta
747 3187 1073 3243 fraternitas.
1110 3186 1269 3241 Vobis
1298 3187 1437 3240 enim
1484 3184 1824 3240 manifestum
1856 3186 1980 3251 feci,
2029 3194 2085 3240 et
2123 3184 2223 3240 sub

629 3293 719 3333 me
743 3278 1001 3333 Ecclesiis
1041 3277 1155 3331 hinc
1195 3276 1447 3345 praedico,
1499 3275 1759 3331 festinans
1790 3292 1886 3346 per
1911 3277 2090 3331 omnia
2131 3289 2224 3331 eas
2249 3266 2296 3329 C

629 3368 873 3436 mihique
899 3376 954 3421 et
984 3375 1173 3419 vestrae
1204 3365 1522 3419 beatitudini
1552 3366 1765 3420 vinculo
1794 3367 2035 3421 caritatis
2085 3366 2215 3419 adu-

630 3459 772 3521 nari,
797 3472 927 3527 quas
956 3457 1175 3510 omnino
1205 3465 1419 3526 oportet
1439 3470 1558 3511 esse
1580 3459 1757 3512 unitas
1775 3468 1828 3512 et
1859 3459 2216 3524 inviolabiles,

630 3560 686 3605 et
712 3564 907 3615 corpus
938 3562 1099 3602 unum
1120 3548 1417 3602 communis
1436 3548 1743 3617 apostolicm
1766 3548 2022 3605 Ecclesiae
2054 3550 2222 3605 idem-

629 3656 737 3712 que
768 3648 1027 3708 perpetuo
1052 3639 1346 3694 custodire.
1370 3640 1609 3706 Quantus
1631 3642 1773 3695 enim
1814 3643 1953 3697 circa
1982 3652 2220 3699 vestram

629 3730 993 3789 venerabilem
1026 3730 1415 3785 fraternitatem
1440 3732 1491 3784 in
1512 3732 1763 3785 omnibus
1779 3733 1849 3785 sit
1869 3748 2021 3788 amor
2037 3735 2221 3803 jubete

629 3824 1003 3896 perpendere;
1064 3823 1186 3891 quia
1216 3838 1348 3892 quos
1379 3829 1553 3878 vestra
1581 3823 1872 3891 apostolica
1904 3823 2059 3879 sedes
2091 3839 2221 3878 con-

630 3916 894 3971 demnatis
921 3915 972 3968 in
1002 3915 1172 3969 sacris
1194 3914 1461 3984 diptycliis
1492 3928 1597 3967 non
1628 3915 1861 3969 recitare
1888 3913 2072 3983 jussit,
2124 3930 2221 3971 eos

631 4020 733 4064 nec
759 4020 857 4076 ego
878 4005 1017 4060 inter
1042 4018 1194 4060 sacra
1221 4004 1359 4064 facio
1392 4004 1655 4059 nominari
1683 4008 1953 4075 mysteria.
1986 4006 2097 4060 Hoc
2125 4022 2221 4061 au-

631 4109 741 4153 tem
772 4106 825 4152 et
852 4096 935 4150 his
964 4105 1149 4150 notum
1190 4104 1274 4150 cst
1320 4096 1408 4164 qui
1448 4112 1477 4149 a
1503 4096 1653 4151 vobis
1702 4106 1827 4151 sunt
1880 4096 2069 4152 directi
2118 4098 2218 4152 viri

634 4188 1073 4247 revereudissimi
1112 4228 1127 4253 ,
1187 4187 1241 4243 id
1308 4198 1389 4242 cst
1444 4189 1713 4273 Germatjo
1771 4190 2111 4243 sanctissimo
2168 4198 2225 4244 et

639 4281 724 4355 (a)
750 4280 943 4338 Joanni
963 4281 1246 4351 episcopis,
1267 4281 1428 4336 Felici
1460 4293 1515 4337 et
1537 4283 1791 4337 Dioscoro
1807 4282 2141 4348 diacouibus,
2166 4290 2222 4339 et

632 4372 838 4427 Blando
863 4371 1200 4441 presbytero,
1230 4373 1319 4440 qui
1347 4374 1638 4429 efficaciter
1660 4372 1831 4428 secuti
1854 4382 1979 4428 sunt
2006 4389 2070 4428 ea
2098 4388 2219 4444 qua:

634 4464 712 4520 eis
733 4474 856 4518 sunt
878 4478 909 4516 a
938 4463 1092 4517 vobis
1121 4462 1383 4531 injuncta.
1417 4464 1544 4519 Oret
1568 4465 1728 4533 igitur
1751 4474 1925 4519 vestra
1959 4465 2221 4519 sanctitas

631 4565 740 4612 tam
765 4572 859 4626 pro
884 4571 969 4611 me
998 4571 1158 4624 quam
1193 4571 1290 4626 pro
1321 4556 1576 4626 subjectis
1608 4558 1743 4612 meis
1763 4556 2135 4612 sacerdotibus
2160 4564 2221 4611 ut

631 4662 892 4719 perpetue
921 4650 1312 4715 custodiamur,
1346 4661 1543 4705 rectam
1593 4651 1681 4704 Dei
1716 4661 1962 4707 tenentes
2003 4651 2218 4707 confes-
2248 4643 2302 4705 D

632 4742 840 4797 sionem
864 4756 879 4806 ;
902 4741 1154 4797 similiter
1178 4749 1231 4795 et
1258 4756 1354 4810 pro
1373 4741 1718 4807 serenissimo
1742 4741 1979 4813 principe
2011 4755 2220 4810 nostro,

630 4841 693 4886 et
718 4847 813 4900 pro
842 4832 1300 4888 Christianissima
1353 4834 1613 4904 Augusta,
1672 4835 1795 4904 quia
1842 4850 2031 4890 eorum
2078 4837 2223 4891 salus

634 4924 933 4985 communis
960 4934 1263 4981 sanctarum
1289 4927 1484 4996 ubique
1503 4937 1586 4982 est
1612 4927 1977 4982 Ecclesiarum
2034 4931 2219 4996 profu-

632 5020 815 5067 turum
844 5018 1261 5073 firmamentum.
1294 5020 1452 5075 Istam
1488 5021 1647 5090 igitur
1693 5022 1848 5075 vnbis
1904 5022 2222 5077 habentibus

632 5101 984 5159 intentionem
1017 5108 1165 5163 nullo
1195 5111 1351 5166 modo
1366 5112 1477 5181 jam
1500 5111 1683 5166 licebit
1702 5121 1942 5167 sanctam
1969 5113 2062 5167 Dei
2081 5114 2221 5168 dila-

634 5196 806 5254 cerari
836 5197 1152 5265 Ecclesiam,
1188 5217 1280 5270 per
1306 5202 1529 5271 gratiam
1558 5204 1729 5257 sancti
1769 5202 2026 5271 Spiritus,
2055 5215 2108 5258 et
2142 5207 2233 5279 in-l

636 5289 992 5345 tercessiones
1022 5299 1221 5344 sanctae
1269 5293 1517 5360 gloriosa:
1546 5293 1637 5347 Dei
1681 5293 1955 5364 genitricis
1999 5295 2221 5365 virginis

636 5380 836 5436 Mariae.
868 5381 1095 5437 Omnem
1120 5397 1492 5457 quamcunque
1539 5396 1772 5441 vestram
1826 5386 2213 5449 fraternitatem

637 5486 737 5541 ego
762 5490 975 5545 quoque
1003 5485 1055 5528 et
1088 5475 1194 5531 mei
1226 5475 1513 5544 plurimum
1542 5478 1859 5535 salutamus.
1886 5482 2003 5535 Alia
2025 5500 2221 5539 manu:

638 5560 921 5618 Incolumis
951 5566 1001 5620 in
1036 5565 1262 5619 Domino
1288 5580 1379 5619 ora
1410 5581 1508 5636 pro
1530 5569 1705 5635 nobis,
1738 5570 1835 5625 Dei
1860 5583 2067 5628 amator
2088 5590 2217 5631 san-

638 5652 887 5723 ctissime.
908 5657 1090 5713 frater.
1121 5656 1353 5728 Accepta
1385 5672 1453 5712 xv
1499 5658 1753 5717 calendas
1806 5648 2074 5730 Octobris,
2116 5666 2223 5721 Ru-

632 5776 1030 5914 uﬁggedit.
1062 5784 1217 5841 Rom.
1246 5786 1398 5843 deest
1424 5785 1637 5854 Joanni,
1661 5796 1716 5845 et
1738 5804 1835 5859 pro
1855 5793 2105 5863 episcopis
2127 5806 2211 5854 est

2719 602 3098 658 EXEMPLUM
3156 603 3509 660 EPISTOLIE

2420 700 2708 748 ιυςτιΝιΑΝι
2740 709 2846 746 VIR]
2866 708 3136 748 ILLUSTRIS
3167 710 3234 747 AD
3261 709 3564 750 IIOBMISDAM
3606 712 3799 752 PAPAII.

2316 787 2504 858 Acqcio
2554 787 2796 858 damnato
2849 784 3293 856 ConstantinOpoli
3326 804 3501 853 pacem
3549 789 3715 858 vigere
3740 806 3758 843 :
3796 806 3912 843 cum

2391 856 2735 910 Orientalibus
2746 872 2944 927 facem
2988 873 3190 927 quoque
3242 859 3394 911 modo
3430 856 3746 913 ineundum:
3776 862 3909 917 etde

2389 928 2713 980 sanctissima
2741 926 3012 981 Trinitate.

2392 1016 2621 1071 Domino
2652 1016 2715 1071 N.
2747 1016 2873 1071 Jesu
2905 1016 3119 1071 Christo
3160 1016 3376 1073 favente
3400 1028 3587 1089 regnat
3615 1020 3669 1075 in
3710 1023 3911 1076 saeculo

2317 1105 2410 1176 qui
2440 1120 2590 1161 sacra
2621 1107 2887 1176 religione
2910 1120 3067 1163 suum
3092 1107 3277 1162 fundat
3306 1108 3625 1179 imperium;
3656 1113 3910 1180 quoniam

2318 1200 2459 1255 bene
2495 1201 2761 1269 gubernat
2792 1201 3045 1265 humana,
3073 1202 3159 1255 cui
3192 1203 3342 1271 prius
3362 1203 3542 1258 divina
3574 1206 3909 1275 placuerint:

2320 1294 2460 1364 quod
2493 1294 2848 1363 praesentibus
2876 1296 3127 1351 evenisse
3173 1297 3503 1365 temporibus
3555 1300 3909 1369 gratulamur.

2322 1385 2493 1440 Filius
2522 1385 2724 1439 etenim
2752 1392 2934 1440 vester
2962 1385 3415 1443 clementissimus
3444 1389 3737 1458 imperator
3756 1400 3915 1445 aeter-

2322 1467 2506 1529 nitatis
2532 1474 2798 1530 beneficio
2818 1484 3027 1544 sceptra
3053 1475 3297 1543 sortitus,
3320 1477 3443 1533 fidei
3468 1493 3659 1535 causas
3688 1480 3914 1549 arripuit

2321 1564 2687 1633 explicandas,
2717 1573 2772 1618 et
2800 1563 2866 1617 ad
2898 1556 3041 1619 tuam
3072 1566 3408 1621 sanctitatem
3440 1569 3606 1623 missa
3642 1569 3912 1640 legatione

2324 1655 2474 1711 sedis
2515 1655 2825 1723 apostolicae
2867 1657 3261 1724 promeruimus
3304 1659 3635 1725 sacerdotes,
3685 1669 3912 1730 quorum

2325 1747 2555 1803 adventu
2585 1763 2691 1801 non
2723 1747 3068 1804 mediocriter
3105 1749 3342 1803 adolevit
3384 1749 3745 1806 Ecclesiarum
3788 1766 3914 1807 ρους

2327 1838 2512 1895 cordia
2542 1846 3027 1904 sacrosanctarum,
3050 1840 3204 1896 vobis
3225 1841 3569 1909 instantibus,
3591 1851 3650 1897 ut
3667 1843 3913 1899 decebat.

2327 1931 2509 1986 Acacii
2537 1945 2789 1998 namque,
2817 1931 2962 2000 quod
2983 1931 3263 1987 dissidium
3282 1933 3522 2002 gerebat,
3549 1935 3767 1990 nomine
3787 1936 3913 1990 stir-

2326 2022 2469 2090 pitus
2496 2029 2792 2090 amputato,
2826 2035 2925 2090 pro
2953 2030 3143 2077 tenore
3199 2022 3497 2078 libellorum
3549 2038 3683 2094 quos
3713 2024 3915 2080 direxi-

2327 2115 2445 2180 stis,
2477 2114 2528 2168 in
2554 2114 2654 2168 hac
2689 2114 2819 2168 urbe
2848 2114 2994 2184 regia
3047 2115 3336 2186 multisque
3391 2116 3694 2171 civitatibus
3737 2118 3914 2173 unitas

2325 2214 2504 2275 optata
2536 2205 2809 2274 provenit,
2858 2220 3016 2274 quam
3048 2208 3271 2261 summis
3321 2208 3592 2264 inventam
3642 2208 3917 2266 laborinus

2328 2296 2576 2350 venerari
2599 2297 2848 2351 convenit
2870 2314 2883 2351 :
2909 2297 2960 2350 in
2981 2307 3403 2369 perpetuumque
3419 2300 3676 2355 custodiri
3695 2316 3915 2357 necesse

2326 2394 2430 2441 est.
2462 2386 2586 2441 llrec
2614 2386 2942 2456 quibuslibet
2976 2390 3306 2458 argumentis
3346 2391 3623 2446 retractari
3652 2392 3914 2461 quispiam

2326 2477 2582 2545 patietur,
2614 2491 2734 2546 qua:
2773 2478 3101 2547 sempiterna
3134 2479 3387 2549 majestas
3440 2482 3542 2536 rite
3570 2482 3916 2551 composuit?

2326 2567 2434 2623 Sed
2456 2567 2579 2633 quia
2602 2582 2891 2638 prosperos
2923 2583 3113 2624 cursus
3144 2570 3455 2640 frequenter
3486 2573 3747 2643 impedire
3772 2573 3917 2629 festi-

2328 2668 2421 2714 nat
2448 2660 2667 2715 humani
2697 2663 2913 2729 generis
2943 2663 3214 2731 inimicus,
3262 2681 3387 2736 pars
3428 2666 3779 2722 Orientalium
3810 2685 3915 2725 non

2330 2752 2406 2822 (ὁ)
2466 2753 2645 2818 exilis,
2685 2767 2785 2807 nec
2814 2752 2959 2809 ferro
2990 2755 3324 2826 flammisque
3347 2760 3596 2827 compelli
3634 2770 3827 2829 potest,
3861 2769 3915 2817 ut

2329 2844 2707 2913 episcOporum
2734 2846 2951 2899 nomina
2978 2858 3096 2914 post
3121 2849 3370 2903 Acacium
3397 2850 3771 2907 defunctorum
3792 2868 3916 2908 con-

2327 2936 2582 2991 demnet:
2615 2952 2734 3006 quae
2766 2938 3053 2994 difficultas
3108 2941 3344 3009 generali
3394 2944 3700 2998 concordiae
3739 2960 3916 3001 moras

2329 3029 2512 3083 nectit.
2546 3028 2819 3084 Sanctitas
2842 3031 3024 3098 itaque
3041 3042 3215 3086 vestra
3240 3034 3448 3088 caelitus
3476 3034 3755 3103 inspirata,
3782 3042 3917 3090 tem.

2329 3133 2518 3188 porum
2558 3136 2848 3190 rerumque
2893 3122 3204 3190 qualitatem
3233 3124 3558 3191 consideret,
3589 3135 3641 3181 et
3662 3127 3915 3182 condem-

2329 3211 2469 3266 natis
2505 3210 2662 3281 hujus
2689 3213 2887 3267 erroris
2927 3215 3257 3280 auctoribus,
3290 3217 3341 3269 id
3396 3226 3479 3271 est
3521 3220 3714 3275 Acacio
3766 3220 3910 3274 Con-

2331 3306 2812 3375 stantinopolitano
2831 3346 2845 3371 ,
2878 3307 3060 3373 Petro,
3090 3315 3145 3363 et
3177 3308 3679 3376 TimotheoIEIuro,
3707 3321 3762 3368 et
3785 3314 3913 3370 Dio-

2326 3409 2483 3449 scoro
2538 3396 2956 3461 Alexandrinis,
3014 3397 3280 3467 Petroque
3380 3403 3689 3468 ntiocheno,
3760 3404 3915 3462 ﬁnire

2325 3484 2577 3553 dignetur
2602 3486 2955 3541 inveteratum
2985 3497 3279 3557 certamen,
3305 3492 3371 3547 de
3393 3496 3709 3550 cmterorum
3743 3499 3914 3551 nomi-

2326 3576 2484 3629 nibus
2513 3578 2813 3645 quaestione
2834 3581 3007 3647 sopita
3035 3600 3046 3631 :
3081 3591 3137 3634 ut
3159 3582 3434 3639 redituatis
3465 3587 3672 3654 plebem
3702 3588 3769 3644 de
3792 3603 3915 3643 san-

2326 3667 2507 3738 guine,
2542 3684 2700 3738 quam
2735 3670 2875 3726 Deus
2899 3684 3083 3727 noster
3104 3676 3387 3745 regendam
3411 3680 3789 3748 commisit,‘ac
3808 3696 3911 3736 non

2325 3763 2790 3832 persccutionibus
2818 3782 2882 3820 ac
2906 3782 3119 3833 cruore,
3161 3768 3253 3823 sed
3296 3769 3554 3838 patientia
3588 3775 3913 3829 sacerdotali

2326 3855 2581 3923 populum
2615 3856 2839 3911 Domino
2871 3867 3057 3912 nostro
3085 3860 3419 3916 conciliatis:
3452 3876 3573 3926 nec,
3603 3862 3727 3916 dum
3760 3864 3913 3918 voiu-

2328 3960 2445 3999 mus
2469 3947 2680 4002 animas
2710 3948 2929 4015 lucrari,
2957 3959 3014 4004 et
3034 3964 3259 4019 corpora
3298 3952 3587 4007 multorum
3626 3954 3912 4023 perdamus

2326 4043 2381 4090 et
2410 4037 2636 4092 animas.
2666 4038 2894 4095 Errores
2911 4042 3110 4095 etenim
3133 4042 3415 4097 diuturnos
3438 4044 3656 4100 lenitate
3678 4047 3914 4101 clemen-

2326 4130 2504 4197 tiaque
2533 4130 2783 4184 convenit
2808 4131 3104 4196 emendari,
3133 4134 3400 4203 praecipue
3427 4136 3551 4205 quia
3579 4147 3768 4193 vestrae
3788 4139 3911 4194 bea-

2328 4219 2572 4274 titudinis
2602 4222 3029 4289 prmdecessores
3078 4226 3373 4293 smpissime
3401 4229 3685 4284 voluerunt
3736 4232 3913 4301 reipu-

2326 4309 2479 4364 blicae
2505 4320 2704 4366 nostra:
2735 4314 3005 4370 antistites
3033 4315 3098 4370 ad
3123 4332 3273 4371 suam
3297 4333 3553 4375 revocare
3579 4328 3911 4380 communio-

2326 4416 2469 4468 nem,
2526 4405 2569 4457 si
2611 4405 2979 4460 tantummodo
3033 4417 3302 4464 taceretur
3348 4412 3573 4465 Acacius
3620 4416 3913 4486 cacterique

2325 4493 2589 4561 praedicti.
2622 4495 2734 4550 Non
2767 4506 2850 4550 est
2879 4512 3007 4567 ergo
3042 4514 3205 4569 grave
3233 4502 3375 4571 quod
3411 4504 3580 4557 suasit
3605 4515 3780 4559 vestra
3826 4521 3913 4561 se-

2324 4583 2421 4639 des
2452 4596 2509 4639 ut
2536 4595 2792 4657 praestet:
2822 4588 2950 4643 illud
2978 4591 3138 4645 etiam
3169 4595 3339 4663 magis
3365 4596 3638 4666 magisque
3660 4597 3911 4667 deposci-

2327 4697 2466 4747 mus,
2499 4692 2556 4735 ut
2587 4692 2677 4737 tua
2708 4684 2964 4740 sanctitas
3004 4699 3261 4757 concepta
3316 4691 3486 4760 gratia
3543 4692 3749 4749 ccelesti
3795 4709 3913 4765 quae

2326 4772 2665 4841 prmtendunt
2704 4774 3007 4830 Orientales
3064 4779 3304 4848 episcopi
3356 4790 3588 4838 tractare
3642 4784 3911 4855 dignetur,

2327 4880 2621 4936 eorumque
2672 4868 2795 4924 fidei
2824 4879 3221 4939 competentem
3271 4876 3513 4945 prmbere
3563 4892 3909 4937 consensum.

2328 4956 2493 5012 Nobis
2519 4960 2717 5013 etenim
2749 4959 2983 5027 videtur,
3004 4964 3262 5034 quoniam
3295 4966 3461 5023 Filius
3485 4969 3576 5024 Dei
3608 4971 3712 5025 vivi
3736 4972 3913 5028 Domi-

2329 5066 2430 5106 nus
2461 5060 2645 5108 noster
2665 5054 2823 5111 Jesus
2871 5056 3120 5113 Christus
3170 5075 3237 5114 ex
3272 5062 3487 5137 virgine
3516 5062 3679 5119 Maria
3738 5077 3912 5133 natus,

2328 5158 2485 5215 quem
2520 5146 2779 5213 praedicat
2809 5165 3052 5205 summus
3086 5155 3457 5221 apostolorum
3484 5171 3651 5213 carne
3675 5173 3911 5226 passum,

2327 5248 2473 5293 recte
2500 5238 2695 5293 dicitur
2723 5256 2859 5296 unus
2892 5244 2945 5297 in
2977 5243 3237 5300 Trinitate
3259 5262 3379 5302 cum
3414 5247 3574 5302 Patre
3603 5248 3918 5322 Spirituquc

2327 5337 2513 5383 sancto
2542 5344 2798 5400 regnare:
2827 5332 2965 5387 sicut
2992 5333 3136 5389 enim
3165 5337 3377 5392 videtur
3395 5339 3699 5409 ambiguum
3731 5343 3917 5401 dicere

2326 5420 2642 5488 simpliciter
2670 5438 2835 5477 unum
2864 5423 2932 5480 de
2959 5425 3243 5496 Trinitate,
3271 5442 3376 5485 non
3396 5432 3676 5499 praemisso
3698 5438 3916 5494 nomine

2326 5508 2539 5563 Domini
2570 5513 2739 5566 nostri
2778 5514 2905 5568 Jesu
2945 5513 3184 5581 Christi;
3237 5519 3317 5573 sic
3363 5520 3484 5588 ejus
3532 5537 3819 5592 personam
3859 5530 3914 5585 in

2327 5600 2587 5657 Trinitate
2609 5616 2732 5657 cum
2754 5602 2927 5660 Patris
2952 5607 3301 5685 Spiritusque
3316 5613 3489 5667 sancti
3516 5618 3763 5685 personis
3807 5635 3914 5677 non

2326 5690 2629 5747 dubitamus
2658 5708 2818 5751 esse:
2872 5696 2988 5754 sine
3017 5699 3216 5757 Christi
3273 5718 3505 5777 namque
3554 5723 3785 5781 persona
3814 5727 3915 5771 nec

2398 5802 2472 5873 (b)
2506 5804 2590 5861 Al.
2632 5808 2822 5863 exiliis.
