4262 6264
313 353 412 406 L97

1575 348 1659 402 ΕΡ
1676 344 1941 401 ΙΞΤΟΙμΕ
1981 343 2068 398 E'l‘
2109 343 2443 398 DECRETA.

3481 354 3586 408 498

309 462 457 520 credi
488 460 719 515 Trinitas
745 459 992 530 religiose
1024 468 1215 527 potest,
1254 471 1350 512 nec
1381 457 1592 510 adorari
1616 455 1890 519 ﬁdeliter,
1922 453 1976 512 Α
2000 455 2308 510 communis
2336 456 2512 510 unitas
2534 457 2818 524 pervenire
2845 459 3106 516 videatur.
3149 461 3461 533 Diligentius
3492 484 3587 523 au-

307 551 763 622 quemadmodum
794 551 851 604 S.
886 550 1209 619 Augustinus
1227 548 1342 602 ait:
1375 550 1454 601 An
1477 548 1651 617 aliqua
1682 563 1746 602 ex
1772 546 1897 600 Tri-

305 647 480 700 nitate
511 658 737 712 persona
766 659 780 707 ;
807 651 861 697 et
888 643 992 696 alio
1018 643 1136 696 loco
1163 658 1174 692 :
1206 639 1364 695 Solus
1396 640 1446 693 in
1484 639 1746 693 Trinitate
1776 653 1895 692 cor—

304 753 413 809 pus
439 737 680 804 accepit;
713 744 766 788 et
787 734 978 788 iterum
1005 751 1016 784 :
1041 733 1189 788 Unus
1212 732 1393 786 trium.
1422 732 1688 800 Rogamus
1713 731 1891 798 igitur,

303 828 764 885 reverendissime
791 825 1108 894 salutantes,
1139 835 1195 878 ut
1212 825 1372 878 futuri
1397 824 1584 892 judicii
1609 836 1897 885 memores,

305 939 528 980 causam
561 922 741 976 taliter
769 920 1048 981 ordinetis,
1099 934 1164 973 ne
1191 917 1319 987 quid
1350 916 1697 971 dubitationis
1735 914 1898 970 relin-

305 1026 510 1087 quatur
540 1015 591 1069 in
626 1022 920 1083 posterum,
953 1021 1216 1082 quatenus
1245 1011 1389 1064 omni
1413 1009 1668 1076 scrupulo
1695 1007 1901 1062 discor-

307 1109 519 1162 diarum
553 1107 785 1172 sublato,
819 1105 964 1173 pacis
1013 1104 1348 1158 desideratte‘
1381 1117 1475 1171 per
1503 1102 1685 1156 orbem
1731 1109 1900 1156 totum

309 1201 522 1255 vincula
546 1209 892 1266 renoventur,
925 1207 978 1253 et
1007 1197 1436 1251 venerandarum
1477 1196 1667 1249 ﬁoreat
1717 1194 1899 1249 Eccle-

310 1296 516 1347 siarum
547 1292 856 1354 concordia,
907 1290 1252 1358 corporisque
1306 1288 1460 1341 unius
1511 1287 1563 1340 in
1617 1285 1901 1355 pristinum

311 1397 513 1439 statum
547 1385 786 1440 membra
811 1383 1211 1452 recolligantur.
1259 1381 1354 1434 llle
1404 1392 1633 1447 namque
1665 1377 1904 1432 medicus

311 1479 434 1546 jure
460 1477 726 1540 laudatur,
757 1477 847 1544 qui
879 1483 1086 1529 veteres
1109 1471 1451 1542 aegritudines
1485 1471 1558 1524 ita
1583 1483 1774 1524 sanare
1804 1468 1902 1522 de-

316 1579 590 1638 properat,
643 1579 700 1624 ut
751 1585 814 1624 ex
864 1569 946 1624 his
993 1583 1131 1622 nova
1180 1567 1397 1621 vulnera
1437 1579 1544 1619 non
1594 1571 1903 1617 nascantur.

317 1664 640 1729 Specialiter
663 1677 790 1730 ergo
816 1669 1102 1730 cognoscat
1134 1668 1313 1713 vester
1364 1655 1718 1727 apostolatus,
1751 1667 1904 1709 com-

319 1757 505 1822 positis
532 1755 736 1810 eisdem
766 1755 974 1808 duobus
997 1753 1265 1822 capitulis,
1295 1751 1578 1804 universos
1593 1747 1902 1804 sacerdotes

2009 559 2114 604 tem
2141 550 2208 604 de
2239 550 2322 605 bis
2351 550 2653 605 ﬁdelissimi
2681 559 2735 606 et
2765 552 2993 620 piissimi
3021 557 3190 609 nostri
3221 557 3488 626 principes
3520 550 3592 614 'de

2012 651 2322 697 sanctarum
2382 643 2476 696 Dei
2536 642 2892 697 Ecclesiarum
2951 646 3153 700 unitate
3213 656 3267 700 et
3311 649 3594 704 concordia

2003 735 2327 805 gaudentes,
2359 734 2427 790 ad
2452 746 2630 790 vestra
2659 735 3046 791 mandaverunt
3066 729 3448 794 beatitudine")
3471 754 3594 809 sup-

2006 826 2332 896 plicationes
2358 841 2387 879 a
2409 826 2654 894 plurimis
2675 828 2872 882 sanctis
2902 829 3269 886 sacerdotibus
3295 831 3594 899 suscipien-

2005 924 2109 981 tes,
2164 926 2270 972 tam
2315 917 2470 974 Ponti
2513 934 2672 986 quam
2703 917 2858 974 'A‘site
2900 922 3207 990 provinciae,
3257 931 3311 976 et
3361 922 3594 978 maxime

2010 1011 2269 1077 Orientis,
2322 1011 2460 1080 apud
2511 1026 2647 1078 quos
2684 1013 2900 1066 nomina
2942 1014 3212 1082 quondam
3253 1016 3594 1069 sacerdotum

2006 1120 2224 1160 suorum
2260 1114 2438 1160 tacere
2477 1106 2700 1161 difﬁcile
2735 1115 2788 1160 et
2818 1107 3154 1176 impossibile
3199 1122 3318 1163 esse
3345 1108 3589 1172 videtur,

2007 1205 2263 1266 tantaque
2295 1213 2479 1252 eorum
2513 1199 2804 1253 obstinatio
2840 1209 2940 1261 est,
2983 1208 3041 1253 ut
3077 1215 3265 1254 omnes
3297 1201 3594 1269 periculum

2005 1301 2106 1355 pro
2137 1288 2228 1342 tali
2258 1286 2401 1342 facto
2425 1291 2593 1356 parati
2625 1291 2734 1344 sint
2771 1292 3058 1346 sustinere.
3091 1291 3254 1360 Igitur
3284 1291 3594 1360 praeceden-

2006 1388 2087 1434 tes
2120 1396 2307 1435 omnes
2344 1383 2486 1437 circa
2533 1385 2680 1451 pacis
2723 1385 2958 1439 studium
3004 1387 3366 1441 necessarium
3402 1398 3592 1441 causas

2005 1473 2432 1541 considerantes,
2459 1476 2581 1544 quia
2606 1491 2700 1544 per
2723 1479 2892 1531 solam
2924 1480 3077 1532 istam
3111 1479 3424 1534 humilitatis
3448 1480 3592 1534 viam

2005 1578 2345 1620 communem
2381 1567 2629 1621 omnibus
2669 1569 2962 1624 unitionem
3017 1579 3072 1625 et
3117 1572 3343 1626 salutem
3389 1572 3595 1628 inveni-

2006 1670 2126 1710 mus
2156 1657 2551 1726 interrogantes
2580 1659 2719 1714 sicut
2747 1659 2948 1715 dictum
2981 1670 3083 1726 est,
3113 1672 3168 1718 et
3201 1663 3595 1720 satisfacientes

2006 1746 2158 1802 vobis
2183 1748 2249 1801 ab
2281 1749 2387 1802 illis
2418 1750 2512 1817 qui
2538 1765 2568 1803 a
2607 1750 2762 1804 nobis
2807 1751 2860 1804 in
2897 1751 2999 1805 hoc
3027 1755 3240 1822 negotio
3268 1763 3392 1809 sunt
3421 1755 3594 1810 desti-

321 1846 472 1899 istius
500 1846 809 1916 reipublicae
838 1845 1065 1900 libenter
1106 1845 1353 1913 amplecti
1401 1853 1634 1897 vestram
1659 1855 1904 1895 commu-
1935 1823 1984 1885 Β
2013 1840 2142 1905 nati,
2169 1853 2384 1893 causam
2432 1854 2552 1893 cum
2583 1841 2819 1909 paciﬁca,
2845 1857 2949 1911 qua
2977 1859 3072 1898 vos
3111 1845 3284 1910 decet,
3322 1845 3591 1915 guberna-

323 1940 556 1992 nionem.
589 1940 819 2007 Accepta
865 1954 930 1991 xv
969 1937 1219 1992 calendas
1247 1936 1514 2000 Octobris,
1547 1934 1764 1990 RuStico
1790 1932 1903 1986 viro

320 2030 618 2085 clarissimo
641 2031 862 2085 consule
893 2031 1076 2092 (anno
1108 2029 1317 2084 Domini
1343 2026 1448 2082 5‘20
1473 2030 1510 2092 ).

525 2257 776 2295 ΕΡΙΡΒΔΝΙΙ
811 2257 1043 2295 EPISCOPI
1072 2250 1702 2294 CONSTANTINOPOLITANI.

320 2353 654 2424 Imperatoris
681 2355 890 2422 ejusque
915 2353 1168 2421 conjugis,
1200 2368 1446 2417 suamque
1467 2353 1528 2424 de
1558 2349 1903 2424 Ecclesiarum

387 2422 575 2477 unione
601 2425 758 2475 animi
783 2425 1100 2475 alacritatem
1123 2425 1455 2474 demonstrat.
1489 2422 1641 2472 Ponti
1674 2430 1718 2473 et
1746 2422 1901 2487 Asiae,

387 2507 431 2547 et
466 2496 689 2546 maxime
727 2494 949 2546 Orientis
997 2493 1282 2545 sacerdotes
1310 2508 1518 2544 suorum
1549 2493 1904 2560 episcoporum

386 2567 597 2617 nomina
637 2566 883 2616 damnare
913 2563 1130 2616 volentes
1172 2565 1224 2615 in
1254 2566 1488 2614 unionem
1530 2563 1900 2617 admittendus.

387 2635 611 2688 Calicem
634 2645 680 2687 et
711 2636 816 2686 alia
848 2635 1077 2702 pontiﬁci
1105 2649 1316 2688 munera
1345 2634 1520 2686 mittit.

392 2745 623 2799 Domino
655 2759 748 2812 per
778 2744 956 2797 omnia
1001 2753 1185 2798 sancto
1231 2757 1295 2796 ac
1333 2740 1642 2796 beatissimo
1672 2738 1820 2793 fratri
1851 2747 1905 2793 et

319 2840 797 2895 comministratori
839 2838 1134 2894 Hormisdae
1167 2835 1494 2906 Epiphanius
1517 2837 1819 2925 .eplscopus
1848 2829 1902 2886 in

317 2933 543 2988 Domino
573 2934 821 2986 salutem.

383 3024 651 3089 Quantam
681 3024 960 3078 habuimus
982 3021 1309 3075 alacritatem
1332 3034 1430 3075 nos
1457 3032 1669 3088 quoque
1699 3027 1750 3072 et
1773 3017 1904 3087 piis-

315 3118 480 3170 simus
501 3126 558 3170 et
585 3115 1076 3170 Christianissimus
1105 3113 1395 3182 imperator
1425 3127 1528 3165 una
1560 3125 1679 3164 cum
1706 3109 1904 3163 fidelis-

317 3209 452 3261 sima
479 3216 532 3262 et
567 3208 617 3261 in
647 3207 896 3260 omnibus
932 3206 1084 3260 bonis
1123 3204 1344 3259 florente
1381 3203 1608 3272 conjuge
1638 3216 1730 3254 sua
1763 3201 1904 3255 circa
1933 3183 1978 3246 CI

229 3351 243 3366 ,
318 3310 517 3352 rectam
545 3307 600 3353 et
629 3314 817 3366 puram
851 3307 1156 3350 sanctarum
1191 3295 1551 3350 Ecclesiarum
1582 3293 1901 3357 unitionem,

316 3402 369 3444 et
398 3390 852 3459 quemadmodum
884 3405 1004 3443 cum
1036 3389 1257 3443 caritate
1288 3387 1381 3442 Dei
1414 3401 1514 3455 qua
1557 3401 1654 3440 nos
1685 3383 1907 3439 decebat

316 3482 614 3536 destinatos
640 3498 668 3536 a
699 3483 848 3536 vobis
871 3491 1084 3536 sanctos
1103 3482 1384 3550 episcopos
1399 3486 1450 3533 et
1474 3477 1752 3547 religiosos
1781 3491 1903 3530 sus-

315 3575 596 3640 cepimus,
644 3583 696 3626 ct.
735 3572 1069 3628 venerandos
1112 3573 1393 3625 habuimus
1425 3570 1675 3636 clericos,
1718 3569 1908 3622 existi-

320 3682 534 3719 mamus
565 3666 773 3732 quidem
804 3676 856 3720 et
886 3675 1008 3720 ante
1037 3681 1102 3720 ex
1131 3665 1213 3719 his
1242 3681 1362 3734 quae
1394 3673 1510 3718 acta
1542 3673 1665 3717 sunt
1691 3662 1904 3716 satisfa-

316 3768 467 3812 ctum
498 3768 679 3812 vestrae
721 3760 1033 3814 beatitudini
1070 3777 1081 3811 :
1116 3759 1439 3814 credidimus
1483 3767 1660 3812 tamen
1691 3757 1830 3828 quod
1860 3756 1907 3811 si

317 3851 579 3905 Dominus
609 3852 855 3906 Salvator
896 3853 1051 3907 Jesus
1087 3851 1331 3906 Christus
1362 3852 1502 3906 Deus
1553 3861 1736 3913 noster
1765 3851 1906 3905 idem

321 3947 469 4012 ipsos
502 3946 982 3999 reverendissimos
1013 3946 1532 4000 comministratorcs
1577 3953 1790 3998 nostros
1821 3944 1907 3997 in-

318 4038 558 4092 columes
598 4039 790 4093 vestris
837 4039 1111 4093 obtutibus
1151 4037 1514 4107 prmsentavit,
1563 4037 1743 4090 omnia
1790 4051 1910 4107 quas

318 4130 548 4182 excitata
599 4141 725 4183 sunt
767 4131 917 4185 vobis’
965 4130 1323 4184 sanctissimis
1363 4128 1640 4183 manifesta
1674 4128 1810 4192 ﬁeri,
1857 4134 1912 4181 et

319 4217 581 4286 laborem,
627 4237 785 4289 quem
829 4221 1101 4290 potuimus
1144 4222 1430 4286 sustinere,
1479 4235 1574 4291 per
1616 4221 1713 4272 hos
1765 4219 1911 4288 ipsos

319 4313 660 4367 manifestius
725 4316 1082 4383 cognoscetis.
1141 4314 1602 4382 Quemadmodum
1663 4329 1757 4382 per
1814 4311 1910 4366 Dei

319 4407 540 4475 gratiam
563 4416 618 4461 et
647 4407 1076 4464 fidelissimorum
1103 4410 1398 4478 principum
1417 4418 1745 4471 nostrorum,
1770 4405 1913 4461 Con-

318 4501 816 4568 stantinopolitanae
843 4502 1077 4556 civitatis
1108 4513 1290 4556 nostra
1322 4502 1559 4556 Ecclesia
1590 4500 1808 4569 paciﬁce
1830 4510 1912 4554 est

318 4592 619 4659 gubernata
655 4611 668 4647 :
702 4602 756 4648 et
791 4596 1004 4649 nomina
1039 4609 1227 4648 eorum
1265 4595 1404 4648 inter
1440 4607 1590 4647 sacra
1642 4607 1748 4646 non
1785 4601 1910 4646 sunt

319 4687 540 4736 recitata
576 4687 852 4754 mysteria,
878 4702 997 4754 quae
1028 4686 1142 4740 sedi
1173 4697 1364 4740 vestra:
1393 4684 1612 4754 profana
1654 4685 1907 4753 cognovi-

317 4789 467 4841 mus,
500 4775 596 4829 sed
633 4787 860 4844 quatuor
896 4777 1243 4832 conciliorum
1276 4791 1372 4846 pro
1416 4787 1559 4831 recta
1586 4776 1691 4830 ﬁde
1716 4790 1911 4830 conso-

317 4867 500 4920 nantia
542 4868 862 4935 praadicatur
891 4879 946 4923 et
983 4869 1084 4924 hoc
1122 4869 1297 4938 ipsum
1342 4868 1592 4922 omnibus
1626 4881 1906 4920 sacrorum

317 4961 693 5030 diptycliorum
724 4963 1036 5018 recitatione
1059 4964 1402 5018 manifestum
1429 4971 1534 5018 est.
1568 4959 1905 5015 Annuntient

317 5053 476 5120 igitur
496 5053 648 5106 vobis
677 5055 799 5122 quia
822 5069 926 5109 non
960 5055 1112 5124 pauci
1137 5056 1289 5110 nobis
1316 5055 1540 5123 subjecti
1567 5054 1899 5118 sacerdotes,

318 5161 416 5198 nec
438 5160 630 5200 rursus
650 5148 750 5200 sub
773 5162 958 5200 eorum
985 5146 1322 5201 ordinatione
1345 5148 1720 5216 episcoporum
1744 5159 1907 5214 parva

318 5246 398 5286 est
424 5235 639 5289 subdita
671 5237 976 5303 multitudo,
1009 5254 1128 5307 quae
1159 5239 1356 5293 bonum
1389 5239 1548 5309 huius
1576 5246 1766 5307 empta:
1791 5235 1908 5291 uni-

318 5325 480 5380 tionis
508 5331 884 5397 amplectitur:
916 5340 1095 5386 vestra
1122 5332 1282 5387 etiam
1315 5333 1568 5386 sanctitas
1614 5340 1908 5400 cognoscat

318 5419 472 5474 istius
506 5436 564 5475 se
591 5423 858 5492 generalis
903 5425 1028 5478 boni
1064 5435 1117 5480 et
1157 5427 1450 5495 principem
1489 5435 1542 5480 et
1577 5426 1905 5495 inceptorem

319 5510 675 5569 nihilominus
714 5518 1080 5571 constitutum.
1135 5517 1288 5573 Unde
1321 5517 1531 5574 fortiter
1568 5519 1634 5573 ad
1684 5520 1907 5589 vigilan-

319 5603 447 5658 dum
473 5604 746 5662 beatitudo
775 5620 956 5664 vestra
986 5609 1199 5664 laudum
1229 5620 1312 5666 est
1340 5611 1573 5666 stimulis
1603 5613 1905 5675 excitanda,

319 5713 386 5754 ne
417 5699 466 5753 id
513 5701 654 5770 quod
683 5703 861 5757 divina
906 5705 956 5757 in
987 5705 1245 5759 honorem
1278 5706 1438 5759 veSIri
1485 5715 1723 5772 cmperat
1761 5705 1904 5759 ordi-

320 5808 455 5850 nare
494 5795 882 5862 misericordia,
922 5813 1026 5854 non
1069 5799 1134 5852 ad
1181 5799 1394 5868 plenum
1425 5801 1498 5852 ita
1541 5805 1599 5850 ut
1639 5796 1904 5853 condecet

1938 4551 1991 4613 D

2010 1931 2152 1985 tione
2194 1932 2517 2000 dispensetis
2543 1950 2556 1986 :
2587 1947 2710 1986 nam
2751 1933 2879 1988 dum
2922 1949 3026 1988 una
3057 1944 3279 2004 utraque
3308 1937 3377 1990 sit
3407 1936 3591 1992 Eccle-

2007 2021 2106 2085 sia,
2138 2022 2322 2090 procul
2353 2021 2515 2076 dubio
2537 2032 2591 2077 et
2631 2024 2790 2090 bona,
2824 2039 2944 2093 quae
2973 2039 3068 2094 per
3107 2025 3439 2096 vigilantiam
3465 2040 3593 2082 eve-

2010 2114 2187 2177 niunt,
2219 2113 2525 2167 communis
2562 2115 2755 2169 exinde
2787 2115 2958 2171 laudis
2996 2117 3167 2186 gloria
3197 2117 3474 2186 utriusque
3495 2131 3594 2187 pa-

2009 2205 2386 2259 triarchalibus
2429 2206 2645 2260 sedibus
2675 2207 2923 2273 rimatur,
2955 2218 3011 2263 ut
3053 2220 3308 2266 consuete
3351 2208 3593 2264 omnium

2007 2295 2269 2350 Dominus
2308 2304 2363 2349 et
2411 2297 2660 2350 conditor
2708 2297 2954 2353 Christus
3007 2313 3170 2354 verus
3214 2301 3358 2354 Deus
3407 2307 3593 2354 noster

2010 2389 2400 2455 magniﬁcetur.
2433 2388 2508 2442 De
2549 2388 2631 2442 his
2673 2397 2852 2444 autem
2897 2390 3145 2446 omnibus
3187 2405 3398 2446 summo
3438 2389 3596 2445 vobis

2007 2479 2375 2549 supplicentur
2396 2479 2591 2533 affectu
2620 2479 2853 2537 Joannes
2883 2482 3254 2536 Sanctissimus
3286 2482 3595 2552 episcopus,

2007 2571 2203 2625 multos
2235 2572 2512 2626 nobiscum
2544 2572 2768 2626 sudores
2801 2574 2852 2626 in
2885 2573 3139 2642 praesenti
3168 2572 3447 2642 deponens
3475 2587 3596 2627 cer~

2007 2665 2243 2727 tamine,
2296 2672 2350 2717 et
2393 2663 2738 2718 Heraclianus
2783 2664 3269 2719 reverendissimus
3311 2662 3595 2733 presbyter

2007 2764 2205 2808 sanctae
2238 2763 2434 2808 nostra!
2463 2754 2688 2822 majoris
2727 2755 2994 2820 ecclesiae,
3031 2763 3087 2809 et
3115 2754 3457 2811 cobabitator
3495 2765 3594 2809 no-

2018 2855 2151 2910 ster,
2176 2852 2230 2899 et
2257 2843 2641 2899 Constantinus
2664 2846 3146 2900 reverendissimus
3173 2846 3432 2901 diaconus
3452 2845 3599 2914 ejus~

2006 2935 2127 2990 dem
2152 2935 2374 3002 majoris
2415 2935 2683 2994 ecclesia.
2730 2949 2824 3004 per
2844 2949 2978 3004 quos
3021 2946 3074 2991 et
3104 2945 3284 2991 nostra
3317 2935 3598 3007 synodalia

2007 3026 2298 3080 secundum
2325 3025 2719 3079 ecclesiasticas
2748 3035 2944 3080 vestrae
2975 3026 3321 3081 beatitudinis
3357 3025 3599 3080 destina~

2008 3120 2180 3170 vimus
2211 3117 2376 3186 leges.
2407 3117 2560 3171 Nunc
2594 3117 2754 3185 igitur
2795 3116 3022 3186 piissimi
3058 3116 3228 3170 nostri
3258 3115 3600 3185 imperatoris

2012 3210 2244 3264 studium
2300 3209 2441 3264 circa
2500 3221 2805 3264 sanetarum
2875 3208 3239 3264 Ecclesiarum
3295 3207 3598 3263 unitionem

2011 3301 2370 3361 ostendentis,
2402 3300 2636 3369 paciﬁcis
2659 3300 2725 3354 ad
2752 3309 2984 3354 vestram
3013 3298 3398 3354 beatitudinem
3422 3297 3489 3353 de
3509 3297 3598 3353 his

2012 3395 2188 3451 causis
2217 3392 2420 3448 utendo
2452 3393 2669 3456 litteris,
2695 3399 2748 3444 et
2772 3390 2982 3444 oblatas
3013 3389 3224 3444 sibimet
3251 3389 3318 3442 ab
3343 3387 3600 3443 Hieroso-

2013 3485 2286 3557 lymitanis
2323 3491 2378 3538 et
2417 3481 2779 3536 Orientalibus
2817 3480 3109 3548 petitiones
3142 3477 3450 3533 destinavit.
3487 3475 3600 3531 Nos

2012 3593 2142 3647 ergo
2164 3577 2504 3631 occasionem
2533 3572 2876 3627 salutationis
2907 3571 3148 3626 invenire
3171 3571 3431 3637 volentes,
3459 3569 3600 3623 hanc

2010 3670 2078 3724 ad
2116 3683 2210 3723 vos
2251 3668 2470 3721 fecimus
2519 3664 2822 3734 epistolam,
2870 3677 2967 3731 per
3002 3677 3163 3731 quam
3213 3661 3598 3731 supplicamus,

2014 3768 2376 3832 proponentes
2399 3756 2553 3811 vobis
2579 3753 2935 3809 sanctissimis
2959 3753 3094 3806 hanc
3117 3766 3303 3806 vocem
3326 3750 3596 3804 divinam:
3681 3769 3694 3788 ε

2014 3853 2147 3906 Ecce
2175 3861 2370 3920 tempus
2394 3846 2722 3913 acceptabile,
2749 3860 2860 3897 ecce
2880 3859 3017 3895 nunc
3034 3843 3141 3895 dies
3167 3842 3349 3896 salutis
3374 3838 3460 3911 (II
3475 3839 3595 3895 Cor.

2013 3946 2108 4016 vi).
2145 3945 2283 3998 Ecce
2319 3941 2551 3997 credidit
2578 3938 2731 3994 nobis
2756 3937 2994 3991 omnium
3022 3935 3280 3989 Dominus
3312 3934 3593 3997 talentum,

2013 4039 2155 4108 quod
2176 4045 2578 4107 augmentatum
2607 4032 2775 4102 possit
2802 4030 3011 4086 restitui
3039 4030 3163 4084 boui
3197 4029 3374 4099 Operis
3400 4029 3597 4094 fructu,

2014 4142 2068 4187 et
2115 4132 2308 4185 salvari
2358 4145 2453 4199 per
2502 4126 2827 4182 laudabilem
2873 4135 3102 4180 vestram
3143 4123 3599 4192 diSpensationem

2016 4233 2191 4279 tantas
2231 4221 2447 4293 quidem
2496 4226 2712 4274 sanctas
2757 4217 3045 4282 Ecclesias,
3090 4224 3373 4285 tantosque
3411 4228 3600 4269 eorum

2014 4316 2347 4377 sacerdotes,
2393 4323 2447 4367 et
2491 4307 2888 4365 multitudinem
2942 4306 3412 4368 innumerabilem,
3462 4318 3604 4358 nunc

2015 4407 2228 4477 quidem
2273 4406 2478 4458 unitam
2511 4410 2711 4456 sanctae
2746 4400 3022 4464 Ecclesiae,
3061 4397 3460 4468 periclitantem
3505 4411 3603 4449 au-

2017 4512 2125 4556 tem
2156 4509 2209 4555 et
2241 4505 2508 4554 errantem
2538 4512 2551 4549 :
2583 4495 2628 4550 si
2658 4503 2849 4548 vestrm
2883 4491 3231 4547 beatitudinis
3268 4491 3603 4560 gubernacu-

2021 4595 2131 4649 lum
2172 4600 2534 4647 commoretur
2571 4583 3090 4656 (commemoretur),
3131 4593 3182 4636 et
3221 4582 3454 4635 maxime
3495 4579 3602 4646 his,

2019 4686 2108 4756 qui
2149 4686 2201 4738 in
2253 4681 2453 4736 sanctis
2498 4680 2630 4734 locis
2659 4677 2899 4732 habitant
2945 4674 3141 4729 Christi
3171 4673 3266 4728 Dei
3309 4670 3501 4735 nostri,
3531 4669 3604 4724 ita

2018 4780 2222 4848 ubique
2251 4775 2453 4831 sanctis
2481 4773 2817 4827 adhmrentcs
2839 4769 3103 4835 ecclesiis,
3135 4779 3190 4821 ut
3211 4780 3396 4820 eorum
3424 4762 3604 4830 respui

2021 4886 2127 4925 non
2151 4871 2344 4924 debeat
2371 4864 2676 4921 multitudo.
2703 4863 2834 4916 Nam
2867 4873 3054 4914 omnes
3077 4873 3173 4926 per
3205 4854 3603 4924 suggestionem

2019 4977 2206 5018 eorum
2249 4960 2319 5013 ita
2367 4957 2422 5012 in
2460 4955 2834 5012 obstinationis
2857 4967 2968 5008 sua:
3015 4949 3156 5003 malo
3198 4947 3514 5017 perdurant,
3548 4951 3608 4998 ut

2019 5054 2188 5110 velint
2218 5061 2344 5107 ante
2387 5065 2419 5107 e
2447 5051 2554 5104 vita
2588 5046 2860 5108 recedere,
2909 5057 3069 5112 quam
3099 5040 3397 5110 excogitata
3444 5036 3606 5092 relin-

2019 5160 2186 5213 quere
2211 5161 2224 5198 :
2253 5151 2313 5198 ut
2365 5142 2410 5196 si
2457 5141 2596 5195 Deus
2638 5140 2756 5200 hos,
2811 5150 2905 5204 per
2946 5145 3180 5189 vestram
3219 5127 3605 5185 beatitudinem

2019 5237 2248 5293 adunari
2283 5234 2622 5305 praeceperit,
2653 5237 2848 5284 vestra:
2881 5228 3055 5282 laudis
3087 5225 3356 5285 meritum,
3385 5230 3435 5274 et
3467 5233 3605 5286 prae-

2020 5333 2284 5397 sentibus,
2315 5337 2370 5383 et
2399 5326 2592 5382 futuris
2619 5322 2924 5378 ascribatur
2954 5317 3307 5390 temporibus.
3347 5313 3477 5365 Oret
3502 5309 3603 5375 igi-

2021 5435 2106 5480 tur
2131 5433 2307 5479 vestra
2336 5418 2592 5474 sanctitas
2629 5426 2734 5470 tam
2772 5431 2867 5484 pro
2896 5414 3150 5484 piissimis
3174 5418 3228 5463 et
3258 5398 3603 5458 Christianis-

2019 5516 2173 5570 simis
2207 5509 2560 5582 principibus,
2595 5523 2755 5577 quam
2789 5522 2886 5577 pro
2915 5513 3099 5560 nostra
3128 5495 3386 5568 parvitate
3409 5499 3462 5544 et
3489 5487 3607 5582 uni-

2018 5607 2220 5664 versali
2257 5605 2470 5669 unione,
2518 5611 2575 5657 ut
2615 5601 2785 5671 gratia
2827 5606 3026 5654 sancta:
3067 5601 3121 5646 et
3162 5588 3318 5642 unius
3354 5580 3605 5638 essentia!

2020 5698 2317 5761 Trinitatis,
2347 5706 2400 5751 et
2429 5693 2902 5748 intercessionibus
2927 5681 3160 5736 domina:
3183 5685 3380 5732 nostra:
3402 5679 3606 5729 sanctae

2019 5806 2075 5853 et
2111 5792 2354 5861 gloriosa:
2397 5785 2612 5856 virginis
2645 5791 2700 5840 et
2737 5781 2831 5837 Dei
2868 5771 3144 5847 genitricis
3189 5769 3392 5836 Mariae,
3422 5766 3606 5827 omnia
