4262 6264
1988 328 2363 389 ιιοιιιιιευι
2409 330 2612 388 PAPE

666 440 741 497 ad
778 440 1033 501 unitatem
1077 440 1359 499 lndivisam
1397 441 1700 504 conveniat,
1740 449 1795 493 et
1839 440 2245 496 fundamentum
2275 445 2329 503 Δ
2355 456 2449 512 per
2484 445 2901 499 taciturnitatem
2941 444 3121 515 largiri
3148 454 3363 515 tempus
3385 444 3569 503 videar
3597 444 3704 501 illis
3732 448 3822 515 qui
3859 448 3941 509 ab

671 530 1046 591 inconcussum
1068 532 1344 591 catholicae
1374 530 1495 585 fidei
1526 531 1893 600 conﬁrmetur,
1928 548 2023 603 per
2047 535 2247 599 omnia,

669 626 1011 682 sanctissime
1048 623 1236 677 frater.
1282 622 1483 676 Indicia
1521 632 1699 679 autem
1728 634 1928 681 nostrae
1956 628 2249 682 secundum

608 693 617 727 Τ
670 712 941 768 Christum
985 712 1271 771 Dominum
1304 722 1546 768 nostrum
1580 715 1819 777 caritatis
1854 731 1949 784 per
1982 718 2129 773 viros
2165 733 2252 777 re-

668 803 1089 858 verendissimos
1132 803 1551 871 destinavimus,
1606 807 1675 862 ad
1728 808 2249 876 administrationem

666 892 866 947 divinae
891 892 1134 960 culturae,
1177 902 1233 949 et
1274 905 1474 950 sancta:
1504 898 1812 965 apostolicae
1842 910 2035 956 vestrae
2063 901 2251 957 Eccle-

664 983 782 1049 siae,
814 984 1037 1040 calicem
1078 994 1258 1041 autem
1292 989 1523 1055 gemmis
1550 990 1963 1057 circumdatum,
2002 1002 2249 1060 patenam

664 1091 908 1145 auream,
960 1089 1014 1135 et
1053 1081 1215 1137 alium
1262 1083 1485 1139 calicem
1531 1094 1862 1152 argenteum,
1922 1085 2038 1141 vela
2079 1086 2250 1142 serica

658 1169 808 1237 duo;
847 1188 969 1242 quae
995 1175 1269 1240 suscipere
1300 1184 1538 1231 vestram
1569 1176 1953 1233 beatitudinem
1984 1178 2251 1247 supplica-

664 1274 788 1318 mus
826 1279 949 1319 cum
979 1266 1067 1325 illa
1104 1269 1332 1323 caritate
1372 1285 1533 1338 quam
1578 1285 1675 1325 vos
1717 1270 1917 1325 habere
1955 1272 2247 1331 secundum

665 1350 838 1411 Deum
865 1372 969 1411 non
1000 1358 1328 1415 dubitamus.
1361 1360 1591 1417 Omnem
1620 1361 1672 1417 in
1697 1359 1917 1417 Christo
1947 1362 2252 1419 fraternita-

664 1452 796 1510 tem,
826 1464 948 1518 qua:
990 1467 1113 1507 cum
1140 1460 1320 1507 vestra
1352 1463 1435 1508 est
1475 1456 1757 1511 sanctitate
1800 1470 1898 1509 nos
1955 1471 2169 1525 quoque
2196 1465 2251 1511 et

666 1537 758 1605 qui
785 1538 1063 1603 nobiscum
1093 1544 1521 1612 suntplurimum
1550 1546 1865 1601 salutamus.
1894 1550 2125 1614 Accepta
2152 1548 2250 1615 pri

665 1627 756 1683 die
800 1629 1051 1695 calendas
1108 1634 1459 1701 Decembris,
1517 1636 1739 1691 Rustico
1784 1636 1901 1692 viro
1951 1637 2249 1694 clarissimo

665 1719 890 1779 consule
913 1720 1079 1790 (armo
1106 1721 1319 1777 Domini
1346 1724 1496 1794 520).

1345 1832 1571 1888 SACRA

1210 1941 1407 1979 ιυετηιι
1448 1942 1697 1983 AUGUSTI.

663 2004 914 2086 hminem
940 2012 1235 2083 episcopum
1255 2015 1324 2069 ad
1348 2018 1669 2070 tractandam
1693 2017 1939 2074 Ecclesia!
1966 2038 2143 2086 pacem
2162 2024 2252 2077 dc-

733 2079 999 2149 stinatum,
1027 2079 1406 2154 quemprinmm
1433 2088 1771 2159 convaluerit,
1804 2079 2175 2161 profecturum.

734 2170 975 2233 Justinus
995 2172 1267 2246 Augustus
1299 2178 1597 2241 Hormisdae
1628 2196 1803 2251 papas.

735 2260 870 2321 Dum
900 2263 1271 2333 beatissimum
1299 2267 1626 2326 Germanum
1667 2272 2010 2343 episcopum,
2045 2276 2131 2331 vel
2155 2290 2250 2331 eos

658 2352 753 2422 qui
782 2367 903 2413 cum
934 2371 1001 2413 eo
1043 2372 1074 2413 a
1112 2360 1268 2417 vobis
1300 2361 1509 2421 fuerant
1536 2363 1815 2431 destinati,
1840 2366 1908 2424 de
1943 2367 2043 2424 hac
2069 2368 2249 2424 dimit-

661 2449 900 2507 teremus
928 2447 1075 2517 regia
1099 2450 1338 2520 civitate,
1373 2449 1680 2521 bujusmodi
1714 2457 1818 2515 illis
1857 2459 2108 2515 nudata
2132 2469 2243 2515 tra-

659 2531 918 2603 didimus,
946 2538 1089 2606 quod
1134 2541 1363 2609 capitula
1399 2558 1521 2613 quas
1564 2546 1630 2601 ad
1661 2547 1953 2616 perlectam
1984 2553 2244 2608 unitatem

656 2620 1023 2687 Ecclesiarum
1057 2631 1402 2699 pertinebant
1420 2637 1742 2703 apostolatui
1767 2650 1947 2696 vestro
1969 2657 2067 2711 per
2090 2658 2245 2698 reve-

656 2713 1039 2779 rendissimutn
1060 2718 1322 2783 Joannem
1351 2723 1667 2794 episcOpum
1696 2741 1987 2799 sequenter
2016 2733 2245 2789 manife-

780 2804 1120 2878 facet‘emus;
1169 2826 1290 2881 quae
1342 2824 1522 2879 tamen
1567 2819 1698 2888 ipsis
1745 2822 1835 2878 bic
1889 2827 2241 2893 praesentibus

649 2890 869 2959 fuerant
892 2899 1185 2971 declarata.
1216 2905 1326 2962 Sed
1349 2910 1526 2965 evenit
1548 2912 1827 2979 praelatum
1853 2890 2114 2972 Joannem
2147 2933 2242 2972 an-

651 2982 877 3055 tistitem
908 2989 1066 3063 longa
1101 2995 1422 3062 agritudine
1444 2999 1695 3056 detineri.
1724 3001 1805 3056 Ne
1830 3019 1932 3072 qua
1963 3004 2124 3075 igitur
2150 3023 2239 3063 ve-

646 3084 819 3138 Wam
864 3084 1224 3145 reverentiam
1272 3088 1605 3159 ingrediatur
1658 3093 1885 3151 adversa
1933 3099 2234 3166 sententia,

646 3169 801 3238 Quasi
817 3171 974 3231 vobis
998 3178 1262 3243 promissa
1287 3190 1470 3241 nostra
1494 3184 1701 3240 desidia
1730 3188 1962 3256 quadam
1987 3191 2232 3248 ultronea
2262 3174 2309 3240 θ

642 3259 825 3323 minus
852 3263 919 3319 ad
955 3265 1203 3331 effectum
1245 3274 1681 3345 perducentibus,
1720 3284 2080 3339 necessarium
2110 3301 2234 3342 esse

642 3353 1025 3446 perspeximus
1070 3358 1348 3417 dilationis
1388 3379 1607 3421 causam
1645 3370 1800 3427 vobis
1828 3387 2097 3441 exponere
2138 3393 2233 3446 per

642 3434 927 3537 Eulogium
954 3443 1017 3500 V.
1040 3446 1097 3511 S.
1126 3449 1400 3515 tribunum
1422 3466 1476 3510 et
1502 3460 1792 3529 notarium,
1826 3434 1983 3533 quem
2012 3470 2076 3523 ad
2102 3434 2231 3537 prac-

641 3530 848 3629 celsum
874 3549 1058 3607 regem
1103 3540 1499 3603 Theodericum
1544 3566 1709 3620 super
1748 3530 1977 3625 negotiis
2004 3530 2227 3629 quibus-

641 3618 767 3722 dam
817 3630 1261 3722 transmisimus:
1321 3635 1422 3692 hoc
1464 3618 1678 3710 quoque
1726 3618 2036 3715 adjicientes
2084 3655 2227 3722 quod

546 3756 559 3773 ,
639 3707 766 3803 dum
798 3716 1029 3785 propitia
1060 3718 1271 3783 Domini
1301 3732 1356 3778 et
1384 3726 1479 3780 Dei
1503 3707 1671 3785 nostri
1702 3707 1957 3803 maiestas
1974 3707 2224 3799 eumdem

638 3800 811 3855 virum
855 3806 1320 3876 religiosissimum
1379 3816 1640 3876 Joannem
1701 3800 1943 3893 pristinae
1996 3834 2225 3892 voluerit

636 3894 861 3989 reddere
902 3904 1137 3969 sanitati,
1181 3907 1324 3963 sicut
1358 3914 1523 3968 semel
1561 3919 2007 3989 promiseramus,
2037 3927 2221 3983 statim

633 3982 789 4042 illum
816 3989 882 4044 ad
920 4000 1063 4049 tuam
1090 4001 1434 4063 sanctitatem
1478 3982 1927 4068 transmittenms.
1962 3982 2223 4085 S'upetest

633 4083 691 4129 ut
708 4082 1015 4139 sanctitudo
1053 4094 1145 4141 tua
1168 4088 1408 4145 divinum
1444 4096 1602 4151 nobis
1624 4102 1931 4167 praesidium
1961 4082 2219 4164 orationi-

632 4166 731 4263 bus
778 4172 889 4228 suis
937 4175 1185 4247 dignetur
1227 4184 1526 4254 acquirere.
1586 4166 1719 4247 Data
1762 4195 1931 4263 pridie
1961 4200 2215 4258 Calendas

629 4259 980 4355 Ceptembris,
1022 4270 1510 4348 Constantinopoli.
1537 4259 1777 4355 Accepta
1810 4288 1995 4346 Romae
2035 4295 2216 4351 calen-

629 4351 710 4457 dis
738 4352 1008 4457 (lctobris,
1050 4363 1269 4431 Rustico
1299 4369 1418 4426 viro
1449 4351 1751 4434 clarissimo
1789 4386 2018 4441 consule
2048 4386 2212 4457 (anno

626 4440 838 4502 Domini
856 4447 1005 4521 520).

1268 4550 1570 4612 RELATIO

872 4648 1135 4691 nouorum
1167 4656 1397 4698 EPISCOPI
1428 4663 1955 4715 TBESSALONICINSIB.

983 4724 1247 4795 Objectum
1275 4733 1371 4788 sibi
1408 4741 1597 4795 crimen
1638 4745 1849 4813 refellit.

690 4807 1044 4872 Sanctissimo
1093 4834 1157 4875 ac
1188 4822 1501 4883 beatissimo
1542 4807 1782 4900 patri-ac
1812 4844 2207 4904 comministra-

618 4897 720 4991 lor}
747 4899 1048 4963 Ηθηηίδάω
1083 4911 1381 4972 Dorotheus
1411 4919 1465 4974 in
1492 4897 1720 4983 Domino
1748 4897 2110 4991 salutem—fw:

686 4985 947 5056 Propositi
978 5001 1146 5055 nostri
1178 5014 1231 5058 et
1252 5010 1511 5066 orationis
1540 5026 1624 5070 est
1647 5033 1917 5079 summum
1938 5028 2197 5099 studium.

614 5094 709 5183 per
734 5088 918 5143 omnia
954 5092 1265 5158 beatissime
1292 5114 1348 5159 et
1375 5116 1455 5163 ter
1485 5110 1639 5167 beate
1664 5114 1851 5183 Pater,
1881 5130 1937 5175 et
1955 5088 2198 5183 scribere

612 5169 922 5277 frequenter
940 5183 1007 5236 ad
1040 5201 1132 5242 vos
1157 5197 1547 5269 sanctissimos,
1577 5216 1632 5260 et
1650 5218 1833 5265 mutua
1859 5217 2057 5271 mereri
2083 5218 2196 5277 col,

852 5281 905 5325 et
930 5276 1076 5332 nullo
1095 5286 1341 5377 tempore
1363 5302 1635 5353 extorrem
1670 5316 1757 5357 me
1786 5303 1855 5360 ab
1880 5262 2188 5377 huiusmodi

606 5354 791 5462 ltetitia
820 5372 1247 5462 esse‘condccet.
1280 5382 1543 5448 Quoniam
1572 5392 1731 5461 igitur
1765 5354 2053 5457 manifeste
2092 5354 2188 5462 5;

604 5452 759 5556 κει-ονὶ
791 5457 1051 5526 quosdam
1087 5477 1299 5526 sanctas
1335 5488 1493 5531 aures
1523 5492 1729 5540 vestras
1758 5492 2098 5562 perturbare,
2131 5506 2187 5555 et

602 5544 716 5645 scio
753 5553 935 5652 procul
965 5554 1125 5612 dubio
1154 5576 1248 5618 vos
1292 5565 1341 5620 in
1377 5572 1629 5630 omnibus
1657 5544 1777 5635 esse
1811 5544 2098 5652 perfectos:
2126 5598 2183 5647 et
2210 5601 2213 5604 ‘

604 5635 722 5748 quia
754 5639 887 5697 nihil
916 5645 1033 5701 sine
1061 5648 1261 5717 judicio
1289 5659 1474 5717 audire
1501 5668 1736 5736 possitis,
1770 5635 1866 5736 nec
1900 5677 1989 5732 ulli
2022 5635 2176 5748 pe'ni-

604 5731 687 5783 tus
709 5738 944 5799 vestrum
970 5738 1211 5805 animum
1248 5753 1610 5827 commodare,
1644 5768 1700 5818 et
1724 5731 1912 5826 utnon
1942 5731 2172 5841 amrplitts

2357 536 2434 590 bil
2464 537 2680 605 quidem
2713 553 2743 591 a
2782 538 2935 592 nobis
2966 537 3078 592 lcsi
3108 548 3257 604 sunt,
3288 538 3383 592 sed
3424 537 3543 593 sine
3566 551 3730 595 causa
3758 549 3816 596 et
3849 555 3941 601 ιιι.

2354 626 2561 695 perﬂue
2583 628 2844 682 adversus
2876 642 2974 681 nos
3004 629 3199 682 armati
3221 636 3346 682 sunt
3374 646 3385 680 :
3423 628 3533 685 Dea
3560 637 3737 687 tamen
3766 639 3819 687 et
3844 647 3942 689 ve,

2353 725 2479 775 straa
2519 718 2794 772 satisiacio
2824 719 3118 785 sanctitati,
3157 720 3280 785 quia
3312 734 3409 787 pro
3447 719 3656 777 Joanne
3685 722 3802 777 viro
3849 738 3940 781 re,

2352 810 2746 864 .verendissimo
2798 812 3092 878 ερὶεωμο,
3140 812 3231 880 qui
3283 813 3445 881 paulo
3498 821 3626 868 ante
3680 828 3710 869 a
3761 826 3939 873 vestra

2354 903 2651 956 venerabili
2684 918 2881 957 corona
2911 904 3146 958 directus
3185 913 3286 967 est,
3322 905 3694 973 prasdestinavi
3736 921 3824 964 me
3849 922 3940 975 pe.-

2353 994 2556 1059 riculis,
2595 1005 2650 1049 et
2677 1007 2908 1051 mortem
2936 997 3189 1062 sustinui,
3217 1005 3275 1052 et
3342 1012 3516 1055 meant
3548 1014 3648 1067 pro
3685 998 3803 1067 ejus
3828 1000 3939 1059 scio

2351 1100 2441 1141 me
2467 1087 2735 1156 obiecisse
2771 1089 3004 1144 animam
3032 1107 3045 1143 :
3070 1100 3125 1145 et
3160 1090 3266 1145 hoc
3293 1093 3597 1147 ostenditur
3641 1093 3808 1162 gestis
3843 1111 3855 1146 :
3884 1103 3938 1149 et

2351 1191 2421 1233 ex
2459 1178 2564 1244 bis,
2606 1181 2697 1248 qui
2740 1196 3047 1251 quanquam
3089 1198 3184 1251 per
3232 1199 3406 1239 meam
3437 1185 3733 1242 absentiam
3783 1202 3935 1243 acer-

2348 1267 2491 1324 rime
2516 1269 2800 1327 videantur
2826 1286 2947 1327 esse
2968 1272 3215 1329 discussi.
3254 1276 3319 1329 Et
3344 1276 3470 1345 quid
3502 1277 3658 1345 longo
3684 1293 3937 1335 srrmone

2350 1374 2489 1430 opus
2516 1373 2601 1417 est
2630 1364 2744 1417 uti?
2766 1379 2888 1419 cum
2916 1366 3070 1421 vobis
3096 1368 3275 1423 omnia
3308 1368 3563 1423 Dominus
3589 1368 3729 1425 Deus
3751 1380 3937 1426 noster

2352 1451 2509 1508 Jesus
2538 1453 2784 1509 Christus
2825 1455 3127 1525 patefacere
3153 1467 3207 1514 et
3238 1459 3551 1516 satisfacere
3583 1462 3781 1529 possit;
3811 1462 3936 1531 quia

2346 1553 2410 1601 et
2433 1547 2647 1614 quando
2676 1549 2903 1617 cognovi
2949 1564 3044 1605 vos
3074 1551 3141 1606 ad
3173 1552 3482 1620 apostolicae
3507 1553 3652 1609 sedis
3682 1556 3935 1623 praesula-

2353 1643 2466 1691 tum
2492 1638 2766 1709 advocari,
2799 1655 3088 1699 commune
3118 1643 3369 1712 gaudium
3402 1646 3566 1701 totius
3606 1646 3792 1703 mundi
3817 1662 3935 1705 esse

2349 1727 2607 1795 iudicavi.
2650 1731 2733 1785 Ab
2762 1732 2853 1787 illo
2881 1734 3027 1795 enim
3061 1743 3326 1805 tempore,
3356 1736 3462 1792 hoc
3489 1736 3665 1806 ipsum
3696 1740 3934 1794 scribens

2279 1814 2329 1877 Β
2353 1818 2421 1875 ad
2460 1834 2578 1885 vos,
2620 1830 2878 1889 quantum
2917 1823 2987 1879 ad
3023 1839 3136 1891 me,
3177 1826 3435 1895 quidquid
3482 1829 3548 1883 ad
3585 1827 3844 1887 honorem
3882 1838 3933 1885 et

2356 1910 2775 1967 satisiactionem
2804 1912 2957 1969 vobis
2999 1923 3054 1969 et
3080 1917 3392 1984 apostolica
3427 1918 3545 1975 sedi
3571 1921 3826 1987 pertinet,
3856 1921 3933 1977 ni-

2356 1998 2430 2051 bil
2462 2001 2802 2069 praetermisi,
2834 2003 2928 2059 sed
2957 2018 3058 2063 nec
3080 2008 3453 2074 praetermitto.
3495 2007 3658 2069 Paulo
3691 2016 3813 2077 post
3840 2024 3933 2069 au-

2353 2100 2462 2147 tem
2494 2094 2676 2149 scietis
2714 2110 2809 2163 per
2839 2099 3191 2165 venerabiles,
3232 2110 3500 2156 annuente
3546 2101 3770 2156 Domino
3797 2095 3960 2157 lesu'

2352 2184 2589 2251 Christo,
2618 2188 2738 2255 quia
2784 2190 2897 2245 haec
2942 2190 3011 2245 ab
3036 2191 3260 2251 exordio
3298 2192 3431 2248 mihi
3460 2202 3586 2249 sunt
3612 2196 3931 2264 excogitata,

2351 2282 2406 2329 et
2434 2274 2650 2345 quando
2696 2275 2955 2334 Dominus
2998 2280 3138 2336 Deus
3167 2291 3379 2351 tempus
3416 2283 3563 2338 dedit
3588 2284 3653 2338 ad
3685 2284 3931 2340 etl‘ectum

2352 2364 2469 2420 haec
2499 2374 2623 2421 sunt
2646 2368 2920 2437 perducta.
2954 2369 3179 2428 Omnem
3206 2388 3326 2428 cum
3356 2384 3533 2431 vestra
3565 2376 3847 2430 sanctitate
3878 2376 3928 2430 in

2349 2455 2567 2513 Christo
2593 2457 2985 2519 fraternitatem
3014 2478 3115 2531 ego
3157 2479 3372 2534 quoque
3408 2473 3466 2531 et
3508 2466 3617 2523 mei
3644 2467 3928 2535 plurimum

2348 2549 2664 2604 salutamus.

2834 2621 3164 2680 EPISTULA
3203 2625 3438 2683 LXXIII.

2480 2726 2548 2764 AD
2582 2726 2899 2771 υοιιοςῐιιευιι
2929 2731 3461 2781 τδεεειιοιυεειιεειι
3487 2733 3792 2777 Βιιεοοιιυιι.

2345 2797 2567 2857 Romam
2591 2804 2637 2857 ei
2660 2804 2992 2883 ueniendum,
3025 2814 3077 2857 ut
3113 2808 3420 2883 catholicam
3449 2810 3740 2871 doctrinam
3764 2812 3920 2883 perci-

2663 2875 2789 2941 piat,
2819 2883 2866 2927 et
2906 2877 3157 2945 objectum
3187 2879 3377 2932 crimen
3406 2891 3603 2953 purget.

2415 2960 2693 3017 Hormisda
2727 2964 2995 3020 Dorotlteo
3021 2968 3276 3040 episcopo
3302 2970 3785 3028 Thessalonicensi.

2410 3050 2828 3111 Considerantes
2877 3065 2982 3111 tua:
3040 3060 3392 3116 fraternitatis
3446 3062 3743 3123 Ecclesiam
3797 3074 3921 3127 ante

2340 3146 2716 3211 prtetereuntis
2744 3146 2884 3200 mala
2910 3148 3196 3205 discordia:
3222 3152 3349 3207 olim
3377 3166 3498 3207 cum
3536 3152 3666 3209 sede
3702 3164 3918 3226 aposto-

2341 3229 2440 3285 lica
2480 3235 2750 3303 praecipua
2780 3234 2946 3293 fuisse
2988 3240 3212 3295 caritate
3256 3240 3617 3311 conjunctam,
3658 3252 3708 3299 te
3749 3259 3918 3315 nuper

2338 3322 2487 3393 pacis
2528 3323 2751 3380 reddita:
2787 3342 2908 3383 esse
2954 3330 3306 3387 credebamus
3351 3342 3646 3399 auctorem,
3677 3335 3770 3391 sed
3796 3338 3916 3406 quia
3992 3337 4012 3357 '

2336 3428 2471 3483 quos
2517 3419 2814 3486 praevenire
2864 3420 3152 3491 debueras,
3204 3426 3355 3496 sequi
3401 3428 3561 3482 etiam
3603 3431 3912 3496 remoraris,

2334 3520 2440 3559 non
2474 3506 2661 3562 leviter
2700 3526 2800 3580 pro
2830 3513 3181 3571 fraternitatis
3216 3526 3320 3574 tuae
3354 3519 3531 3575 dilatas
3564 3524 3914 3580 correctioiiis

2334 3598 2737 3670 ingemiscimus
2766 3607 3051 3673 tarditate;
3098 3611 3292 3667 scribis
3329 3617 3472 3667 enim
3502 3630 3661 3671 aures
3703 3628 3911 3674 nostras

2332 3689 2607 3758 cujusdam
2642 3696 2861 3751 sceleris
2881 3698 3163 3755 atrocitate
3201 3702 3463 3757 turbatas.
3505 3703 3711 3767 Utinam
3745 3723 3911 3777 usque

2330 3781 2396 3833 ad
2435 3798 2532 3836 nos
2568 3795 2770 3839 tantum
2801 3788 3137 3847 detestabilis
3163 3791 3301 3847 fama
3337 3805 3694 3863 percurreret,
3724 3808 3779 3853 et
3801 3815 3912 3861 non,

2330 3879 2443 3926 toto
2487 3874 2617 3929 orbe
2647 3876 2969 3934 Christianis
3014 3885 3282 3939 mentibus
3315 3895 3419 3940 tam
3449 3886 3761 3951 dolendum,
3797 3900 3906 3944 tam

2326 3964 2659 4019 exsecrabile
2692 3966 2897 4024 facinus
2942 3974 3245 4028 nuntiaret?
3272 3986 3325 4029 ut
3355 3977 3443 4047 qui
3479 3988 3528 4032 te
3569 3977 3905 4035 innocentem

2328 4053 2598 4123 nesciunt,
2624 4072 2652 4109 a
2684 4055 3105 4118 Christianitatis
3134 4065 3293 4120 simul
3317 4069 3533 4123 credant
3572 4073 3783 4126 tramite
3811 4073 3905 4127 de-

2323 4142 2521 4198 viasse.
2554 4146 2607 4200 In
2638 4163 2742 4218 qua
2769 4152 2910 4205 enim
2946 4155 3131 4209 mundi
3174 4167 3325 4226 parte
3368 4158 3715 4216 immanitatis
3749 4162 3911 4234 hujus

2322 4231 2525 4288 invidia
2576 4253 2682 4292 non
2737 4251 2789 4294 et
2830 4243 3127 4299 catholicas
3175 4250 3459 4303 (‘Ollll‘iSlal
3508 4231 3905 4318 Ecclesiasiet

2320 4321 2700 4384 haereticorum
2743 4347 2904 4399 prava
2952 4349 3074 4391 vcta
3107 4338 3375 4394 latilicat?
3410 4356 3527 4408 quae
3569 4358 3664 4396 nos
3711 4360 3741 4397 a
3771 4345 3904 4399 dile-

2317 4417 2517 4474 ctionis
2540 4430 2643 4475 tum
2663 4426 3014 4493 conscientia,
3047 4428 3189 4484 sicut
3207 4431 3398 4487 litteris
3426 4434 3663 4499 intimas,
3690 4435 3900 4487 ostendi

2317 4512 2585 4577 cupimus.
2620 4514 2794 4569 aliena
2825 4536 2838 4571 :
2873 4518 2997 4587 quid
3028 4522 3169 4575 enim
3201 4525 3338 4578 votis
3361 4525 3557 4579 nostris
3583 4526 3751 4594 magis
3770 4542 3899 4581 con-

2315 4603 2482 4667 venit,
2514 4602 2617 4656 nisi
2658 4612 2713 4659 ut
2762 4606 2938 4662 redire
2969 4612 3034 4663 ad
3068 4628 3253 4680 pacem
3296 4615 3613 4670 catholicam
3656 4618 3899 4674 volentes

2314 4692 2619 4761 episcopos,
2645 4710 2675 4747 a
2703 4698 3022 4754 crudelitate
3047 4712 3101 4757 et
3130 4706 3442 4761 criminibus
3458 4707 3730 4780 contingat
3751 4724 3897 4764 sem-

2315 4798 2409 4850 per
2433 4784 2684 4840 innoxios
2712 4791 3071 4860 comprobari.
3103 4796 3487 4865 Exspectamus
3517 4800 3701 4871 igitur,
3724 4801 3768 4855 si
3791 4817 3896 4859 non

2310 4871 2510 4928 desunt
2543 4875 2862 4935 fraternitati
2897 4893 3001 4937 tua:
3040 4886 3281 4942 veritatis
3314 4887 3424 4943 Deo
3468 4900 3591 4944 nota
3623 4892 3893 4960 praesidia,

2312 4975 2371 5019 ut
2398 4974 2453 5019 et
2494 4969 2623 5023 tanti
2657 4973 2875 5028 sceleris
2905 4992 2933 5029 a
2968 4985 3018 5032 te
3051 4981 3280 5048 repellas
3314 4982 3587 5047 invidiam,
3633 4994 3687 5039 et
3716 4987 3768 5039 in
3802 5001 3893 5041 re—

2260 5086 2265 5103 μ
2306 5059 2690 5118 conciliatione
2742 5066 2865 5121 ﬁdei
2908 5070 3120 5126 tandem
3163 5088 3347 5128 eorum
3386 5077 3477 5145 qui
3524 5077 3731 5131 reversi
3768 5088 3891 5133 sunt

2304 5152 2551 5219 sequaris
2578 5158 2843 5226 exempla.
2881 5160 3015 5214 Data
3045 5178 3096 5215 iv
3124 5164 3377 5219 calendas
3408 5165 3747 5235 Novembris,
3778 5167 3887 5221 ltu-

2301 5242 2437 5298 stico
2466 5246 2580 5300 viro
2609 5248 2911 5303 clarissimo
2942 5254 3162 5308 consule
3200 5257 3363 5321 (anno
3395 5253 3602 5309 Domini
3630 5257 3783 5327 520).

2778 5340 3115 5397 EPISTOLA
3154 5344 3387 5398 LXXIV.

2744 5448 2811 5485 AD
2839 5448 3092 5488 JUSTINUM
3126 5451 3421 5491 Αυϐυδτυιι.

2297 5521 2561 5589 Accepisse
2595 5523 2708 5592 ejus
2737 5523 2934 5577 litteras
2953 5567 2967 5591 ,
3002 5539 3049 5578 el
3086 5526 3149 5599 (le
3177 5529 3289 5598 ejus
3321 5526 3422 5595 ﬁde
3450 5536 3497 5581 et
3522 5528 3709 5599 pietate
3740 5546 3878 5584 nun-

2834 5611 2986 5665 quam
3014 5597 3323 5651 dubitatum.

2362 5684 2646 5740 Hormisda
2673 5686 2884 5742 Justino
2910 5695 3161 5759 Angusto.

2360 5775 2648 5834 Benedicta
2679 5778 2915 5837 Trinitas
2947 5782 3086 5840 Deus
3123 5794 3329 5857 noster,
3366 5785 3461 5857 qui
3492 5785 3646 5845 vobis
3670 5785 3872 5859 guber-
