4262 6264
619 340 722 394 505

1936 331 2309 387 IIORMISDIE
2351 332 2554 389 PAPE

3760 330 3869 384 ’504

616 454 919 524 praecipue;
976 455 1060 509 cui
1110 463 1287 508 tamen
1341 463 1527 506 omnes
1580 450 1812 503 favorem
1871 447 2186 516 impendunt
2212 450 2261 507 Α
2291 448 2485 503 tionem
2517 466 2546 502 a
2572 458 2755 504 sancta
2783 446 3206 503 Chalcedonensi
3246 448 3450 519 synodo
3481 447 3869 517 promulgatam

612 548 765 616 quasi
807 547 963 601 matri
1001 544 1290 601 Christiani
1320 542 1573 606 nominis,
1609 549 1664 595 ut
1690 555 1848 595 nemo
1888 539 2081 594 audeat
2119 539 2186 595 ab

611 651 671 692 ea
728 653 847 692 sese
898 638 1205 690 discernere
1240 652 1251 684 :
1285 646 1606 687 consensum
1663 634 1841 703 itaque
1896 633 2184 701 pr0pitium

610 735 753 781 tuam
784 724 1191 780 sanctitudincm
1223 724 1497 791 epistolari
1524 739 1734 794 quoque
1766 725 1953 793 pagina
1988 738 2187 778 conve-

608 817 686 871 nit
711 817 1014 879 declarare;
1044 825 1119 880 ut,
1157 814 1375 883 cognito
1420 816 1667 871 omnibus
1695 827 1853 884 atque
1898 815 2180 885 patefacto,

610 921 849 965 tenorem
881 909 1123 978 ejusdem
1155 910 1415 966 chartula:
1444 928 1473 966 a
1505 913 1656 967 vobis
1687 914 1848 968 etiam
1872 913 2101 979 laudari,
2129 920 2184 968 et

605 1002 864 1055 tenaciter
906 1002 1168 1056 custodiri
1212 1003 1387 1057 laetior
1430 1005 1659 1059 mundus
1695 1008 1909 1060 existat.
1944 1007 2072 1059 Data
2102 1006 2178 1075 (a)

604 1090 781 1144 idibus
835 1092 985 1159 Sept.
1032 1092 1402 1161 Chalcedone,
1450 1095 1669 1150 Rustico
1718 1098 1833 1151 viro
1883 1096 2180 1151 clarissimo

600 1182 839 1237 consule.
873 1184 1108 1252 Accepta
1130 1186 1305 1254 pridie
1333 1185 1581 1241 calendas
1602 1187 1931 1252 Decembris,
1962 1187 2179 1243 consule

599 1274 965 1344 suprascripto
994 1276 1156 1347 (anno
1180 1277 1389 1331 Domini
1420 1278 1571 1346 5:20).

1022 1366 1403 1424 EXEMPLUM
1445 1369 1745 1426 PRECUM.

595 1453 731 1526 Ejus
763 1472 919 1525 Opera
955 1459 1024 1534 ad_
1058 1457 1301 1534 ls’rclesite
1324 1462 1586 1534 unitatem,
1611 1463 1813 1514 admitti
1842 1473 2045 1534 ragaut.
2076 1464 2178 1520 Ca-

984 1528 1223 1582 tholicam
1260 1531 1413 1596 ﬁdem
1458 1533 1782 1599 proﬁtentur.

667 1616 777 1670 Deo
803 1618 1021 1672 amabili
1058 1634 1119 1673 ac
1165 1621 1408 1687 piissimo
1453 1621 1767 1690 imperatori
1798 1639 1864 1678 ex
1912 1625 2021 1681 Deo
2063 1630 2173 1682 Au-

592 1717 748 1773 gusto
782 1718 836 1761 et
875 1710 1096 1777 principi
1130 1711 1338 1765 Justino
1379 1712 1837 1770 Christianissimo
1867 1718 2172 1785 deprecatio

2296 542 2643 611 intelligimus
2689 555 2901 611 quoque
2951 552 3005 596 et
3048 540 3385 611 suscipimus,
3431 538 3765 596 conﬁdentes
3815 546 3869 596 et

2292 635 2594 701 credentes,
2652 634 2774 703 quia
2823 648 2982 687 unam
3034 632 3385 687 substantiam
3433 632 3515 688 vel
3562 648 3868 702 personam,

2290 726 2430 795 quod
2457 724 2594 779 idem
2626 734 2728 790 est,
2760 724 2873 793 ipsa
2916 734 3098 778 sancta
3128 724 3363 795 synodus
3400 724 3451 779 in
3483 725 3689 779 duabus
3717 733 3868 780 natu-

2288 815 2385 882 ris,
2418 816 2467 869 id
2499 815 2656 869 estin
2687 815 2889 868 deitate
2916 822 2969 867 et
2989 815 3315 870 humanitate
3344 814 3576 869 indivise
3600 824 3655 870 et
3684 816 3867 870 incon-

2288 907 2404 961 fuse
2432 905 2742 976 praedicavit
2771 907 2934 962 Deum
2965 907 3218 963 Verbum.
3268 907 3522 962 Dominus
3564 916 3748 961 noster
3781 905 3865 961 Je-

2284 1011 2376 1051 sus
2412 997 2663 1052 Christus
2710 1012 2845 1052 unus
2884 1008 2967 1053 est
3010 1014 3075 1053 ex
3115 1006 3295 1053 saneta
3327 1010 3381 1053 et
3424 999 3583 1053 unius
3618 997 3863 1053 essentia:

2287 1092 2582 1156 Trinitate;
2623 1093 2667 1147 si
2700 1093 2840 1147 enim
2884 1108 3045 1146 unum
3077 1092 3241 1147 Deum
3286 1094 3337 1146 in
3366 1092 3535 1146 tribus
3563 1091 3861 1145 subsisten-

2282 1182 2391 1248 tiis,
2424 1184 2564 1237 sicut
2612 1184 2811 1238 dictum
2854 1192 2956 1248 est,
2988 1182 3297 1252 accipimus,
3345 1182 3503 1238 Pater
3548 1190 3723 1237 autem
3752 1196 3859 1237 non

2281 1282 2360 1326 est
2403 1274 2729 1341 incarnatus,
2773 1289 2871 1329 nec
2915 1275 3140 1343 Spiritus
3181 1283 3424 1341 sanctus;
3458 1275 3597 1331 Deus
3623 1276 3857 1331 Verbum

2280 1375 2592 1420 incarnatus
2622 1376 2724 1435 est,
2756 1378 2811 1421 et
2835 1367 2993 1421 homo
3025 1367 3194 1421 factus
3219 1375 3305 1421 est
3331 1383 3465 1423 unus
3495 1383 3559 1423 ex
3590 1377 3767 1423 sancta
3801 1376 3856 1424 et

2280 1455 2435 1509 unius
2476 1456 2728 1511 essentia;
2757 1456 3037 1523 Trinitate,
3080 1458 3369 1512 secundum
3414 1448 3687 1512 filiationis
3732 1473 3854 1527 pro-

2277 1549 2584 1617 prietatem.
2623 1549 2713 1604 Sic
2758 1551 2828 1604 ita
2869 1548 3161 1604 secundum
3193 1548 3478 1617 praedictas
3505 1558 3734 1618 quatuor
3761 1563 3853 1620 sy-

2275 1638 2445 1693 nodos
2473 1639 2786 1705 credentes,
2821 1640 2893 1711 (j)
2925 1648 2980 1695 et
3018 1640 3308 1695 secundam
3338 1640 3432 1694 Dei
3463 1640 3627 1694 Verbi
3662 1639 3852 1694 nativi-

2282 1738 2444 1785 tatem
2500 1731 2793 1787 secundum
2845 1747 3061 1787 carnem
3109 1732 3350 1787 confiteri
3402 1746 3509 1787 non
3557 1733 3850 1787 renuimus.

591 1808 643 1851 et
683 1799 1001 1866 supplicatio
1044 1802 1111 1856 ab
1151 1801 1672 1875 Hierosolymitauis,
1715 1818 1770 1863 et
1797 1810 2169 1885 Antiochenis,
2204 1807 2249 1867 Β
2280 1819 2433 1875 Unde
2471 1823 2689 1890 proprie
2736 1822 2833 1877 Dei
2873 1822 2945 1894 (k)
2980 1823 3129 1893 virgo
3170 1824 3396 1893 genitrix
3439 1838 3559 1878 esse
3598 1822 3851 1887 creditur,

590 1898 644 1942 et
669 1890 919 1945 secundae
946 1892 1118 1963 Syriae
1147 1895 1358 1952 clericis
1386 1906 1441 1953 et
1463 1898 1745 1955 abbatibus
1772 1912 1825 1957 et
1848 1908 2172 1972 possessori-

590 1977 692 2032 bus
714 1979 885 2052 Syriae
917 1985 1225 2051 provinciae.

662 2070 882 2126 Ilaurite
908 2088 1095 2142 aquam
1124 2092 1239 2129 cum
1261 2076 1441 2132 lwtitia
1466 2096 1530 2134 ea:
1555 2080 1777 2149 fontibus
1808 2083 1987 2140 salutis
2016 2086 2164 2158 (Isai.

587 2160 706 2228 xu),
734 2163 1053 2219 vociferator
1074 2165 1154 2235 (b)
1187 2167 1351 2223 Isaias
1374 2171 1639 2241 propheta
1675 2175 1961 2243 exclamat,
1991 2177 2164 2235 fontes

584 2254 771 2311 salutis
800 2255 872 2328 (c)
913 2261 1234 2329 evangelica:
1267 2264 1507 2318 veritatis
1551 2266 1961 2334 praedicationes
1992 2273 2165 2326 mani-

582 2346 719 2401 feste
750 2349 1062 2415 ostendens,
1095 2367 1159 2406 ex
1210 2354 1397 2423 quibus
1430 2354 1573 2410 beati
1610 2359 1856 2426 Apostoli
1887 2370 1940 2415 et
1976 2377 2164 2418 eorum

584 2436 673 2505 qui
702 2452 797 2505 per
838 2439 1080 2495 ordinem
1109 2443 1323 2497 fuerunt
1352 2445 1599 2514 discipuli
1651 2458 1706 2503 et
1748 2451 2021 2520 sapientes
2064 2454 2164 2511 Ec-

583 2529 759 2583 clesiae
803 2530 1073 2598 doctores,
1125 2536 1413 2591 salutarem
1455 2554 1647 2608 aquam
1679 2541 1802 2597 fidei
1826 2538 2160 2614 haurientes,

582 2633 793 2674 omnem
825 2633 1064 2678 sanctam
1095 2625 1191 2681 Dei
1224 2626 1520 2683 Ecclesiam
1560 2632 1935 2705 irrigaverunt,
1959 2654 2078 2707 qum
2109 2641 2161 2695 in

580 2725 732 2783 petra
757 2719 951 2771 summi
981 2720 1344 2787 apostolorum
1371 2723 1601 2780 subnixa
1633 2737 1836 2784 rectam
1870 2739 1924 2785 et
1951 2732 2161 2787 inﬂexi-

582 2804 738 2869 bilem
774 2808 1165 2865 confessionem
1198 2814 1529 2879 custodiens,
1576 2815 1898 2875 ﬁducialiter
1943 2836 2065 2877 cum
2095 2840 2161 2880 eo

580 2894 645 2947 ad
684 2895 1014 2965 unigenitum
1056 2898 1252 2955 Filium
1281 2902 1377 2957 Dei
1401 2906 1669 2960 exclamat
1696 2911 1842 2963 omni
1891 2921 2157 2983 tempore,

577 2983 765 3039 dicens
800 3005 809 3037 :
850 2987 926 3041 Tu
952 3005 1004 3043 es
1045 2989 1277 3045 Christus
1305 2991 1477 3048 Filius
1507 2995 1605 3051 Dei
1648 2999 1745 3052 vivi
1774 2998 1992 3071 (Matth.
2025 3006 2157 3075 xw).

578 3076 725 3132 Hanc
762 3080 1051 3136 salutarem
1098 3086 1493 3143 confessionem
1521 3090 1599 3160 (d)
1632 3108 1661 3145 a
1692 3095 1891 3149 sanctis
1928 3106 2158 3165 quatuor

2276 1922 2528 1983 tanquam
2557 1929 2678 1982 qua:
2703 1923 2892 1969 natura
2923 1926 2977 1970 et
3004 1915 3229 1970 veritate
3259 1916 3412 1969 unius
3436 1915 3684 1970 essentia:
3709 1914 3850 1968 Patri

2274 2005 2465 2061 Filium
2493 2006 2658 2061 Deum
2695 2007 2950 2075 Verbum,
2988 2016 3173 2062 natura
3210 2008 3612 2073 immutabilem,
3644 2022 3707 2061 ex
3736 2007 3849 2076 ipsa

2273 2097 2473 2153 factum
2508 2099 2803 2165 hominem,
2835 2100 2991 2154 enixa
3018 2109 3122 2167 est,
3146 2107 3200 2154 et
3220 2100 3353 2154 duas
3374 2108 3589 2154 naturas
3618 2099 3670 2153 in
3696 2097 3848 2151 Chri-

2271 2201 2357 2244 sto
2387 2205 2481 2259 per
2508 2192 2798 2245 essentiam
2833 2191 2919 2245 'veI
2952 2190 3302 2246 substantiam
3335 2194 3508 2244 unitas
3535 2188 3849 2276 confitentes

2271 2283 2411 2355 sicut
2443 2282 2497 2337 in
2527 2284 2683 2339 unius
2712 2298 2964 2354 persona,
2996 2285 3079 2339 vel
3103 2284 3417 2339 substantia.
3448 2283 3626 2351 Neque
3657 2282 3843 2336 harum
3936 2332 3938 2334 ,

2269 2372 2637 2427 diversitatem
2663 2375 2745 2428 vel
2776 2375 3153 2443 proprietatem
3184 2384 3303 2445 post
3332 2374 3624 2430 unitionem
3646 2372 3843 2428 auferi-

2270 2482 2409 2533 mus,
2459 2482 2556 2523 nec
2605 2483 2698 2523 eas
2728 2469 2968 2525 dividere
3013 2470 3066 2523 in
3113 2469 3318 2524 duabus
3356 2469 3597 2539 personis
3636 2478 3690 2523 et
3718 2468 3844 2523 sub-

2267 2560 2483 2615 stantiis
2532 2575 2627 2629 per
2676 2559 2968 2614 unitionem
3013 2575 3195 2616 sumus
3235 2560 3437 2622 edocti;
3492 2561 3845 2629 eamdemque

2267 2651 2470 2704 scimus
2501 2651 2835 2720 unigenitum
2882 2651 3073 2706 Filium
3115 2644 3230 2717 Dei,
3262 2661 3317 2706 et
3356 2661 3479 2707 ante
3521 2652 3843 2706 incarnatio-

2268 2757 2388 2795 nem
2417 2741 2558 2810 ejus,
2596 2752 2828 2811 etpost:
2862 2743 3109 2798 eumdem
3152 2744 3319 2799 Deum
3351 2743 3566 2813 quidem
3600 2744 3757 2799 simul
3790 2754 3843 2799 et

2267 2833 2570 2897 hominem;
2621 2834 2928 2903 passibilem
2970 2850 3154 2899 carne,
3188 2835 3838 2904 impassibilem'deitate;

2262 2923 2725 2993 circumscriptum
2770 2940 3019 2995 corpore,
3065 2941 3169 2981 non
3221 2927 3686 2996 circumscriptum
3736 2928 3843 2996 Spi-

2262 3017 2393 3084 ritu,
2421 3018 2669 3071 eumdem
2701 3028 2971 3073 terrenum
3002 3026 3056 3073 et
3083 3019 3382 3085 caelestem,
3420 3034 3576 3089 quem
3610 3018 3841 3073 mundus

2266 3120 2322 3163 Il
2345 3109 2612 3164 hominem
2644 3112 2802 3179 cepit,
2836 3120 2889 3165 et
2918 3121 2974 3164 ut
3004 3110 3167 3165 Deum
3198 3111 3471 3165 continere
3497 3125 3602 3165 non
3630 3110 3833 3178 potuit,

578 3171 818 3239 synodis,
858 3189 977 3243 quae
1021 3179 1345 3248 evangelicis
1374 3185 1658 3252 praeceptis
1700 3195 1824 3241 sunt
1853 3187 2153 3258 honoratae,
2186 3177 2233 3242 (ἶ
2266 3200 2548 3254 mortalem
2573 3210 2625 3254 et
2648 3201 3027 3270 immortalem,
3053 3215 3313 3271 nusquam
3341 3210 3647 3255 naturarum
3669 3200 3838 3255 diver-

578 3264 952 3332 suscipientes,
986 3283 1255 3338 nunquam
1283 3286 1380 3340 per
1409 3274 1609 3329 Christi
1645 3280 1871 3345 gratiam
1892 3296 1922 3335 a
1948 3284 2157 3339 traditis

577 3353 730 3407 nobis
761 3356 923 3408 reetis
949 3356 1294 3424 dogmatibus
1326 3360 1677 3430 deviavimus,
1710 3370 1848 3424 sicut
1870 3387 2051 3428 rerum
2081 3385 2157 3430 te-

579 3451 750 3496 statur
781 3446 1043 3511 probatio,
1095 3457 1149 3500 et
1191 3457 1432 3518 tempore
1480 3458 1823 3513 necessitatis
1861 3463 1985 3519 fidei
2023 3481 2159 3521 con-

579 3534 775 3585 stantia
818 3534 1172 3592 demonSIrat.
1220 3539 1277 3595 Si
1306 3542 1469 3612 igitur
1523 3554 1580 3600 ut
1600 3546 1888 3606 Christiani
1935 3558 2155 3615 rationis

579 3621 702 3677 ﬁdei
732 3639 917 3679 sumus
946 3630 1254 3698 participes,
1286 3632 1502 3691 domine
1529 3638 1788 3709 piissime,
1820 3653 1873 3698 et
1898 3646 1966 3700 ad
2000 3663 2147 3704 com-

579 3727 791 3767 munem
834 3730 1019 3783 pacem
1047 3729 1102 3773 et
1146 3722 1404 3778 unitatem
1446 3726 1782 3799 festinamus,
1823 3745 2058 3793 nostram
2094 3742 2158 3794 fi-

579 3803 721 3868 dem,
762 3820 921 3874 quam
961 3810 1027 3864 ab
1055 3811 1205 3867 initio
1249 3817 1601 3887 suscepimus,
1641 3838 1739 3892 per
1768 3826 1905 3881 hanc
1952 3832 2157 3887 satisfa-

578 3894 809 3951 ctionem
840 3910 1081 3956 nostram
1104 3906 1443 3963 manifestam
1468 3921 1663 3969 vestrm
1691 3915 1916 3974 facimus
1937 3922 2153 3991 pietati;

577 3994 634 4039 ut
666 3997 851 4052 notum
894 3992 961 4046 sit
988 3994 1109 4061 quia
1153 4006 1207 4051 et
1235 4001 1351 4066 paci
1392 4005 1784 4074 concurrimus,
1837 4020 1891 4065 et
1930 4028 1960 4066 a
2007 4024 2155 4071 recta

577 4092 694 4133 cum
726 4080 820 4135 Dei
844 4082 1117 4152 juvamine
1156 4104 1260 4143 non
1298 4092 1612 4150 divertimus
1638 4097 1763 4162 fide,
1806 4104 1900 4157 sed
1942 4121 2153 4164 omnem

576 4185 640 4225 ex
673 4185 828 4242 aequo
856 4178 1103 4233 haeresim
1134 4196 1498 4253 exsecramur,
1531 4203 1637 4243 non
1670 4192 1842 4246 solum
1869 4195 2156 4267 Eutycbia-

575 4266 743 4321 nistas
763 4278 819 4323 et
840 4271 1163 4341 Acephalos,
1194 4277 1289 4331 sed
1319 4285 1373 4333 et
1400 4280 1764 4352 Nestorianos,
1796 4295 1852 4342 et
1881 4266 2150 4347 hominem

575 4355 812 4413 colentes
861 4369 971 4437 toto
1000 4367 1177 4420 animo
1202 4368 1271 4437 (e)
1316 4372 1575 4428 audentes
1614 4376 2147 4438 anathematizamus.

512 4461 523 4471 κ
574 4444 684 4503 Nos
722 4457 921 4517 autem,
963 4454 1179 4512 domine
1210 4459 1277 4528 (ι’)
1328 4464 1602 4519 carissime
1657 4468 1969 4539 imperator,
2006 4474 2155 4529 sicut

2264 3290 2425 3345 sitate
2465 3291 2580 3359 ejus
2618 3291 2815 3357 ablata,
2862 3307 3035 3361 neque
3063 3291 3363 3347 dividentes
3404 3306 3497 3361 per
3550 3292 3836 3346 essentiam

2263 3380 2539 3434 unionem.
2590 3380 2699 3434 Hoc
2728 3382 2870 3434 enim
2909 3396 3048 3435 verae
3089 3396 3337 3450 magnum
3383 3381 3592 3450 pietatis
3640 3390 3838 3451 myste-

2263 3470 2424 3537 rium,
2470 3472 2594 3541 quia
2622 3487 2758 3525 unus
2784 3487 2849 3526 ex
2886 3484 3069 3527 sancta
3112 3473 3269 3528 unius
3300 3474 3533 3529 essentia
3561 3474 3835 3530 Trinitatis

2261 3563 2590 3629 incarnatus,
2626 3573 2681 3617 et
2710 3563 2869 3617 homo
2909 3563 3079 3619 factus
3105 3565 3245 3620 Deus
3279 3565 3505 3621 Verbum
3537 3567 3592 3620 in
3617 3577 3839 3635 utraque

2264 3670 2455 3711 natura
2486 3658 2702 3711 deitatis
2741 3666 2795 3712 et
2829 3659 3172 3715 humanitatis
3219 3659 3444 3715 indivise
3483 3673 3537 3715 et
3566 3661 3840 3717 inconfuse

2262 3750 2605 3818 cognoscitur
2634 3760 2688 3804 et
2713 3751 2986 3817 adorator,
3031 3769 3137 3807 non
3178 3754 3580 3808 conversionem
3612 3755 3696 3809 Vel
3723 3770 3839 3809 mu-

2266 3841 2521 3896 tationem
2553 3843 2846 3908 sustinens,
2892 3843 2987 3899 sed
3029 3846 3405 3915 proprietatem
3444 3846 3714 3916 utriusque
3743 3863 3838 3900 na-

2264 3943 2396 3988 tura:
2437 3933 2490 3987 in
2538 3950 2639 3988 una
2670 3946 2900 4004 persona
2948 3937 3000 3990 in
3049 3941 3336 4008 semetipso
3375 3954 3721 3995 conservans.
3757 3938 3837 3995 Ob

2266 4027 2402 4079 hanc
2443 4027 2606 4096 igitur
2648 4026 2808 4082 fidem
2838 4029 3117 4096 praedictas
3160 4042 3373 4088 sanctas
3411 4032 3645 4102 synodos
3673 4033 3839 4087 susci-

2268 4118 2480 4185 pientes
2525 4129 2578 4173 et
2606 4122 2970 4177 custodientes
2996 4123 3506 4180 anathematizamus
3540 4141 3728 4182 omnes
3752 4127 3838 4197 qui

2264 4208 2526 4264 adversus
2566 4226 2657 4265 cas
2687 4227 3004 4282 quocunque
3053 4224 3294 4283 tempore
3320 4219 3401 4270 vel
3438 4217 3599 4272 modo
3638 4218 3839 4288 aliquid

2260 4305 2715 4372 conscripserunt,
2775 4306 3041 4374 praecipue
3087 4306 3345 4363 Joannem
3396 4306 3699 4377 IEgeotam,
3748 4309 3838 4379 qui

2259 4394 2518 4450 adversus
2554 4407 2904 4454 memoratam
2946 4412 3184 4457 sanctam
3216 4402 3709 4459 Chalcedonensem
3750 4420 3838 4474 sy-

2262 4485 2460 4540 nodum
2500 4487 2693 4542 multas
2724 4500 2783 4543 ut
2810 4489 3158 4547 Nestorianus
3191 4494 3545 4564 bIaSpltemias
3569 4495 3835 4558 evomuit;

573 4550 736 4656 supra
764 4539 1110 4656 dictuLm.e_st,
1154 4549 1205 4656 in
1250 4550 1461 4608 Patrem
1488 4564 1542 4609 et
1574 4556 1767 4617 Filium
1808 4574 1863 4616 et
1889 4563 2147 4634 Spiritum
2177 4563 2233 4624 D
2258 4574 2508 4632 similiter
2533 4586 2590 4632 et
2615 4580 3038 4638 condemnantes
3065 4539 3423 4656 Timotheum,
3465 4583 3711 4639 Elurum
3741 4539 3836 4639 co:-

572 4639 837 4729 sanctum,
865 4634 933 4688 ab
974 4635 1126 4692 initio
1154 4640 1402 4709 baptizati
1431 4662 1642 4717 quoque
1671 4660 1724 4706 et
1763 4654 2043 4712 credentes
2073 4660 2150 4729 (g)

571 4721 860 4777 essentiam
893 4725 985 4780 Dei
1016 4728 1067 4781 in
1100 4730 1266 4785 tribus
1293 4734 1374 4804 (li)
1412 4737 1789 4807 subsistentiis,
1825 4721 2116 4805 adoramus
2131 4721 2151 4803 ἐ

570 4814 867 4903 secundum
906 4830 1212 4877 sanctorum
1264 4825 1478 4883 Patrum
1528 4834 1828 4903 symbolum
1874 4842 2152 4900 credentes

569 4895 623 4994 in
658 4915 821 4957 unum
854 4905 1019 4963 Deum
1066 4911 1276 4970 Patrem
1327 4921 1768 4994 omnipotentem,
1815 4940 1870 4985 et
1902 4932 1952 4987 in
1984 4950 2145 4992 unum

572 4988 855 5101 Dominum
882 5013 1138 5101 .nostrum
1177 5008 1359 5066 Jesum
1404 4988 1675 5073 Christum
1704 4988 2048 5093 unigenitum
2082 5033 2144 5101 ii)

569 5077 736 5135 Deum
771 5084 1025 5159 Verbum,
1058 5096 1312 5154 similiter
1358 5114 1411 5158 et
1441 5105 1494 5160 in
1529 5077 1986 5181 unutn.Spi‘ritum
2015 5077 2141 5174 san:

569 5180 744 5241 ctum;
778 5188 831 5231 et
856 5185 1145 5241 secundum
1177 5188 1278 5246 hoc
1318 5194 1555 5252 divinum
1585 5207 1596 5221 '
1631 5180 1921 5274 mathema,
1953 5208 2145 5267 defini-

637 5340 713 5419 (ᾳ)
747 5339 892 5419 Idem
918 5342 1066 5419 cod.,
1089 5348 1262 5419 quinto
1288 5352 1488 5411 iduum.

578 5408 602 5428 ‘
637 5410 711 5547 (lt;
743 5409 885 5465 Idem
916 5408 1061 5479 cod.,
1093 5408 1250 5473 Isaiaé
1274 5408 1552 5491 prop/tetra.

640 5482 689 5547 (c
743 5480 885 5537 Idem
917 5485 1061 5547 cod.,
1094 5494 1407 5547 euangelicos
1436 5502 1552 5547 reri:

743 5480 885 5559 l_d_etn
917 5485 1061 5559 cod.,
1094 5480 1407 5559 euangelicos
1436 5480 1682 5555 veritates.

746 5552 890 5640 idem
920 5555 1073 5640 cod.,
1101 5552 1287 5640 inserit
1312 5552 1959 5640 custodiensV/iducialiter.

640 5618 708 5684 (ρ)
744 5621 886 5676 Idem
908 5618 1063 5689 cod.,
1088 5632 1329 5690 odjentes.

638 5691 710 5764 (fi
750 5689 891 5764 Idem
917 5699 1058 5764 cod.,
1090 5689 1525 5764 c/tristt'am'ssime.

642 5755 718 5832 (gi
746 5757 889 5818 Idem
924 5755 1069 5835 cod.,,
1100 5755 1253 5827 unam

858 5893 1037 5931 ’πει-μγ
1094 5918 1121 5924 η
1214 5928 1233 5935 ,

2262 4669 2647 4736 gnominatum,
2694 4672 2833 4725 sicut
2887 4672 3368 4745 Eutychianistam,
3418 4677 3673 4733 adversus
3717 4691 3836 4733 eam

2262 4772 2384 4812 cum
2413 4760 2526 4814 suis
2556 4762 2839 4817 latrantem
2870 4767 3212 4835 sequacibus.
3240 4768 3315 4823 Ita
3340 4782 3468 4838 ergo
3494 4784 3614 4824 cum
3643 4770 3735 4824 Dei
3754 4769 3837 4839 ju-

2263 4851 2478 4906 vamine
2516 4865 2730 4922 semper
2774 4857 3065 4925 sensimus,
3112 4868 3168 4913 et
3211 4860 3323 4929 jam
3372 4876 3513 4916 nunc
3559 4861 3836 4915 sentimus.

2262 4943 2601 5013 Quapropter
2654 4947 2793 5003 hanc
2840 4950 3261 5007 satisfactionem
3303 4961 3497 5007 vestra:
3549 4952 3838 5008 obtulimus

2262 5037 2450 5105 pietati
2484 5056 2496 5090 :
2530 5050 2582 5094 et
2621 5048 2679 5094 ut
2704 5041 2895 5110 jubere
2933 5042 3145 5113 dignata
3172 5054 3274 5111 est,
3321 5060 3421 5100 nos
3452 5046 3724 5115 proprium
3756 5046 3838 5099 in-

2261 5128 2558 5196 tellectum,
2594 5141 2648 5186 et
2683 5134 3129 5200 quemadmodum
3161 5136 3229 5192 de
3266 5152 3397 5192 sana
3439 5138 3545 5192 ﬁde
3581 5138 3839 5194 sentimus

2260 5234 2530 5291 exponere
2562 5240 2574 5277 :
2607 5224 2731 5294 quia
2758 5225 2971 5295 quidam
3014 5227 3270 5295 haeretici,
3297 5228 3423 5283 dum
3453 5242 3605 5283 suam
3644 5228 3839 5284 malam

2322 5380 2406 5458 ζὴ)
2434 5381 2487 5434 In
2510 5382 2698 5437 eodem
2729 5384 2849 5458 cod.
2883 5385 2953 5440 ita
2983 5390 3232 5445 emendat
3252 5404 3441 5445 manus
3463 5388 3707 5458 antiqua;
3742 5392 3836 5446 sed

2251 5451 2398 5521 prior
2420 5461 2682 5521 posuerat
2704 5455 3017 5513 substantiis.

2328 5519 2390 5589 (i)
2417 5519 2559 5574 Idem
2585 5522 2732 5583 cod.,
2767 5526 2881 5579 Dei.

2322 5593 2398 5660 (j)
2436 5590 2490 5644 In
2516 5592 2702 5644 eodem
2726 5593 2845 5646 cod.
2874 5595 3026 5650 deest
3054 5607 3099 5650 et
3130 5599 3431 5652 secundam.

2325 5660 2576 5739 (“triﬁlem
2605 5663 2748 5724 cod.,
2775 5666 2997 5739 genitrix
3029 5677 3205 5720 sancta
3235 5668 3412 5739 Virgo,
3441 5678 3549 5725 etc.

2327 5733 2357 5766 “
2386 5730 2497 5785 Hoc
2535 5741 2616 5786 est
2645 5730 2970 5804 symbolum,
3005 5740 3088 5792 vel
3118 5730 3440 5795 doctrinam.
3476 5741 3653 5799 ﬂauas
