4262 6264
369 337 501 390 505

1566 332 1922 417 Εριετοιε
1961 334 2049 389 ΕΤ
2090 336 2430 395 DECRETA.

3523 351 3626 401 506

362 446 527 501 fidem
555 444 828 501 occultare
859 443 1137 510 festinant,
1179 450 1416 499 nostram
1454 444 1508 499 in
1537 444 1755 500 Christo
1784 446 1943 502 liber-
1973 450 2024 508 Α
2125 448 2494 503 Benedicimus
2533 449 2812 505 Dominum
2861 449 3108 507 fraternae
3148 453 3384 508 caritatis
3417 455 3626 527 affectu,

360 546 527 593 tatem
558 547 615 593 et
646 543 847 593 reetam
886 536 1045 592 fidem
1084 536 1383 591 detrectare
1423 547 1704 593 conantur.
1732 538 1945 607 Suppli-

358 646 547 687 camns
599 631 762 698 igitur
817 638 1052 685 vestram
1102 626 1476 692 clementiam,
1530 628 1943 684 sollicitudinem

358 721 659 793 perfectam
694 722 748 775 in
773 720 1131 775 Ecclesiarum
1160 717 1400 774 unitione
1420 728 1723 774 sanctarum
1746 718 1943 775 habere

355 813 599 878 debere;
629 822 689 867 ut
719 812 896 867 unitas
924 826 1041 881 qua:
1067 826 1187 866 cum
1220 811 1313 866 Dei
1346 812 1500 866 fuerit
1518 813 1809 881 jnvamiue,
1843 828 1942 868 nec

355 903 469 957 ullo
500 902 759 971 deinceps
801 900 1106 956 rationabili
1146 911 1239 957 aut
1264 902 1612 958 irrationabili
1644 904 1941 959 occasionis

353 991 546 1048 fomite
592 994 881 1062 inquietari
925 1007 1029 1063 pax
1074 994 1263 1062 possit.
1307 994 1445 1049 Deus
1487 1004 1666 1051 autem
1703 996 1939 1051 omnium

353 1099 596 1143 vestrum
640 1089 789 1158 pium
826 1088 1116 1157 adimpleat
1153 1088 1484 1144 desiderium
1515 1088 1569 1143 iu
1606 1088 1830 1159 gloriam
1856 1086 1940 1144 sui

353 1192 409 1238 et
433 1181 744 1251 reipublice
771 1180 1132 1249 disciplinam.

850 1271 1180 1327 EPISTULA
1229 1269 1438 1325 LXXV.

618 1381 685 1419 AD
715 1379 954 1420 SYNODUI
985 1378 1666 1419 CONSTANTINOPOLITANAI.

517 1455 819 1510 Gratulatur
846 1453 1194 1526 Epiphaniam
1219 1454 1511 1525 pontiﬁcem
1539 1455 1771 1509 electum.

426 1545 713 1600 Bormisda
749 1546 957 1617 synodo
990 1544 1613 1616 ConstantinOpolitanze.

428 1636 675 1693 Fratrem
732 1647 788 1691 et
838 1637 1213 1707 coepiscopum
1266 1648 1505 1692 nostrum
1557 1637 1933 1707 Epiphaniam,

353 1728 496 1796 apud
521 1729 888 1783 felicissimam
913 1728 1045 1801 (Deo
1068 1728 1304 1799 favente)
1324 1728 1845 1798 Constantinopolim
1868 1728 1934 1781 ad

2049 538 2173 607 quia
2206 554 2310 593 non
2337 540 2511 594 solum
2542 540 2793 609 synodica
2821 542 3077 597 relatione
3105 543 3169 597 ad
3200 544 3554 601 sacerdotium
3579 557 3630 603 te

2049 628 2207 697 digne
2233 631 2540 698 pervenisse
2570 632 2944 701 cognovimus,
2978 633 3068 687 sed
3101 633 3251 688 factis
3276 639 3434 704 atque
3463 637 3630 690 mori-

2048 719 2590 793 buspomprobamus
2612 740 2622 774 :
2648 731 2701 777 et
2728 725 2797 777 ita
2826 738 2886 779 se
2915 724 3088 778 meriti
3114 726 3186 778 tui
3208 724 3403 793 gradus
3432 724 3630 792 patefe-

2047 812 2122 866 cit
2150 814 2449 876 afl'ectibus,
2491 825 2543 868 ut
2574 826 2695 869 ante
2721 815 2945 869 fratrum
2984 824 3039 870 et
3071 816 3507 885 coepisc0p0rum
3535 832 3629 870 no-

2044 912 2278 957 strorum
2310 905 2672 959 testimonium
2703 914 2893 960 cuncta
2921 906 3281 961 crederemus.
3308 905 3456 971 Quod
3486 907 3628 959 enim
3699 904 3704 913 ”

2045 994 2121 1050 illi
2162 1006 2213 1050 te
2252 998 2565 1066 promittunt
2611 1012 2768 1067 posse
2807 998 2984 1051 omnia
3030 1013 3207 1068 agere,
3250 1013 3347 1051 nos
3388 997 3629 1052 videmus

2045 1086 2329 1156 implesse;
2372 1098 2425 1143 et
2471 1097 2718 1157 tanquam
2756 1088 2880 1142 fidei
2920 1098 3023 1142 tua:
3059 1098 3267 1142 servata
3300 1087 3443 1155 pacis
3474 1086 3628 1141 fuerit
3700 1092 3706 1157 ξ

2042 1179 2230 1246 gratia,
2265 1180 2341 1233 sic
2391 1181 2608 1233 unitatis
2647 1180 2903 1234 hactenus
2933 1180 3095 1234 dilata
3127 1188 3250 1233 sunt
3276 1188 3395 1234 vota
3424 1178 3624 1233 divina.
3701 1178 3709 1237 ἓ

2042 1266 2241 1322 Eorum
2282 1269 2733 1337 przedestinationi
2763 1270 2999 1326 caritatis
3038 1283 3140 1324 tua:
3176 1270 3493 1324 vocabulum
3521 1284 3625 1339 quo
3700 1254 3709 1267 ’

2042 1361 2369 1428 nuncuparis
2403 1360 2650 1423 accessit,
2681 1360 2780 1414 sub
2806 1375 2911 1429 quo
2948 1360 3139 1430 spiritu
3168 1369 3457 1431 apparente
3491 1376 3623 1414 con-

2041 1447 2245 1510 cordia,
2279 1446 2473 1501 factum
2508 1461 2591 1501 est
2620 1459 2674 1501 ut
2700 1450 2942 1503 dicamus
2976 1466 2989 1501 :
3018 1449 3150 1503 Ecce
3185 1465 3337 1515 quam
3368 1453 3550 1502 bonum
3578 1459 3624 1504 et

2040 1552 2194 1605 quam
2210 1539 2502 1607 jucundum
2530 1538 2758 1592 habitare
2780 1544 2961 1608 fratres
2987 1540 3035 1591 in
3057 1554 3211 1591 unum
3232 1537 3401 1608 (Psal.
3422 1538 3621 1609 cxxxr).

2041 1625 2379 1695 Quapropter
2409 1627 2459 1680 in
2485 1626 2699 1681 Christo
2726 1628 2951 1683 Domino
2984 1640 3165 1683 nostro
3200 1628 3485 1683 redtlcntes
3508 1628 3623 1683 offi-

2043 1714 2125 1767 cia
2152 1715 2509 1780 salutationis,
2540 1715 2814 1769 hortamur
2844 1727 2899 1770 ut
2927 1719 3048 1771 boni
3080 1718 3256 1785 operis
3282 1718 3490 1773 initium
3518 1718 3621 1772 lau-

355 1818 597 1873 omcium
628 1820 865 1874 muneris
892 1818 1243 1873 sacerdotalis
1271 1826 1607 1888 assumptum
1630 1819 1937 1887 pervenisse
1967 1808 2016 1869 B
2040 1802 2215 1859 dabile
2234 1805 2508 1859 continuet
2530 1804 2851 1869 institutum,
2876 1806 3165 1859 secundum
3187 1816 3424 1860 sanctum
3450 1806 3619 1861 Evan.

354 1910 426 1964 ad
450 1926 570 1974 nos,
601 1910 933 1965 fraternitate
956 1918 1130 1964 vestra
1159 1908 1449 1975 referente,
1476 1910 1787 1978 gaudemus,
1813 1910 1935 1977 quia

352 2004 563 2070 gratius
609 2001 1003 2071 quodammodo
1049 2001 1409 2068 suscipiuntur
1448 1999 1665 2063 indicia,
1712 2015 1830 2069 qua:
1864 2001 1937 2053 si-

352 2092 693 2162 gnificaverit
711 2103 885 2146 amata
910 2107 1157 2161 persona,
1186 2102 1239 2147 et
1262 2101 1408 2148 tanto
1435 2093 1605 2163 majus
1628 2106 1723 2161 pro
1753 2101 1937 2147 aucto--

353 2182 526 2237 ritate
555 2184 719 2237 nuntii
756 2183 995 2237 nascitur
1016 2182 1290 2251 gaudium,
1323 2192 1523 2251 quanto
1554 2197 1659 2235 non
1691 2190 1769 2237 est
1794 2182 1934 2253 quod

350 2273 426 2329 de
450 2275 751 2329 testimonio
783 2274 1105 2343 disputetur.
1135 2274 1226 2328 Sic
1253 2283 1372 2328 erat
1416 2288 1733 2342 congruum,
1772 2277 1937 2327 caris-

347 2364 477 2420 simi
508 2366 684 2431 nohis,
724 2366 801 2421 sic
830 2380 888 2420 se
932 2366 1075 2419 circa
1108 2366 1410 2435 proximum
1442 2364 1746 2435 patefacere
1776 2364 1937 2419 dece-

347 2461 442 2517 bat
472 2458 744 2523 affectum,
781 2469 836 2513 ut
884 2473 977 2528 per
1004 2472 1097 2512 vos
1138 2458 1255 2513 sedi
1299 2458 1607 2527 apostolicae
1638 2459 1937 2513 innotescat

347 2550 497 2623 quod
518 2550 761 2604 moribus
784 2557 836 2604 et
858 2548 1141 2604 sanctitate
1165 2548 1422 2617 fulgeret;
1448 2548 1589 2618 quod
1613 2562 1780 2616 usque
1800 2548 1935 2603 adeo

346 2657 410 2698 se
434 2640 673 2697 omnium
702 2639 859 2694 bonis
891 2641 1051 2709 (sicut
1082 2650 1136 2695 et
1166 2656 1259 2695 vos
1282 2638 1543 2710 asseritis)
1568 2639 1755 2693 imbuit
1782 2641 1934 2694 insti-

349 2735 507 2799 tutis,
549 2743 609 2787 ut
642 2747 747 2787 non
777 2733 847 2787 sit
879 2732 1066 2786 fortius
1114 2732 1319 2787 meritis
1349 2732 1737 2801 testimonium,
1773 2747 1932 2802 quam

344 2826 405 2881 in
430 2824 689 2878 honorem
717 2823 1011 2877 sacerdotis
1037 2822 1320 2879 adscitum.
1351 2825 1492 2891 Quid
1515 2833 1598 2879 est
1627 2826 1768 2879 enim
1790 2824 1930 2893 quod

344 2918 415 2971 de
436 2927 509 2971 eo
538 2916 802 2970 habeatur
825 2898 1151 2984 ambiguum,
1198 2916 1247 2969 in
1278 2930 1383 2984 quo
1408 2915 1476 2971 de
1508 2915 1665 2971 bonis
1696 2916 1933 2970 moribus

344 3009 451 3066 sub
509 3007 824 3079 probatione
860 3007 1011 3061 facta:
1065 3006 1364 3061 concordiae
1413 3016 1775 3078 praesuscepta
1808 3016 1933 3061 sunt

345 3100 551 3156 divina.
598 3100 936 3169 Quapropter
980 3100 1154 3154 facitis
1198 3108 1407 3169 sancte,
1437 3099 1611 3155 facitis
1656 3098 1928 3170 religiose,

2038 1896 2256 1964 gelium,
2284 1911 2389 1962 quo
2418 1911 2699 1950 monemur
2726 1913 2739 1949 :
2769 1897 2868 1962 Qui
2891 1899 3279 1967 perseveraverit
3308 1898 3359 1950 in
3390 1898 3511 1965 ﬁne,
3539 1899 3620 1952 hic

2036 1988 2203 2041 salvus
2244 1988 2336 2039 erit
2385 1985 2599 2057 (Matth.
2643 1986 2719 2054 x).
2767 1986 3136 2040 Adhortamini
3171 1986 3330 2056 igitur
3365 1986 3616 2055 reliquos,

2038 2076 2258 2130 invitate
2290 2077 2529 2139 monitis,
2564 2073 2798 2144 colligite
2831 2074 3206 2129 blandimentis
3239 2092 3253 2127 ε
3284 2075 3407 2144 quia
3436 2075 3617 2130 talenti

2036 2168 2225 2223 crediti
2262 2167 2606 2236 multiplicata
2640 2152 2955 2237 compendia
2981 2168 3238 2224 sacrificia
3271 2178 3393 2223 sunt
3416 2168 3615 2224 divina.

2038 2257 2303 2313 Praeterea
2326 2258 2633 2326 gratissime
2660 2257 2878 2313 tulimus
2900 2259 3041 2327 quod
3064 2258 3253 2314 Joanni
3280 2259 3427 2315 fratri
3448 2270 3502 2314 et
3527 2273 3619 2315 co-

2035 2351 2288 2418 episcopo
2312 2357 2515 2409 nostro.
2540 2363 2745 2403 necnon
2769 2349 3086 2403 Heracliano
3108 2350 3441 2420 presbytero,
3459 2358 3621 2417 atque

2036 2441 2384 2496 Constantino
2433 2438 2555 2493 filiis
2604 2441 2803 2495 nostris
2846 2440 3186 2496 internuntiis
3226 2441 3618 2510 promotionem

2036 2532 2274 2586 caritatis
2293 2540 2395 2584 tuae
2416 2532 2782 2600 cognovimus.
2806 2546 2910 2600 qua
2933 2546 3054 2587 esse
3075 2532 3272 2601 aliquid
3288 2532 3496 2586 dulcius
3512 2546 3619 2586 non

2036 2630 2302 2692 putamus.
2335 2621 2543 2676 Etcum
2577 2630 2629 2675 te
2671 2620 2905 2689 pradicti
2939 2622 3063 2687 viri,
3106 2624 3205 2676 etsi
3235 2636 3334 2691 pro
3363 2621 3619 2691 obsequio

2035 2721 2285 2781 suscepto
2302 2712 2558 2777 facerent,
2581 2725 2687 2766 non
2713 2722 2916 2766 tantum
2944 2714 3148 2767 ratione
3164 2713 3459 2781 laudarent,
3479 2714 3618 2770 beati

2035 2807 2273 2860 omnium
2307 2819 2514 2869 sumus,
2544 2804 2897 2875 quod-dignae
2940 2805 3018 2859 rei
3064 2806 3279 2861 nuntius
3315 2806 3513 2861 relator
3538 2806 3617 2861 di-

2033 2910 2170 2967 gnus
2216 2895 2487 2961 exstabat,
2531 2905 2586 2949 ut
2631 2894 2722 2949 tibi
2773 2895 3170 2951 absolutissime
3214 2897 3280 2951 de
3324 2898 3618 2965 legatorum

2035 2989 2241 3042 meritis
2267 2989 2508 3057 probatio
2536 2989 2604 3043 sit
2617 2990 2855 3043 honoris.
2886 2988 3047 3041 Manu
3070 3005 3216 3060 papa:
3238 3006 3253 3043 :
3275 2990 3617 3059 Suscepimus

2033 3078 2253 3134 calicem
2283 3093 2502 3133 aureum
2547 3089 2890 3148 gemmatum,
2925 3088 3168 3147 patenam
3206 3089 3533 3149 argenteam,
3563 3091 3617 3140 et

345 3192 526 3247 facitis
575 3194 681 3261 pie,
721 3194 861 3262 quod
904 3192 1115 3246 veritati
1148 3191 1512 3247 testimonium
1554 3191 1781 3245 libenter
1828 3190 1927 3244 im-
1954 3172 2002 3236 C
2034 3171 2197 3225 alium
2227 3171 2445 3225 calicem
2476 3178 2810 3262 argenteum,
2843 3180 2897 3226 et
2924 3170 3041 3262 vela
3072 3170 3179 3225 duo
3207 3172 3501 3227 ministerio
3526 3173 3616 3228 ba-

347 3284 605 3355 penditis,
636 3282 779 3352 quod
821 3283 1095 3353 praemium
1134 3283 1273 3338 bene
1318 3283 1525 3338 meritis
1556 3296 1663 3336 non
1701 3283 1926 3350 negatis.

345 3375 485 3442 Quia
511 3375 650 3429 idem
680 3388 834 3428 error
861 3384 944 3429 est
988 3384 1167 3429 tacere
1206 3374 1509 3437 veritatem,
1551 3373 1641 3443 qui
1672 3380 1755 3427 est
1783 3370 1931 3425 falsis

342 3467 639 3531 assistere;
681 3474 734 3521 et
765 3466 952 3521 eadem
985 3466 1240 3536 iniustitia
1282 3474 1367 3522 est
1408 3466 1453 3521 si
1502 3474 1724 3535 negetur
1760 3463 1931 3519 honor

346 3558 595 3613 moribus
638 3557 872 3626 placitis,
919 3574 1037 3627 qua:
1077 3568 1160 3614 est
1209 3559 1255 3614 si
1302 3558 1630 3613 concedatur
1674 3557 1925 3627 indignis.

342 3648 567 3705 Certum
613 3660 709 3715 est,
753 3650 1127 3715 amantissimi,
1181 3650 1488 3719 participari
1533 3662 1630 3702 vos
1671 3662 1791 3702 cum
1843 3661 1929 3701 sa-

342 3738 586 3795 cerdotis
630 3738 876 3794 laudibus
910 3738 1189 3803 intimatis,
1234 3741 1360 3809 quia
1390 3739 1537 3792 omni
1578 3734 1928 3792 fraternitatis

342 3841 539 3887 vestrae
581 3832 758 3887 ordini
806 3832 1204 3897 transcribitur,
1247 3831 1388 3901 quod
1419 3832 1471 3885 in
1502 3846 1630 3895 uno,
1673 3844 1830 3899 quem
1860 3843 1927 3883 ex

340 3923 498 3977 vobis
524 3922 785 3992 elegistis,
809 3936 927 3977 esse
961 3921 1229 3976 laudatur.
1256 3921 1400 3976 Deus
1424 3922 1767 3989 omnipotens
1798 3917 1926 3973 fidei

340 4029 454 4070 sua:
498 4030 684 4084 pacem
715 4016 816 4070 sub
845 4016 1197 4084 perpetuitate
1240 4028 1565 4069 conservans
1608 4014 1924 4068 electionem

340 4106 844 4177 ordinationemque
890 4116 1145 4172 vestram,
1185 4119 1345 4175 quam
1386 4105 1759 4160 insinuandam
1807 4103 1925 4159 sedi
1968 4180 1975 4189 ι

344 4198 662 4265 apostolicae
722 4212 815 4267 per
863 4195 1123 4251 Joannem
1174 4195 1393 4250 fratrem
1441 4203 1494 4250 et
1551 4196 1925 4265 coepiscopum

341 4297 617 4356 nostrum,
651 4303 750 4343 nec
780 4303 883 4343 non
917 4296 971 4343 et
1011 4287 1386 4343 Heraclianum
1414 4287 1810 4357 presbyterum,
1842 4296 1925 4341 at-

341 4395 453 4449 que
481 4380 896 4435 Constantinum
932 4379 1220 4435 diaconum
1254 4378 1391 4433 filios
1429 4388 1644 4433 nostros
1673 4378 1926 4447 religiose

335 4473 675 4539 credidistis,
708 4481 853 4527 tanta
888 4472 1139 4527 firmitate
1179 4472 1468 4536 confortet,
1502 4471 1577 4525 ita
1606 4478 1660 4525 et
1684 4470 1923 4524 omnium

334 4566 766 4622 discordantium
814 4566 1103 4620 luctamina
1136 4564 1393 4634 disjiciat,
1434 4563 1505 4616 ita
1547 4562 1915 4617 dissidentium

276 4658 277 4661 “
334 4658 501 4711 corda
552 4668 891 4726 compescat;
942 4666 997 4711 et
1034 4654 1483 4725 quemadmodum
1530 4653 1631 4707 sub
1661 4654 1824 4708 fratre
1864 4662 1919 4709 et

334 4746 659 4817 coepiscopo
721 4757 905 4802 nostro
956 4747 1253 4816 Epiphanio
1301 4743 1683 4815 pacificationis
1736 4746 1919 4800 datum

333 4855 417 4898 est
448 4842 732 4908 indicium,
766 4842 1094 4911 gratulemur
1121 4840 1389 4895 effectum.
1420 4840 1548 4893 Data
1576 4852 1646 4891 vn
1670 4838 1919 4893 calendas

332 4934 563 5002 Aprilis,
598 4931 814 4987 Valerio
854 4932 971 4987 viro
1010 4931 1312 4987 clarissimo
1351 4928 1570 4984 consule
1614 4929 1775 4998 (anno
1808 4928 1918 4983 Do-

332 5027 467 5081 mini
495 5025 643 5095 sat).

410 5117 569 5171 Gesta
592 5117 644 5171 in
669 5130 828 5171 causa
853 5115 1176 5171 Abundantii
1202 5112 1439 5186 episcopi
1466 5111 1922 5184 Trajanopolitaui

334 5211 392 5263 in
420 5208 619 5263 scrinio
646 5206 922 5262 habemus.

830 5319 1159 5376 EPISTOLA
1199 5319 1434 5375 LXXVI.

420 5429 487 5469 AD
514 5430 831 5470 EPIPHANIUI
862 5429 1149 5469 EPISCOPUI
1173 5427 1849 5469 CONSTANTINOPOLITANUI.

342 5527 498 5594 Quod
535 5543 638 5595 qua
684 5527 848 5580 decuit
893 5526 973 5579 uia
1019 5526 1088 5579 ad
1128 5524 1467 5595 sacerdotium
1514 5526 1813 5594 pervenerit.
1856 5523 1925 5579 In

410 5600 599 5720 unicam
633 5596 870 5652 Ecclesia:
907 5598 1347 5666 perseverandum.
1376 5594 1442 5649 Et
1472 5596 1535 5650 de
1562 5596 1778 5667 acceptis
1806 5612 1922 5650 mu-

410 5684 522 5720 neri
560 5686 637 5720 us.

410 5684 637 5722 πιεηυιιδ.

413 5760 700 5817 Hormisda
724 5759 1021 5830 Epiphanio
1041 5760 1295 5832 episcOpo
1318 5758 1922 5831 Constantinopolitano.

1949 4517 2004 4579 D

2033 3262 2198 3316 silicre
2235 3262 2374 3316 beati
2422 3262 2563 3317 Petri
2601 3261 2827 3331 apostoli
2870 3261 3167 3331 profutura,
3211 3275 3241 3315 a
3279 3262 3499 3318 caritate
3528 3272 3616 3321 tua

2032 3354 2257 3410 directa.
2294 3355 2422 3408 Data
2456 3360 2548 3409 vni
2580 3355 2831 3409 calendas
2858 3354 3078 3424 Aprilis,
3112 3354 3325 3411 Valerio
3351 3356 3469 3411 viro
3501 3356 3614 3411 cla-

2032 3449 2247 3504 rissimo
2272 3448 2491 3503 consule
2518 3448 2680 3517 (anno
2711 3447 2937 3529 Domini.
2954 3446 3104 3518 52f).

2660 3551 2995 3617 EPISTOLA

2466 3650 2729 3706 serenitati
2767 3668 2834 3705 Αι)
2869 3664 3191 3707 ιιοιιιιιευλιι.

2032 3740 2105 3794 Ab
2136 3741 2476 3796 Orientalibus
2516 3743 2835 3825 imperatori.
2861 3759 3028 3811 preces
3073 3742 3269 3799 oblatas
3306 3760 3358 3799 se
3395 3744 3463 3799 ad
3503 3760 3617 3801 eum

2720 3829 2935 3867 misisse.

2103 3922 2328 3977 Domino
2345 3937 2464 3977 meo
2481 3937 2577 3991 per
2597 3924 2775 3978 omnia
2800 3924 3015 3979 amabili
3042 3924 3151 3980 Deo
3171 3926 3616 3997 sanctissimoque

2032 4013 2178 4068 fratri
2208 4022 2263 4069 et
2289 4016 2765 4071 comministratori
2802 4016 3100 4072 Hormisdte
3146 4017 3474 4088 Epiphanius
3498 4019 3615 4088 epi-

2029 4119 2226 4174 scopus
2258 4105 2310 4160 in
2344 4105 2572 4160 Domino
2596 4108 2842 4163 salutem.

2101 4198 2365 4265 Quantam
2408 4199 2739 4253 alacritatem
2779 4209 2869 4253 aut
2903 4201 3059 4269 quale
3089 4200 3412 4257 desiderium
3443 4204 3613 4273 piissi-

2031 4298 2148 4341 mus
2179 4297 2233 4342 et
2258 4286 2748 4343 Christianissimus
2788 4290 3077 4356 imperator
3104 4306 3281 4346 caram
3326 4294 3613 4362 perfectam

2031 4382 2281 4435 unionem
2312 4382 2678 4434 universarum
2725 4380 3084 4435 Ecclesiarum
3132 4382 3344 4447 habeat,
3387 4400 3490 4438 non
3522 4399 3616 4439 vo-

2033 4472 2234 4525 luntate
2284 4479 2506 4535 tantum,
2554 4469 2647 4524 sed
2686 4470 2936 4537 operibus
2975 4470 3105 4540 ipsis
3148 4470 3529 4541 habitantibus,
3560 4474 3613 4527 in

2031 4563 2131 4616 hac
2161 4562 2303 4630 regia
2335 4563 2485 4625 urbe,
2527 4572 2581 4615 et
2620 4572 2901 4631 antequam
2943 4562 3009 4617 ad
3052 4578 3271 4632 regnum
3304 4579 3332 4616 a
3367 4564 3474 4618 Deo
3512 4566 3611 4619 sibi

2028 4654 2209 4709 datum
2238 4653 2561 4723 perveniret,
2601 4654 2854 4709 ostendit.
2893 4654 3167 4709 Sanctitati
3207 4664 3385 4710 autem
3420 4665 3613 4711 vestra:

2029 4762 2092 4802 ex
2124 4746 2379 4801 correctis
2408 4746 2475 4800 ab
2498 4746 2649 4800 initio
2675 4747 2823 4817 regni
2853 4746 2990 4815 ejus,
3016 4756 3069 4802 et
3097 4761 3262 4816 usque
3300 4763 3439 4803 nunc
3467 4750 3613 4805 labo-

2029 4843 2176 4898 ribus
2202 4842 2431 4896 maxime
2460 4841 2836 4905 manifestavit,
2865 4856 2958 4911 per
2982 4857 3115 4910 quos
3137 4842 3314 4895 omnia
3337 4844 3615 4899 catholica:

2030 4932 2285 4989 Ecclesia:
2311 4931 2550 4987 membra
2579 4932 2630 4986 in
2663 4946 2821 4985 unum
2864 4931 3077 4986 Domini
3104 4942 3158 4987 et
3186 4931 3475 4989 Salvatoris
3509 4923 3637 4989 no-‘

2028 5026 2124 5080 stri
2153 5024 2279 5079 Jesu
2308 5023 2508 5079 Christi
2552 5036 2745 5092 corpus
2775 5037 2894 5076 cum
2934 5034 3180 5093 prompto
3218 5024 3404 5079 nititur
3432 5025 3616 5081 animo

2028 5115 2355 5185 conjungere
2384 5132 2400 5168 :
2425 5123 2478 5168 et
2503 5112 2628 5182 quid
2662 5127 2796 5180 opus
2822 5121 2904 5166 est
2932 5113 3112 5169 verbis
3145 5115 3219 5169 uti
3254 5114 3492 5182 prolixis,
3522 5117 3637 5191 qui.

2030 5207 2191 5261 rebus
2220 5206 2369 5275 ipsis,
2401 5217 2707 5274 quanquam
2740 5218 2839 5258 nos
2874 5205 2984 5259 veri
3026 5214 3207 5268 testes,
3253 5207 3483 5262 existere
3525 5196 3640 5259 va-'

2029 5297 2253 5353 leamus.
2298 5295 2466 5350 Habet
2500 5305 2673 5349 tamen
2705 5304 2759 5349 et
2788 5304 2958 5350 vestra
2992 5297 3245 5351 sanctitas
3273 5298 3611 5366 experimen-
3684 5352 3687 5355 Α

2034 5400 2142 5443 tum
2172 5388 2312 5458 quod
2344 5397 2397 5442 et
2429 5401 2520 5455 per
2549 5388 2745 5455 scripta
2776 5388 3025 5457 cognovit
3050 5406 3063 5443 :
3086 5390 3367 5445 confirmat
3396 5386 3639 5457 quidem,

2032 5480 2148 5535 haec
2176 5479 2316 5550 quod
2349 5494 2491 5533 nunc
2520 5478 2748 5533 additur.
2779 5479 2910 5534 Nam
2940 5482 3152 5550 quidam
3184 5481 3270 5548 qtti
3300 5479 3402 5534 sub
3424 5488 3613 5551 poten-

2031 5576 2234 5630 tissima
2266 5574 2381 5642 ejus
2413 5588 2570 5627 manu
2611 5584 2757 5639 sunt,
2804 5572 3320 5642 religiosissimorum
3361 5570 3615 5625 sacerdo—
3691 5566 3699 5573 ’

2033 5679 2142 5723 tum
2176 5683 2238 5722 ex
2271 5666 2619 5723 Orientalium
2652 5667 2877 5735 partium
2912 5662 3235 5733 regionibus,
3268 5677 3453 5733 preces
3484 5678 3608 5733 por-

2035 5768 2309 5831 rexerunt,
2343 5759 2599 5818 docentes
2625 5759 2694 5815 de
2728 5758 2813 5814 his
2848 5770 2967 5827 qua:
3008 5754 3312 5815 voluerunt.
3360 5754 3470 5814 Nec
3512 5755 3616 5814 hoc
