4262 6264
631 383 732 438 sor
1963 389 2338 450 RORMISDAI
2373 390 2577 474 eam
3799 404 3907 460 sos

631 497 798 557 latere
826 513 1056 561 vestram
1096 507 1285 561 volens
1329 506 1686 569 sanctitatem,
1718 505 1854 561 bene
1893 507 2217 566 deliberavit
2241 509 2295 569 Δ
2319 507 2463 562 illius
2485 516 2663 564 vester
2689 511 2948 580 regnavit,
2971 513 3318 582 cognoscitis.
3341 513 3398 568 In
3421 518 3672 584 praesenti
3692 532 3906 590 quoque

599 601 683 681 int
715 594 854 662 quod
875 594 986 664 jam
1017 595 1212 648 factum
1242 604 1323 650 est
1354 596 1405 649 in
1439 598 1686 665 prresenti
1724 600 1993 654 nuntiaret
2017 610 2212 657 vestrae
2316 601 2495 656 debito
2524 602 2726 668 pudore
2756 605 3051 661 salutantes
3081 613 3223 660 tuam
3263 607 3622 673 sanctitatem,
3664 613 3906 681 postula-

584 686 917 758 fsanctitati.
946 686 1111 740 Paulo
1144 695 1263 754 post
1289 687 1358 743 de
1383 704 1444 743 ea
1477 689 1559 744 his
1587 692 1916 748 manifestius
1946 694 2212 764 significa-
2316 710 2435 750 mus
2477 696 2687 751 enixius
2735 707 2792 752 ut
2829 697 3059 753 assiduis
3092 701 3340 768 precibus
3371 709 3426 755 et
3457 701 3906 772 frequentissimis

627 792 719 840 re;
755 787 830 844 ut,
863 779 1130 831 communi
1167 781 1396 834 concilio
1441 785 1778 853 praecedente
1809 785 2070 853 omnium,
2105 787 2212 842 Do-

627 867 772 922 mino
815 877 867 922 et
915 867 1181 923 Salvatori
1235 882 1417 928 nostro
1463 873 1589 930 Jesu
1637 877 1848 932 Christo
1887 893 1948 932 ea
1992 894 2109 948 qua:
2146 880 2213 935 ad

628 957 908 1013 utilitatem
955 974 1292 1018 communem
1340 967 1688 1033 conveniunt,
1720 981 1772 1024 et
1811 971 2042 1042 undique
2088 984 2213 1028 sunt

624 1043 1142 1120 irreprehensibilia,
1168 1054 1447 1112 catholica:
1477 1058 1601 1113 fidei
1628 1063 2076 1132 correctionibus,
2101 1065 2212 1119 cla-

623 1151 858 1196 rescant.
897 1143 1208 1213 Opportune
1253 1150 1414 1218 igitur
1441 1153 1810 1209 existimantes
1838 1155 2090 1211 fraternis
2120 1157 2211 1214 lit-

625 1231 754 1287 teris
786 1244 1016 1290 vestram
1054 1240 1390 1295 sanctitatem
1427 1251 1483 1296 et
1512 1243 1805 1299 carissimis
1848 1247 2095 1318 alloquiis
2127 1266 2214 1304 ro—

625 1339 811 1394 gamus
853 1339 910 1384 ut
953 1331 1128 1401 majus
1167 1341 1222 1387 et
1261 1334 1544 1390 instantius
1579 1352 1674 1405 pro
1703 1338 1946 1406 piissimo
1976 1343 2214 1413 principe

625 1429 810 1474 nostro
859 1423 1097 1479 omnium
1147 1424 1429 1482 Dominum
1482 1429 1644 1484 Deum
1694 1447 1850 1487 orare
1894 1433 2210 1502 dignemini.

625 1509 850 1569 Omnem
884 1515 936 1568 in
962 1515 1173 1572 Christo
1212 1518 1598 1578 fraternitatem
1624 1539 1747 1594 qua:
1775 1541 1895 1581 cum
1928 1536 2101 1583 vestra
2129 1537 2212 1584 est

624 1605 907 1663 sanctitate
947 1622 1045 1677 ego
1074 1625 1284 1680 quoque
1313 1623 1366 1667 et
1411 1614 1514 1668 mei
1565 1616 1847 1683 plurimum
1894 1619 2208 1674 salutamus.

625 1693 743 1746 Alia
772 1713 944 1751 mamt.
969 1698 1255 1755 Incolumis
1278 1703 1328 1756 in
1360 1703 1586 1761 Domino
1613 1721 1709 1762 ora
1737 1724 1835 1779 pro
1863 1711 2038 1782 nobis,
2063 1727 2209 1768 ama-

623 1782 747 1840 bilis
769 1787 878 1843 Deo
897 1797 952 1846 et
973 1792 1312 1848 sanetissime
1343 1805 1510 1862 pater.

1270 1889 1566 1948 RELATIO

813 1990 1082 2033 IPIPHANI!
1113 1995 1344 2038 EPISCOPI
1372 1982 2008 2048 consummes-omnm.

984 2066 1196 2126 Paulini
1222 2074 1621 2131 sollicitudinem
1651 2080 1846 2137 laudat.
1898 2153 1911 2164 .

693 2153 928 2214 Domino
951 2175 1074 2216 meo
1105 2178 1199 2231 per
1225 2168 1405 2222 omnia
1447 2170 1662 2227 amabili
1695 2173 1804 2228 Deo
1842 2153 2209 2234 sanctissimi»

622 2257 732 2338 que
768 2245 918 2306 fratri
947 2262 999 2308 et
1029 2256 1503 2315 comministratori
1533 2261 1830 2322 Hormisdaa
1873 2266 2208 2338 Epiphanius

620 2334 676 2391 in
705 2335 933 2394 Domino
959 2343 1209 2404 salutem.

696 2425 947 2486 Paulinus
973 2443 1166 2491 vestrae
1197 2439 1342 2494 sedis
1367 2441 1642 2514 defensor,
1676 2449 1762 2518 qui
1792 2459 2028 2508 vestram
2055 2463 2205 2509 retu-

621 2515 682 2570 lit
724 2520 1030 2591 epistolam,
1080 2536 1375 2600 vestrasque
1415 2515 1715 2594 sanctitatis
1751 2542 1999 2598 virtutem
2045 2547 2098 2601 in
2146 2561 2206 2603 se

619 2609 928 2678 ostendens,
961 2628 1084 2672 eum
1120 2621 1316 2688 gaudio
1346 2624 1620 2683 nobiscum
1651 2643 2021 2700 conversatus,
2049 2650 2204 2692 suam

618 2697 1037 2798 sollicitudinem
1061 2713 1438 2770 communibus
1464 2721 1708 2777 consiliis
1732 2697 2046 2798 actibusque
2073 2745 2205 2786 eon-

617 2786 760 2844 tulit.
927 2799 1180 2888 quoniam
1207 2802 1274 2860 ad
1307 2819 1402 2861 vos
1430 2808 1768 2870 festinantem
1795 2832 1901 2872 non
1923 2786 2204 2888 oportebat

616 2892 738 2936 eum
771 2885 1059 2952 prolixiora
1086 2901 1324 2962 tempore
1349 2905 1628 2969 remorari,
1657 2905 1885 2976 ideoque
1912 2885 2199 2981 reciprocis

615 2971 949 3073 alloquentes
988 2994 1221 3044 vestram
1269 2994 1628 3062 sanctitatem,
1671 2971 1876 3071 protegi
1917 2971 2198 3073 praefatum

612 3063 784 3122 virum
819 3075 876 3126 et
912 3075 1079 3130 nostri
1107 3075 1326 3148 dignum
1355 3087 1554 3142 amoris
1584 3063 1796 3146 fidelem
1823 3063 2042 3150 servum
2070 3063 2198 3154 sub;

609 3154 887 3259 sistentem
931 3170 1390 3229 commendamus.
1441 3177 1555 3234 Erit
1591 3191 1773 3240 autem
1808 3185 1875 3241 de
1906 3187 1990 3243 his
2016 3204 2135 3259 qua:
2163 3207 2194 3246 a

609 3248 763 3342 nobis
802 3263 954 3322 gesta
999 3270 1123 3316 sunt
1156 3278 1254 3331 pro
1281 3278 1462 3325 vestro
1491 3275 1691 3342 animo,
1723 3288 1778 3332 et
1805 3273 1948 3336 circa
1979 3248 2192 3340 sanctas

607 3338 1309 3441 lt-I'cclesiahssollicitudinem
1329 3375 1488 3425 quam
1511 3338 1770 3434 gerimus,
1792 3372 2014 3441 vigilare
2035 3338 2190 3433 nobis

607 3429 799 3524 dignus
831 3433 934 3491 fide
962 3453 1263 3503 enarrator.
1307 3449 1440 3506 Nam
1482 3429 1582 3511 nos
1617 3429 1951 3518 orationibus

605 3522 922 3623 sanctitatis,
968 3539 1027 3584 ut
1069 3533 1368 3596 naturalem
1398 3542 1689 3604 bonitatem
1722 3551 1877 3621 hujus
1906 3556 1982 3610 rei
2015 3561 2186 3628 respi-

604 3613 838 3681 cientes,
869 3618 1334 3710 vigilantiSSimum
1380 3634 1664 3697 habentem
1693 3613 1927 3702 studium
1946 3689 1961 3710 ,
1992 3659 2047 3704 et
2079 3613 2186 3708 Deo

602 3882 914 3989 tentionem.
946 3889 1050 3948 Sed
1072 3898 1202 3989 quia
1227 3900 1572 3966 difficultates
1601 3914 1792 3985 aliqua:
1817 3882 2179 3989 accesserunt,

598 3968 981 4038 gubernatione
1009 3987 1192 4057 utique
1219 4001 1275 4048 et
1305 3995 1456 4052 inniti
1486 3968 1838 4072 disposiiione
1866 4024 1929 4065 ea
1956 4027 2074 4080 quae
2098 3968 2184 4071 hic

597 4075 843 4121 movetur
873 4084 1103 4142 oportet,
1132 4090 1182 4134 et
1208 4096 1578 4156 competenter
1607 4100 1823 4167 exponi,
1854 4103 1992 4160 sicut
2015 4114 2069 4160 et
2095 4123 2184 4164 ve-

597 4160 706 4265 stra
733 4167 1008 4230 cognoscit
1042 4184 1208 4244 super
1235 4181 1416 4237 omnia
1444 4160 1717 4246 sanctitas.
1745 4160 2183 4265 Et'quemadmo-

595 4247 722 4350 dum
750 4266 962 4352 oportet
992 4277 1085 4319 eos
1113 4269 1204 4337 qui
1235 4271 1327 4329 Dei
1357 4291 1548 4349 greges
1584 4298 1804 4351 pascere
1842 4247 2019 4346 sortiti
2057 4306 2184 4352 sunt

595 4340 838 4454 universa
887 4350 954 4403 ad
1001 4352 1225 4454 gloriam
1277 4340 1382 4420 Dei
1412 4340 1480 4422 et
1510 4340 1669 4440 agere
1709 4385 1763 4431 et
1797 4381 1997 4450 moliri,
2028 4399 2179 4454 spem

593 4426 777 4537 salutis
817 4433 870 4490 in
900 4453 1020 4495 eum
1056 4444 1314 4509 habentes
1347 4471 1361 4509 :
1393 4467 1449 4514 et
1474 4426 1611 4517 sicut
1637 4468 1896 4537 scriptum
1928 4426 2011 4528 es’t
2041 4426 2179 4533 :rDi-

592 4520 858 4637 ligettllf‘ut
906 4531 1067 4636 Deum
1109 4545 1281 4600 omnia
1324 4520 1964 4620 cooperanturﬁiuffioiiitm
1994 4520 2172 4637 (llo-ui.

592 4612 732 4732 vﬁnj:
769 4617 839 4672 Ea
872 4624 1013 4679 enim
1043 4644 1163 4699 quae
1193 4636 1343 4694 vobis
1373 4612 1638 4716 placeant,
1675 4651 1812 4708 sicut
1838 4612 2040 4715 dictum
2070 4673 2172 4732 est,

590 4706 798 4814 seruire.
814 4727 1028 4786 quoque
1048 4732 1101 4777 et
1129 4739 1286 4796 agere
1307 4732 1547 4807 nitimur,
1566 4747 1923 4808 sanctissime.
1947 4707 2170 4814 Omneni

590 4793 642 4847 in
672 4794 886 4859 Christo
918 4793 1329 4889 fraternitatem,
1360 4841 1479 4895 quae
1503 4793 1624 4889 cbm
1655 4848 1831 4897 vestra
1864 4793 1950 4901 est

588 4891 716 4957 tate,
747 4907 845 4966 ego
869 4913 1081 4973 quoque
1106 4920 1160 4963 et
1189 4915 1294 4970 mei
1333 4891 1618 4986 plurimum
1647 4931 1957 4992 salutamus.

979 4993 1356 5063 EXEMPLUM
1412 5010 1767 5076 EPISTOLE

772 5088 1061 5140 JUSTINMNI
1091 5104 1198 5144 VIII
1227 5109 1520 5158 CLABISSIII
1549 5123 1616 5160 ΔΙ)
1647 5124 1968 5172 ηοιιιιευιι.

588 5156 647 5211 Ρι
662 5160 719 5213 tit
753 5173 805 5217 ut
824 5172 1308 5270 veroné‘c‘clesiarum
1337 5195 1524 5270 unione
1551 5200 1766 5269 laboret,
1793 5215 1842 5260 et
1870 5211 1964 5264 sibi
1997 5215 2068 5266 ad
2103 5230 2167 5270 ea

824 5247 1126 5342 respondeat
1143 5269 1259 5321 quae
1284 5276 1375 5328 per
1403 5247 1913 5342 1ὼῆιᾶἷεῖνὲἷεὶἶαῖ

653 5322 884 5384 Domino
915 5332 1221 5438 bigatissimo
1253 5357 1409 5420 atque
1435 5322 1891 5438 apostolicorpatri
1919 5372 2159 5435 Hormis-

584 5412 680 5509 da_
701 5435 850 5490 papae
886 5427 1030 5483 urbis
1062 5432 1248 5492 Romae
1277 5412 1633 5509 Iovinianus—.-

647 5507 854 5576 Quanta
899 5528 1199 5583 reverentia
1242 5542 1472 5592 vestram
1518 5542 1898 5609 beatitudinem
1939 5572 2164 5617 venere-

582 5607 717 5661 mur,
749 5608 927 5662 multis
954 5616 1218 5688 epistolis,
1245 5637 1309 5678 ex
1344 5641 1448 5698 quo
1473 5637 1849 5700 serenissimus
1872 5645 2161 5719 imperator

1139 5742 1560 5802 venrrandarum.

2316 787 2652 843 orationibus
2700 804 2794 858 pro
2839 791 3124 844 concordia
3157 792 3407 847 laboretis
3437 792 3798 852 Ecclesiarum
3829 799 3903 870 (a)

2316 889 2640 948 vestrarum,
2670 882 2928 952 nobisque
2957 883 3118 954 (sicut
3153 899 3248 954 per
3279 885 3481 955 legatos
3509 887 3668 942 etiam
3698 901 3904 946 vestros

2316 981 2436 1040 post
2458 971 2636 1026 omnia
2665 973 2999 1042 scripsimus)
3030 985 3135 1028 tam
3175 974 3242 1030 de
3271 991 3520 1033 sermone
3551 978 3619 1033 de
3644 995 3751 1049 quo
3782 996 3904 1036 ver-

2318 1061 2446 1115 titur
2473 1065 2861 1131 controversia,
2895 1079 3052 1134 quam
3082 1066 3149 1120 de
3189 1067 3492 1122 nominibus
3530 1072 3903 1140 episcoporum

2315 1155 2415 1208 sub
2449 1156 2644 1209 Acacio
2671 1155 3066 1222 defunctorum,
3101 1173 3196 1227 per
3229 1159 3508 1228 Eulogium
3540 1162 3707 1216 virum
3737 1164 3904 1220 subli-

2315 1261 2456 1301 mem
2485 1247 2755 1302 tribunum
2791 1259 2843 1303 et
2881 1251 3146 1304 notarium
3176 1251 3425 1320 dignetur
3462 1255 3781 1321 apostolatus
3809 1271 3902 1311 vec

2314 1347 2424 1392 ster
2464 1340 2726 1409 integrum
2763 1341 3226 1412 indubitatumque
3253 1344 3522 1398 destinare
3552 1361 3896 1415 responsum;

2314 1433 2562 1487 omnibus
2614 1434 2866 1490 videlicet
2911 1451 3029 1505 qua:
3078 1439 3428 1505 praesentibus
3483 1438 3666 1508 legatis
3709 1443 3899 1497 vestris

2312 1526 2552 1579 ordinata
2597 1535 2723 1580 sunt
2768 1529 2819 1580 in
2880 1538 3137 1596 perpetuo
3191 1530 3417 1584 firmiter
3466 1529 3756 1584 duraturis.
3808 1534 3900 1588 Vir

2312 1631 2542 1684 namque
2570 1617 2852 1686 religiosus
2897 1618 3132 1673 Joannes
3178 1622 3478 1687 episcopus,
3511 1620 3603 1688 qui
3643 1631 3900 1706 venturys

2312 1717 2392 1761 est
2437 1708 2699 1772 Romam,
2746 1709 3020 1763 detinetur
3062 1709 3374 1777 aegritudine
3421 1710 3682 1778 corporali
3722 1711 3899 1767 :nihil

2309 1800 2453 1850 enim
2503 1798 2751 1866 prohibet
2793 1809 2917 1853 ante
2959 1799 3076 1868 ejus
3105 1814 3316 1867 quoque
3350 1800 3636 1855 adventum
3678 1812 3899 1858 concor:

2233 1863 2286 1926 Β
2314 1886 2454 1941 diam
2501 1863 2817 1957 praevenire,
2865 1863 3069 1945 sublata
3122 1863 3455 1948 dubitatione
3507 1896 3802 1964 religionis,
3845 1907 3900 1954 et

2315 1993 2437 2033 eum
2471 1990 2646 2034 tamen
2692 1997 2812 2035 mox
2857 1981 3186 2036 dimittamus
3215 1981 3427 2038 favente
3452 1983 3746 2050 divinitate,
3772 1988 3897 2054 quia

2305 2067 2415 2135 jam
2459 2069 2649 2122 melius
2695 2069 2854 2122 habet
2886 2088 2897 2121 :
2929 2070 3178 2138 quoniam
3224 2087 3322 2126 nec
3361 2072 3596 2126 difficilia
3629 2083 3750 2128 sunt
3776 2091 3897 2143 qua:

2310 2158 2614 2212 ceciderunt
2650 2161 2699 2212 in
2731 2161 3165 2227 ambiguitatem;
3197 2177 3292 2216 nec
3316 2163 3529 2231 expedit
3551 2165 3748 2219 diutius
3769 2181 3898 2221 cau-

2308 2259 2422 2299 sam
2453 2248 2574 2302 vita:
2605 2248 2840 2317 protrahi
2874 2250 3236 2317 sempiternae.
3269 2267 3334 2306 ne
3367 2252 3544 2306 dilatis
3567 2257 3895 2324 temporibus

2308 2337 2505 2408 aliquid
2531 2353 2776 2393 nascatur
2805 2341 3079 2396 incertius.
3105 2341 3439 2399 IEtcrnitatis
3469 2347 3627 2416 igitur
3646 2364 3894 2417 supeer

2309 2429 2680 2498 tremendique
2717 2430 2903 2499 judicii
2939 2447 3045 2485 non
3079 2434 3362 2489 immemor
3405 2439 3656 2491 sanctitas
3691 2450 3890 2508 vestra,

2306 2531 2423 2586 qua:
2455 2517 2556 2573 sibi
2593 2521 2877 2575 commissa
2915 2531 3037 2576 sant
3085 2523 3339 2579 efficacia:
3379 2528 3514 2581 tradi
3551 2530 3889 2601 deproperet,

2308 2619 2362 2660 ut
2394 2608 2694 2680 intelligant
2730 2613 2905 2667 cuncti
2952 2627 3095 2669 recte
3129 2632 3224 2670 vos
3263 2619 3569 2687 apostolicae
3600 2623 3744 2678 sedis
3773 2641 3893 2682 esse

2305 2700 2589 2766 primatum
2613 2702 2854 2757 sortitos.
2871 2703 2993 2758 Haec
3016 2705 3173 2774 igitur
3193 2723 3310 2777 quae
3337 2711 3686 2769 scribuntura
3705 2716 3778 2787 (ὁ)
3797 2734 3889 2772 no.

2306 2790 2384 2844 bis
2405 2790 2595 2846 affectu
2621 2802 2842 2861 paterno
2859 2795 3042 2863 jubete
3058 2801 3375 2867 quantocius
3403 2802 3700 2874 adimpleri.
3729 2809 3888 2864 Scitis

2303 2895 2530 2951 namque
2557 2898 2714 2951 quam
2745 2885 2816 2939 sit
2856 2886 3185 2943 admirabilis
3215 2891 3395 2958 gloria:
3434 2903 3696 2950 tantorum
3738 2915 3888 2954 erro-

2301 2988 2387 3028 res
2434 2989 2695 3029 annorum
2746 2979 2908 3031 vestri
2966 2980 3302 3050 pontificatus
3356 2993 3596 3056 tempore
3645 2990 3886 3060 stirpitus

2300 3067 2518 3121 aboleri.

2708 3159 2794 3213 EX
2805 3160 3081 3217 EM‘PLUM
3125 3163 3478 3222 EPISTOLE

2648 3267 2933 3305 JUSTINIANI
2964 3269 3074 3308 C03.
3110 3272 3175 3309 AD
3207 3273 3522 3313 ﬂORlllSDAII.

2297 3338 2608 3408 Conﬁtentur
2628 3340 2884 3396 Christum
2913 3343 3185 3398 Dominum
3208 3362 3340 3402 recre
3370 3367 3526 3404 unum
3552 3353 3602 3405 iu
3629 3353 3879 3409 Trinitate

2365 3412 2488 3474 dici,
2517 3428 2657 3494 seras
2683 3430 2933 3494 unum-ea:
2960 3410 3229 3494 Trinitatc.
3264 3418 3328 3471 In
3361 3425 3646 3494 nomgnibus
3685 3428 3877 3494 episco-

2363 3498 2546 3549 porum
2573 3484 2880 3537 damnandis
2901 3502 3003 3538 non
3033 3489 3103 3538 ita
3124 3504 3291 3543 severe
3320 3493 3592 3561 agendum.

2365 3573 2592 3630 Domino
2624 3576 2741 3632 viro
2773 3579 3079 3633 beatissimo
3109 3591 3399 3652 sanctoque
3422 3588 3554 3653 patri
3577 3587 3878 3645 Hormisda:

2291 3663 2437 3717 urbis
2473 3666 2654 3720 Romae
2687 3668 2924 3733 pontifici
2953 3667 3282 3725 Justinianus
3308 3673 3454 3728 ‘cos.

2365 3753 2632 3820 Quantam
2657 3759 3053 3814 venerationem
3077 3759 3343 3830 religionis
3365 3763 3677 3834 habeamus,
3696 3785 3878 3838 quam-

2291 3856 2394 3909 que
2425 3843 2638 3898 solliciti
2682 3860 2893 3917 semper
2927 3847 3182 3904 fuerimus
3217 3862 3426 3922 pr0ptcr
3457 3855 3715 3912 unieudas
3748 3876 3875 3915 san-

2289 3944 2404 3988 ctas
2449 3935 2735 4004 Ecclesias,
2781 3941 2932 3994 testis
2976 3953 3060 3996 est
3101 3957 3313 4012 quoque
3354 3956 3529 4000 vestra
3579 3948 3870 4009 beatitudo.

2289 4023 2575 4096 Postquam
2632 4031 2872 4099 regnavit
2923 4034 3065 4087 enim
3115 4034 3363 4090 dominus
3414 4048 3597 4094 noster
3642 4041 3875 4113 inclytus

2287 4115 2604 4184 imperator,
2633 4137 2726 4189 per
2747 4137 2937 4176 omnes
2961 4123 3028 4178 ad
3054 4124 3256 4180 Italiam
3280 4130 3552 4185 venientes
3583 4133 3876 4192 direximus

2287 4207 2516 4275 litteras,
2553 4213 2911 4280 apostolatum
2962 4223 3110 4270 tuum
3157 4229 3409 4288 rogantes
3441 4224 3584 4276 sicot
3626 4226 3874 4282 decebat.

2287 4302 2434 4358 Nunc
2466 4309 2627 4360 etiam
2674 4323 2741 4363 ne
2769 4310 2898 4377 quid
2929 4325 3116 4366 eorum
3145 4328 3265 4380 qua:
3295 4314 3410 4370 fieri
3455 4320 3704 4372 convenit
3740 4337 3874 4389 prae-

2287 4396 2650 4464 termittatur,
2694 4398 2926 4456 Joannes
2967 4405 3049 4457 vir
3096 4406 3573 4462 reverendissimus
3616 4413 3872 4480 antistes,

2284 4487 2636 4545 Heraclianus
2658 4493 2958 4564 presbyter,
2981 4505 3036 4551 et
3054 4497 3396 4554 Constantius
3415 4502 3672 4557 diaconus
3692 4521 3870 4560 sacro-

2281 4587 2482 4633 sanctae
2511 4580 2764 4637 Ecclesiae
2799 4583 2958 4654 hujus
2984 4588 3191 4658 inclyta:
3217 4592 3444 4650 civitatis
3473 4597 3720 4654 destinati
3746 4611 3871 4658 sunt

2281 4667 2348 4721 ad
2392 4668 2578 4725 urbem
2625 4671 2876 4738 feliciter,
2914 4686 2969 4730 ut
3010 4693 3173 4746 super
3210 4683 3458 4738 omnibus
3498 4703 3616 4754 (iure
3655 4691 3870 4758 scripsit

2283 4760 2423 4818 filius
2443 4771 2617 4820 vester
2632 4769 3008 4824 serenissimus
3037 4773 3323 4841 imperator
3351 4777 3612 4848 integrum
3639 4798 3862 4849 respon-

2278 4865 2394 4905 sum
2426 4852 2713 4921 aecipiant.
2745 4855 3000 4925 Dignatur
3036 4875 3165 4928 ergo
3199 4867 3454 4922 sanctitas
3484 4877 3570 4922 tua
3596 4874 3867 4942 suscipere

2275 4951 2601 4997 memoratos
2644 4945 2789 5000 viros
2827 4948 3261 5011 religiosissimos
3298 4957 3544 5026 libenter,
3584 4973 3637 5016 et
3674 4965 3866 5020 habitis

2277 5030 2632 5099 orationibus,
2674 5036 2982 5106 placataque
3015 5041 3319 5111 Divinitate,
3355 5050 3432 5102 sic
3465 5054 3641 5106 omnia
3671 5054 3866 5112 debeat

2275 5119 2530 5176 ordinare
2581 5126 2978 5193 venerabiliter,
3024 5141 3082 5185 ut
3129 5133 3256 5190 nihil
3313 5138 3447 5192 ultra
3494 5157 3765 5201 remaneat
3810 5149 3862 5202 in

2273 5209 2609 5279 ambiguum.
2642 5214 2806 5272 Nobis
2835 5221 3030 5275 etenim
3063 5225 3272 5281 videtur
3293 5233 3540 5294 quoniam
3572 5236 3734 5294 Filius
3767 5241 3861 5296 Dei

2275 5299 2376 5351 vivi
2410 5300 2669 5358 Dominus
2703 5318 2885 5364 uoster
2913 5310 3069 5368 Jcsus
3095 5315 3335 5374 Christus
3365 5337 3428 5375 ex
3469 5329 3672 5391 virgine
3699 5331 3860 5387 Maria

2275 5401 2456 5453 natus,
2508 5408 2663 5461 quem
2713 5400 2958 5461 prazdicat
3003 5419 3241 5461 summus
3290 5413 3646 5478 apostolormn
3697 5436 3859 5479 carne

2275 5494 2510 5546 passum,
2538 5493 2682 5539 recte
2704 5487 2898 5544 dicitur
2917 5509 3051 5548 unus
3075 5497 3124 5550 iu
3150 5497 3405 5555 Trinitate
3427 5518 3545 5558 cum
3576 5506 3727 5562 Patre
3746 5513 3856 5582 Spi-

2273 5569 2487 5638 rituqtte
2515 5582 2701 5627 sancto
2725 5593 2968 5646 regnare,
3001 5586 3395 5658 majestatisquc
3426 5592 3541 5662 ejus
3573 5569 3854 5666 personam

2272 5659 2324 5712 in
2356 5659 2636 5726 Trinitate,
2668 5678 2722 5720 et
2749 5685 2812 5722 ex
2843 5670 3098 5730 Trinitate
3125 5695 3227 5732 ni-n
3254 5659 3538 5742 infideliter
3566 5659 3849 5753 credimus.

2342 5770 2806 5872 :.:lc“:mllf‘§lllff‘__ilt
2832 5785 3061 5872 .Coilect.
3085 5795 3394 5872 .Avellana,
3435 5817 3558 5860 cum
3590 5818 3757 5866 ‘antea
3796 5814 3848 5872 in

2269 5839 2427 5899 editis
2458 5839 2764 5922 habéretur,
2796 5855 2870 5912 vir
2895 5839 3228 5924 donabit};
