4262 6264
596 454 691 509 5η

1920 438 2290 496 ΗΟΒΜΙδῦΙΕ
2332 441 2531 496 ΡΜ)Ᾰῦ

3748 438 3853 494 512

596 573 870 631 beneficiis
900 582 1107 626 mecum
1142 564 1336 621 vestris
1383 560 1614 615 mundus
1653 558 1901 622 exsultat,
1940 567 1993 611 et
2028 558 2170 611 lace-
2196 562 2250 618 Α
2277 560 2375 613 hoc
2409 560 2580 627 possit
2603 557 2911 621 admittere,
2945 565 3004 612 ut
3028 558 3093 612 ad
3122 558 3213 614 illa
3240 572 3339 628 per
3358 572 3541 629 pacem
3569 558 3851 614 credemur

594 676 726 723 ratae
756 666 1012 718 hactenus
1038 656 1288 713 Ecclesiae
1316 652 1559 708 membra
1584 651 1649 705 ad
1676 663 1989 719 compagem
2017 662 2168 702 suam

593 765 842 816 revocata
870 754 1184 824 gloriantur.
1215 748 1491 803 Reduxisti
1534 746 1742 815 popttlis
1773 746 1952 808 ﬁdem,
1986 758 2170 813 perse-

594 855 745 913 cutus
771 858 1039 905 errorem;
1066 841 1312 895 inclinata
1337 851 1418 895 est
1443 840 1691 907 superbia
1716 840 2050 893 inimicorum
2071 836 2173 890 Ec-

592 938 767 992 clesia:
796 934 910 999 Dei,
936 945 984 987 et
1028 933 1298 987 humilitas
1325 942 1503 988 erecta
1557 931 1817 986 ﬁdelium.
1866 930 2048 999 Magna
2083 942 2171 983 res

594 1028 686 1084 tibi
718 1026 961 1095 contigit,
1006 1025 1337 1093 imperator:
1378 1040 1567 1095 magna
1616 1026 1666 1078 in
1712 1034 1763 1078 te
1810 1024 2169 1077 emolumenta

591 1132 710 1174 cum
741 1125 1002 1184 potestate
1032 1118 1301 1181 coierunt,
1333 1132 1448 1186 quae
1478 1118 1733 1172 merearis
1764 1117 2017 1186 intellige.
2055 1116 2169 1171 Non

591 1210 836 1278 exiguam
862 1209 913 1261 in
945 1217 995 1261 te
1018 1216 1220 1276 partem
1252 1209 1373 1261 boni
1412 1208 1588 1271 operis
1631 1208 1772 1261 illius
1802 1209 1941 1276 quod
1972 1208 2170 1263 vadens

590 1300 656 1355 ad
696 1302 862 1355 caelos
915 1300 1169 1354 Dominus
1214 1309 1400 1354 noster
1438 1299 1595 1355 Jesus
1644 1300 1889 1354 Christus
1945 1300 2170 1355 contulit

590 1392 943 1446 transtulisti:
980 1406 1099 1444 nam
1149 1405 1332 1458 pacem
1372 1406 1531 1459 quam
1573 1392 1662 1446 ille
1702 1390 1983 1458 discipulis
2022 1391 2171 1445 dedit

593 1500 689 1554 per
737 1494 787 1537 te
826 1482 1054 1537 mundus
1098 1483 1343 1536 invenit:
1391 1497 1495 1535 non
1547 1483 1770 1537 dubium
1809 1485 2168 1553 congratulari

591 1576 685 1630 tibi
714 1576 931 1643 angelos
956 1575 1109 1630 coeli:
1144 1589 1264 1628 nam
1296 1574 1339 1628 si
1366 1574 1513 1642 juxta
1546 1576 1899 1629 assertionem
1934 1590 2166 1644 evange-

591 1666 748 1722 licam
801 1666 984 1720 laetitia
1018 1674 1100 1720 est
1138 1667 1217 1720 eis
1264 1681 1423 1732 super
1463 1682 1570 1719 uno
1611 1677 1891 1733 peccatore
1940 1668 2164 1734 salvato,

590 1772 707 1827 qua:
761 1765 935 1824 potest
985 1770 1106 1811 esse
1144 1756 1371 1824 populo?
1406 1756 1566 1809 Salve
1601 1757 1855 1811 Ezechias
1887 1761 2169 1826 praesentis

589 1847 782 1902 aetatis.
813 1846 942 1900 Nam
971 1847 1071 1901 etsi
1098 1846 1311 1900 fuerunt
1339 1856 1462 1901 ante
1490 1863 1609 1901 eum
1637 1865 1788 1919 reges
1813 1851 1945 1904 Juda
1978 1853 2050 1922 (b)
2074 1852 2168 1905 bo-

2274 650 2484 713 adduci,
2510 650 2575 703 ad
2613 664 2731 719 qua:
2762 664 2868 703 non
2913 649 3183 719 potuimus
3219 649 3502 705 discordia
3533 651 3851 710 necessitate

2274 744 2561 812 compelli?
2584 743 2649 797 Et
2671 751 2882 811 putetur
2902 757 3138 811 :equum,
3163 752 3222 798 ut
3247 753 3433 798 contra
3458 745 3684 800 salutem
3710 746 3850 813 prin-

2274 850 2400 901 ceps
2427 836 2787 901 subjectorum
2813 836 3139 891 voluntatem
3158 845 3429 905 sequatur,
3456 853 3614 906 quam
3636 853 3734 908 pro
3755 852 3849 893 sua

2273 926 2442 980 salute
2480 927 2730 995 subjecti,
2776 927 3030 996 principis
3069 943 3173 981 non
3225 928 3549 982 famulentur
3590 928 3848 997 imperio?

2274 1021 2444 1089 Ipsam
2479 1022 2570 1075 tibi
2609 1036 2834 1085 mecum,
2870 1022 3190 1077 venerabilis
3222 1022 3317 1087 (ili,
3348 1022 3516 1077 crede
3553 1023 3849 1077 Ecclesiam

2274 1110 2367 1166 Dei
2394 1113 2719 1181 supplicare,
2754 1122 2812 1166 ut
2833 1128 2949 1167 eam
2973 1114 3090 1167 sine
3110 1114 3311 1168 macula
3330 1124 3385 1169 et
3408 1127 3555 1182 ruga,
3588 1114 3723 1169 sicut
3744 1115 3849 1169 scis

2274 1202 2500 1257 Domino
2550 1205 2783 1271 placere,
2831 1204 3135 1269 custodias;
3170 1220 3268 1260 nec
3298 1207 3349 1260 in
3381 1222 3496 1261 eam
3532 1207 3716 1261 oculos
3758 1207 3847 1262 ille

2272 1295 2361 1362 qui
2393 1296 2667 1363 pervigilat
2692 1311 2901 1350 naevum
2932 1296 3161 1364 aliquem
3198 1312 3356 1367 quem
3391 1308 3663 1352 aversetur
3703 1300 3845 1368 aspi-

2271 1386 2395 1441 ciat.
2436 1389 2566 1441 Ama
2594 1389 2733 1456 quod
2765 1404 2793 1441 a
2832 1389 2943 1442 Deo
2974 1400 3322 1458 compunctus
3354 1391 3581 1461 elegisti,
3612 1401 3666 1446 et
3702 1391 3842 1447 inte-

2273 1492 2533 1536 meratum
2563 1494 2715 1535 serva
2755 1482 2883 1535 illud
2916 1482 3067 1550 cujus
3100 1497 3223 1550 pars
3255 1498 3373 1537 esse
3400 1483 3634 1537 voluisti.
3667 1484 3844 1542 Fuerit

2271 1581 2397 1626 ante
2427 1572 2734 1627 sollicitudo
2762 1582 2964 1628 tantum
2998 1590 3136 1637 mea,
3164 1590 3304 1629 nunc
3330 1592 3487 1631 unam
3529 1578 3684 1632 nobis
3706 1572 3846 1633 'cau~

2271 1676 2384 1717 eam
2416 1671 2501 1717 tua
2549 1662 2675 1718 fecit
2721 1677 2839 1718 esse
2880 1665 3182 1720 clementia.
3224 1666 3332 1722 Nec
3365 1668 3715 1723 austeriorem
3760 1681 3845 1724 me

2271 1754 2547 1823 quisquam
2577 1756 2721 1809 dicat
2751 1770 2871 1810 esse
2900 1756 3189 1825 prioribus,
3224 1774 3321 1813 nec
3349 1758 3652 1813 adhortatio
3680 1748 3845 1815 alicui

2269 1848 2354 1914 jus
2382 1862 2477 1915 pro
2506 1849 2785 1903 sententia:
2812 1850 3127 1904 auctoritate
3155 1860 3418 1905 teneatur.
3448 1851 3843 1921 Diligentiorem

590 1957 716 1997 num
767 1942 856 2010 qui
906 1940 1162 2005 facerent,
1210 1943 1389 1995 nullus
1439 1951 1617 1996 tamen
1665 1958 1849 1996 eorum
1892 1943 2165 2011 dissipavit

2202 1932 2244 1990 Β
2273 1955 2357 1993 me
2390 1956 2494 1993 non
2528 1941 2837 2009 pertinacia:
2868 1943 3126 2009 studium,
3160 1944 3253 2000 sed
3283 1944 3532 1999 scandala
3564 1954 3745 2001 secuta
3778 1947 3845 2001 fe

590 2032 835 2097 excelsa;
870 2040 924 2087 tu
951 2047 1159 2103 quoque
1186 2032 1533 2088 schismatum
1563 2044 1615 2087 et
1646 2033 1912 2100 superbiae
1944 2034 2169 2104 dissipa-

590 2134 692 2192 tor,
723 2137 774 2183 et
799 2129 974 2184 cultus
1000 2132 1197 2185 veteris
1229 2134 1526 2197 restitutor,
1558 2149 1820 2202 prtesume
1852 2134 1941 2187 tibi
1975 2137 2167 2190 simili-

592 2219 773 2274 tudine
798 2220 940 2275 illius
968 2236 1228 2277 annorum
1253 2225 1493 2292 augenda
1520 2226 1807 2289 curricula,
1833 2229 1920 2296 qui
1943 2244 2164 2296 operum

589 2307 705 2375 ejus
754 2309 979 2364 imitaris
1018 2311 1282 2378 exempla.
1328 2313 1454 2365 llaec
1493 2314 1693 2378 omnia,
1726 2330 1842 2383 qua:
1881 2316 1947 2369 ad
1995 2319 2166 2384 majus

587 2400 771 2467 gloria:
794 2410 897 2455 ture
924 2412 1167 2470 spectant
1187 2413 1552 2470 augmentum,
1586 2420 1690 2458 non
1721 2408 1937 2461 stimulo
1966 2408 2163 2463 adhor-

591 2491 805 2543 tationis
830 2491 1037 2555 alienae,
1067 2508 1169 2545 non
1204 2491 1326 2547 ullis
1350 2494 1595 2561 precibus
1621 2500 1884 2553 excitatus
1912 2501 2166 2569 aggrede-

520 2582 523 2583 ⁷
590 2581 701 2634 ris:
736 2581 885 2635 solus
916 2583 1011 2636 tibi
1042 2584 1091 2637 in
1125 2584 1351 2638 consilio
1401 2586 1538 2639 Deus
1577 2606 1588 2639 :
1634 2604 1737 2641 non
1765 2600 1847 2643 est
1884 2592 1971 2660 qui
2011 2607 2070 2646 se
2099 2594 2165 2647 ad

589 2674 1052 2742 participationem
1086 2677 1216 2730 tanti
1248 2678 1426 2746 operis
1456 2688 1623 2735 tentet
1650 2680 1920 2737 inserere:
1949 2685 2042 2739 tibi
2073 2686 2168 2740 de-

587 2763 681 2817 bes
706 2767 931 2820 aclionis
962 2767 1118 2835 hujus
1148 2769 1404 2835 studium,
1447 2772 1553 2833 tibi.
1577 2774 1728 2827 bona:
1771 2778 1998 2831 actionis
2037 2778 2165 2834 eﬂ'e-

585 2865 761 2929 ctum:
782 2857 860 2911 Tu
905 2873 1009 2923 me,
1040 2862 1367 2916 venerabilis
1419 2864 1727 2933 imperator.
1764 2868 2019 2924 Ecclesia:
2052 2875 2166 2927 vul-

586 2960 711 2999 nera
744 2954 851 3000 tam
882 2948 1034 3018 longa
1059 2962 1372 3007 maerentem
1404 2954 1469 3007 ad
1497 2970 1644 3023 spem
1676 2959 1959 3015 reddendae
1980 2963 2165 3019 salutis

584 3036 846 3091 animasti.
891 3038 968 3092 Tu
1011 3055 1099 3096 me
1140 3051 1259 3109 post
1304 3052 1409 3097 tam
1453 3050 1734 3103 continuos
1770 3052 2008 3105 turbines
2051 3054 2161 3121 jam

583 3140 720 3194 pene
746 3128 1121 3198 desperatione
1152 3145 1448 3205 cessantem
1484 3138 1551 3190 ad
1580 3153 1768 3193 novam
1812 3143 2164 3213 tranquillita-

583 3225 688 3271 tem
721 3219 939 3275 directis
981 3222 1121 3277 ultro
1151 3225 1247 3291 piis
1280 3226 1468 3280 litteris
1496 3230 1743 3283 excitasti
1768 3247 1782 3284 :
1811 3230 1910 3286 hoc
1950 3246 2160 3301 quoque

583 3311 765 3377 procul
791 3311 953 3366 dubio
980 3313 1154 3367 divina
1183 3315 1530 3383 intelligentia
1572 3321 1901 3387 conferente,
1937 3334 1991 3378 ut
2022 3327 2160 3381 inter

583 3398 697 3466 ipsa
732 3401 803 3451 tui
838 3402 1162 3467 principatus
1202 3406 1419 3458 exordia
1462 3408 1583 3461 fidei
1615 3412 1730 3477 ejus
1758 3411 1966 3468 dicares
2004 3417 2162 3471 obse-

580 3490 784 3555 quium,
822 3492 906 3544 cui
943 3503 1219 3561 acceptum
1259 3495 1489 3551 debebas
1520 3499 1819 3567 imperium,
1864 3505 1957 3558 sed
1988 3508 2074 3574 qui
2109 3517 2160 3562 te

580 3582 644 3632 ad
678 3582 975 3647 incipienda
1002 3583 1114 3637 haec
1140 3600 1242 3638 non
1270 3589 1411 3653 potui
1446 3590 1649 3656 primus
1681 3592 1983 3662 impellere;
2020 3614 2158 3654 nunc

578 3670 782 3736 majore
805 3671 996 3725 fiducia
1024 3677 1182 3728 tantis
1215 3678 1486 3733 beneficiis
1519 3686 1813 3750 compellor
1843 3703 2157 3752 provocatus

576 3774 752 3824 orare,
784 3776 850 3815 ne
876 3763 1092 3828 patiaris
1120 3765 1169 3819 in
1191 3781 1249 3820 re
1267 3775 1371 3821 tam
1396 3768 1517 3823 boni
1534 3774 1711 3839 operis
1728 3778 2151 3847 essedefectum;

577 3862 645 3901 ne
674 3864 883 3916 manus,
915 3867 1049 3921 quas
1071 3854 1135 3907 ad
1170 3855 1334 3912 Deum
1375 3860 1554 3930 erigis,
1584 3867 1789 3933 accepti
1832 3872 2008 3937 operis
2039 3890 2156 3941 per-

577 3937 807 3995 fectione
838 3946 1153 4013 suspendas.
1184 3947 1390 4016 Negare
1430 3967 1534 4005 non
1567 3969 1779 4021 possum
1825 3974 1923 4027 pro
1952 3937 2152 4017 domini

578 4032 743 4085 nostri
795 4032 909 4088 haec
956 4051 1040 4090 me
1069 4037 1259 4092 aliectu
1317 4050 1371 4095 et
1417 4046 1633 4100 unitatis
1676 4064 1972 4118 exposcere
2006 4072 2019 4108 :
2059 4056 2152 4109 sed

576 4120 747 4173 lateor
786 4132 841 4177 et
876 4125 1039 4179 saluti
1082 4136 1183 4181 tua:
1215 4144 1311 4198 pro
1355 4142 1495 4186 tanta
1530 4143 1953 4197 mansuetudinis
1982 4150 2151 4214 gratia

574 4209 689 4264 haec
717 4215 889 4267 studia
939 4233 1023 4271 me
1069 4218 1285 4276 debere.
1322 4224 1585 4295 Scriptum
1621 4239 1702 4284 est
1732 4238 1871 4287 enim
1910 4209 2031 4300 quia
2067 4240 2154 4305 qui

574 4309 962 4371 perseveraverit
994 4325 1152 4375 usque
1194 4314 1263 4366 ad
1292 4315 1444 4381 ﬁnem
1478 4320 1646 4375 salvus
1693 4324 1785 4376 erit
1824 4324 2034 4392 (Matth.
2068 4330 2147 4398 κ).

572 4393 681 4450 Nec
725 4414 819 4452 vos
868 4401 1165 4471 aliquorum
1213 4407 1501 4489 obstinatio
1551 4414 1736 4469 reddat
1794 4432 1822 4471 a
1880 4393 2152 4489 proposito

572 4488 852 4557 pigriores.
889 4493 1083 4549 Durum
1107 4506 1211 4565 est,
1240 4509 1298 4554 ut
1324 4486 1589 4557 efficacior
1610 4506 1679 4559 sit
1698 4486 1889 4563 eorum,
1914 4486 2149 4580 pertina-

571 4579 653 4631 cia
685 4582 771 4649 qui
803 4583 1050 4640 dividunt
1094 4603 1300 4658 pacem,
1329 4596 1495 4660 quam
1532 4602 1717 4651 eorum
1767 4602 1853 4668 qui
1897 4616 2146 4659 as<erunt

570 4670 850 4727 unitatem.
898 4676 1159 4732 Ameutur
1187 4683 1406 4737 vulnera
1457 4700 1577 4742 cum
1629 4690 2006 4757 provideantur
2055 4713 2151 4764 pro

569 4759 739 4813 salute
769 4766 1024 4829 remedia,
1052 4777 1106 4822 et
1129 4774 1561 4841 praeoptabilc....
1594 4788 1812 4846 putetur
1832 4797 1980 4838 se....
2006 4759 2150 4842 mor-

568 4851 672 4904 tuis
696 4868 856 4921 quam
889 4858 1152 4914 inluerere
1179 4878 1298 4917 cum
1329 4866 1484 4921 vivis.
1530 4872 1610 4924 An
1662 4888 1766 4928 non
1799 4890 2009 4943 mquum
2040 4891 2144 4951 est,

568 4947 624 4992 ut
645 4943 875 5011 religiosi
907 4950 1165 5020 principis
1195 4957 1493 5013 subdantur
1519 4962 1743 5031 imperio
1778 4970 1865 5037 qui
1898 4987 2001 5026 non
2031 4943 2148 5029 mo:-

566 5041 754 5122 ventur
782 5042 1065 5109 exemplo?
1096 5044 1211 5099 Non
1244 5052 1420 5105 omnis
1456 5068 1598 5122 arger
1629 5060 1878 5115 remediis
1914 5064 2145 5119 salubri-

563 5120 657 5222 bus
670 5126 989 5222 acquiescit,
1015 5141 1068 5185 et
1094 5135 1341 5193 medendi
1365 5120 1595 5199 studium
1623 5160 1764 5216 saepe
1796 5149 1924 5213 ipsis
1950 5154 2143 5222 quibus

561 5213 841 5270 adhibetur
867 5216 1129 5285 ingratum
1154 5238 1235 5282 est
1258 5247 1269 5281 :
1299 5241 1352 5285 et
1378 5242 1555 5290 tamen
1579 5213 1724 5307 grata
1751 5250 1833 5295 est
1855 5258 1949 5311 pro
1967 5213 2141 5303 salute

559 5309 867 5376 necessitas,
905 5326 1002 5367 nec
1034 5313 1133 5383 ipsi
1164 5332 1281 5386 post
1321 5328 1721 5393 respirationem
1767 5309 1872 5388 non
1894 5346 2018 5391 sunt
2045 5339 2139 5395 be-

558 5398 758 5453 neﬁciis
788 5402 1003 5458 obnoxii
1024 5407 1112 5474 qui
1144 5421 1398 5468 curantur
1427 5416 1597 5473 inviti.
1623 5422 1866 5479 Cavenda
1895 5437 1978 5482 est
2008 5432 2137 5485 sub-

558 5487 930 5590 magna
958 5498 1437 5570 circumspectione
1458 5510 1739 5583 calliditas,
1764 5519 1853 5587 qui
1885 5518 2137 5590 ingerunt

558 5574 809 5648 Iil'ﬁciliu,
831 5584 956 5640 dum
982 5588 1223 5647 nituntur
1247 5593 1566 5657 labefactare
1588 5574 1903 5676 composita.
1924 5574 2134 5682 [Stati-is

619 5711 699 5849 ﬁt}
728 5715 813 5768 Al.
847 5720 1110 5777 humilius.

720 5784 804 5838 Al.
837 5787 988 5844 deest
1010 5791 1107 5847 bon

720 5784 804 5838 Al.
837 5787 988 5844 deest
1010 5791 1214 5853 bonum.

2268 2040 2477 2085 cerunt.
2515 2031 2672 2086 Forte
2704 2032 2842 2086 inter
2870 2033 3019 2087 initia
3060 2035 3211 2089 locus
3235 2044 3357 2090 esse
3388 2036 3558 2105 potuit
3600 2036 3799 2091 lenitati
3826 2056 3838 2089 :

2270 2123 2409 2178 male
2443 2123 2599 2192 (sicut
2640 2135 2826 2179 notum
2867 2126 2970 2194 est)
3010 2141 3105 2195 per
3141 2134 3388 2183 accessus
3430 2130 3841 2196 praecedentium

2268 2223 2567 2282 temporum
2598 2230 2841 2270 errorum
2877 2228 3158 2287 augmenta
3187 2228 3491 2274 creverunt.
3535 2220 3648 2276 Non
3692 2223 3841 2291 parvi

2268 2308 2487 2373 habeas,
2539 2309 2609 2365 fili
2650 2312 3010 2377 sanctissime,
3059 2312 3200 2381 quod
3252 2315 3475 2379 curasti,
3521 2314 3608 2369 ubi
3658 2324 3840 2371 sancta

2267 2399 2719 2455 Chalcedonensis
2752 2403 3009 2472 synodus,
3045 2413 3097 2458 et
3126 2405 3265 2460 inter
3309 2414 3521 2459 sanctos
3552 2406 3839 2460 Venerandi

2268 2505 2415 2558 papa:
2445 2490 2640 2545 Leonis
2671 2491 3067 2562 religiosissima
3097 2494 3381 2548 constituta
3414 2496 3587 2549 locum
3618 2495 3840 2566 alicujus

2268 2581 2485 2634 honoris
2534 2581 2873 2636 habuerunt?
2910 2583 3010 2637 Ubi
3055 2598 3160 2638 non
3207 2585 3487 2641 adversum
3528 2596 3669 2640 tanta
3718 2587 3841 2642 lidei

2269 2669 2609 2724 fundamenta
2638 2672 2786 2740 quasi
2814 2671 3042 2739 quodam
3080 2673 3327 2727 bellicum
3360 2674 3590 2729 hostium
3625 2675 3716 2730 Dei
3760 2676 3841 2730 ina

2266 2762 2444 2814 sonuit
2482 2762 2782 2815 exercitus?
2807 2761 3042 2827 "Quanto
3085 2764 3380 2818 acrioribus
3438 2764 3550 2820 haec
3605 2766 3841 2836 impetita

2264 2859 2389 2903 sunt
2412 2851 2624 2918 jaculis,
2660 2861 2808 2906 tanto
2838 2853 3185 2908 validioribus
3211 2866 3333 2909 sunt
3364 2858 3646 2912 munienda
3670 2860 3843 2914 subsi-

2264 2940 2385 2995 diis.
2428 2941 2595 3010 Rogo,
2639 2943 3056 2999 clementissime
3099 2945 3406 3014 imperator,
3438 2962 3503 3002 ne
3537 2964 3623 3003 me
3654 2960 3744 3006 aut
3772 2953 3839 3007 ad

2266 3030 2485 3085 delenda
2510 3030 2655 3101 (Edit
2686 3032 2836 3088 Rom.
2861 3034 3186 3105 deserenda)
3222 3038 3335 3091 htec
3368 3054 3484 3107 qua:
3512 3040 3710 3095 dudum
3738 3042 3831 3098 be-

2268 3123 2527 3190 neplacita
2555 3133 2810 3185 sunt,aut
2838 3127 3086 3181 mutanda
3111 3129 3417 3193 compellas.
3443 3129 3557 3184 Vox
3575 3134 3716 3186 enim
3747 3135 3833 3189 illa

2265 3211 2484 3266 auribus
2511 3213 2644 3267 meis
2686 3214 3052 3271 indesinenter
3081 3218 3447 3274 immurmurat
3471 3239 3483 3273 :
3511 3220 3643 3288 Quia
3692 3241 3836 3279 nemo

2264 3318 2467 3355 manum
2489 3305 2557 3355 ad
2581 3315 2809 3357 aratrum
2838 3308 3059 3373 mittens,
3091 3317 3138 3361 et
3167 3319 3283 3376 post
3307 3327 3360 3365 se
3386 3313 3659 3379 respiciens
3688 3324 3838 3385 aptus

2262 3404 2337 3447 est
2363 3411 2517 3465 regno
2546 3394 2641 3449 Dei
2676 3396 2827 3465 (Luc.
2857 3399 2955 3467 Ix),
2982 3414 3099 3453 cum
3125 3402 3175 3454 in
3203 3402 3433 3458 evidenti
3463 3405 3550 3467 sit,
3580 3406 3701 3475 quia
3724 3422 3838 3475 po:-

2263 3485 2487 3539 nitcntia
2536 3486 2800 3541 malorum
2856 3500 2937 3543 est
2982 3505 3227 3560 operum,
3276 3508 3381 3549 non
3422 3496 3701 3551 bonorum.
3736 3497 3838 3554 Sed

2261 3589 2564 3643 quanquam
2590 3576 2673 3632 his
2692 3594 2941 3647 urgemur
2956 3582 3233 3650 angustiis,
3260 3592 3434 3639 tamen
3460 3597 3679 3655 propter
3700 3602 3838 3642 man-

2259 3666 2560 3722 suetudinis
2592 3678 2695 3722 ture
2723 3670 3229 3736 considerationem,
3262 3685 3314 3727 et
3337 3676 3720 3732 venerabilium
3764 3679 3839 3734 le-

2258 3767 2503 3825 gatorum
2545 3759 2764 3815 Joannis
2798 3764 3035 3833 episcopi
3086 3765 3381 3822 Heracliani
3424 3768 3742 3839 presbyteri,
3786 3781 3837 3827 et

2258 3846 2595 3906 Constantini
2624 3854 2833 3909 diaconi
2864 3857 3113 3927 allegatio
3143 3874 3242 3914 nos
3264 3874 3368 3915 non
3395 3860 3683 3915 inhumana
3714 3876 3835 3929 per-

2258 3942 2443 4005 movit,
2482 3944 2569 4010 qui
2617 3944 2989 4001 innocentibus
3027 3958 3119 4002 aut
3150 3950 3347 4019 ignaris
3385 3966 3559 4006 causa:
3600 3952 3833 4009 remedia

2257 4031 2485 4085 credidit
2516 4047 2635 4089 esse
2667 4037 2932 4103 poscenda
2962 4056 2974 4088 :
3009 4038 3075 4092 ad
3120 4040 3337 4096 fratrem
3376 4054 3429 4096 et
3460 4042 3835 4112 coepiscopum

2257 4132 2497 4176 nostrum
2520 4124 2874 4195 Epiphanium
2898 4129 3092 4198 scripta
3114 4133 3527 4197 transmisimus,
3554 4142 3611 4187 ut
3632 4149 3835 4189 memor

2257 4212 2403 4278 fidei,
2435 4230 2639 4270 memor
2668 4219 2962 4287 religionis,
2988 4228 3121 4290 quos
3145 4222 3335 4292 dignos
3356 4226 3699 4293 susceptione
3719 4241 3836 4281 esse

2256 4307 2562 4371 crediderit,
2580 4319 2632 4364 et
2658 4310 2863 4367 alienos
2880 4328 2909 4366 a
2927 4316 3307 4370 communione
3330 4331 3486 4385 quam
3507 4318 3831 4385 respuimus,

2254 4400 2392 4453 sicut
2440 4402 2719 4467 asseritur,
2768 4403 3083 4460 innocentes
3121 4420 3215 4461 eos
3258 4409 3325 4461 ad
3361 4409 3671 4463 societatem
3724 4424 3835 4462 sua:

2254 4492 2646 4546 communionis
2696 4494 2962 4559 admittat,
2993 4496 3156 4552 libelli
3195 4508 3370 4553 tamen
3397 4497 3486 4567 qui
3514 4512 3543 4552 a
3576 4498 3729 4553 nobis
3760 4498 3833 4552 in-

2256 4583 2541 4649 terpositus
2569 4592 2652 4637 est
2678 4594 2863 4643 tenore
2883 4583 3113 4643 seriam.
3146 4589 3332 4644 Melius
3363 4599 3443 4644 est
3473 4591 3616 4644 enim
3640 4598 3693 4645 et
3715 4605 3832 4644 ma-

2179 4665 2232 4726 D
2259 4673 2337 4740 gis
2379 4673 2489 4728 Deo
2515 4676 2788 4744 placitum,
2821 4681 2864 4733 si
2896 4681 3042 4735 salva
3080 4680 3182 4735 fide
3211 4682 3577 4738 ecclesiastico
3620 4686 3831 4753 corpori

2250 4763 2543 4833 jungantur
2572 4768 2815 4835 abscissi,
2843 4786 2999 4840 quam
3037 4772 3088 4826 in
3127 4772 3394 4827 abscissos
3421 4783 3713 4840 transeant,
3740 4775 3830 4845 qui

2252 4852 2303 4906 in
2338 4851 2477 4908 beati
2522 4855 2664 4911 Petri
2706 4859 3040 4914 immaculata
3072 4863 3453 4917 communione
3497 4878 3827 4918 manserunt.

2250 4940 2380 4995 Data
2407 4945 2635 5013 septimo
2665 4947 2924 5003 calendas
2969 4950 3166 5017 Aprilis
3192 4991 3207 5014 ,
3244 4950 3455 5008 Valerio
3488 4956 3606 5010 viro
3645 4954 3830 5009 claris.

2248 5028 2386 5086 simo
2409 5035 2633 5091 consule
2656 5036 2821 5105 (anno
2854 5039 3060 5092 Domini
3091 5039 3239 5109 52l).

2736 5147 3069 5206 EPISTOLA
3110 5151 3347 5207 LXXIX.

2699 5257 2765 5295 AD
2794 5256 3049 5297 JUSTINUM
3080 5259 3380 5300 AUGUSTUI.

2331 5324 2629 5385 Divinitatis
2659 5341 2705 5385 et
2732 5334 3101 5391 incarnationis
3128 5339 3425 5407 mysterium
3452 5342 3743 5410 exponitur.

2319 5442 2389 5510 (ε)
2424 5442 2709 5500 Hormisda
2737 5446 2947 5505 Iustino
2980 5452 3236 5521 Augusto.

2318 5531 2461 5587 Inter
2509 5551 2571 5589 ea
2626 5552 2745 5605 quae
2788 5540 2853 5593 ad
2906 5542 3161 5598 unitatem
3206 5543 3461 5598 Ecclesia:
3510 5547 3824 5615 pertinentia

2247 5620 2582 5691 (pertinenti,
2639 5636 2857 5697 propter
2899 5646 3057 5699 quam
3102 5633 3238 5688 Deus
3282 5634 3583 5693 clementia:
3635 5652 3823 5697 vestrzu

2284 5748 2399 5838 εἰς)
2418 5749 2574 5838 Εράι
2606 5752 2734 5838 Luc.
2777 5754 2902 5838 {25,
2935 5756 3314 5822 Cloriosissimo
3352 5776 3505 5838 atque
3541 5771 3820 5829 clementis-

2246 5822 2377 5875 simo
2405 5823 2514 5891 ﬁlio
2541 5822 2748 5882 Iustino
2777 5827 3024 5899 Augusto.
