4262 6264
356 392 461 451 513

1549 390 1908 446 EPISTOL/E
1947 390 2035 445 ET
2078 392 2417 450 DECRETA.

2873 312 2911 321 -ν

3527 398 3634 451 5η

275 573 284 581 η
349 509 512 580 elegit
540 506 847 577 imperium,
878 506 934 563 in
956 506 1166 563 litteras
1190 507 1493 563 contulistis
1512 503 1537 560 ε’
1558 507 1673 563 hzec
1701 521 1938 577 quoque,
1972 517 2023 579 Α
2048 510 2228 575 habet,
2264 526 2485 570 necesse
2512 520 2594 569 est
2623 522 2715 570 aut
2743 514 3074 571 divinitatem
3105 515 3160 570 in
3200 513 3360 570 multa
3388 512 3635 571 dividens

349 600 673 658 venerabilis
695 600 1012 668 imperator,
1036 614 1162 654 cura
1191 600 1334 664 fidei,
1359 600 1443 653 cui
1468 599 1831 669 multipliciter
1852 615 1946 653 vos

348 691 569 748 studere
589 690 908 755 declaratis,
936 690 1158 759 adjecit,
1192 702 1249 744 ut
1278 691 1579 761 aliquorum
1605 706 1791 761 preces
1822 706 1947 761 per-

347 782 586 838 ferenda:
617 779 683 833 ad
712 779 1034 833 humilitatis
1056 778 1133 849 (α)
1161 781 1401 835 notitiam
1430 781 1804 850 jungerentur,
1830 783 1947 850 qui—

344 877 450 930 bus
476 873 561 928 vel
592 871 721 943 quid
749 872 1069 942 quaestionis
1094 873 1329 926 oriretur
1357 886 1740 941 agnoscerem;
1768 873 1849 925 vel
1879 872 1946 926 ad

346 964 779 1020 submovendum
835 958 1127 1033 propositae
1169 963 1583 1017 consultationis
1635 963 1946 1033 ambiguum

349 1079 672 1135 responsum
707 1078 737 1117 a
774 1078 861 1118 me
900 1063 1168 1132 religiosae
1206 1064 1282 1134 (b)
1335 1064 1576 1118 scientiae
1621 1064 1948 1118 conveniens

352 1159 693 1213 redderetur.
740 1157 868 1226 Legi
908 1158 1091 1211 omnia
1138 1156 1497 1210 sollicitudine
1536 1170 1638 1226 qua
1679 1155 1945 1211 decebat:

352 1258 406 1303 et
436 1250 563 1304 licet
583 1248 649 1302 ad
676 1247 919 1316 responsi
948 1245 1337 1316 plenitudinem
1370 1244 1621 1300 sufﬁcere
1664 1246 1944 1313 potuisset,

351 1342 399 1394 si
432 1340 522 1393 illa
555 1347 759 1393 tantum
805 1354 927 1408 qum
967 1354 997 1392 a
1035 1336 1307 1392 veteribus
1332 1337 1425 1407 (ab
1468 1338 1795 1407 auctoribus)
1823 1346 1951 1391 sunt

350 1441 584 1497 difﬁnita
640 1439 1018 1504 rescriberem,
1073 1446 1252 1493 tamen
1304 1445 1362 1492 ut
1405 1438 1642 1508 religiosi
1691 1437 1948 1507 propositi

349 1534 522 1588 vestri
573 1545 978 1586 remunerarem
1037 1528 1321 1593 allectum,
1370 1542 1476 1582 non
1524 1527 1945 1582 subtrahendum

350 1623 558 1680 credidi
586 1623 691 1677 mei
713 1636 927 1691 quoque
950 1622 1219 1675 sermonis
1256 1621 1595 1689 obsequium.
1628 1618 1766 1687 Quid
1805 1621 1948 1674 enim

353 1722 437 1768 est
466 1711 608 1782 quod
635 1711 1034 1781 emergentibus
1055 1709 1287 1765 Nestorii
1310 1720 1363 1765 et
1389 1705 1702 1780 Eutychetis
1724 1710 1949 1764 venenis

353 1818 575 1874 paterna
618 1804 803 1859 omisit
839 1804 1156 1858 instructio?
1206 1803 1351 1858 Pene
1397 1818 1586 1859 omnes
1643 1804 1944 1872 impietates

353 1920 477 1959 cum
505 1902 877 1960 inventoribus
907 1912 1015 1958 tam
1042 1903 1397 1958 nefandorum
1418 1903 1728 1971 dogmatum
1752 1917 1950 1958 conve-

357 1995 561 2051 nientia
606 1996 661 2049 in
688 2011 853 2049 unum
894 1995 1151 2065 synodica
1190 1995 1405 2050 decreta
1437 2005 1751 2063 presserunt
1790 2012 1805 2047 :
1852 2008 1951 2049 nec

356 2087 586 2141 ulterius
608 2086 868 2141 remansit
893 2085 1041 2141 locus
1069 2084 1207 2140 ullus
1228 2093 1336 2139 tam
1359 2084 1491 2139 diris
1520 2085 1760 2154 perﬁdia:
1789 2085 1953 2139 semi-

361 2177 527 2232 nibus
571 2177 873 2245 amputatis,
918 2185 1008 2231 aut
1051 2175 1325 2231 Christum
1372 2174 1657 2229 Dominum
1704 2184 1949 2229 nostrum

364 2266 591 2324 credere
622 2269 735 2322 sine
764 2268 944 2322 carnis
975 2267 1140 2321 fuisse
1168 2266 1417 2331 veritate,
1451 2275 1543 2320 aut
1570 2265 1815 2321 eumdem
1846 2281 1951 2319 non

359 2373 529 2428 Deum
560 2380 614 2427 et
634 2370 904 2425 hominem
928 2369 996 2425 de
1020 2371 1249 2424 materni
1274 2372 1412 2423 uteri
1435 2369 1749 2423 intemerata
1773 2368 1954 2424 fecun-

359 2464 528 2518 ditate
572 2461 866 2532 prodiisse,
899 2475 1020 2515 eum
1065 2460 1202 2513 alter
1237 2474 1425 2514 eorum
1473 2459 1951 2527 dispensationem,

358 2568 467 2623 qua
490 2552 681 2607 salvati
721 2565 909 2606 sumus
936 2549 1202 2619 negando,
1233 2559 1491 2618 quantum
1526 2551 1577 2603 in
1613 2564 1672 2603 se
1698 2556 1802 2613 est,
1830 2549 1955 2604 irri—

360 2655 471 2699 tam
501 2644 736 2708 faceret;
770 2643 910 2698 alter
938 2643 1192 2712 opinione
1222 2642 1514 2706 contraria,
1546 2641 1639 2696 sed
1681 2641 1955 2709 impietate

360 2735 654 2798 consimili,
686 2735 739 2790 in
764 2735 953 2790 eodem
983 2735 1211 2789 Domino
1242 2744 1425 2787 nostro
1449 2732 1576 2788 .Iesu
1607 2731 1826 2787 Christo
1856 2747 1953 2801 po-

360 2838 611 2888 testatem
633 2830 869 2884 divinam
916 2844 947 2883 a
973 2843 1100 2884 vera
1128 2828 1460 2881 humanitate
1496 2826 1826 2893 secluderet;
1858 2841 1955 2881 ne-

359 2938 471 2993 que
518 2922 609 2976 ille
648 2920 963 2976 recordatus
1007 2920 1132 2989 quia
1182 2919 1501 2988 palpandam
1550 2933 1765 2972 carnem
1806 2931 1956 2971 suam

360 3012 618 3068 Christus
642 3010 903 3069 ostendit.
929 3025 1029 3065 nec
1060 3009 1152 3064 ille
1180 3008 1459 3077 Evangelii
1490 3023 1696 3063 memor
1722 3006 1956 3061 Verbum

361 3128 584 3171 carnem
608 3114 806 3168 factum
832 3126 956 3166 esse
971 3110 1200 3166 dicentis
1228 3110 1406 3182 (Joan.
1433 3109 1495 3179 ι),
1520 3124 1603 3163 CIII
1622 3124 1722 3163 vox
1748 3108 1959 3162 Domini

361 3202 742 3260 indeﬁcienter
761 3201 1014 3255 insonare
1043 3199 1322 3265 debuerat,
1354 3215 1456 3268 qua
1488 3200 1622 3253 dixit
1666 3208 1720 3253 et
1746 3198 1955 3252 docuit:

364 3302 549 3359 Nemo
589 3300 818 3355 ascendit
861 3300 914 3352 in
951 3300 1152 3362 caelum,
1195 3298 1295 3351 nisi
1321 3298 1409 3365 qui
1449 3296 1511 3350 de
1540 3297 1669 3350 caelo
1712 3296 1967 3350 descendit

365 3391 547 3446 Filius
569 3390 790 3445 hominis
812 3390 899 3459 qui
920 3398 992 3443 est
1020 3390 1073 3441 in
1099 3389 1224 3442 caelo
1248 3386 1427 3457 (Joan.
1460 3386 1562 3456 ιιι).
1592 3386 1747 3456 Saepe
1773 3386 1890 3441 haec
1909 3396 1962 3440 et

364 3490 556 3547 multis
586 3487 1001 3559 praecedentium
1050 3496 1175 3541 sunt
1214 3486 1601 3555 comprehensa
1643 3485 1955 3549 sententiis;

365 3581 465 3636 sed
507 3595 607 3636 nec
633 3578 917 3634 clementia
942 3586 1125 3633 vestra
1166 3579 1289 3633 licet
1331 3578 1440 3647 jam
1472 3578 1611 3633 dicta
1643 3578 1772 3641 sint,
1816 3578 1962 3631 fasti-

365 3671 528 3725 diose
561 3669 753 3738 poterit
793 3667 1029 3737 repetita;
1057 3682 1423 3738 cognoscere:
1459 3683 1558 3722 nec
1599 3668 1753 3722 nobis
1795 3668 1967 3737 pudor

366 3766 461 3814 est
491 3773 552 3813 ea
572 3773 689 3828 quae
706 3766 832 3812 sunt
858 3771 888 3810 a
915 3758 1290 3813 decessoribus
1311 3759 1508 3812 nostris
1530 3758 1777 3825 praedicta
1808 3758 1966 3828 (pra:-

368 3846 573 3917 dicata)
609 3848 912 3903 revolvere.
967 3847 1150 3918 Neque
1178 3851 1320 3903 enim
1368 3849 1621 3918 possibile
1666 3859 1751 3906 est
1801 3861 1853 3904 ut
1900 3852 1967 3905 sit

369 3937 662 3994 diversitas
694 3938 1112 4007 praedicationis,
1147 3938 1235 3992 ubi
1263 3953 1365 3992 una
1397 3950 1480 3994 est
1507 3940 1676 3995 forma
1705 3942 1966 4007 veritatis;

371 4053 475 4094 nec
503 4040 571 4091 ab
606 4051 663 4092 re
688 4035 1017 4106 iudicabitur
1047 4037 1299 4100 alienum,
1333 4037 1376 4091 si
1407 4053 1528 4093 cum
1560 4039 1665 4103 bis,
1694 4056 1815 4094 cum
1840 4042 1957 4111 qui-

374 4128 477 4181 bus
506 4126 894 4182 conveniemus
938 4125 1065 4192 ﬁde,
1102 4141 1461 4195 congruamus
1485 4136 1539 4181 et
1566 4128 1833 4197 dogmate.
1869 4131 1973 4184 Re-

369 4228 662 4282 volvantur
692 4225 797 4295 piis
827 4224 1253 4279 mansuetudinis
1282 4232 1475 4280 vestrae
1513 4228 1732 4280 auribus
1757 4229 1969 4283 decreta

371 4314 657 4388 synodica,
690 4325 745 4370 et
785 4315 927 4370 beati
976 4330 1128 4385 papae
1166 4315 1360 4369 Leonis
1396 4317 1765 4373 convenientia
1804 4334 1971 4373 sacrre

373 4406 501 4463 lidei
529 4406 817 4460 constituta
842 4421 858 4463 :
890 4406 1077 4460 eadem
1107 4406 1390 4461 invenietis
1420 4407 1471 4461 in
1503 4408 1613 4463 illis
1641 4425 1759 4479 qum
1782 4425 1971 4465 recen-

372 4498 593 4554 sueritis
630 4498 995 4566 (inveneritis)
1029 4499 1080 4553 in
1127 4499 1345 4554 nostris.
1386 4500 1521 4568 Quid
1565 4516 1695 4572 ergo
1733 4510 1815 4556 est
1853 4511 1972 4572 post

374 4587 529 4643 illum
574 4586 775 4642 fontem
817 4585 1057 4642 ﬁdelium
1102 4596 1420 4643 statutorum
1462 4590 1805 4659 (statutum)?
1849 4592 1973 4662 quid

2052 608 2318 679 (dividat),
2336 618 2430 665 aut
2457 611 2766 679 specialiter
2790 612 3092 680 passionem
3120 611 3221 680 ipsi
3244 609 3492 665 essential
3515 609 3635 664 Tri-

2049 701 2233 755 nitatis
2256 702 2533 773 impingat,
2562 714 2614 758 et
2645 704 2809 773 (quod
2836 705 2979 758 absit
3006 718 3037 757 a
3072 703 3309 758 ﬁdelium
3344 702 3634 771 mentibus)

2052 794 2152 846 hoc
2181 802 2285 859 est,
2317 804 2410 847 aut
2439 796 2619 863 plures
2644 797 2774 850 deos
2802 811 2952 851 more
2974 794 3198 865 profano
3217 794 3535 866 gentilitatis
3558 794 3633 846 in-

2051 879 2265 943 ducere,
2297 891 2389 935 aut
2422 884 2733 939 scnsibilem
2765 900 2975 954 poenam
3007 885 3073 939 ad
3103 901 3221 940 eam
3251 892 3494 938 naturam
3517 897 3637 950 quae

2052 969 2222 1023 aliena
2255 983 2339 1024 est
2378 972 2445 1026 ab
2484 975 2629 1028 omni
2679 977 2929 1044 passione
2974 976 3282 1031 transferre.
3320 974 3497 1031 Unum
3528 983 3631 1041 est,

2050 1068 2233 1114 sancta
2260 1060 2493 1118 Trinitas
2524 1080 2629 1120 non
2672 1067 3059 1136 multiplicatur
3098 1082 3345 1134 numero,
3378 1081 3482 1122 non
3514 1082 3636 1123 cre-

2050 1150 2151 1203 scit
2180 1162 2492 1220 augmento;
2526 1169 2627 1209 nec
2668 1164 2844 1223 potest
2882 1166 2971 1210 aut
3012 1157 3359 1225 intelligentia
3390 1170 3638 1225 compre-

2052 1241 2237 1309 bendi,
2285 1253 2377 1297 aut
2418 1244 2520 1299 hoc
2564 1246 2705 1316 quod
2748 1248 2889 1303 Deus
2917 1257 2999 1302 est
3039 1248 3365 1303 discretione
3400 1247 3630 1318 sejungi.

2050 1332 2181 1398 Quis
2210 1348 2336 1403 ergo
2366 1335 2443 1389 illi
2476 1346 2685 1392 secreto
2716 1347 2933 1393 aeterna:
2963 1337 3491 1407 impenetrabilisque
3511 1336 3640 1390 sub-

2054 1424 2290 1485 stantia,
2317 1424 2458 1493 quod
2502 1427 2647 1480 nulla
2683 1428 2767 1483 vel
2811 1428 3009 1497 (neque
3037 1428 3142 1482 ulla
3174 1427 3485 1493 visibilium,
3528 1427 3639 1499 vel)

2052 1508 2399 1565 invisibilium
2448 1506 2769 1568 naturarum
2821 1516 2993 1583 potuit
3034 1515 3359 1585 investigare
3410 1524 3639 1583 natura,

2052 1598 2329 1666 profanam
2354 1600 2673 1656 divisionem
2698 1613 2869 1658 tentet
2898 1604 3166 1673 ingerere,
3191 1605 3426 1660 etdivini
3446 1619 3639 1662 arcana

2053 1689 2291 1756 mysterii
2328 1690 2527 1758 (arcani
2558 1693 2939 1762 ministerium)
2977 1707 3232 1748 revocare
3278 1695 3345 1748 ad
3378 1695 3639 1751 calculum

2052 1775 2219 1829 moris
2247 1776 2503 1831 humani?
2533 1780 2833 1834 Adoremus
2854 1781 3089 1848 Patrem,
3116 1791 3169 1836 et
3200 1781 3413 1847 Filium,
3435 1792 3491 1839 et
3516 1784 3639 1854 Spi-

1982 1888 2027 1948 B
2056 1864 2215 1917 ritum
2272 1876 2541 1934 sanctum,
2603 1869 2967 1925 iudistinetam
3014 1870 3347 1942 (indivisam)
3386 1872 3639 1929 distincte

2055 1953 2301 2024 (Dionys.
2336 1958 2656 2012 indistincta.
2691 1961 2913 2028 HARD.),
2950 1962 3552 2031 incomprehensibilem
3590 1976 3644 2021 et

2054 2045 2470 2102 inenarrabilem
2493 2051 2848 2105 substantiam
2866 2051 3163 2117 Trinitatis,
3183 2053 3271 2107 ubi
3288 2052 3387 2107 etsi
3408 2052 3645 2109 admittit

2056 2151 2339 2192 numerum
2372 2140 2509 2195 ratio
2551 2156 2919 2209 personarum,
2971 2143 3148 2199 unitas
3192 2153 3366 2200 tamen
3413 2160 3519 2199 non
3550 2145 3646 2200 ad-

2055 2228 2219 2281 mittit
2244 2231 2493 2283 essentiae
2527 2233 2945 2302 separationem,
2979 2235 3048 2289 ita
3079 2244 3254 2291 tamen
3284 2246 3341 2291 ut
3370 2248 3647 2293 servemus

2057 2315 2253 2370 divina?
2280 2323 2493 2388 propria
2527 2330 2751 2387 naturae,
2790 2337 3073 2380 servemus
3115 2326 3328 2396 propria
3360 2327 3649 2397 unicuique

2058 2420 2322 2473 personae,
2370 2424 2468 2464 nec
2504 2413 2749 2479 personis
2796 2412 3092 2467 divinitatis
3126 2415 3467 2485 singularitas
3494 2416 3650 2471 dene-

2056 2504 2231 2561 gatur,
2264 2511 2359 2550 nec
2388 2497 2450 2550 ad
2484 2500 2776 2553 essentiam
2817 2500 2921 2556 hoc
2950 2501 3091 2572 quod
3121 2512 3203 2557 est
3247 2503 3517 2573 proprium
3550 2520 3651 2560 no-

2058 2584 2260 2636 minum
2305 2585 2687 2642 transferatur.
2728 2588 2975 2658 Magnum
3004 2601 3089 2645 est
3127 2601 3327 2646 sanctae
3356 2602 3411 2647 et
3450 2594 3652 2648 incom-

2060 2676 2422 2743 prehensibile
2456 2679 2772 2747 mysterium
2799 2680 3101 2745 Trinitatis,
3133 2680 3276 2735 Deus
3308 2681 3487 2749 Pater,
3512 2683 3653 2738 Deus

2059 2764 2249 2830 Filius,
2282 2766 2422 2820 Deus
2462 2768 2693 2836 Spiritus
2734 2779 2974 2835 sanctus,
3016 2771 3251 2825 Trinitas
3280 2772 3510 2829 indivisa
3546 2792 3559 2826 ε
3600 2783 3655 2831 et

2060 2862 2235 2908 tamen
2277 2865 2460 2909 notum
2490 2866 2572 2911 est
2619 2858 2739 2926 quia
2782 2859 3055 2928 proprium
3087 2870 3168 2914 est
3213 2861 3386 2916 Patris
3421 2872 3478 2917 ut
3501 2878 3655 2932 gene-

2059 2954 2204 2999 raret
2244 2944 2459 3011 Filium,
2514 2948 2787 3014 proprium
2829 2947 2947 3001 Filii
2982 2949 3073 3002 Dei
3106 2959 3162 3002 ut
3191 2964 3256 3004 ex
3305 2949 3463 3004 Patre
3510 2950 3651 3006 Patri

2062 3044 2377 3088 nasceretur
2395 3037 2638 3105 aequalis,
2672 3038 2752 3108 (ά)
2798 3039 3071 3107 pr0prium
3106 3040 3337 3109 Spiritus
3384 3042 3555 3096 sancti
3597 3051 3656 3098 ut

2063 3122 2130 3176 de
2162 3122 2317 3176 Patre
2340 3132 2395 3177 et
2427 3124 2564 3177 Filio
2590 3126 2906 3191 procederet
2940 3127 3040 3180 sub
3071 3143 3173 3181 una
3196 3129 3495 3183 substantia
3534 3132 3656 3187 Dei-

2068 3213 2209 3267 tatis.
2254 3213 2786 3284 Proprium‘quoque
2832 3216 2950 3269 Filii
2992 3216 3108 3282 Dei,
3152 3203 3373 3287 utjuxta
3420 3220 3471 3272 id
3512 3222 3654 3289 quod

2070 3305 2325 3374 scriptum
2355 3314 2475 3359 est:
2512 3305 2574 3359 In
2610 3308 2896 3361 novissimis
2928 3309 3238 3379 temporibus
3278 3310 3496 3364 Verbum
3536 3328 3655 3367 caro

2066 3396 2231 3463 ﬁeret,
2264 3406 2311 3449 et
2337 3396 2588 3451 habitaret
2617 3400 2669 3451 in
2692 3398 2835 3452 nobis
2863 3395 3043 3468 (Juan.
3076 3398 3113 3468 ι)
3139 3415 3151 3451 :
3178 3400 3246 3452 ita
3280 3400 3418 3455 intra
3444 3402 3653 3457 viscera

2065 3495 2265 3541 sancta:
2294 3486 2473 3542 Maria:
2498 3488 2737 3558 Virginis
2765 3488 3039 3557 genitricis
3064 3488 3154 3541 Dei
3187 3488 3346 3543 unitis
3378 3491 3656 3560 utriusque

2066 3576 2183 3630 sine
2216 3577 2394 3647 aliqua
2423 3578 2740 3631 confusione
2777 3578 3003 3641 naturis,
3045 3585 3101 3629 ut
3127 3580 3214 3646 qui
3253 3586 3377 3632 ante
3420 3586 3657 3646 tempora

2066 3679 2179 3722 erat
2210 3668 2375 3723 Filius
2404 3670 2517 3735 Dei,
2555 3670 2705 3723 ﬁeret
2736 3668 2875 3722 ﬁlius
2928 3667 3190 3731 hominis;
3250 3677 3305 3723 et
3345 3680 3658 3725 nasceretur

2068 3773 2134 3814 ex
2166 3759 2265 3831 (in)
2296 3770 2536 3831 tempore
2556 3752 2799 3815 hominis
2832 3775 3002 3825 more,
3038 3762 3226 3815 matris
3256 3762 3470 3816 vulvam
3504 3772 3659 3819 natus

2070 3868 2179 3908 non
2207 3855 2478 3923 aperiens.
2509 3862 2565 3907 et
2595 3852 2957 3921 virginitatem
2989 3855 3177 3907 matris
3222 3853 3436 3909 deitatis
3466 3857 3660 3911 virtute

2072 3960 2175 3998 non
2208 3945 2444 4000 solvens.
2472 3945 2697 4014 Dignum
2725 3944 2884 4013 plane
2906 3943 3016 3997 Deo
3044 3952 3298 3999 nascente
3321 3946 3657 4016 mysterium,

2073 4045 2128 4090 ut
2158 4046 2403 4091 servaret
2427 4045 2635 4105 partum
2667 4036 2785 4091 sine
2816 4037 3189 4104 corruptione,
3221 4036 3312 4104 qui
3342 4046 3659 4106 conceptum

2077 4131 2201 4185 fecit
2232 4146 2352 4187 esse
2384 4132 2500 4185 sine
2530 4130 2752 4194 semine,
2812 4145 3034 4184 servans
3069 4131 3209 4200 quod
3241 4147 3304 4185 ex
3338 4132 3495 4186 Patre
3525 4143 3664 4198 erat,

2073 4231 2129 4276 et
2159 4230 2556 4290 repraesentans
2581 4219 2722 4289 quod
2751 4234 2819 4273 ex
2850 4229 3023 4275 matre
3041 4221 3294 4290 suscepit.
3321 4222 3452 4277 Nam
3477 4223 3666 4292 jacens

2076 4314 2126 4366 in
2162 4312 2421 4381 praesepio
2450 4310 2731 4365 videbatur
2749 4310 2803 4363 in
2831 4312 2988 4377 etelo,
3025 4312 3297 4367 Involutus
3322 4315 3514 4380 pannis
3538 4316 3667 4370 ado-

2076 4407 2291 4462 rabatur
2335 4420 2363 4457 a
2405 4405 2595 4473 magis,
2647 4405 2787 4458 inter
2835 4404 3088 4457 animalia
3135 4405 3312 4460 editus
3370 4406 3437 4461 ab
3463 4408 3669 4477 angelis

2080 4500 2151 4571 (e)
2180 4498 2544 4563 nuntiabatur,
2571 4498 2655 4551 vix
2680 4512 2928 4568 egressus
2957 4497 3255 4561 infantiam,
3278 4501 3670 4553 etannuntians

2078 4592 2357 4664 mysticam
2390 4591 2508 4645 sine
2533 4590 2846 4644 instituenle
2862 4590 3186 4655 doctrinam,
3213 4591 3353 4645 inter
3368 4590 3669 4647 rudimenta

374 4688 613 4757 amplius
645 4687 711 4757 (si
741 4698 914 4742 tamen
960 4690 1082 4744 ﬁdei
1128 4701 1412 4745 terminum
1443 4694 1643 4761 servat)
1676 4694 1974 4761 quamlibet
2004 4673 2054 4731 Ῑ)
2079 4701 2340 4743 annorum
2370 4684 2657 4753 puerilium
2688 4683 2858 4738 edens
2889 4684 3130 4738 caelestia
3189 4683 3339 4753 signa
3388 4682 3670 4737 virtutum.

374 4782 626 4834 curiosus
645 4787 914 4834 scrutator
945 4781 1201 4851 inquirat,
1232 4784 1309 4853 (ε)
1336 4794 1427 4838 aut
1448 4799 1611 4853 opere
1643 4795 1736 4839 aut
1759 4786 1968 4839 institu-

375 4871 531 4925 tione
561 4870 847 4939 perfectius
870 4873 1002 4940 (non
1033 4889 1165 4941 opus
1198 4886 1284 4929 aut
1313 4876 1617 4944 adjectione
1649 4877 1856 4946 plenius
1886 4886 1978 4931 aut

378 4960 720 5015 institutione
755 4962 1108 5034 perfectius)?
1142 4966 1242 5019 nisi
1287 4967 1426 5022 forte
1467 4968 1669 5022 mavult
1694 4967 1975 5035 quisquam

378 5051 634 5105 dubitare
674 5067 829 5121 quam
861 5053 1104 5120 credere,
1154 5066 1359 5111 certare
1400 5073 1558 5127 quam
1601 5072 1780 5123 nosse,
1824 5058 1973 5127 sequi

376 5142 544 5195 dubia
574 5157 735 5210 quam
771 5158 991 5199 servare
1020 5145 1257 5202 decreta.
1290 5147 1423 5203 Nam
1466 5150 1775 5204 si'Trinitas
1810 5150 1969 5215 Deus,

378 5234 489 5288 hoc
517 5244 601 5303 est
630 5235 788 5291 Pater
815 5247 868 5291 et
894 5237 1062 5294 Filius
1098 5249 1151 5294 et
1183 5239 1414 5308 Spiritus
1445 5250 1682 5305 sanctus,
1716 5242 1856 5297 Deus
1882 5256 1976 5295 au-

381 5336 494 5378 tem
512 5338 652 5378 unus
675 5328 974 5394 specialiter
995 5330 1301 5399 legislature
1331 5331 1570 5386 dicente:
1598 5332 1757 5395 Audi,
1787 5331 1973 5398 Israel,

379 5415 642 5471 Dominus
661 5416 797 5471 Deus
825 5428 961 5483 tuus,
998 5419 1132 5473 Deus
1151 5438 1280 5476 unus
1306 5432 1377 5476 est
1398 5422 1576 5492 (Deut.
1603 5422 1695 5493 Vt),
1713 5424 1801 5491 qui
1824 5423 1977 5478 aliter

467 5536 542 5604 (a)
577 5536 720 5589 Idem
743 5537 888 5600 cod.,
920 5554 1063 5593 mete.

488 5608 539 5672 b)
576 5606 717 5661 Idem
744 5609 887 5673 cod.,
917 5611 1194 5664 sententite.

486 5681 536 5753 ς)
564 5676 707 5753 Idem
747 5678 893 5753 cod.,
925 5677 1045 5753 Non
1064 5688 1205 5753 "opus
1232 5692 1322 5734 aut
1365 5682 1650 5747 adjectione
1683 5684 1860 5753 plebis,
1897 5694 1981 5737 aut

381 5748 713 5807 institutione
742 5749 1000 5818 perfertis,
1028 5752 1146 5816 nisi,
1182 5763 1287 5806 etc.

436 5822 551 5885 .(d)
584 5818 653 5894 1ηΔ
690 5819 877 5894 eodem
912 5820 1048 5894 _cod.
1115 5821 1427 5894 primigenia
1476 5839 1668 5878 manus
1726 5825 1795 5879 ita
1842 5825 1983 5879 hunc

383 5902 601 5963 taxum}
631 5889 866 5963 ferebat:
901 5888 1099 5945 Notum
1120 5888 1439 5963 etiam'quod
1466 5897 1529 5948 sit
1556 5896 1829 5963 proprium
1862 5896 1983 5961 Spi-

384 5967 526 6020 ritus
564 5959 622 6013 S.
669 5961 931 6030 proprium
960 5970 1126 6015 autem
1156 5961 1282 6017 Filii
1317 5959 1409 6017 Dei
1448 5974 1500 6018 ut
1536 5959 1701 6032 juxta
1729 5967 1805 6028 id,
1839 5959 1980 6029 etc.;

2079 4780 2220 4835 Idem
2252 4780 2395 4833 enim
2460 4777 2599 4832 Deus
2631 4786 2685 4831 et
2716 4777 2899 4839 homo,
2944 4789 3048 4830 non
3104 4774 3200 4847 (ut
3248 4774 3315 4829 ab
3372 4774 3674 4829 inﬁdelibus

2078 4871 2312 4940 dicitur)
2345 4869 2441 4925 sub
2467 4877 2672 4939 quarta:
2702 4866 3101 4922 introductione
3125 4880 3369 4936 persona:
3396 4885 3407 4921 :
3440 4866 3534 4922 sed
3558 4866 3672 4937 ipse

2082 4968 2174 5023 Dei
2223 4965 2391 5020 Filius
2424 4964 2562 5018 Deus
2590 4975 2645 5019 et
2676 4964 2866 5029 homo,
2905 4961 2970 5031 (Ι)
2998 4960 3048 5014 id
3074 4970 3154 5016 est
3183 4960 3353 5017 virtus
3376 4970 3430 5017 et
3451 4961 3677 5018 inﬁrmi-

2082 5072 2183 5129 tas,
2211 5059 2487 5115 humilitas
2518 5069 2574 5115 et
2608 5058 2880 5127 majestas,
2914 5056 3187 5111 redimens
3219 5065 3273 5113 et
3302 5057 3571 5123 venditus,
3623 5057 3678 5111 in

2083 5168 2241 5209 cruce
2284 5152 2484 5223 positus
2515 5159 2569 5206 et
2597 5148 2717 5205 οωιί
2763 5163 2924 5219 regna
2967 5149 3222 5220 largitus;
3254 5150 3323 5204 ita
3356 5160 3557 5206 nostra:
3600 5152 3679 5204 in-

2085 5246 2353 5300 ﬁrmitatis
2386 5244 2673 5315 particeps,
2721 5252 2779 5297 ut
2809 5251 2991 5313 posset
3022 5242 3279 5310 interimi,
3314 5244 3383 5296 ita
3430 5243 3679 5311 ingenita:

2084 5338 2337 5408 potentiae
2389 5335 2656 5399 dominus,
2682 5350 2748 5389 ne
2776 5345 2955 5405 posset
2992 5345 3161 5391 morte
3186 5333 3469 5391 consumi:
3504 5334 3680 5403 sepul-

2087 5438 2172 5483 tus
2202 5436 2284 5483 est
2326 5427 2477 5497 juxta
2509 5426 2557 5479 id
2590 5425 2729 5495 quod
2772 5426 2933 5481 homo
2963 5426 3131 5481 voluit
3162 5424 3330 5488 nasci,
3353 5432 3407 5478 et
3446 5424 3596 5492 juxta
3628 5425 3676 5480 id

2088 5558 2246 5616 quam
2270 5541 2566 5616 lectionem
2600 5541 2674 5616 ita
2702 5540 2961 5596 reformat
2991 5556 3188 5616 manus
3222 5539 3449 5616 antiqua
3470 5549 3524 5616 et
3564 5541 3673 5616 fere

2090 5609 2351 5687 :cqualis:
2387 5614 2760 5687 notumﬁetiam
2787 5615 2923 5687 quod
2954 5612 3021 5664 sit
3060 5612 3325 5687 prapriunt
3353 5609 3674 5687 Spiritus_S.

2089 5680 2228 5739 ut'de
2263 5685 2420 5737 Patre
2450 5692 2494 5736 et
2521 5681 2659 5737 Filio
2686 5680 2979 5752 procederet
3000 5682 3091 5733 sub
3122 5697 3224 5734 una
3244 5680 3529 5737 substantia
3562 5683 3681 5739 Dei-

2093 5759 2229 5811 tatis.
2263 5756 2538 5825 Proprium
2558 5770 2755 5825 quoque
2780 5752 2928 5818 Filii,
2961 5758 3066 5805 etc.
3206 5766 3209 5769 ί

2163 5828 2232 5893 (e)
2269 5824 2409 5882 Idem
2433 5826 2579 5888 cod.,
2612 5824 2891 5877 nuntiatus.

2165 5900 2236 5967 (Γ)
2266 5898 2407 5953 Idem
2438 5896 2555 5953 cod.
2587 5942 2597 5963 ,
2636 5895 2787 5948 idem.
