4262 6264
580 465 686 521 515

1905 436 2278 500 ΗΟΒΜΙΞΙΜΕ
2317 433 2521 492 ΡΑΡιΕ

3757 427 3859 484 516

578 512 718 651 quod
748 572 893 633 Patri
913 579 1029 630 erat
1058 565 1247 628 similis
1273 560 1586 630 resurrexit,
1613 559 1821 633 patiens
1851 559 2152 624 vulnerum,
2181 555 2238 618 Δ
2259 560 2315 651 ei
2354 545 2613 651 .Wﬁii’“?
2673 512 3005 651 ῐξνθῐξῗξθίξξι
3033 533 3854 651 (ξφῗξυῗεξξ

577 679 634 726 et
657 670 891 725 salvator
909 676 1198 733 aegrorum,
1217 670 1353 713 unus
1379 656 1771 719 defunctorum,
1797 660 1850 709 et
1870 651 2166 710 viviﬁcator

577 755 919 819 obeuntium;
943 754 1009 808 ad
1036 750 1243 806 inferna
1266 748 1597 805 descendens
1622 755 1672 800 et
1699 760 1728 801 a
1761 744 1935 800 Patris
1960 745 2165 811 gremio

576 861 684 902 non
719 843 1017 899 recedens:
1050 835 1194 895 unde
1221 847 1277 892 et
1296 839 1552 904 animam,
1582 851 1740 907 quam
1769 850 1867 906 pro
1892 835 2164 891 communi

575 933 887 992 conditione
926 932 1126 1002 ponit,
1152 943 1249 998 pro
1271 928 1523 999 singulari
1547 929 1742 982 virtute
1773 935 1828 982 et
1864 925 2165 982 admirabili

576 1029 651 1099 (ο)
678 1026 934 1098 patientia
967 1035 1091 1079 mox
1115 1022 1422 1090 resumpsit.
1458 1021 1581 1076 Haec
1612 1022 1681 1074 ita
1708 1033 1851 1085 esse,
1883 1033 1982 1074 nec
2004 1018 2166 1073 ullam

575 1118 964 1175 dubitationem
994 1125 1247 1184 oportere
1294 1113 1556 1180 recipere,
1586 1110 1661 1182 (b)
1714 1109 1853 1164 idem
1905 1105 2166 1164 Dominus

576 1214 759 1262 noster
797 1204 951 1260 .lesus
992 1202 1239 1257 Christus
1291 1214 1360 1256 ne
1415 1201 1555 1254 inter
1595 1198 1838 1267 corporis
1888 1195 2168 1267 passiones

576 1299 720 1353 Deus
741 1309 845 1352 non
867 1308 986 1352 esse
1007 1295 1335 1359 crederetur,
1360 1301 1451 1348 aut
1470 1307 1538 1348 ne
1563 1292 1704 1346 Deus
1728 1299 1956 1356 tantum,
1983 1299 2038 1344 et
2061 1304 2168 1345 non

577 1387 739 1441 homo
796 1387 938 1440 inter
975 1399 1141 1454 opera
1197 1383 1522 1438 mirabilium
1574 1382 1834 1451 stupenda
1885 1381 2165 1447 virtutum,

576 1477 852 1547 proposito
873 1491 972 1532 nos
1000 1476 1228 1530 duorum
1249 1474 1614 1544 apostolorum
1651 1471 1960 1526 informavit
1982 1483 2167 1525 exem-

577 1570 686 1641 plo,
720 1570 888 1623 Deum
920 1581 1043 1623 esse
1087 1565 1358 1622 Christum
1404 1565 1685 1618 Dominum
1734 1570 1977 1616 nostrum
2024 1561 2168 1616 Petri

579 1660 720 1725 ﬁde;
755 1655 1026 1713 hominem
1055 1655 1279 1711 Thomas
1323 1655 1656 1710 dubitatione
1684 1652 1984 1708 declarans.
2029 1651 2170 1718 Quid

579 1749 719 1806 enim
753 1749 1026 1808 intererat,
1063 1753 1120 1798 ut
1144 1757 1302 1812 quem
1328 1758 1386 1799 se
1416 1743 1662 1798 homines
1703 1741 1968 1808 dicerent,
2001 1741 2167 1796 disci-

496 1850 513 1876 ε
579 1838 732 1908 pulos
758 1850 883 1891 suos
914 1835 1074 1890 vellet
1115 1833 1409 1903 inquirere,
1445 1833 1547 1887 nisi
1578 1842 1633 1886 ut
1661 1832 2025 1903 respondente
2068 1829 2170 1887 Pe-

2271 648 2322 694 et
2353 639 2423 692 ita
2464 639 2662 691 intrare
2690 635 2746 689 in
2788 633 3013 706 gloriam
3054 648 3229 698 suam,
3285 631 3664 700 interpretatus
3711 627 3860 686 Scri-

2268 740 2450 800 pturas
2480 727 2735 795 ostendit,
2772 736 2827 782 et
2863 739 2957 795 per
3005 727 3310 796 passionem
3358 724 3646 777 humanam
3694 732 3855 778 natu-

2268 836 2404 889 ram,
2436 832 2490 875 et
2537 819 2771 874 divinam
2805 817 2856 871 in
2897 831 2963 871 eo
3010 830 3132 870 esse
3183 825 3278 884 per
3322 814 3570 884 gloriam,
3606 810 3682 893 (εἰ)
3717 814 3855 868 mol-

2268 910 2524 981 tipliciter
2568 911 2683 964 lucc
2737 918 3042 964 sanctarum
3081 905 3481 974 Scripturarum
3542 903 3860 961 testiﬁcatus

2268 1003 2566 1072 exemplis?
2600 1003 2724 1057 Hmc
2760 1001 2899 1072 apud
2940 1000 3243 1068 religiosam
3273 996 3659 1052 conscientiam
3689 1005 3858 1066 tuam,

2273 1099 2600 1156 venerabilis
2629 1101 2941 1168 imperator,
2966 1104 3217 1165 tanquam
3259 1094 3434 1161 ignota
3463 1089 3735 1146 dicuntur.
3769 1091 3861 1146 Fi-
3899 1085 3908 1100 '

2276 1193 2370 1250 des
2401 1194 2547 1249 enim
2589 1194 2725 1262 ipsa,
2777 1203 2896 1262 quae
2941 1204 2968 1242 a
3014 1198 3065 1242 te
3095 1192 3410 1242 constanter
3443 1181 3721 1248 asseritor,
3762 1180 3861 1238 tibi

2276 1286 2451 1343 reddit
2480 1285 2580 1340 hoc
2611 1285 2871 1351 muneris,
2908 1291 2965 1337 ut
2991 1279 3238 1336 sensibus
3267 1277 3370 1333 tuis
3399 1285 3454 1332 et
3494 1271 3736 1333 aiiectom
3775 1275 3860 1332 sui

2272 1376 2354 1444 (ε)
2383 1378 2624 1439 miserat,
2651 1383 2704 1428 et
2733 1373 3035 1439 scientiam,
3079 1385 3173 1440 per
3198 1383 3356 1440 quam
3390 1369 3694 1439 diligentius
3714 1384 3860 1426 asse-

2272 1473 2444 1530 ratur,
2489 1463 2754 1518 infundat.
2807 1464 2872 1516 Et
2921 1469 3126 1517 tantum
3178 1462 3402 1515 interest
3447 1459 3860 1529 dispensationis

2274 1553 2404 1608 mihi
2433 1554 2672 1618 creditae,
2706 1563 2763 1606 ut
2793 1565 2890 1620 ego
2928 1563 3141 1620 quoque
3169 1550 3253 1604 vel
3294 1549 3430 1617 apud
3472 1549 3703 1604 scientes
3734 1557 3861 1606 nota

2273 1659 2377 1700 non
2413 1652 2650 1710 taceam;
2683 1655 2741 1698 ut
2771 1642 3095 1699 succedente
3126 1643 3230 1696 sibi
3262 1651 3356 1711 per
3383 1642 3528 1696 vices
3557 1649 3860 1710 temporum

2273 1735 2655 1790 catholicorum
2689 1733 3073 1804 prtedication'e
3102 1743 3355 1789 sensuum
3381 1731 3522 1803 quod
3553 1731 3863 1789 in'dcllcien-

2277 1830 2358 1877 ter
2384 1825 2641 1878 asseritur
2672 1825 2791 1878 sine
2828 1824 2933 1878 fide
2961 1823 3232 1878 credatur.
3284 1823 3465 1876 Latius
3499 1823 3614 1877 haec
3640 1833 3762 1891 quas
3796 1821 3863 1878 ad

581 1927 790 1985 trozTu
812 1943 864 1982 es
887 1925 1119 1981 Christus
1149 1925 1318 1979 Filius
1339 1925 1431 1981 Dei
1460 1927 1556 1979 vivi
1579 1923 1792 1997 (Matth.
1823 1926 1954 1990 svi),
1983 1936 2167 1982 notum
2197 1919 2247 1985 Β
2274 1913 2533 1970 delum
2559 1915 3050 1985 ιιιιπιειιίιθωηπιιιε
3071 1916 3280 1970 omni
3314 1916 3481 1970 ηοεηί
3511 1915 3636 1970 ³⁸⁵³
3664 1915 3864 1972 ωπίθίί

582 2017 783 2072 faceret
814 2015 914 2069 hoc
943 2029 1050 2069 non
1078 2014 1145 2070 de
1167 2029 1334 2070 carne
1365 2025 1419 2070 et
1460 2015 1724 2085 sanguine
1751 2015 2047 2085 proditum,
2077 2015 2173 2072 sed

582 2121 614 2162 a
641 2106 798 2162 Patre
837 2105 946 2159 Deo
994 2105 1290 2174 inspirante
1335 2104 1661 2169 revelatum,
1705 2113 1759 2160 et
1791 2119 1887 2174 per
1932 2105 2175 2160 testimo-

584 2198 732 2251 nium
767 2196 993 2250 landatze
1023 2195 1398 2266 responsionis
1429 2195 1562 2249 ﬁdes
1592 2195 1870 2264 patefacta:
1902 2196 2055 2252 ﬁeret
2085 2212 2176 2252 ve-

582 2285 793 2342 ritatis?
823 2286 964 2351 Quid
997 2285 1280 2352 intererat,
1317 2294 1374 2340 ut
1413 2295 1706 2354 apparente
1751 2296 1870 2357 post
1922 2303 2169 2343 resurre-

593 2377 828 2432 ctionem
848 2376 1097 2441 Domino,
1125 2376 1360 2431 Thomas
1392 2387 1566 2432 tamen
1609 2387 1697 2431 aut
1721 2377 1935 2433 deesset
1965 2380 2174 2434 czeteris

582 2477 674 2522 aut
701 2470 848 2522 solus
872 2467 1192 2538 ambigeret,
1227 2468 1336 2522 nisi
1365 2475 1424 2522 ut
1462 2468 1693 2522 mundus
1734 2469 2000 2535 crederet,
2035 2469 2174 2538 quod

582 2560 858 2629 ambigens
880 2557 1177 2628 discipulus
1198 2559 1503 2629 exploraret
1533 2561 1939 2631 (explorasset),
1970 2569 2026 2616 ut
2045 2562 2174 2617 dum

582 2647 744 2704 unius
784 2649 1034 2704 manibus
1064 2662 1123 2703 se
1153 2658 1432 2718 pateretur
1473 2648 1641 2720 tangi,
1671 2651 1736 2705 ad
1769 2652 2175 2708 universitatem

584 2737 675 2808 (ab
702 2737 1079 2809 universitate)
1110 2737 1345 2794 ﬁdelium
1373 2737 1503 2809 quid
1533 2749 1698 2807 esset,
1744 2742 1916 2812 possit
1945 2741 2176 2814 (posset)

592 2829 857 2898 agnosci?
881 2827 995 2882 Non
1025 2825 1156 2900 ergo
1187 2829 1253 2884 ad
1287 2829 1360 2900 (ο)
1395 2829 1807 2898 improbandum
1850 2831 2173 2902 discipulum

585 2920 905 2990 interposita
933 2930 1012 2975 est
1040 2921 1324 2986 dubitatio,
1349 2922 1443 2978 sed
1471 2924 1695 2994 quaesita
1733 2927 2062 2994 posteritatis
2093 2929 2174 2982 iu-

583 3012 830 3067 structio.
879 3013 1034 3068 Anne
1081 3013 1147 3066 ad
1193 3012 1338 3069 aliud
1381 3023 1588 3086 spectat
1632 3017 1795 3087 (aliud
1845 3023 2169 3091 exspectat),

583 3099 727 3171 quod
756 3117 816 3157 se
849 3103 992 3158 idem
1022 3101 1281 3160 Dominus
1311 3103 1565 3176 Cleophae
1595 3122 1716 3161 cum
1749 3109 1854 3164 alio
1883 3108 2174 3180 discipulo,

583 3207 703 3249 cum
729 3191 796 3249 ad
826 3191 1080 3250 Emmaus
1110 3194 1396 3253 tendentes
1436 3198 1503 3252 de
1534 3213 1592 3252 se
1629 3197 2006 3269 loquerentur,
2033 3203 2175 3258 inse-

2279 2002 2572 2072 pertinent,
2599 2013 2656 2060 et
2681 2005 2735 2058 in
2758 2019 2823 2059 eo
2853 2007 3028 2058 unitas
3056 2005 3189 2059 duas
3217 2007 3337 2060 sine
3363 2005 3680 2060 confusione
3712 2015 3866 2062 natu»

2278 2104 2366 2144 ras
2414 2093 2561 2160 potui
2615 2094 2915 2148 secundum
2953 2106 3194 2150 veterum
3235 2095 3453 2151 deﬁnita
3501 2098 3789 2163 disserere,
3817 2099 3868 2155 si

2276 2189 2423 2236 esset
2449 2182 2732 2239 adversum
2756 2198 2852 2240 eos
2872 2187 2963 2254 qui
2989 2185 3072 2241 bis
3095 2187 3422 2242 dissentiunt
3439 2189 3820 2256 disputandum
3844 2205 3862 2250 :

2278 2274 2377 2329 sed
2402 2290 2524 2329 cum
2555 2275 2609 2329 in
2634 2276 2882 2330 manibus
2901 2276 3142 2330 omnium
3164 2278 3272 2331 sint
3301 2287 3356 2332 et
3385 2279 3638 2347 synodica
3665 2281 3866 2336 consti-

2277 2377 2384 2424 tuta
2414 2379 2471 2426 et
2501 2371 2636 2426 beati
2663 2385 2816 2440 popae
2841 2371 3036 2426 Leonis
3057 2371 3326 2439 dogmate,
3358 2373 3738 2442 perstrinlisso
3761 2387 3860 2445 po-

2277 2462 2382 2516 tius
2412 2478 2578 2532 pauca
2606 2479 2765 2534 quem
2795 2466 3046 2521 evolvere
3074 2466 3279 2520 credidi
3300 2460 3704 2524 convenientia
3735 2470 3858 2526 uni-

2277 2569 2447 2613 versa.
2479 2558 2630 2613 Nunc
2656 2574 2785 2614 vero
2813 2573 3104 2628 agnoscere
3143 2567 3274 2614 satis
3297 2571 3400 2626 est,
3432 2570 3487 2615 ct
3515 2573 3707 2619 cavere
3734 2574 3861 2632 pro-

2281 2648 2586 2716 prietatem,
2618 2658 2676 2704 et
2699 2652 2988 2704 essentiam
3018 2651 3379 2721 cogitandam,
3410 2662 3466 2707 ut
3503 2655 3703 2709 sciatur
3733 2655 3868 2726 quid

2279 2757 2545 2813 personae,
2575 2743 2703 2813 quid
2733 2757 2829 2798 nos
2858 2753 3102 2813 oporteat
3134 2746 3347 2802 deferre
3375 2748 3686 2804 substantia
3709 2763 3722 2803 :
3747 2761 3867 2820 qua

2278 2833 2367 2900 qui
2401 2833 2715 2888 indecenter
2734 2833 3086 2905 (indigenter)
3120 2837 3386 2903 ignorant,
3420 2846 3512 2892 aut
3536 2840 3727 2894 callida
3762 2841 3870 2896 ima

2279 2925 2472 2993 pietate
2499 2924 2869 2990 dissimulant;
2903 2927 3029 2981 dum
3057 2929 3315 2983 omittunt
3336 2929 3462 2998 quid
3490 2931 3560 2985 slt
3589 2931 3868 3000 proprium

2280 3015 2392 3078 ﬁlii,
2419 3015 2574 3070 trinae
2597 3017 2690 3087 (at.
2725 3018 2776 3071 in
2811 3017 3093 3072 Trinitate.
3155 3017 3351 3087 Hann.)
3382 3021 3605 3075 tendunt
3643 3020 3876 3075 insidias

2280 3104 2468 3158 unitati
2502 3105 2836 3176 (divinitati).
2868 3107 2974 3162 Sed
3011 3108 3055 3160 si
3079 3121 3202 3177 qua
3229 3109 3484 3178 prmdicts
3506 3119 3654 3174 sunt,
3677 3109 3866 3166 validis

2286 3203 2568 3248 teneantur
2590 3194 2692 3248 ﬁxa
2723 3195 3014 3262 radicibus,
3039 3206 3141 3252 nec
3163 3213 3192 3251 tt
3222 3208 3442 3267 paterna
3469 3199 3760 3255 traditione
3781 3212 3872 3256 re-

587 3289 694 3344 ι-υίι
713 3307 727 3353 ς
752 3295 808 3344 ει
831 3305 1136 3360 quanquam
1168 3291 1234 3346 de
1267 3294 1659 3349 resurrectione
1688 3295 1902 3351 Domini
1929 3311 2023 3365 per
2051 3311 2172 3352 mu-
2203 3306 2250 3374 ο
2280 3285 2511 3351 ceditur,
2551 3296 2607 3342 et
2647 3296 2960 3343 constanter
2998 3289 3384 3359 (lineationibus
3422 3292 3686 3346 obviatur.
3740 3293 3874 3349 Det!

585 3378 765 3443 lieres,
812 3393 931 3446 qua:
985 3381 1171 3448 prima:
1221 3381 1289 3434 ad
1345 3396 1751 3439 monumentum
1793 3399 2176 3455 convenerant,

585 3469 964 3539 agnovissent;
998 3476 1174 3525 tamen
1198 3481 1254 3524 ut
1280 3485 1374 3541 per
1400 3487 1587 3529 eorum
1610 3474 1998 3531 dubitationem
2023 3479 2188 3535 daret.

586 3561 834 3617 credendi
856 3559 1048 3618 futuris
1069 3563 1282 3618 saeculis
1304 3563 1630 3631 ﬁrmitatem,
1651 3567 1915 3638 incipiens
1942 3584 1971 3622 a
1993 3570 2178 3641 Moyse

1051 3659 1066 3675 '
1102 3652 1432 3710 EPISTULA
1473 3658 1689 3714 LXXX.

1001 3758 1278 3798 110ιῖ3118Βῶ
1309 3762 1376 3800 ΑΙ)
1405 3763 1744 3805 ΕΡΙΡΙΙΔΝΙυΙ.

587 3833 699 3906 Ipsi
723 3834 963 3888 vicariam
989 3836 1123 3890 sedis
1139 3838 1436 3908 apostolica:
1457 3843 1815 3911 prmfecturam
1839 3847 1893 3898 in
1917 3848 2170 3917 recipien-

1120 3931 1198 3982 dis
1223 3932 1381 4000 lapsis
1404 3932 1625 4004 delegat.

656 4014 936 4073 Hormisda
1009 4017 1304 4090 Epiphanio
1367 4023 1618 4095 episcopo
1681 4025 2170 4102 Constantinopoli-

586 4121 730 4167 tano.

661 4203 828 4259 Multo
870 4203 1063 4274 gaudio
1102 4220 1220 4260 sum
1266 4206 1528 4276 repletus,
1559 4212 1702 4280 quod
1732 4214 1877 4270 circa
1917 4216 2172 4274 Ecclesiae

586 4311 802 4366 pacem,
827 4305 878 4350 et
906 4297 1226 4352 sanctissimi
1253 4297 1613 4369 imperatoris,
1642 4311 1697 4357 et
1726 4304 2026 4362 dilectionis
2069 4317 2174 4364 tua:

585 4386 690 4442 tale
713 4387 980 4455 studium,
1011 4390 1166 4459 quale
1199 4389 1390 4445 litteris
1419 4391 1694 4460 indicasti,
1725 4397 2018 4466 legatorum
2043 4419 2174 4471 quo-

2288 3377 2358 3448 (ι’)
2391 3394 2462 3432 vu
2486 3379 2739 3434 calendas
2765 3381 2988 3448 Aprilis.
3025 3381 3238 3438 Valerio
3265 3385 3384 3439 viro
3412 3385 3710 3442 clarissimo
3737 3399 3870 3442 con-

2281 3472 2397 3525 sule
2429 3471 2594 3542 (anno
2621 3471 2832 3526 Domini
2859 3472 3011 3544 Sil).

2867 3695 3162 3747 Emaroau
3199 3693 3265 3748 η’.

2667 3781 2943 3853 Ὀρμὶσδου
2980 3786 3110 3858 πρὸς
3147 3788 3418 3860 Ἐπιφάνιον

2349 3868 2631 3941 Ὀρμίσδας
2655 3870 2926 3946 Ἐπιφανίῳ
2965 3877 3228 3947 ἐπισκὸπῳ
3263 3881 3868 3942 Κωνσταντινουπό).εως.

2350 3961 2527 4020 Πολλῆς
2552 3963 2801 4022 ἐπλήσθην
2829 3971 3007 4041 χαρᾶς
3036 4009 3050 4029 ,
3081 3964 3158 4023 ὅτι
3183 3974 3302 4039 περὶ
3342 3978 3432 4030 τὴν
3459 3971 3652 4045 εἰρήνην
3675 3981 3765 4033 τῆς
3791 3975 3872 4027 ἔχει

2278 4052 2512 4117 κλησίας,
2543 4058 2628 4108 καὶ
2652 4061 2741 4109 τοῦ
2785 4056 3068 4125 ἁγιωτάτου
3095 4059 3375 4128 βασιλέως,
3403 4066 3484 4115 καὶ
3508 4067 3597 4123 τῆς
3621 4072 3716 4124 σῆς
3746 4065 3874 4134 ἀγά-

2281 4163 2382 4203 πης
2407 4146 2613 4200 τοιαύτη
2636 4145 2864 4204 σπουδὴ.
2899 4149 3005 4199 οἷαν
3032 4147 3114 4202 διὰ
3138 4158 3235 4203 τῶν
3257 4152 3570 4225 γραμμάτων
3596 4154 3873 4222 ἐμήνυσας,

2282 4237 2361 4287 καὶ
2388 4233 2471 4289 διὰ
2493 4245 2585 4296 τῆς
2604 4245 2702 4291 τῶν
2734 4241 2862 4308 ἐμῶν
2882 4241 3150 4309 πρεσϐἐων
3177 4244 3494 4304 καταθέσεως
3515 4243 3686 4317 ἔγνων.
3717 4253 3874 4318 rapti;

2279 4325 2377 4398 γὰρ
2394 4327 2616 4381 ἐντεῦθεν
2640 4337 2730 4388 τῆς
2756 4332 2988 4405 οὐρανίου
3007 4334 3396 4406 εὐσπλαγχνίας
3420 4332 3675 4400 ἀπόδειξις
3696 4339 3874 4410 πρόει-

2280 4437 2380 4480 σιν,
2409 4415 2528 4471 ὅταν
2555 4422 2637 4472 καὶ
2661 4420 2707 4472 οἱ
2737 4427 2828 4474 τοῦ
2864 4423 3062 4494 κόσμου
3097 4425 3325 4494 βασιλεῖς
3351 4428 3442 4487 τὰς
3479 4429 3745 4489 ὑποθέσεις
3780 4430 3877 4492 τάς

585 4492 687 4548 que
713 4494 952 4534 meorum
979 4482 1276 4538 assertione
1297 4486 1542 4555 cognovi.
1570 4487 1846 4544 Manifesta
1870 4493 2010 4547 enim
2040 4496 2166 4553 hinc

2276 4513 2390 4583 περὶ
2413 4518 2502 4569 τῆς
2528 4517 2757 4573 πίστεως
2798 4518 2926 4583 μετὰ
2949 4525 3040 4576 τῆς
3067 4515 3362 4579 διοικήσεως
3389 4527 3479 4580 τῆς
3503 4520 3756 4583 πολιτείας
3784 4544 3874 4577 συ·

584 4586 830 4641 supernae
854 4573 1237 4630 misericordia:
1260 4577 1583 4634 documenta
1609 4583 1925 4653 produntur,
1952 4589 2166 4655 quando

584 4671 637 4716 et
659 4661 876 4718 humani
901 4668 1168 4736 principes
1184 4684 1397 4724 causam
1421 4671 1545 4726 ﬁdei
1561 4688 1683 4727 cum
1711 4677 2016 4746 reipubliczn
2033 4683 2168 4738 ordi-

584 4754 797 4810 natione
826 4757 1190 4828 conjungunt,
1232 4759 1594 4818 Ecclesiarum
1627 4767 1904 4835 praesules,
1933 4772 2076 4839 quod
2100 4774 2168 4829 ad

584 4845 1036 4914 dispensationem
1083 4865 1233 4905 suam
1265 4853 1528 4921 pertinet,
1558 4856 1718 4913 ofﬁcii
1761 4875 2031 4917 memores
2077 4880 2184 4919 ει·-

584 4946 897 5004 sequuntur.
924 4937 1141 4995 Talibus
1173 4942 1442 5012 indigebat
1483 4955 1604 5014 post
1630 4948 1916 5005 discordiae
1955 4955 2166 5021 procel-

585 5026 661 5079 las
714 5029 902 5096 religio
951 5028 1254 5088 Cliristiana
1309 5037 1643 5104 rectoribus,
1695 5042 1783 5110 qui
1837 5049 2168 5115 compressis

585 5118 802 5187 provida
844 5118 1244 5189 dispensatione
1294 5128 1617 5196 turbinibus,
1647 5130 1738 5187 diu
1775 5137 2168 5206 peregrinatam

586 5224 798 5277 pacem,
830 5206 1050 5280 depulsa
1084 5225 1402 5286 tempestate
1442 5220 1802 5290 reducerent,
1833 5234 1886 5279 et
1915 5227 1965 5281 in
1995 5229 2173 5286 futura

585 5304 776 5356 saecula
810 5306 1067 5374 propositi
1111 5307 1191 5364 Hii
1236 5309 1478 5380 exempla
1524 5312 1827 5380 tendentes,
1859 5318 1957 5373 sibi
2007 5321 2175 5377 ascri-

585 5394 816 5452 bendum
883 5397 1247 5456 indubitanter
1303 5403 1682 5474 ostenderent,
1735 5406 1991 5481 quidquid
2057 5413 2170 5470 Deo

679 5607 731 5679 ο)
758 5607 900 5679 idem
928 5611 1077 5679 cod.,
1111 5615 1354 5678 potentia.

675 5677 732 5746 λὺ)
761 5678 902 5760 Idem
933 5677 1081 5748 cod.,
1102 5677 1158 5737 id
1185 5695 1260 5738 est
1286 5702 1347 5741 ne
1371 5683 1616 5741 Dominus
1651 5701 1821 5746 noster
1839 5693 1990 5749 Iesus
2014 5695 2171 5753 Chri-

588 5754 693 5799 stus
711 5757 796 5800 aut
817 5754 966 5816 inter,
995 5761 1098 5807 etc.

659 5816 731 5935 (tt?
762 5817 902 5872 Idem
931 5822 1075 5887 cod.,
1105 5825 1499 5947 efflorattdum.

661 5884 679 5946 (
717 5884 914 5947 )ldem
949 5891 1097 5947 cod..
1191 5897 1499 5947 ultmltcrbus

661 5884 740 5950 (Α)
771 5885 914 5943 Idem
949 5884 1097 5953 cod.,
1130 5884 1500 5962 Multiplicibus
1545 5900 1651 5953 htec
1687 5910 1978 5958 sanctarum
2019 5907 2162 5962 Scri-

2275 4603 2573 4674 ζευγνύωσι.
2599 4608 2682 4657 καὶ
2704 4605 2748 4657 oi
2767 4613 2866 4659 τῶν
2888 4608 3160 4666 ἐκκλησιῶν
3182 4610 3446 4684 ἡγούμενοι
3467 4613 3532 4667 τά
3559 4617 3876 4673 συντείνοντα

2275 4693 2344 4750 εἰς
2372 4698 2463 4750 τήν
2488 4691 2616 4748 ἰδίαν
2641 4697 2922 4768 οἰκονομίαν
2947 4704 3250 4775 μεμνημένοι
3274 4710 3363 4758 τοῦ
3407 4706 3706 4765 καθήκοντος
3734 4707 3876 4762 ἐκτε-

2275 4782 2421 4837 λῶσι.
2453 4788 2702 4842 Τοιούτων
2725 4787 2930 4863 ἔχρησε
2954 4796 3084 4861 μετὰ
3115 4797 3209 4853 τὰς
3241 4804 3336 4855 τῆς
3367 4793 3627 4865 διχονοίας
3652 4801 3875 4870 καταπνί-

2278 4869 2366 4931 δας
2395 4874 2422 4929 ἡ
2454 4885 2782 4949 Χριστιανική
2826 4882 3068 4953 θρησκεία
3105 4887 3396 4960 ἰθυντήρων,
3435 4889 3481 4939 οἵ
3522 4909 3653 4948 τινες
3698 4909 3876 4943 κατευ-

2273 4969 2548 5022 νασθεισῶν
2573 4981 3016 5051 πρανοηηκωτάτῃ
3045 4977 3361 5036 διατυπώσει
3403 4987 3500 5037 τῶν
3527 4985 3758 5046 θυελλῶν,
3789 4994 3876 5045 τήν

2273 5059 2486 5114 ἐπιπολύ
2530 5065 2835 5126 ξενωθεῐσαν
2879 5071 3098 5143 εἰρήνην,
3147 5073 3443 5136 eameam
3482 5083 3573 5130 τοῦ
3619 5085 3875 5147 χειμῶνος

2275 5153 2583 5223 ἐπανάξωσι,
2607 5162 2685 5212 καὶ
2711 5162 2780 5220 sic
2805 5165 2932 5223 τοὺς
2955 5165 3220 5232 μέλλοντας
3245 5168 3371 5238 μετά
3395 5173 3561 5224 ταῦτα
3583 5175 3764 5230 αἰῶνας
3790 5183 3879 5232 τῆς·

2279 5241 2414 5305 ἰδίας
2451 5249 2740 5320 προθέσεως
2767 5255 2831 5307 τὰ
2867 5254 3220 5330 ὑποδείγματα
3258 5259 3648 5326 ἐπεκτείνοντες,
3680 5265 3880 5326 ἑαυτοῖς

2281 5336 2637 5428 ἐπιγεγράφθαι
2682 5345 3034 5418 ἀναμφιϐόλως
3082 5349 3441 5415 ἐπιδείξουσιν,
3471 5351 3523 5405 εἴ
3553 5373 3603 5406 τι
3649 5357 3722 5418 τῷ
3771 5365 3882 5428 Θεῷ

2280 5427 2500 5502 ἀρέσκον
2551 5432 2596 5484 οἱ
2645 5437 3065 5511 μεταγενέστεροι
3109 5440 3208 5492 ἀπὸ
3252 5449 3344 5498 τῆς
3401 5441 3563 5494 αὐτῶν
3609 5427 3880 5513 μιμήσεως

2277 5641 2548 5702 pturarum
2579 5636 2935 5704 insinuantur,
2967 5649 3072 5695 etc.
3110 5640 3289 5697 Nec...

2346 5705 2416 5821 (e)
2447 5704 2589 5756 Idem
2624 5708 2771 5770 cod.,
2805 5708 3017 5774 inferat.

2373 5777 2414 5821 fl
2444 5773 2584 5821 Idem
2617 5776 2735 5821 cmi
2769 5820 2772 5821 ,
2801 5793 2914 5821 vm_

2351 5773 2414 5841 (Γ)
2442 5773 2584 5828 idem
2617 5776 2736 5830 cod.
2763 5820 2776 5842 ,
2801 5773 2915 5832 vm.

2274 5845 2613 5977 ep;95x17vet.
2655 5848 2773 5902 cod.
2805 5848 2973 5905 Vatic.
3008 5850 3060 5906 in
3095 5856 3328 5910 editione
3368 5856 3522 5914 Rom.
3565 5878 3650 5916 an.
3705 5862 3866 5930 1491,
