4248 6260
658 405 758 461 519

1995 400 2365 461 HORMISDE
2402 404 2610 464 PAPIE
2665 426 2671 434 ·

3828 405 3935 462 520

618 504 621 505 ν
658 518 986 577 humanitate
1027 517 1259 585 mollire,
1294 522 1354 573 ut
1388 516 1442 571 in
1492 515 1868 571 haereticorum
1906 521 2231 587 contagione

2346 519 2726 592 ἀποδειχθῆναι.
2776 520 2914 595 ’Δμα
2961 523 3345 599 προσλαϐέσθαι
3399 522 3491 583 τάς
3532 525 3804 597 θεραπείας
3844 530 3938 581 τῆς

658 615 1025 685 perdurantes,
1054 623 1146 668 aut
1182 626 1275 666 eos
1317 611 1407 680 qui
1458 609 1821 664 innocentiam
1851 609 2140 675 simulant,
2185 620 2242 664 et

657 718 778 759 cum
816 703 1016 758 nostris
1058 702 1171 757 sola
1218 717 1354 758 voce
1400 703 1769 766 consentiunt,
1806 701 1873 757 ab
1916 701 2001 757 his
2044 701 2240 773 quibus

658 810 757 866 pro
787 794 1041 851 Ecclesia:
1078 792 1527 864 redintegratione
1554 794 1854 851 consulitur
1882 802 1938 849 et
1985 794 2237 864 provide-

658 894 764 949 tur,
796 884 1083 940 excludas:
1116 900 1215 941 nec
1241 886 1382 941 enim
1406 885 1631 954 expedit
1655 887 1797 941 circa
1828 888 1924 941 hos
1952 886 2241 943 ecclesias-

657 979 814 1034 ticam
844 987 1144 1047 temperare
1177 994 1477 1035 censuram.
1506 979 1619 1034 Non
1649 980 1790 1035 enim
1823 989 1982 1035 erunt
2010 981 2240 1037 misera-

657 1071 816 1125 tionis
847 1070 983 1125 bona
1013 1085 1109 1140 pro
1147 1086 1361 1136 eorum,
1387 1072 1580 1141 quibus
1618 1072 1828 1126 consuli
1859 1080 2111 1141 oportet,
2145 1088 2242 1129 ne-

654 1165 904 1217 cessitate
931 1162 1145 1230 collata,
1171 1164 1215 1217 si
1246 1163 1534 1217 indiscrete
1563 1162 1761 1218 iuerint
1782 1163 1935 1218 bonis
1963 1164 2231 1234 malisque

653 1253 980 1307 communia.
1008 1254 1073 1308 Et
1111 1255 1235 1324 quia
1261 1253 1864 1324 Hierosolymitanorum
1906 1269 2121 1324 quoque
2153 1255 2234 1309 fa-

652 1343 828 1398 ciebat
863 1344 915 1398 in
945 1344 1050 1399 tuis
1091 1344 1285 1400 litteris
1326 1354 1412 1400 tua
1440 1344 1659 1400 dilectio
1695 1346 2060 1412 mentionem,
2097 1363 2231 1418 quo-

640 1460 771 1498 rum
804 1445 961 1500 ctiam
994 1446 1059 1500 ad
1091 1460 1189 1501 nos
1229 1446 1472 1515 quazdam
1499 1447 1673 1502 delata
1716 1447 1996 1515 professio,
2044 1462 2237 1504 neces-

653 1540 853 1591 sarium
880 1536 1127 1591 duximus
1158 1537 1244 1592 vel
1280 1552 1564 1593 recensere
1588 1554 1708 1607 quae
1749 1540 1946 1606 scripta
1974 1548 2125 1606 sunt,
2150 1539 2234 1595 vel

638 1629 978 1696 respondere
1004 1644 1123 1698 qua:
1161 1615 1417 1698 congrua.
1442 1629 1539 1694 Qui
1582 1629 1627 1683 si
1676 1641 1981 1684 sanctorum
2015 1630 2233 1685 Patrum

652 1720 938 1774 constituta
978 1720 1314 1786 custodiunt,
1359 1724 1403 1775 si
1447 1720 1539 1774 illa
1582 1720 1704 1775 fidei
1742 1721 2090 1777 fundamenta
2133 1738 2231 1777 ve-

636 1820 909 1867 'nerantur
944 1813 1012 1867 ab
1056 1812 1137 1866 his
1179 1827 1298 1882 quae
1338 1825 1433 1880 per
1472 1826 1567 1867 eos
1614 1821 1799 1866 sancto
1843 1812 2044 1882 Spiritu
2086 1828 2233 1868 com-

2344 612 2548 675 ἰάσεως,
2580 614 2943 676 άναζώσασθαι
2967 618 3063 673 τήν
3088 617 3341 670 αὐθεντίαν
3362 621 3454 675 τῆς
3479 612 3821 675 δικαιοσύνης,
3850 616 3939 666 καί

2342 699 2474 754 οὕτω
2502 704 2621 775 περὶ
2643 705 2763 761 τοὺς
2792 704 2961 763 ἱκέτας
2986 712 3050 778 τῇ
3078 705 3420 780 φιλανθρωπίᾳ
3447 700 3800 758 ἀπαλύνεσθαι
3818 742 3832 765 ,
3853 704 3938 757 ἵνα

2342 791 2461 849 τοὺς
2485 791 2530 842 ἐν
2558 798 2630 861 τῷ
2659 799 2760 847 τῶν
2797 794 3058 868 αἱρετικῶν
3086 797 3341 864 μιάσματι
3378 794 3724 863 ἐπιμένοντας,
3758 793 3787 851 ἧ
3816 795 3940 847 τούο

2322 902 2461 941 οτους
2478 922 2493 947 ,
2522 882 2568 936 οἳ
2592 886 2650 937 τὸ
2679 886 2946 939 ἀνεύθυνον
2976 888 3323 962 ἀποκρίνονται
3343 925 3359 949 ,
3403 888 3489 938 καί
3528 885 3659 955 μετὰ
3684 892 3786 939 τῶν
3805 886 3939 955 ’ἠμε-

2340 976 2497 1050 τίρων
2519 972 2646 1046 μόνῃ
2681 981 2745 1049 τῇ
2771 983 2903 1045 φωνῇ
2937 982 3296 1045 συμφωνοῦσιν
3331 975 3430 1028 ἀπὸ
3453 976 3669 1038 τούτων,
3704 972 3771 1027 ὧν
3804 975 3937 1049 ὑπὲρ

2341 1071 2433 1122 τῆς
2471 1064 2953 1125 ἀποκαταστάσεως
2984 1074 3074 1124 τῆς
3100 1066 3362 1126 ἐκκλησίας
3386 1068 3585 1139 φροντίς
3619 1067 3699 1117 καί
3733 1064 3937 1138 πρόνοιά

2340 1156 2482 1208 ἐστιν
2504 1155 2605 1209 ἀπὸ
2631 1164 2722 1216 τῆς
2745 1156 3033 1216 ἐκκλησίας.
3058 1156 3188 1211 Οὐδὲ
3210 1158 3308 1229 γάρ
3330 1156 3561 1210 συντελεῖ
3575 1158 3695 1229 περὶ
3716 1154 3937 1215 τούτους

2340 1244 2753 1304 ἐκκλησιαστικὼ
2789 1247 3008 1319 κεράσαι
3036 1248 3341 1319 αὐστηρίαν.
3369 1248 3441 1298 Οὐ
3464 1247 3563 1321 γάρ
3599 1243 3744 1301 ἔσται
3766 1246 3937 1300 λοιπὸν

2342 1340 2434 1389 τοῦ
2462 1335 2624 1394 ἐλέους
2646 1337 2711 1389 τά
2728 1335 2911 1407 ⁸όιγαθιίι
2943 1335 3027 1391 διά
3049 1342 3138 1395 τήν
3167 1344 3268 1390 τῶν
3292 1338 3619 1410 προνοηθῆναι
3648 1337 3936 1407 ὀφειλόντων

2345 1426 2565 1497 ἀνάγκην
2591 1427 2911 1497 συναχθέντα
2926 1469 2940 1493 ,
2968 1428 3055 1481 ἐάν
3081 1425 3351 1501 διακρίτως
3376 1426 3578 1481 ἔσονται
3603 1429 3741 1482 κοινά
3765 1428 3934 1488 καλοῖς

2338 1521 2421 1571 καί
2446 1526 2632 1579 κακοῖς.
2672 1522 2768 1573 Καὶ
2792 1518 2962 1578 ἐπειδὴ
2995 1528 3096 1575 τῶν
3130 1518 3538 1595 Ἱεροσολυμιτῶν
3577 1520 3764 1591 ὁμοίως
3787 1527 3933 1579 ποιη-

2338 1612 2532 1666 σασθαι
2576 1613 2710 1683 ᾠήθη
2747 1614 2799 1665 ἐν
2843 1627 2951 1672 τοῖς
2996 1615 3192 1674 οἰκείοις
3238 1616 3508 1689 γράμμασι
3551 1617 3744 1683 μνήμην
3789 1616 3819 1671 ἡ
3868 1620 3935 1674 σύ

2335 1702 2532 1772 ἀγάπη,
2559 1698 2626 1755 ὦν
2646 1704 2875 1776 καὶπρὸς
2898 1706 3036 1775 ἡμᾶς
3060 1706 3252 1776 ἠνέχθη
3276 1709 3352 1764 τίς
3378 1704 3637 1775 ὁμολογία,
3664 1705 3935 1777 ἀναγκαῖον

2338 1794 2632 1865 ἡγησάμεθα
2660 1798 2748 1848 καί
2768 1796 3050 1867 ἀναγνῶναι
3071 1797 3136 1850 τά
3152 1798 3423 1869 γραφέντα,
3452 1798 3539 1849 καί
3563 1797 3934 1870 ἀποκρίνασθαι

650 1913 919 1975 pungente
948 1905 1162 1959 deﬁnita
1191 1915 1343 1970 sunt,
1374 1920 1480 1960 non
1508 1905 1780 1960 recedent.
1813 1908 1917 1960 Aut
1943 1906 2084 1961 enim
2117 1922 2231 1977 per-

2338 1886 2405 1936 τὰ
2428 1884 2724 1959 πρόσφορα.
2753 1885 2813 1937 Οἳ
2837 1905 2967 1944 τινες
2992 1888 3035 1939 εἰ
3058 1886 3149 1945 τάς
3175 1892 3273 1940 τῶν
3298 1885 3452 1957 ἁγίων
3487 1886 3722 1959 πατέρων
3750 1884 3930 1941 διατυ-

651 1994 787 2050 recta
832 2004 986 2060 sunt,
1021 1996 1089 2049 ita
1120 2004 1179 2050 ut
1207 2006 1358 2061 sunt,
1388 2006 1441 2051 et
1483 1996 1783 2067 adjectione
1818 2012 1922 2052 non
1954 1999 2233 2069 indigent:

651 2094 741 2139 aut
769 2086 901 2140 bene
930 2085 1132 2149 Valida.
1161 2095 1217 2142 et
1258 2087 1379 2142 ideo
1425 2102 1529 2142 non
1573 2087 1827 2143 mutanda
1854 2106 1866 2141 :
1895 2091 2109 2160 quando
2140 2106 2237 2160 per

651 2191 710 2232 ea
742 2180 919 2232 omnia
952 2178 1322 2234 haereticorum
1353 2194 1556 2235 venena
1586 2195 1892 2249 compressa
1937 2192 2083 2237 sunt.
2128 2184 2236 2240 Nec

632 2267 934 2336 ‘quidquam
973 2266 1425 2324 Chalcedonensis
1465 2271 1721 2339 synodus,
1756 2270 1896 2339 quod
1930 2273 2059 2327 utile
2086 2289 2233 2343 qua:-

652 2357 781 2413 libet
817 2361 1087 2430 diligentia
1124 2362 1388 2430 potuisset
1423 2362 1744 2431 excogitare,
1781 2364 2080 2431 praeteriit:
2113 2382 2234 2436 qum

628 2451 1064 2522 praecedentium
1122 2466 1333 2521 quoque
1362 2451 1612 2522 dogmata
1644 2454 1723 2508 vel
1765 2455 1962 2510 clarius
2006 2458 2231 2514 manife-

648 2544 829 2603 Stavit,
873 2541 957 2597 vel
1020 2542 1245 2609 repetita
1285 2544 1602 2598 auctoritate
1664 2544 1934 2612 firmavit,
1995 2550 2281 2633 speciale“

636 2635 912 2705 quoddam
943 2632 1198 2689 adversus
1225 2633 1527 2690 Nestorium
1556 2646 1610 2692 et
1638 2637 1933 2708 Eutychem
1978 2656 2226 2710 aggressa

648 2738 916 2786 certamen
936 2766 949 2790 ,
981 2724 1205 2780 alterum
1237 2725 1489 2780 deitatem
1524 2727 1617 2781 Dei
1651 2729 1819 2783 nostri
1863 2729 1991 2784 Jesu
2020 2731 2225 2789 Christi

648 2844 677 2882 a
709 2844 870 2884 carne
911 2839 1282 2900 separantem,
1314 2837 1371 2884 et
1414 2829 1534 2885 ideo
1578 2842 1816 2888 sanctam
1864 2835 2081 2891 Mariam
2130 2837 2222 2893 Dei

647 2922 962 2991 genitricem
992 2921 1340 2991 pronuntiare
1367 2922 1623 2977 vitantem
1648 2943 1663 2981 :
1692 2926 1919 2981 alterum
1949 2931 2228 2985 veritatem

646 3022 823 3075 carnis
848 3022 899 3075 in
920 3021 1145 3076 Domino
1163 3032 1497 3078 renuentem.
1517 3025 1739 3091 Quando
1762 3026 2019 3083 Dominus
2042 3038 2231 3085 noster

647 3112 801 3168 Jesus
822 3112 1065 3168 Christus
1087 3114 1227 3169 idem
1276 3114 1444 3168 Filius
1478 3115 1600 3178 Dei,
1634 3116 1775 3170 idem
1808 3118 1946 3172 titius
1975 3119 2231 3183 hominis,

646 3219 748 3257 una
773 3204 825 3257 in
855 3204 1063 3259 duabus
1090 3219 1321 3273 persona
1348 3206 1555 3261 naturis
1583 3205 1878 3264 divinitatis
1904 3219 1959 3264 et
1988 3210 2235 3267 humani-

646 3307 770 3359 tatis
816 3304 1012 3363 carnis.
1058 3318 1159 3358 nec
1207 3305 1409 3359 naturis
1455 3305 1778 3363 adunatiune
1820 3310 2080 3379 confusis,
2124 3329 2228 3368 non

645 3397 792 3449 velut
816 3405 999 3462 quarta
1031 3409 1258 3463 persona
1289 3396 1467 3450 addita
1493 3398 1764 3465 Trinitati,
1795 3402 1887 3455 sed
1921 3404 2032 3470 ipse
2065 3404 2231 3461 Filius

646 3486 742 3540 Dei
769 3487 1064 3540 exinaniens
1092 3488 1444 3559 semetipsum,
1477 3498 1523 3542 et
1563 3494 1783 3558 formam
1818 3494 1949 3549 serui
1974 3499 2231 3568 accipiens

646 3578 867 3649 (Philip.
896 3580 966 3646 ι),
1008 3589 1229 3648 propter
1269 3580 1413 3652 quod
1457 3591 1512 3637 et
1555 3598 1713 3639 unam
1762 3601 1861 3641 nec
1905 3587 2227 3647 divisibilem

642 3670 957 3738 proﬁtemur
995 3670 1280 3724 essentiam
1315 3671 1614 3737 Trinitatis,
1641 3685 1695 3729 et
1727 3678 2109 3746 proprietatem
2144 3694 2228 3739 ta-

620 3774 766 3817 .men
799 3774 949 3814 suam
993 3761 1193 3816 scimus
1237 3762 1415 3818 inesse
1459 3768 1726 3834 personis,
1762 3783 1921 3824 unam
1974 3772 2091 3827 Filii
2134 3776 2228 3832 Dei

643 3864 764 3905 cum
793 3859 1062 3920 assumpta
1091 3865 1274 3916 carne,
1310 3867 1468 3908 unam
1501 3854 1732 3923 Spiritus
1758 3862 1930 3916 sancti
1959 3879 1971 3915 :
2007 3872 2062 3918 et
2106 3880 2229 3934 per-

641 3954 803 3995 sonas
848 3942 1266 4009 proprietatibus
1312 3943 1679 4014 desiguantes,
1721 3957 1776 4003 et
1817 3966 1911 4018 per
1965 3955 2223 4013 unitatem

642 4032 890 4088 essentia:
937 4033 1291 4102 inseparabile
1339 4034 1619 4091 Trinitatis
1665 4043 1978 4110 mysterium
2026 4048 2228 4104 contir-

614 4134 869 4181 .mantes.
899 4125 1081 4196 Neque
1101 4126 1243 4180 enim
1271 4128 1467 4198 ambigi
1491 4138 1667 4199 potest
1697 4132 1930 4191 Verbum
1961 4138 2058 4194 Dei
2085 4140 2226 4197 intra

616 4217 826 4271 matris
873 4218 1075 4271 viscera
1124 4232 1220 4287 per
1244 4233 1496 4283 carnem,
1529 4221 1814 4279 humanam
1861 4231 2225 4299 assumpsisse

643 4316 914 4371 naturam,
941 4323 1039 4363 nec
1069 4316 1241 4377 posta
1272 4325 1332 4365 se
1364 4310 1553 4365 factam
1584 4313 1720 4369 intra
1759 4316 1969 4373 vulvam
2004 4332 2226 4377 natura-

642 4414 757 4453 rum
784 4398 1073 4454 unitionem
1105 4399 1355 4456 divisum.
1386 4401 1516 4459 Nam
1548 4414 1603 4458 ut
1632 4405 1937 4463 humanitas
1966 4412 2088 4465 sine
2115 4413 2225 4471 Deo

642 4516 746 4555 non
790 4511 873 4558 est
914 4502 1091 4567 edita,
1122 4501 1204 4558 sic
1232 4504 1284 4557 in
1315 4519 1477 4561 cruce
1507 4522 1610 4561 non
1643 4518 1727 4563 est
1755 4511 2104 4578 impassibilis
2142 4517 2225 4571 di-

610 4630 613 4633 -
641 4593 833 4648 vinitas
859 4609 889 4647 a
918 4594 1096 4648 carnis
1125 4595 1376 4663 passione
1417 4596 1588 4651 divisa
1616 4617 1629 4651 :
1657 4600 1800 4668 quod
1843 4602 2067 4672 virginis
2097 4620 2220 4674 par-

640 4692 725 4738 tus
748 4694 803 4741 et
832 4686 1145 4739 intemerata
1179 4685 1495 4753 fecunditas,
1522 4696 1577 4742 et
1605 4689 1893 4760 singularis
1933 4710 1961 4747 a
1995 4700 2222 4754 mortuis

640 4777 985 4841 resurrectio,
1012 4787 1068 4833 et
1094 4777 1161 4833 ad
1199 4779 1367 4834 cmlos
1416 4779 1654 4835 declarat
1702 4785 1972 4840 ascensio.
2007 4787 2136 4844 Haec
2175 4790 2221 4845 si

610 4867 1087 4934 quemadmodum
1125 4884 1154 4923 a
1193 4869 1441 4925 Patribus
1480 4873 1765 4927 constituta
1810 4886 1934 4931 sunt
1962 4889 2219 4947 servant,

612 4956 886 5021 credant,
927 4972 1025 5013 nec
1071 4959 1289 5023 deﬁnita
1335 4963 1756 5020 transcendant:
1786 4981 1815 5019 a
1845 4983 1951 5036 quo
2002 4973 2220 5028 tramite

637 5043 726 5112 qui
754 5044 1050 5114 declinant.
1083 5048 1183 5117 ipsi
1223 5050 1325 5104 sibi
1366 5052 1614 5109 nebulam
1651 5053 1996 5112 dubitationis
2040 5061 2218 5119 olfun-

610 5144 785 5201 dunt.
835 5143 997 5201 Nobis
1045 5156 1221 5203 autem
1268 5150 1399 5206 illud
1452 5155 1807 5221 apostolicum
1860 5161 2219 5217 contentiosis

636 5237 959 5309 respondere
988 5252 1207 5295 necesse
1232 5252 1345 5306 est.
1379 5262 1470 5301 nos
1498 5247 1627 5301 hanc
1662 5252 2081 5307 consuetudinem
2110 5271 2216 5309 non

635 5342 891 5408 habemus,
922 5357 1011 5395 nec
1042 5340 1269 5398 Ecclesia
1300 5342 1395 5400 Dei
1436 5346 1487 5416 (Ι
1513 5347 1629 5403 Cor.
1656 5352 1738 5419 tt).
1773 5352 1897 5407 Haec
1942 5353 2063 5410 ideo
2092 5356 2217 5413 bre-

633 5436 785 5501 viter,
814 5435 936 5504 quia
966 5448 1062 5490 nec
1090 5435 1285 5505 ambigi
1315 5441 1566 5494 convenit
1587 5442 1654 5497 de
1684 5445 1845 5499 rebus
1874 5445 2019 5502 iuxta
2050 5447 2208 5506 Iidem

632 5538 823 5605 sepius
867 5536 1136 5591 definitis:
1168 5544 1223 5590 et
1260 5551 1396 5607 pene
1443 5552 1775 5608 supervacua
1808 5555 1889 5599 est
1934 5548 2208 5619 allegatio,

631 5641 747 5695 quac
786 5627 1065 5684 adhibetur
1104 5628 1399 5697 instructis,
1428 5644 1552 5686 cum
1601 5648 1761 5705 super
1806 5637 1904 5691 hac
1936 5654 1995 5694 re
2046 5649 2100 5695 et
2143 5642 2208 5698 ad

630 5716 1099 5773 clementissimum
1125 5722 1421 5791 principem
1449 5724 1613 5779 tilium
1639 5738 1877 5783 nostrum
1910 5746 2014 5785 non
2040 5748 2206 5801 pauca

632 5807 1049 5873 perstrinxerim.
1077 5811 1143 5864 Et
1180 5815 1301 5882 quia
1330 5816 1397 5869 de
1438 5816 2046 5889 Hierosolymitanorum
2080 5839 2203 5893 pro-

633 5898 892 5955 positione
936 5901 1326 5971 respondimus,
1378 5908 1477 5961 hoc
1526 5926 1735 5979 quoque
1784 5914 2194 5983 aestimavimus,

2339 1978 2535 2036 πὼσεις
2569 1976 2905 2048 φυλάττουσιν
2923 2018 2937 2042 ,
2980 1978 3025 2031 οί
3062 1979 3249 2038 ἐκείνης
3274 1985 3365 2037 τῆς
3390 1980 3615 2038 πίστεως
3639 1980 3756 2036 τοὺς
3792 1979 3935 2047 θεμι-

2338 2066 2477 2127 λίους
2502 2068 2755 2132 σέϐονται,
2784 2071 2867 2122 καί
2901 2070 3004 2123 ἀπὸ
3037 2071 3230 2122 τούτων
3266 2076 3365 2123 τῶν
3391 2067 3452 2123 δι’
3474 2070 3637 2123 αὐτῶν
3660 2075 3751 2123 τοῦ
3784 2068 3933 2141 ἁγίου

2338 2161 2626 2230 πνεύματος
2650 2163 3060 2222 κατανύσσοντος
3086 2159 3409 2233 όρισθέντων,
3437 2162 3527 2214 οὐκ
3552 2162 3932 2236 ἀναχωρήσου-

2340 2272 2443 2305 σιν.
2469 2254 2525 2305 Εἰ
2546 2252 2650 2326 γάρ
2676 2254 2775 2307 εἰσι
2796 2253 2989 2317 τέλεια,
3017 2255 3191 2329 ὥσπερ
3240 2255 3367 2319 εἰσί,
3409 2255 3493 2305 καί
3544 2254 3837 2322 προσθήκης
3875 2254 3931 2304 οὐ

2337 2342 2553 2410 δέονται,
2581 2343 2610 2403 ἧ
2636 2345 2798 2404 καλῶς
2824 2345 3030 2415 βέϐαια,
3060 2350 3142 2399 καί
3165 2344 3249 2401 διά
3272 2352 3421 2400 τοῦτο
3445 2347 3533 2399 οὐκ
3559 2347 3926 2415 ἀνταμειπτὲα,

2337 2434 2488 2490 ὁπότε
2513 2434 2574 2489 δι’
2600 2437 2762 2490 αὐτῶν
2787 2438 2955 2491 πάντα
2978 2440 3045 2492 τά
3069 2443 3168 2491 τῶν
3193 2438 3452 2512 αἱρετικῶν
3476 2436 3747 2514 δηλητήρια
3770 2459 3931 2493 κατα·

2338 2530 2540 2601 πιεσθῇ,
2578 2526 2689 2582 οὺδέ
2714 2550 2764 2583 τι
2789 2530 2818 2585 ἡ
2850 2528 2899 2581 ἐν
2931 2527 3205 2585 Χαλκηδόνι
3227 2528 3458 2592 σύνοδος,
3494 2527 3617 2602 ὅπερ
3645 2532 3930 2603 χρήσιμον,

2335 2615 2600 2675 οίαδήποτε
2635 2618 2892 2689 ἐπιμέλεια
2930 2617 3149 2678 ἠδύνατο
3190 2622 3479 2686 ἐπινοῆσαι,
3520 2621 3864 2697 παρέδραμεν,
3898 2626 3933 2683 ἦ

2335 2730 2413 2768 τις
2438 2716 2535 2763 τῶν
2561 2711 2930 2787 προλαϐουσῶν
2956 2710 3137 2777 ὁμοίως
3159 2714 3224 2767 τά
3248 2710 3477 2785 δόγματα
3494 2752 3511 2778 ,
3534 2713 3564 2772 ἦ
3589 2714 3929 2788 τηλαυγέστε-

2336 2821 2423 2875 ρον
2448 2800 2776 2878 ἐφανέρωσεν,
2803 2802 2831 2861 ἦ
2858 2803 3254 2875 ἐπαναληφθεῐσα
3278 2812 3339 2877 τῇ
3365 2805 3601 2879 αὐθεντίᾳ
3624 2802 3927 2862 ἐϐεϐαίωσεν

2332 2892 2487 2948 ἰδικόν
2519 2916 2635 2949 τινα
2673 2898 2804 2951 κατά
2838 2900 3136 2973 Νεστορίου,
3173 2901 3253 2950 καὶ
3284 2899 3553 2968 Εὐτυχοῦς
3587 2897 3928 2970 ἀναδεξαμίνη

2334 2988 2535 3061 ἀγῶνα,
2582 2994 2673 3041 τοῦ
2853 2988 3025 3062 ἑτέρου
3073 2994 3165 3047 την
3210 2995 3299 3043 τοῦ
3350 2996 3528 3064 κυρίου
3576 2992 3715 3059 ἡμῶν
3762 2998 3926 3050 Ἰησοῦ

2334 3085 2557 3152 Χριστοῦ
2592 3078 2803 3137 θεότητα
2834 3081 2933 3134 ἀπὸ
2968 3089 3061 3153 τῆς
3106 3082 3298 3155 σαρκός
3342 3086 3674 3158 χωρίζοντος,
3716 3086 3795 3137 καὶ
3839 3081 3927 3140 διά

2336 3175 2484 3223 τοῦτο
2507 3175 2597 3229 την
2619 3170 2763 3244 ἁγίαν
2783 3174 2980 3247 Μαρίαν
3008 3171 3257 3228 Θεοτόκον
3278 3174 3575 3246 ἐξαγγέλλειν
3598 3174 3921 3239 ἐκκλίνοντος,

2258 3249 2317 3327 εν
2337 3266 2426 3314 τοῦ
2455 3258 2507 3315 δὲ
2533 3261 2706 3339 ἔτὲρου
2729 3268 2819 3322 τήν
2843 3264 3071 3322 ἀληθειαν
3095 3275 3185 3326 τῆς
3210 3268 3403 3337 σαρκός
3429 3268 3475 3319 ἐν
3510 3275 3581 3337 τῷ
3603 3270 3761 3341 κυρίῳ
3786 3270 3927 3322 ἀπα-

2334 3355 2640 3421 ναινομὲνου,
2680 3354 2833 3411 ὁπότε
2871 3356 2897 3410 ό
2933 3355 3106 3434 κύριος
3142 3361 3282 3429 ἡμῶν
3306 3360 3503 3422 Ἰησοῦς
3531 3357 3926 3433 Χριστὸςιςοῦτος

2333 3444 2441 3503 υίὸς
2466 3452 2614 3511 Θεοῦ,
2641 3445 2667 3501 ὁ
2690 3448 2838 3507 αὐτὸς
2863 3445 3145 3522 ἅνθρωπος,
3176 3450 3223 3504 ἓν
3245 3452 3524 3525 πρόσωπον
3540 3454 3590 3505 ἐν
3605 3450 3696 3507 δύο
3719 3456 3918 3525 φύσεσι,

2280 3576 2285 3595 ,
2312 3536 2415 3587 καὶ
2439 3535 2670 3597 θεότητος
2694 3543 2778 3591 καὶ
2811 3541 3004 3613 σαρκὸς
3022 3583 3034 3605 ,
3075 3539 3187 3597 οὐδὲ
3212 3550 3311 3598 τῶν
3330 3542 3541 3616 ,φῦσεων
3576 3546 3627 3599 ἐν
3652 3554 3714 3619 τῇ
3751 3546 3923 3602 ἑνὼσει

2332 3630 2752 3700 συγχυσθεισῶν,
2772 3634 2830 3687 οὐ
2837 3655 2879 3702 χ
2905 3637 2971 3694 ὡς
2996 3638 3241 3712 τετάρτου
3262 3643 3545 3713 προσώπου
3567 3646 3926 3716 προστεθέντος

2332 3726 2395 3792 τῇ
2417 3719 2617 3793 τριάδι,
2656 3723 2760 3776 ἀλλ’
2796 3725 2947 3785 αὐτὸς
2982 3725 3006 3780 ὁ
3048 3729 3155 3789 υίὸς
3187 3736 3272 3783 τοῦ
3310 3736 3439 3784 Θεοῦ
3476 3730 3712 3787 ἔκένωσεν
3746 3734 3925 3791 ἔαυτόν

2333 3812 2418 3902 καί
2440 3818 2633 3886 μορφήν
2658 3812 2841 3869 δούλου
2868 3816 3036 3873 ἔλαϐε.
3060 3822 3141 3873 Διὸ
3165 3826 3250 3877 καί
3268 3825 3383 3895 μίαν
3414 3827 3498 3878 καὶ
3535 3824 3647 3879 οὖδέ
3669 3824 3925 3902 διαιρετήν

2303 3901 2668 3974 νόμολογοῦμεν
2723 3909 2890 3962 οὐσίαν
2936 3918 3028 3971 τῆς
3059 3912 3296 3987 τριάδος,
3336 3918 3415 3970 καί
3448 3922 3538 3974 τήν
3574 3915 3701 3973 ἰδίαν
3734 3918 3923 3987 ὁμοίως

2330 3990 2561 4052 ίδίοτητσ
2585 3993 2731 4067 ἴσμεν
2757 3997 2805 4051 ἓν
2841 3995 2966 4055 εἶναι
2991 4011 3095 4063 τοῖς
3118 4008 3439 4080 προσώποις.
3463 4006 3547 4061 Ἓν
3571 4010 3671 4085 γάρ
3695 4018 3785 4064 τοῦ
3821 4033 3923 4066 πα-

2328 4088 2449 4160 τρὸς
2475 4086 2814 4161 ὁμολογοῦμεν
2839 4088 2959 4146 εἶναι
2982 4095 3281 4168 πρόσωπον,
3309 4096 3358 4150 ἓν
3389 4104 3480 4153 τοῦ
3505 4100 3616 4153 υἱοῦ
3644 4108 3734 4155 τοῦ
3759 4110 3918 4169 Θεοῦ,

2302 4224 2309 4227 η,
2334 4182 2463 4247 μετὰ
2486 4188 2577 4240 τῆς
2618 4184 3021 4257 προσληφθείσης
3056 4192 3270 4263 σαρκὸς,
3304 4189 3355 4243 ἓν
3392 4199 3485 4245 τοῦ
3517 4195 3803 4265 πνεύματος
3831 4202 3921 4250 τοῦ

2328 4268 2505 4342 άγίου,
2542 4275 2627 4325 καί
2657 4273 2723 4327 τά
2760 4274 3012 4350 πρόσωπα
3044 4286 3161 4339 ταῖς
3196 4278 3410 4339 ἰδιότησι
3446 4286 3808 4353 σημαίνοντες.
3837 4288 3922 4340 καί

2328 4359 2411 4416 διὰ
2445 4371 2537 4423 τῆς
2570 4364 2794 4424 ἑνότητος
2826 4374 2917 4426 τῆς
2952 4371 3151 4430 οὐσίας.
3188 4373 3245 4425 τό
3282 4374 3575 4445 ἀχώριστον
3599 4384 3691 4435 τῆς
3712 4375 3921 4450 τριάδος

2306 4458 2606 4529 μυστήριον
2652 4456 3034 4527 ὁμολογοῦντες.
3087 4452 3215 4517 Οῦτε
3261 4467 3360 4539 γάρ
3404 4464 3618 4521 δυνατόν
3662 4469 3919 4541 ἀμφιϐάλ-

2325 4546 2495 4600 λεσθαι
2518 4548 2605 4602 τὸν
2628 4548 2770 4617 λόγον
2792 4558 2881 4605 τοῦ
2908 4560 3036 4606 Θεοῦ
3062 4554 3110 4606 ἐν
3132 4561 3239 4615 τοῖς
3262 4565 3353 4615 τῆς
3376 4559 3565 4631 μητρός
3593 4559 3920 4631 σπλάγχνοις

2691 4613 2702 4617 -
3218 4613 3227 4615 -
3432 4613 3440 4616 .
3481 4613 3490 4631 ,
3544 4613 3557 4618 -
3739 4613 3809 4631 ,η
3850 4613 3913 4623 η.

2249 4613 2303 4673 D
2328 4635 2411 4691 διὰ
2433 4645 2523 4699 τῆς
2552 4642 2763 4713 σαρκός,
2789 4648 2878 4701 τὴν
2903 4646 3193 4718 ἀνθρωπίαν
3218 4649 3599 4722 προσειληφέναι
3624 4654 3789 4722 φύσιν.
3828 4659 3919 4710 καί

2331 4733 2398 4796 μή
2423 4730 2551 4798 μετά
2583 4737 2672 4789 τὴν
2695 4734 2820 4807 παρ’
2843 4736 2998 4789 αὐτοῦ
3034 4740 3300 4809 γενομένην
3326 4742 3377 4793 ἓν
3398 4749 3461 4814 τῇ
3487 4747 3655 4817 μήτρᾳ
3687 4752 3784 4799 τῶν
3826 4748 3918 4817 φύ-

2328 4842 2459 4875 σεων
2495 4824 2674 4879 ἕνωσιν
2698 4824 3008 4900 διῃρημένον.
3048 4832 3277 4906 καθάπερ
3309 4836 3409 4906 γάρ
3434 4837 3521 4888 οὐκ
3545 4834 3680 4891 ἔστιν
3704 4840 3751 4891 ὲν
3776 4840 3919 4914 αὐτῷ

2327 4915 2654 4989 ἀνθρωπότης
2679 4915 2797 4972 ἄνευ
2824 4928 2952 4975 Θεοῦ
2979 4926 3304 4994 γεννηθεῖσα,
3331 4924 3494 4987 οὕτως
3518 4929 3569 4980 ἕν
3599 4935 3672 5000 τῷ
3707 4938 3916 5005 σταυρῷ

2326 5006 2356 5061 ἡ
2381 5007 2580 5067 ἀπαθὴς
2604 5006 2797 5072 enim.
2832 5012 2924 5063 οὐκ
2955 5008 3093 5066 ἔστιν
3117 5013 3219 5068 ἀπὸ
3250 5021 3345 5068 τοῦ
3382 5024 3475 5076 τῆς
3504 5019 3697 5091 σαρκὸς
3727 5021 3917 5081 πάθους

2324 5092 2613 5171 διῃρημένη,
2647 5096 2788 5174 ὅπερ,
2809 5098 2834 5154 ό
2859 5108 2950 5161 τῆς
2975 5104 3223 5178 παρθένου
3257 5105 3431 5168 τόκος,
3470 5109 3553 5160 καί
3587 5109 3617 5165 ἡ
3651 5104 3917 5182 ἄχραντος

2322 5188 2605 5258 γονιμότης,
2637 5192 2717 5242 καί
2741 5191 2771 5247 ἡ
2794 5190 3046 5266 ἐξαίρετος
3068 5194 3118 5247 ἐκ
3134 5202 3322 5269 νεκρῶν
3346 5197 3653 5261 ἀνάστασις,
3680 5202 3765 5253 καί
3786 5201 3815 5255 ἡ
3844 5204 3916 5261 εἰς

2321 5278 2566 5351 οὐρανοὺς
2590 5277 2842 5336 δείκνυσιν
2866 5279 3064 5347 ἄνοδος,
3088 5290 3254 5340 ταῦτα
3283 5287 3324 5338 εἰ
3348 5289 3511 5346 καθὼς
3525 5290 3670 5361 παρά
3691 5296 3792 5342 τῶν
3814 5311 3918 5344 πα·

2320 5372 2479 5441 τέρων
2504 5373 2724 5446 ὡρίσθη,
2751 5376 3088 5445 φυλάττουσι,
3116 5380 3534 5447 πιστευέτωσαν,
3561 5384 3642 5435 καί
3680 5381 3806 5453 μηδὲ
3850 5384 3916 5436 τά

2322 5462 2579 5535 ὡρισμένα
2600 5464 3081 5532 παραϐαινίτωσαν,
3110 5468 3191 5541 ἀφ’
3236 5467 3295 5531 ἧς
3316 5471 3494 5546 τρίϐου
3519 5472 3564 5525 οἱ
3586 5472 3910 5542 ἐκκλίνοντες,

2298 5554 2465 5615 ,αὐτοὶ
2507 5554 2703 5615 ἑαυτοῖς
2739 5558 2880 5630 νέφος
2926 5560 3228 5633 ἀμφιϐολίας
3268 5566 3628 5636 περιχέουσιν.
3677 5574 3815 5635 Ἧμῖν
3858 5565 3912 5621 δέ

2318 5646 2467 5700 ἐκεῖνο
2489 5648 2547 5701 τὸ
2566 5647 2937 5715 Ἀποστολικόν,
2954 5661 3066 5713 τοῖς
3086 5655 3392 5727 φιλονείκοις,
3408 5659 3769 5733 ἀποκρίνασθαι
3789 5660 3911 5713 ἀνάο

2318 5761 2411 5809 γκη
2439 5741 2596 5793 ἐστίν’
2627 5758 2643 5788 ι
2688 5751 2854 5811 Ἡμεῖς
2872 5748 3108 5805 τοιαύτην
3143 5750 3410 5807 συνήθειαν
3431 5752 3518 5803 οὐκ
3550 5748 3769 5821 ἔχομεν,
3794 5748 3911 5806 οὐδὲ

2316 5832 2346 5887 ἡ
2380 5832 2612 5889 ἐκκλησία
2646 5842 2736 5889 τοῦ
2770 5843 2918 5890 Θεοῦ.
2953 5857 2970 5889 ι
3000 5848 3176 5895 Ταῦτα
3212 5841 3296 5898 διά
3327 5849 3478 5897 τοῦτο
3514 5842 3601 5898 διά
3625 5846 3905 5918 βραχέων,

2316 5920 2484 5980 ἐπειδὴ
2534 5922 2645 5979 οὔτι
2690 5928 3084 5995 ἀυιφιϐάλλισθαι
3127 5939 3371 6005 προσήκει
3421 5940 3540 5991 πεοί
3585 5937 3906 6013 πραγμάτων
