4262 6264
596 373 700 426 525

1907 369 2278 426 ΠΟΙὶΜΙΞΟᾹΕ
2319 370 2519 426 PAR-fl

3755 363 3857 415 52-5

596 496 751 550 dieue
775 491 1020 555 civitatis,
1047 489 1269 543 aliorum
1301 486 1518 551 insuper
1555 480 1910 551 frequentium
1962 482 2174 535 incusa-
2209 485 2257 541 Α
2288 491 2395 545 tes,
2424 464 2579 549 quam
2608 483 2717 537 cim
2748 482 2814 536 ad
2845 496 2941 537 ηος
2975 480 3244 536 destinare
3270 476 3584 547 dignemini.
3628 483 3686 528 ιη
3724 488 3858 543 pm-

597 600 761 650 retur,
791 602 895 640 non
930 592 1131 638 tantum
1158 578 1343 649 legatis
1367 584 1557 629 vestra:
1583 573 1958 629 sanctitudinis
1989 579 2042 627 ln
2070 573 2167 625 hac

594 681 734 748 regia
766 675 952 746 positis
980 673 1111 728 urbe
1153 670 1229 734 (ut
1277 669 1423 736 ipsos
1459 681 1669 735 quoque
1712 665 1945 719 retinere
1983 679 2171 717 cense-

595 771 758 840 mus),
788 781 975 823 verum
1010 773 1131 833 post
1172 775 1357 816 eorum
1395 772 1694 822 recessum;
1729 755 1818 826 qui
1860 756 2013 809 maltc
2044 771 2172 808 cuu-

594 859 831 914 scientim
868 870 979 910 sure
1022 850 1325 907 testimonio
1359 849 1562 901 veritus
1604 848 1822 913 insuper
1871 861 1958 911 ne,
2019 861 2168 912 qna--

594 952 766 1004 stione
797 949 996 1004 habita.
1019 945 1316 1009 graviorem
1349 941 1571 995 formam
1599 941 1682 995 exi
1712 955 1773 993 us
1800 941 1875 992 rei
1905 950 2169 1006 posceret,

596 1049 932 1095 recusaturos
959 1037 1167 1092 libellos
1207 1035 1415 1093 obtulit,
1452 1043 1505 1086 ut
1547 1032 1728 1085 liceret
1768 1032 1815 1085 ei
1854 1030 2108 1084 secedere
2141 1047 2169 1083 a

596 1142 845 1200 suscepto
872 1131 1034 1200 (sicut
1059 1130 1255 1184 dictum
1289 1130 1391 1192 est)
1414 1127 1751 1193 episcopatus
1778 1123 1995 1186 officio;
2032 1140 2167 1191 quo-

598 1226 737 1279 niam
765 1225 923 1292 igitur
951 1220 1097 1275 cordi
1131 1219 1282 1273 nob‘s
1328 1229 1408 1272 est
1437 1224 1493 1269 et
1522 1216 1619 1269 fuit
1661 1225 1717 1268 ut
1748 1229 1959 1283 semper
1983 1214 2175 1267 civita-

599 1326 717 1369 tum
732 1313 1000 1368 antistites
1029 1311 1080 1365 in
1111 1325 1294 1364 amore
1324 1310 1430 1362 sint
1460 1308 1697 1361 omnium
1719 1306 2016 1368 communi,
2040 1320 2174 1374 quo-

598 1422 715 1459 rum
766 1403 1024 1471 regendas
1072 1410 1390 1468 acceperunt
1440 1398 1681 1460 animas,
1750 1396 1943 1449 Paulus
1997 1405 2173 1447 autem

600 1494 1077 1553 reverendissimus
1128 1493 1267 1545 ultro
1305 1506 1364 1545 se
1402 1490 1468 1543 de
1498 1504 1596 1543 suo
1637 1489 1815 1560 (prout
1860 1489 2178 1541 memorat-3-

600 1588 741 1655 mus)
758 1584 1024 1641 abdicavit
1044 1581 1365 1643 sacerdotio.
1388 1587 1706 1649 praesentem
1730 1578 2008 1645 epistolam
2025 1577 2113 1629 du°
2137 1579 2179 1630 i-

601 1692 718 1731 mus
746 1674 1099 1748 dirigendam,
1146 1680 1204 1726 nt
1243 1671 1394 1724 vobis
1431 1669 1723 1738 aperiatur,
1755 1677 1810 1722 et
1846 1668 2177 1719 orationllns

604 1769 827 1837 propriis
852 1767 1073 1822 cmleste
1097 1763 1248 1817 nobis
1273 1760 1575 1830 prmsidium
1605 1760 1851 1826 dignetur
1878 1757 2173 1827 acquirere.

2277 576 2446 629 sentis
2501 590 2678 628 causa:
2724 576 2884 645 (sicut
2934 588 3079 642 smpe
3133 552 3469 640 scripsimus)
3529 569 3600 623 sit
3643 570 3862 622 cmlesto

2277 670 2481 721 lucrum
2528 667 2608 721 Itis
2639 668 2728 735 qui
2763 668 2815 720 in
2846 666 3119 719 celeritate
3158 671 3284 716 sunt
3314 662 3467 715 honre
3513 660 3863 714 correctionis

2275 769 2542 822 auctores,
2588 758 2900 812 beatissime
2941 766 2995 809 et
3030 754 3367 809 sanctissime
3407 752 3593 805 frater.
3631 753 3859 804 Omnem

2280 865 2400 916 qua:
2428 858 2511 902 est
2542 863 2663 901 cum
2695 857 2779 901 tua
2814 846 3141 900 beatitudine
3164 843 3446 899 ianristo
3478 842 3861 895 fraternitati-nt

2283 954 2379 993 nos
2408 950 2460 993 et
2490 938 2581 1007 qui
2618 939 2894 992 nobiscum
2928 946 3051 989 situt
3078 937 3260 988 multis
3290 934 3584 988 salutamus
3613 934 3788 985 attuis.

2738 1028 2767 1060 “
2801 1026 3129 1080 EPASTULA
3170 1023 3407 1077 LXXXI.
3472 1034 3475 1039 '

2545 1132 2611 1169 ΑΙ)
2641 1124 2666 1151 ⁸
2698 1131 2952 1169 REMIGIUM
2993 1130 3240 1168 BEMORUM
3282 1126 3591 1166 EPISCOI‘L‘H.

2287 1207 2434 1261 Vices
2464 1224 2585 1260 suas
2622 1207 2699 1259 illi
2742 1209 2948 1273 deputat
2975 1206 3027 1257 in
3057 1220 3212 1275 regno
3252 1202 3491 1256 Clodovei
3536 1199 3857 1254 Francoi-um

2630 1277 2764 1346 regis
2790 1293 2949 1346 nuper
2977 1277 3045 1327 ad
3074 1276 3229 1342 ﬁdem
3257 1275 3505 1326 conversi.

2357 1367 2710 1422 Dilectissimo
2741 1368 2885 1421 fratri
2922 1367 3178 1431 Remigio,
3216 1364 3516 1417 Ilormisda.

2352 1458 2718 1525 Suscipientes
2767 1459 2918 1526 plena
2970 1455 3316 1509 fraternitatis
3362 1463 3464 1507 tua:
3512 1453 3854 1521 congratula-

2282 1550 2424 1602 tiune
2468 1549 2764 1618 eulloquia,
2813 1549 3006 1617 quibus
3067 1564 3164 1601 nos
3213 1561 3480 1615 germana:
3526 1546 3714 1598 Salutis
3761 1555 3861 1597 tua:

2282 1637 2572 1691 lzntilicavit
2599 1638 2817 1702 indicio,
2843 1638 3108 1706 corporali
3134 1653 3254 1689 cum
3280 1636 3641 1704 spiritualibus
3672 1634 3862 1688 officiis

2284 1729 2647 1783 incolumitate
2695 1730 2955 1793 subnixa,
2987 1744 3280 1798 congruum
3328 1744 3447 1783 esse
3497 1731 3864 1797 perspevimus

603 1859 735 1911 nam
762 1856 999 1911 ca“mdis
1027 1855 1199 1918 Maiis,
1244 1849 1730 1917 cons'aulimmoli,
1774 1847 2075 1902 “suum”
2126 1859 2177 1898 ,ι
2212 1853 2256 1911 Β
2286 1821 2433 1918 1ιειιιίῑΔ
2470 1822 2637 1891 ipsam
2686 1838 2844 1891 quam
2896 1832 3071 1877 mente
3132 1823 3367 1891 gerimus
3432 1821 3607 1874 verbis
3657 1824 3867 1888 aperire

606 1951 816 2006 Valerio
839 1951 966 2005 viris
983 1943 1792 2011 clari~simisconsulibus(anno
1810 1941 2016 1996 Domini
2032 1940 2125 1993 5⁸21
2146 1940 2181 2003 ).

1244 2057 1546 2113 RELATIO

808 2194 820 2229 1
842 2191 1064 2230 PIPIMNII
1103 2189 1329 2228 EPISC"?!
1353 2183 1987 2227 CONﬁTANTINOPOLITA‘NI.

918 2265 1113 2319 Eadem
1145 2280 1258 2335 qua:
1284 2265 1334 2318 in
1356 2247 1610 2330 superiori
1634 2262 1870 2329 epistola.

680 2358 779 2412 Per
807 2357 983 2411 omnia
1020 2371 1131 2410 sam
1151 2356 1363 2410 tissimo
1386 2369 1446 2409 ac
1473 2352 1781 2408 beatissimo
1804 2352 2017 2404 domino
2040 2353 2187 2404 fratri

612 2462 667 2507 et
699 2450 1175 2506 comministratori
1206 2447 1505 2502 Hormisdze
1529 2444 1853 2516 Epiphanius
1883 2445 2184 2511 cpiscopus.

678 2541 1095 2611 Frequentiores
1127 2538 1340 2608 quidem
1390 2538 1598 2591 litteras
1630 2536 1804 2589 facere
1846 2533 1911 2587 ad
1956 2542 2188 2587 vestram

610 2633 991 2691 beatitudinem
1019 2640 1073 2687 et
1100 2630 1198 2683 frui
1240 2628 1431 2683 affectu
1452 2612 1723 2683 fraterna:
1776 2624 2012 2679 caritatis
2043 2634 2192 2690 epla-

611 2743 747 2782 mus.
775 2726 924 2780 Nunc
940 2734 1115 2778 autem
1135 2736 1195 2777 ea
1212 2736 1329 2789 quae
1343 2731 1632 2774 evenerunt
1656 2719 1932 2784 cupientes
1958 2727 2188 2770 vestram

611 2816 1018 2871 sanctimoniam
1068 2828 1171 2866 non
1228 2812 1421 2876 latere,
1475 2808 1831 2878 prmsentibus
1884 2807 1965 2860 usi
2010 2820 2192 2858 sunms

610 2908 844 2978 scriptis.
882 2904 1062 2961 Multis
1092 2905 1233 2958 enim
1267 2915 1321 2957 et
1365 2917 1469 2954 non
1522 2914 1685 2968 parvo
1726 2899 1899 2965 Spatio
1935 2898 2194 2964 temporis

614 3002 1102 3069 perturbationibus
1134 2997 1431 3054 Antiochia:
1455 2994 1738 3050 maximam
1760 2993 2052 3056 civitatem,
2075 3004 2194 3057 qua:

616 3106 697 3148 est
725 3096 776 3149 in
805 3093 1023 3149 dioecesi
1055 3089 1311 3146 Orientali
1356 3088 1547 3156 prima,
1577 3084 2071 3145 circumstantibus,
2096 3081 2195 3134 sub

612 3187 890 3241 occasione
921 3185 1042 3253 quia
1074 3182 1266 3236 Paulus
1288 3178 1531 3233 amabilis
1564 3177 1673 3230 Deo
1698 3175 2061 3242 episcopatum
2086 3186 2197 3225 me-

613 3287 831 3331 morata:
860 3274 1044 3328 habuit
1078 3271 1329 3331 civitatis,
1358 3279 1410 3322 et
1446 3266 1624 3321 multis
1653 3265 1800 3319 urbis
1832 3263 2001 3327 ipsius
2039 3262 2193 3314 habi-

614 3367 894 3429 tatoribus,
928 3364 1068 3417 sicut
1104 3363 1353 3415 dixerunt
1389 3359 1571 3427 aliqui,
1612 3372 1641 3409 a
1671 3354 1932 3410 catholica
1965 3368 2082 3408 sese
2114 3367 2198 3406 se-

615 3456 950 3526 parantihus.
996 3460 1052 3508 et
1096 3451 1340 3505 assiduas
1377 3446 1835 3515 interpellationes
1867 3443 2196 3509 tranquillis-

614 3551 752 3605 simo
793 3557 847 3604 et
891 3546 1202 3601 ﬁdelissimo
1240 3541 1466 3611 principi
1506 3548 1688 3592 nostro
1729 3536 2112 3604 ingerentibus,
2143 3544 2197 3588 et

614 3655 800 3696 eorum
832 3652 950 3708 quae
992 3636 1047 3689 in
1085 3634 1480 3688 accusationem
1534 3627 1867 3683 ducebantur
1898 3625 2199 3695 inquisitio-

616 3747 736 3785 nem
784 3724 1202 3798 supplicantibus
1247 3723 1355 3775 fieri
1399 3719 1755 3775 manifestam.
1798 3717 1927 3782 Qua:
1979 3715 2195 3784 quidem

616 3822 824 3877 initium
852 3820 976 3873 olim
1006 3824 1367 3886 sumpserunt,
1400 3815 1539 3866 sicut
1570 3826 1668 3865 nec
1697 3809 1929 3864 directos
1958 3824 1985 3860 a
2020 3818 2196 3862 vestra

617 3911 897 3966 sanctitate
929 3907 1039 3963 Deo
1071 3905 1329 3960 amabiles
1366 3905 1567 3974 legatos
1608 3902 1777 3963 latuit,
1816 3915 1935 3953 cum
1966 3900 2017 3953 in
2050 3897 2195 3967 regia

618 4003 873 4072 degerent
900 3999 1136 4058 civitate,
1170 4002 1521 4065 agnoscentes
1547 4006 1708 4060 super
1749 3991 1830 4043 his
1856 3989 2056 4043 omnia.
2091 3990 2198 4043 Me-

618 4104 854 4151 moratus
880 4107 1008 4162 ergo
1038 4088 1278 4144 amabilis
1313 4087 1422 4140 Deo
1449 4084 1646 4138 Paulus
1684 4082 1939 4152 prodesse
1966 4079 2066 4133 sibi
2098 4080 2200 4133 hoc

621 4189 955 4254 existimans,
987 4200 1083 4251 per
1128 4183 1335 4238 libellos
1372 4181 1613 4251 proprios
1650 4178 1938 4246 designata:
1972 4176 2201 4232 civitatis

619 4280 981 4335 desertionem
1027 4285 1083 4331 et
1131 4274 1471 4344 episcopatus
1517 4270 1697 4340 elegit,
1745 4277 1801 4325 et
1845 4268 2201 4323 universalem

621 4374 876 4441 quietem,
908 4376 964 4423 et
998 4383 1027 4421 a
1058 4366 1232 4421 causis
1261 4362 1632 4417 alienationem
1673 4376 1732 4416 se
1771 4360 2022 4429 praeferre
2053 4376 2205 4413 mon—

623 4463 831 4518 stravit.
864 4460 993 4526 Qum
1032 4457 1210 4512 omnia
1241 4465 1295 4511 et
1324 4455 1605 4509 amabilem
1646 4450 1862 4506 Christo
1906 4453 2202 4521 principem

2291 1916 2546 1969 la'titiam.
2599 1917 2726 1984 Agis
2771 1916 2912 1969 enim
2967 1916 3161 1969 summi
3208 1915 3527 1968 documenta
3574 1913 3864 1981 pontiﬁcis,

2290 2012 2414 2065 dmn
2443 2023 2493 2065 et
2523 2013 2854 2079 prmdicanda
2885 2011 3035 2075 facis,
3057 2021 3110 2065 et
3132 2028 3191 2065 ea
3223 2012 3499 2065 insinuare
3528 2027 3631 2064 non
3661 2010 3862 2065 (ἥσω-ς.

2291 2104 2698 2175 Ριηίιξνυςθιίνθιη
2742 2107 2903 2172 igitur
2931 2104 2997 2158 de
3030 2104 3197 2158 nostri
3250 2105 3574 2181 sutrtpsittttts
3604 2104 3866 2158 electione

2286 2195 2379 2265 jud
2404 2197 2492 2261 cii,
2522 2196 2733 2264 quando
2779 2196 2829 2249 id
2861 2206 3139 2264 operatum
3173 2207 3224 2249 te
3250 2209 3367 2248 esse
3395 2195 3699 2258 didicimus,
3724 2194 3863 2263 quod

2292 2291 2501 2343 cmtcris
2530 2290 2788 2358 agendum
2821 2290 3068 2343 obnixius
3098 2289 3441 2357 imperamus,
3476 2299 3529 2340 ut
3561 2290 3611 2341 in
3654 2289 3870 2354 provin-

2294 2379 2390 2433 ciis
2439 2391 2581 2432 tanta
2642 2378 3026 2448 longinquitate
3084 2377 3402 2446 disiunctis,
3454 2389 3506 2431 et
3566 2377 3868 2445 apostolica:

2294 2470 2436 2524 sedis
2466 2470 2801 2539 vigorem,et
2853 2472 3066 2525 Patrum
3113 2471 3310 2538 regulis
3358 2470 3571 2523 studeas
3614 2468 3871 2522 adhibere

2294 2561 2608 2616 custodiam.
2640 2561 2793 2615 Vices
2833 2555 3013 2631 itaque
3057 2568 3270 2614 nostras
3297 2575 3391 2627 per
3422 2552 3643 2628 regnum
3688 2557 3869 2612 dilecti

2298 2662 2350 2709 et
2381 2653 2671 2720 spiritualis
2718 2654 2808 2707 filii
2857 2652 3023 2708 nostri
3071 2651 3344 2713 Ciodo'ei,
3370 2665 3530 2719 quem
3562 2664 3751 2715 nuper,
3781 2650 3872 2699 ad-

2302 2743 2649 2797 miniculante
2678 2759 2906 2811 superna
2938 2743 3129 2812 gratia,
3160 2743 3401 2809 plurimis
3430 2750 3483 2795 et
3510 2740 3869 2809 apostolorum

2300 2836 2630 2902 teruporibus
2658 2834 3050 2903 a-quiparandis
3070 2834 3346 2902 signorum
3380 2831 3652 2885 miraculis
3682 2831 3873 2899 praedi-

2297 2929 2559 2983 cationem
2587 2925 2914 2980 salutiferam
2946 2923 3445 2990 concomitau'ibus,
3475 2922 3541 2976 ad
3571 2920 3726 2974 fidem
3757 2935 3875 2972 rum

2298 3030 2456 3088 gente
2504 3024 2705 3089 inteng
2737 3018 3065 3079 convenisti,
3099 3028 3150 3070 et
3179 3015 3316 3069 sacri
3362 3015 3501 3069 dono
3547 3013 3877 3081 baptismatis

2300 3109 2672 3171 eonsecrasti,
2723 3111 2887 3162 salvis
2936 3106 3225 3176 privilegiis
3272 3119 3390 3170 qua:
3452 3102 3876 3171 metropolitanis

2225 3223 2271 3287 ρ
2301 3201 2537 3256 decrevit
2584 3200 2903 3267 antiquitas,
2934 3196 3182 3266 prmsenti
3232 3194 3547 3249 auctoritate
3590 3190 3876 3244 committi-

2303 3306 2421 3345 mus
2446 3309 2455 3342 :
2481 3300 2737 3359 augentes
2768 3288 2924 3342 studii
2959 3287 3115 3353 hujus
3145 3283 3547 3353 participatione
3596 3278 3877 3334 ministerii

2301 3385 2635 3454 dignitatem.
2675 3382 2973 3436 relevantes
3005 3385 3211 3431 nostras
3238 3375 3477 3445 ejusdem
3509 3371 3742 3429 remedio
3772 3370 3877 3422 diu

2303 3475 2631 3545 pensationis
2662 3472 2933 3528 excubias.
2974 3471 3037 3524 Et
3066 3470 3191 3523 licet
3219 3468 3286 3521 de
3328 3466 3552 3535 singulis
3599 3479 3704 3519 non
3743 3462 3879 3515 indi-

2298 3581 2423 3635 geas
2450 3565 2685 3627 edoceri,
2713 3578 2742 3616 a
2768 3578 2875 3632 quo
2891 3562 2999 3630 jam
3030 3558 3372 3629 probavimus
3393 3556 3601 3611 acutius
3629 3555 3875 3609 universa

2300 3654 2533 3718 servari,
2572 3654 2771 3722 gratius
2818 3661 2994 3705 tamen
3039 3665 3159 3704 esse
3203 3649 3359 3711 solet,
3388 3648 3431 3700 si
3481 3647 3635 3699 ituris
3683 3631 3881 3697 trames

2301 3745 2623 3810 ostenditur,
2650 3753 2705 3799 et
2733 3742 3050 3797 laboraturis
3083 3740 3297 3807 injuncti
3325 3736 3504 3805 operis
3533 3736 3699 3789 forma
3730 3749 3881 3787 mon-

2300 3845 2517 3889 stratur.
2555 3836 2809 3889 Pateruas
2839 3834 2998 3901 igitur
3026 3832 3236 3900 regulas
3266 3837 3320 3884 et
3347 3828 3559 3881 decreta
3602 3826 3884 3879 sanctissi-

2303 3927 2405 3982 mis
2432 3927 2656 3980 diflinita
2699 3924 2938 3979 conciliis
2966 3923 3033 3975 ab
3062 3921 3313 3976 omnibus
3354 3915 3612 3972 servanda
3655 3916 3882 3968 manda-

2305 4034 2440 4071 mus.
2470 4017 2523 4070 ln
2549 4017 2630 4070 his
2646 4016 2968 4085 vigilantiam
2994 4023 3153 4076 tuam,
3177 4012 3229 4065 in
3254 4011 3336 4064 his
3352 4024 3535 4063 curam
3553 4014 3608 4062 et
3630 4006 3884 4060 fraternae

2305 4109 2501 4163 monia
2565 4107 2951 4163 exhortationis
3010 4103 3362 4158 ostendimus.
3428 4102 3517 4153 llis
3573 4114 3634 4154 ea
3681 4109 3877 4168 quanta

2303 4200 2520 4266 dignum
2570 4208 2654 4253 est
2701 4197 2995 4251 reverentia
3043 4193 3341 4259 cusmditis,
3383 4191 3586 4244 nullum
3642 4189 3885 4255 relinquit

2304 4291 2475 4362 culpa:
2522 4291 2696 4345 locum
2736 4299 2932 4344 sancta:
2970 4285 3360 4342 observationis
3398 4279 3754 4337 obstaculum.
3807 4280 3882 4333 Ibi

2307 4384 2382 4435 fas
2433 4382 2685 4457 nefasque
2732 4380 3104 4449 praescriptum
3157 4384 3277 4441 est,
3329 4375 3398 4429 ibi
3446 4372 3773 4442 prohibitum
3819 4370 3885 4422 ad

2305 4472 2446 4541 quod
2500 4472 2676 4525 nullus
2720 4470 2913 4524 audeat
2955 4468 3229 4537 aspirare,
3260 4466 3332 4520 ibi
3380 4475 3692 4520 concessum
3744 4459 3886 4522 ιμιιιά

621 4567 858 4612 "aurum
891 4552 1170 4607 manifesm
1210 4548 1524 4644 τθνθτθηψξ
1570 4555 1759 4644 “sui”
1790 4544 2003 4644 ,Γθθίδδθ
2050 4545 2202 4598 “¹“’ί“
2237 4587 2280 4644 η
2308 4564 2499 4618 debeat
2529 4562 2639 4616 Deo
2670 4562 2921 4630 placitura
2960 4574 3303 4629 prtesumere.
3337 4555 3594 4623 QuOtieus
3625 4552 3887 4604 universa:

627 4663 743 4703 lllllS
769 4665 781 4700 τ
812 4646 907 4702 sed
939 4661 1082 4700 nunc
1111 4643 1358 4697 omnibus
1394 4641 1548 4694 nobis
1588 4638 1890 4708 pretiosius,
1923 4646 1977 4691 et
2002 4638 2068 4691 de
2099 4652 2203 4703 quo

623 4741 855 4793 maxime
888 4738 1133 4792 noctibus
1170 4746 1222 4789 et
1251 4733 1441 4787 diebus
1487 4733 1680 4785 bonum
1726 4731 1968 4784 nuntium
2014 4730 2081 4784 de
2123 4731 2204 4784 his

622 4830 709 4899 qui
742 4829 810 4882 ab
840 4827 1206 4881 amantissimo
1241 4824 1480 4890 principe
1510 4832 1610 4876 cta
1652 4821 1805 4874 nobis
1841 4821 2027 4877 directi
2082 4829 2205 4875 sunt

622 4921 686 4974 ad
718 4930 948 4975 vestram
988 4916 1369 4973 beatitudinem
1415 4915 1523 4969 Deo
1560 4912 1813 4968 amabiles
1854 4914 2035 4981 legati,
2074 4913 2206 4967 ami-

625 5028 740 5065 cam
768 5012 879 5065 Deo
913 5025 1096 5077 pacem
1135 5008 1463 5072 nuntiantes,
1508 5016 1560 5058 rt
1591 5005 1766 5058 omnia
1807 5005 2200 5073 pulchritudine

623 5104 816 5155 decora
847 5102 1103 5154 unitatem
1137 5110 1439 5154 sanctarum
1472 5097 1831 5153 Ecclesiarum
1880 5099 2203 5152 annuntian-

625 5250 650 5276 υ
690 5250 1009 5292 onsenvnto
1048 5251 1095 5288 P.
1138 5252 1342 5289 asrosu
1387 5251 1499 5333 PAF-Pl
1543 5251 1606 5288 an
1648 5250 1771 5287 axx.
1819 5248 2021 5287 cumsrt
2062 5235 2200 5301 5H,

1306 5323 1430 5359 Μῖιι.
1473 5323 1526 5358 ὅ).

699 5401 1011 5451 llincmarus
1033 5398 1083 5449 in
1112 5396 1231 5450 Vita
1259 5398 1425 5450 sancti
1452 5397 1672 5464 Remigii
1700 5396 1933 5462 episcopi
1966 5395 2204 5449 Renum-

626 5472 727 5531 εἰς,
761 5478 1036 5537 postquam
1085 5468 1277 5520 bellmn
1335 5467 1747 5537 Visigothicmn,
1778 5468 2099 5534 mi~samquu
2140 5469 2207 5522 ab

627 5535 908 5595 Anastasio
948 5540 1098 5603 Augu
1136 5550 1187 5588 to
1238 5538 1548 5603 legationem
1582 5537 1633 5588 in
1666 5535 1941 5589 Franciam
1975 5554 2198 5589 enarra-

628 5612 719 5673 vit,
752 5612 858 5679 agit
888 5612 953 5663 de
982 5611 1232 5663 \icat'mtu
1266 5623 1357 5659 seu
1390 5609 1455 5679 de
1481 5606 1716 5679 Primatu
1761 5608 1913 5671 hujus
1958 5610 2202 5676 pra:th

631 5695 724 5747 per
761 5676 1062 5732 universum
1114 5695 1331 5731 remum
1377 5678 1629 5731 (Ilotlovci
1681 5676 2003 5728 lt‘rancurnm
2040 5680 2198 5739 regis,

628 5746 784 5813 quem
815 5750 1037 5816 ipsemet
1062 5752 1263 5811 primm.
1289 5766 1349 5801 ex
1375 5747 1604 5800 aruhivis
1634 5746 1881 5799 Ecclesia:
1910 5762 2017 5799 sue
2042 5757 2199 5809 eruit,

632 5818 881 5885 illiusque
913 5820 1165 5884 originem
1206 5817 1519 5881 llormisdse,
1551 5816 1638 5885 qui
1674 5816 1771 5867 hoc
1822 5831 1960 5869 anno
1990 5817 2204 5881 poutdi-

2315 4656 2484 4724 poscit
2531 4653 2803 4723 religionis
2846 4666 3005 4706 causa
3056 4648 3363 4711 concilium,
3394 4660 3446 4702 te
3491 4644 3667 4700 cuncti
3699 4642 3889 4695 fratres

2312 4755 2571 4800 evocante
2616 4744 2971 4805 conveniant,
3018 4752 3073 4796 ct
3127 4741 3170 4795 si
3219 4753 3351 4809 quos
3403 4751 3589 4793 eorum
3642 4730 3892 4801 specialis

2312 4836 2505 4906 negetii
2534 4836 2706 4903 pulsat
2737 4834 2981 4900 intentio,
3012 4833 3183 4902 jnrgia
3223 4833 3361 4884 inter
3397 4827 3491 4882 eo's
3529 4826 3717 4880 oborta
3743 4837 3892 4876 com-

2313 4942 2493 4993 pesce,
2520 4925 2759 4979 discussa
2787 4938 2937 4977 sacra
2984 4925 3095 4990 lege
3140 4918 3547 4974 determinando
3577 4913 3890 4968 certamina.

2310 5015 2572 5085 Quidquid
2605 5024 2779 5068 autem
2808 5014 2915 5067 illic
2948 5028 3044 5081 pro
3069 5012 3172 5067 ﬁde
3198 5020 3251 5065 et
3273 5009 3494 5064 veritate
3514 5005 3890 5063 constitutum,

2312 5107 2400 5160 vel
2430 5105 2645 5174 provida
2696 5105 3096 5179 dispensatione
3144 5109 3492 5171 prmceptum,
3526 5097 3606 5151 vel
3652 5110 3895 5165 persona:

2309 5251 2483 5293 catum
2531 5241 2826 5293 Rmnanum
2861 5238 3114 5307 suscepit,
3152 5246 3422 5307 acceptam
3454 5232 3635 5287 refert.
3671 5229 3738 5284 At
3768 5244 3890 5283 cum

2309 5325 2513 5364 certum
2564 5312 2632 5363 sit
2662 5310 2968 5363 Clodoveum
3024 5304 3094 5359 ad
3149 5304 3443 5359 llormisdm
3496 5313 3737 5365 tempora
3788 5316 3891 5351 nun

2313 5382 2644 5448 pervenisse,
2685 5391 2891 5446 sumpta
2940 5381 3062 5431 inde
3105 5379 3172 5429 ab
3219 5374 3485 5442 aliquibus
3546 5370 3674 5448 viris
3722 5370 3897 5421 doctis

2315 5439 2442 5504 ansa
2472 5439 2821 5505 existimandi
2840 5466 2954 5502 eam
2992 5448 3262 5499 historiam
3297 5439 3716 5497 commentitiam
3748 5454 3891 5498 esse,

2314 5521 2543 5587 indeque
2573 5523 2713 5572 Varia
2749 5521 2942 5585 scripta
2969 5519 3091 5570 hinc
3125 5517 3246 5567 inde
3271 5514 3538 5587 prodiere.
3570 5511 3894 5587 Sirtnontlus

2312 5580 2596 5657 epis'Iolam
2639 5592 2781 5642 illam
2836 5580 3127 5640 llormisdus
3160 5586 3221 5635 :nl
3251 5580 3562 5657 Remigium
3592 5596 3618 5632 a
3653 5580 3892 5657 conciliis

2311 5649 2599 5714 Gallicanis
2630 5660 2842 5724 reiecit,
2878 5661 3183 5723 rmllmnque
3215 5655 3328 5719 ejus
3372 5649 3635 5706 rationem
3686 5649 3888 5702 habuit.

2384 5756 2401 5775 ⁶
2434 5752 2507 5805 Ex
2542 5750 2734 5804 Labbei
2774 5750 3042 5819 Appennl.,
3076 5757 3206 5801 tom.
3240 5746 3328 5800 IV.
