4248 6260
382 358 487 412 5‘25

1578 350 1930 407 EPISTOI.E
1969 350 2053 404 ΕΤ
2096 349 2432 404 DECRETA.
2466 368 2474 373 ’

3526 355 3630 409 ὕὶϐ

3647 424 3657 440 δ

378 481 574 525 nostra
628 469 941 521 auctoritate
994 466 1150 521 fuerit
1205 466 1605 528 conﬁrmatum,
1654 474 1820 517 totum
1880 463 1944 516 ad
1979 468 2021 520 Α
2058 462 2482 531 religiosissimus
2508 464 2801 532 imperator
2821 465 3128 519 meritorum
3160 480 3374 520 suorum
3400 466 3621 536 gloriam

377 562 656 615 scienti-im
704 568 936 610 nostram
978 558 1247 611 instructa
1294 556 1568 610 relationis
1613 555 1951 608 attestaiioue

376 652 677 720 perveniat.
711 650 785 703 Eo
814 651 903 703 ﬁet
928 659 982 702 ιιι
1006 658 1061 704 et
1091 658 1271 713 noster
1296 649 1503 701 animus
1530 646 1687 700 ofﬁcii
1728 648 1951 701 Caritate

374 743 507 803 dati,
536 750 593 795 et
633 750 754 793 tuus
797 740 1083 793 securitate
1122 740 1420 806 perfruatur
1462 738 1685 804 accepti.
1718 737 1856 790 Deus
1901 745 1952 790 te

376 831 701 888 incolumem
737 830 1021 891 custodiat,
1055 830 1216 882 frater
1246 829 1537 881 carissime.

450 984 726 1039 (tieminas
772 993 1053 1047 sequentes
1101 981 1353 1049 epistolas
1401 980 1634 1032 nonduin
1674 980 1854 1049 editas
1900 980 1951 1031 in

377 1055 694 1107 collectione
741 1054 988 1107 Avellaua
1021 1048 1146 1119 quas
1168 1053 1471 1104 continetur
1507 1052 1556 1100 iu
1584 1048 1769 1102 codice
1805 1048 1955 1101 Vati-

377 1140 514 1175 cano
554 1124 687 1177 496i
740 1125 877 1176 nacti
925 1120 1169 1174 Batlerini
1201 1136 1291 1173 eas
1321 1121 1582 1173 dederunt
1614 1120 1665 1170 in
1695 1120 1955 1171 disserta-

378 1196 525 1245 tione
555 1194 828 1261 przemissa
858 1204 984 1245 tom.
1007 1192 1068 1244 Ill
1091 1205 1311 1257 Operam
1342 1189 1514 1242 sancti
1540 1189 1731 1261 Leonis
1759 1189 1951 1256 Magni,

378 1279 501 1332 pag.
531 1259 723 1325 euri,
754 1272 859 1316 etc.
905 1263 980 1315 Ex
1010 1261 1091 1315 his
1120 1276 1247 1330 ergo
1276 1262 1378 1313 huc
1407 1259 1850 1325 transieruntur.)

455 1393 764 1446 llortnisda.

450 1485 586 1534 Cum
635 1495 856 1535 necesse
899 1478 1056 1533 fuerit
1100 1477 1296 1546 scripta
1325 1477 1543 1531 domino
1587 1476 1696 1529 ﬁlio
1724 1476 1957 1530 clemen-

381 1575 589 1627 tissimo
640 1571 863 1639 principi
916 1569 1216 1633 destinari,
1266 1569 1668 1637 amplitudinem
1727 1578 1957 1623 vestram

382 1665 599 1720 silentio
661 1661 932 1737 przcterire
964 1660 1279 1731 .ni-qninins.
1349 1662 1415 1715 Et
1454 1660 1576 1715 ideo
1622 1660 1956 1715 salutationis

382 1758 844 1813 honorificentiam
890 1754 1278 1823 praeloquentes
1312 1767 1407 1807 eos
1449 1753 1537 1821 qui
1569 1753 1619 1806 in
1648 1768 1759 1806 rem
1787 1751 1954 1806 desti-

2057 556 2221 621 possit
2248 555 2364 608 sine
2387 554 2642 608 dilatione
2669 569 3017 624 cognoscere.

2125 663 2363 717 Justinus
2392 662 2662 730 Augustus
2692 665 3012 718 llormisdse.

2127 751 2391 806 Illustrctti
2440 754 2610 806 virum
2660 755 2964 822 episcopum
3008 756 3072 809 Β.
3100 768 3251 825 grato
3297 762 3637 829 suscepimus

2056 844 2233 898 animo
2264 860 2369 897 non
2403 861 2498 914 pro
2528 832 2728 900 honore
2758 856 2961 900 tantum
3005 849 3093 916 qui
3122 850 3347 904 debetur
3373 852 3635 906 sacerdo-

2058 934 2229 998 tibus,
2260 949 2444 988 verum
2474 937 2633 989 etiam
2664 951 2758 1005 pro
2786 937 2976 992 allecto
3006 947 3198 992 vestra:
3234 942 3636 996 sanctitudinis.

2057 1024 2186 1078 Nam
2216 1027 2518 1095 quicunque
2562 1038 2651 1082 tuo
2698 1026 3071 1097 comprobatus
3095 1030 3301 1098 judicio
3344 1032 3521 1099 fuerit,
3550 1042 3634 1088 est

2058 1115 2195 1183 apud
2241 1131 2338 1171 nos
2384 1117 2542 1171 etiam
2585 1118 2854 1186 judicatus
2902 1120 3329 1188 probatissimos.
3364 1124 3439 1179 De
3470 1141 3630 1194 Opera

2059 1216 2236 1260 tamen
2288 1217 2343 1262 et
2395 1208 2608 1268 favore,
2651 1210 2739 1277 qui
2794 1212 3147 1265 sacrosanctis
3198 1214 3504 1267 interendns
3551 1228 3632 1270 est

2057 1298 2229 1350 eccles
2253 1296 2317 1359 is,
2365 1307 2491 1351 tunc
2534 1298 2749 1353 demum
2794 1303 3144 1369 opportunius
3185 1312 3471 1369 statuetur,
3509 1320 3629 1359 cum

2061 1389 2237 1455 legati,
2262 1404 2396 1458 quos
2431 1406 2605 1458 nuper
2630 1392 2694 1444 ad
2727 1406 2905 1461 regem
2946 1395 3280 1462 magnificum
3312 1384 3633 1453 Trasamun¥

2059 1478 2184 1531 dum
2213 1479 2511 1534 destinasse
2544 1483 2836 1545 nascimur,
2868 1487 3068 1538 reversi
3104 1487 3326 1553 propitia
3350 1487 3633 1542 Divinitate

2063 1582 2378 1635 responsum
2418 1570 2573 1623 nobis
2599 1571 2909 1627 detulerint.
2946 1574 3128 1628 Vestra
3158 1586 3332 1630 autem
3366 1578 3634 1633 beatitudo

2061 1672 2351 1727 supernum
2411 1661 2561 1715 nobis
2615 1664 2927 1730 pra-sidium
2980 1666 3259 1723 indefessis
3306 1670 3635 1725 orationibus

2064 1751 2336 1816 postulare
2360 1750 2623 1820 dignetur.
2670 1754 2801 1807 Data
2850 1771 2919 1809 sv
2945 1756 3048 1810 cal.
3106 1758 3450 1825 Decembris,
3493 1762 3636 1813 Con-

383 1848 490 1901 nati
536 1855 683 1910 sunt,
726 1818 1178 1900 commendamus.
1231 1818 1562 1912 postulantes
1607 1850 1665 1894 ut
1686 1884 1701 1909 ,
1745 1841 1960 1894 domino
1994 1818 2038 1876 Β
2066 1818 2433 1906 stantinopoli,
2464 1841 2680 1897 domino
2708 1844 2917 1900 Jusﬁno
2948 1860 3202 1915 perpetuo
3228 1818 3463 1919 Augusto
3495 1852 3635 1922 (sup-

384 1949 570 1993 nostro
598 1947 838 2005 auctore,
869 1936 969 1990 sub
1013 1945 1188 1990 vestra
1237 1936 1586 2002 dispositione
1625 1934 1876 1987 celeriter
1907 1940 1962 1985 ut

388 2029 514 2102 (leg.
546 2027 638 2096 ad)
671 2028 933 2082 destinata
980 2027 1324 2095 perveniant,
1373 2036 1430 2078 ιιι
1477 2023 1868 2078 saeratissimus
1909 2031 1962 2073 ιιι

2070 1932 2153 1997 ple
2191 1946 2328 1995 ros.,
2365 1932 2416 1987 id
2466 1944 2547 1987 est
2590 1950 2729 1990 anno
2772 1937 2933 2004 5l9),
2985 1950 3198 2003 accepta
3242 1958 3289 1995 XI
3333 1945 3434 1995 cal.
3496 1942 3637 1997 Junii

2072 2021 2293 2079 Rustico
2321 2038 2456 2090 cos.,
2490 2025 2539 2078 id
2573 2039 2653 2080 est
2681 2044 2767 2079 an.
2801 2028 2925 2082 520.

1318 2213 1764 2290 DECRETA
1819 2214 2357 2293 HORMISDA‘]
2438 2219 2706 2335 ΡΑΡᾸΕ

1650 2344 1728 2383 EX
1774 2344 1853 2385 GR
1866 2346 2091 2390 ΔΤῙΔΝΟ
2135 2349 2493 2393 ΒΕΒῸΜΡΤΔρ

828 2480 1195 2546 DECRE'I‘UM
1236 2489 1503 2543 Ριιιιιυιι

389 2584 490 2649 Qui
517 2588 586 2634 ad
616 2583 956 2651 pomitent'mu
977 2580 1225 2641 uqendam
1254 2580 1305 2630 in
1329 2580 1630 2651 monas'erio
1656 2581 1963 2647 recluditur,

826 2653 1084 2720 presbyter
1119 2665 1219 2702 non
1249 2650 1526 2702 ordinetur.

459 2743 515 2797 Si
556 2742 646 2796 ille
675 2742 762 2810 qui
795 2741 934 2794 ultro
979 2739 1105 2806 petit
1146 2738 1535 2806 ptenitentiam,
1560 2739 1803 2807 quamvis
1843 2756 1960 2796 eam

386 2832 624 2902 perfecte
672 2839 825 2900 agat,
857 2845 960 2882 non
1009 2836 1181 2895 potest
1227 2827 1510 2896 cpiscopus
1550 2837 1641 2882 aut
1685 2830 1963 2903 presbyter

387 2924 644 2984 ordinari,
680 2924 748 2975 ita
797 2930 853 2975 ut
891 2920 1099 2974 etiamsi
1149 2934 1244 2987 per
1289 2917 1642 2986 ignorantiam
1687 2921 1968 2977 ordinatus

387 3014 570 3079 fuerit,
599 3023 651 3067 et
682 3020 863 3082 postea
903 3010 1235 3065 convincitur
1270 3010 1637 3079 paenitentiam
1669 3013 1963 3082 accepisse,

385 3106 666 3172 dejiriatnr
705 3122 718 3157 :
760 3104 850 3157 ille
898 3118 1025 3170 ergo
1074 3105 1162 3172 qui
1219 3104 1416 3156 invitus
1470 3102 1535 3155 ad
1597 3104 1963 3172 paenitentiam

387 3197 645 3266 agendam
697 3194 922 3248 mitti'ur
950 3196 1000 3247 in
1033 3194 1414 3247 m0uasterium
1453 3194 1575 3264 (qui
1620 3194 1799 3263 utique
1838 3196 1967 3250 nihil

384 3286 534 3340 aliud
568 3300 724 3351 quam
756 3284 1023 3351 paenitens
1054 3282 1309 3337 dicendus
1344 3282 1482 3350 est),
1512 3297 1612 3349 qua
1642 3282 1966 3337 conscientia

386 3379 455 3432 ad
502 3372 859 3431 sacerdotium
909 3376 1186 3443 pervenire
1228 3375 1589 3444 permittitur?
1632 3375 1798 3429 Nemo
1838 3377 1967 3430 mihi

387 3468 518 3522 talia
545 3466 793 3537 quaelibet
833 3474 1016 3521 contra
1060 3466 1434 3519 auctoritatem
1461 3464 1609 3519 sedis
1643 3466 1967 3535 apostolica,

389 3560 476 3614 vel
504 3569 688 3613 contra
718 3566 1080 3613 trecentorum
1120 3557 1303 3611 decem
1336 3564 1391 3611 et
1428 3565 1551 3610 octo
1598 3555 1968 3625 episcoporum

390 3659 447 3706 et
498 3650 819 3717 reliquorum
869 3664 1135 3704 canowm
1204 3650 1492 3702 constituta
1554 3648 1771 3716 objiciat
1804 3665 1814 3700 :
1848 3650 1968 3717 quia

391 3742 647 3812 quidquid
702 3752 883 3796 contra
943 3741 1154 3794 illorum
1216 3740 1624 3804 deﬁnitionem,
1675 3739 1726 3792 in
1779 3740 1971 3808 quibus

391 3834 650 3903 Spiritum
681 3841 923 3887 sanctum
954 3831 1225 3887 credimus
1257 3830 1514 3894 locutum,
1542 3829 1742 3884 dictum
1788 3829 1967 3911 fuerit,

390 3925 654 3994 recipere,
685 3940 789 3977 non
831 3925 1004 3979 solum
1054 3922 1423 3983 temerarium,
1448 3920 1543 3975 sed
1571 3922 1733 3975 etiam
1768 3920 1969 3989 pericu—

392 4018 565 4073 losum
592 4031 713 4073 esse
740 4032 842 4070 non
888 4014 1071 4070 dubito
1100 4012 1255 4084 (Dist.
1290 4011 1376 4076 50,
1410 4012 1472 4066 Si
1508 4012 1596 4064 ille
1627 4010 1755 4080 qui).

943 4103 1316 4160 DECRETUM
1358 4102 1417 4157 ll.
1484 4112 1502 4130 ⁸

641 4196 866 4262 Nuptias
895 4197 1121 4250 occultas
1164 4195 1420 4248 celebrare
1460 4209 1563 4247 non
1593 4194 1729 4248 licet.

466 4288 653 4343 Nullus
698 4287 905 4353 ﬁdelis,
951 4286 1314 4354 cujuscunque
1362 4284 1688 4339 conditionis
1736 4284 1843 4349 sit,
1878 4299 1968 4338 oc-

394 4381 537 4435 culte
586 4380 794 4447 nnptias
844 4378 1038 4443 faciat,
1086 4377 1180 4433 sed
1236 4378 1612 4433 benedictione
1678 4387 1895 4446 accepta
1943 4393 1973 4431 a

396 4470 697 4531 sacerdote,
730 4468 935 4534 publice
982 4468 1148 4522 nubat
1189 4467 1242 4521 in
1285 4468 1512 4522 Domino
1555 4468 1671 4537 (50,
1709 4476 1882 4533 qud’sl.
1918 4469 1975 4532 5,

398 4558 593 4613 Nullus
621 4558 786 4626 ﬁdelis
802 4560 844 4625 ).

943 4644 1313 4699 DECRETUM
1354 4644 1440 4699 lll.

749 4736 925 4790 Pelea.
960 4736 1104 4790 Idem
1136 4737 1349 4791 Eusebio
1376 4737 1633 4806 episcopo.

467 4828 579 4881 Tua
595 4829 848 4881 sanctitas
867 4827 1145 4894 requisivit
1159 4842 1188 4880 a
1204 4827 1380 4889 nobis,
1398 4826 1561 4879 frater
1575 4822 1895 4883 venerande,
1912 4822 1979 4874 de

399 4917 509 4973 lilio
521 4917 760 4973 adultero
783 4917 873 4991 [F.
903 4917 1104 4988 adulto]
1119 4932 1272 4983 quem
1288 4914 1845 4985 pater'matrimonium
1863 4928 1984 4967 con-

398 5009 613 5063 trahere
630 5008 759 5071 vult,
782 5012 826 5061 si
842 5008 957 5061 sine
978 5008 1252 5062 voluntate
1277 5007 1367 5060 ﬁlii
1392 5006 1553 5061 adulti
1578 5006 1749 5060 facere
1771 5012 1939 5067 potest
1964 5020 1977 5066 ;

398 5096 464 5150 ad
486 5097 630 5164 quod
652 5097 916 5151 dicimus:
940 5098 995 5153 Si
1015 5097 1197 5165 aliqua
1218 5096 1375 5149 modo
1397 5112 1501 5148 non
1524 5095 1791 5150 consentit
1817 5094 1977 5155 illius,

400 5190 511 5242 tieri
538 5204 647 5243 non
677 5203 855 5258 posse.
879 5189 1060 5243 Potest
1088 5199 1263 5244 autem
1291 5190 1357 5242 (le
1380 5188 1490 5242 tilio
1512 5188 1745 5240 nondum
1772 5186 1976 5248 adulto,

398 5282 647 5338 voluntas
683 5283 835 5352 cujus
881 5284 1115 5339 nondum
1166 5284 1398 5338 discerni
1448 5292 1641 5351 potest,
1682 5290 1832 5351 pater
1857 5295 1977 5336 eum

398 5374 483 5427 cui
516 5373 627 5427 vult
656 5374 710 5427 in
738 5374 1133 5427 matrimonium
1186 5373 1416 5437 tradere,
1450 5382 1504 5426 i-t
1530 5382 1805 5441 postquam
1840 5372 1983 5425 ﬁlius

400 5468 707 5534 pervenerit
733 5468 799 5523 ad
843 5471 1127 5537 perfectam
1172 5456 1651 5529 tetateui,omnino
1693 5467 1982 5518 observare

397 5566 451 5612 et
474 5558 773 5629 adimplere
798 5560 978 5618 debet.
1004 5560 1116 5616 Hoc
1143 5561 1210 5615 ab
1238 5559 1488 5614 omnibus
1513 5555 1826 5611 orthodoxa:
1858 5554 1977 5608 fidei

1910 2438 2253 2451 -—-—-——_

2069 2498 2383 2564 cultoribus,
2426 2499 2688 2554 sancitum
2714 2514 2743 2553 a
2776 2501 2949 2565 nobis,
2987 2503 3277 2557 tenendum
3332 2506 3641 2560 mandamus

2069 2592 2185 2659 (51,
2214 2594 2470 2661 quiest.‘2,
2498 2591 2611 2647 Tua
2640 2593 2937 2662 sanctitas).

2602 2682 2972 2738 DECRETUM’
3011 2684 3097 2741 IV.
3480 2723 3511 2754 .

2068 2761 2264 2831 Absque
2308 2762 2535 2831 episcOpi
2591 2762 2841 2830 permissu
2880 2765 2933 2815 in
2974 2765 3181 2819 ecclesia
3212 2776 3503 2822 consecrata
3539 2787 3637 2824 non

2638 2834 2864 2898 erigatur
2887 2836 3067 2885 altare.

2147 2918 2329 2974 Nullus
2366 2921 2640 2990 presbyter
2668 2922 2720 2975 in
2752 2923 2973 2976 ecclesia
3018 2937 3329 2979 consecrata
3374 2929 3515 2982 aliud
3557 2931 3638 2983 al-

2073 3021 2186 3065 tare
2212 3012 2400 3081 erigat,
2434 3013 2538 3066 nisi
2569 3012 2708 3080 quod
2753 3012 2821 3065 ab
2847 3014 3099 3082 episcopo
3128 3017 3226 3070 loci
3256 3017 3413 3072 fuerit
3439 3023 3638 3075 sancti-

2074 3102 2284 3155 ﬁcatum
2318 3103 2394 3171 (a)
2426 3104 2507 3157 vel
2551 3103 2889 3170 permissum,
2920 3114 2978 3157 ut
3006 3106 3075 3160 sit
3100 3107 3352 3162 discretio
3390 3112 3528 3166 inter
3556 3128 3642 3165 sa-

2071 3206 2222 3245 crum
2263 3201 2318 3247 et
2354 3207 2459 3246 non
2503 3207 2747 3259 sacrum;
2780 3210 2878 3248 nec
2908 3194 3294 3253 dedicationem
3328 3201 3511 3272 ﬁngat,
3540 3206 3641 3259 nisi

2071 3282 2157 3336 sit.
2190 3283 2341 3348 Quod
2384 3283 2427 3337 si
2478 3276 2681 3347 fecerit,
2721 3285 3066 3354 degradetnr,
3097 3288 3140 3342 si
3184 3291 3232 3345 rl
3269 3293 3409 3347 ricus
3453 3305 3563 3359 est;
3596 3298 3642 3349 si

2072 3388 2200 3429 vero
2228 3373 2413 3433 laicus,
2444 3374 2941 3433 auathematizetur.

2299 3466 2389 3521 ex
2428 3465 2762 3523 DOCTRINA
2808 3470 3174 3527 ltORMlSD/E
3215 3452 3415 3529 eam

2756 3564 2874 3603 CAP.
2904 3565 2975 3603 ιν.

2551 3626 2732 3676 Burch.
2760 3626 2844 3678 lib.
2868 3642 2934 3690 Iv,
2961 3642 3074 3691 cap.
3090 3632 3166 3681 57.

2145 3708 2202 3764 Si
2245 3672 2366 3778 quis
2419 3672 3363 3782 bapti—zat,aui'aliquodvdivinum
3414 3717 3644 3772 ofﬁcium

2075 3799 2374 3854 exercuerit
2392 3814 2485 3866 per
2501 3800 2881 3865 temeritatem,
2898 3816 3003 3856 non
3029 3803 3304 3859 ordinatur
3319 3804 3410 3878 [F.
3432 3809 3647 3863 ordina-

2079 3893 2180 3965 tus]
2204 3936 2219 3958 ,
2253 3895 2534 3964 abjiciatur
2561 3894 2629 3949 ab
2659 3894 2891 3951 Ecclesia
2914 3938 2930 3958 ,
2963 3907 3015 3951 et
3046 3914 3313 3966 nunquam
3342 3903 3633 3961 ordinetur.

2313 4001 2703 4047 οιιςειινηιο
2734 4006 2967 4048 PHILIP!
2998 4007 3222 4062 LABBE,
3255 4010 3307 4051 ε.
3349 4011 3406 4051 εἰ.

2147 4086 2309 4139 Certo
2360 4085 2556 4154 certius
2604 4088 2772 4140 visum
2824 4104 3036 4154 semper
3085 4090 3182 4141 fuit
3232 4090 3358 4143 viris
3391 4091 3648 4144 hactenus

2076 4156 2347 4229 eruditisa
2367 4153 2581 4210 Gelasio
2602 4172 2812 4211 summo
2836 4160 3086 4229 pontitice
3110 4160 3159 4211 in
3185 4159 3389 4229 synodo
3416 4161 3650 4213 Romana

2079 4228 2147 4282 70
2178 4225 2549 4295 episcoporum
2580 4233 2835 4292 scriptum
2870 4228 3031 4281 fuis-e
3059 4225 3331 4282 decretum
3361 4231 3479 4283 sive
3509 4231 3647 4283 noti.

2079 4298 2204 4349 tiam
2236 4296 2303 4349 de
2342 4296 2488 4348 libris
2518 4297 2687 4350 sacris
2730 4310 2783 4351 et
2827 4299 3145 4364 apocryphis
3171 4316 3182 4349 :
3209 4300 3381 4365 cujus,
3408 4308 3467 4351 ιιι
3492 4306 3653 4352 omit-

2078 4376 2183 4419 tam
2216 4365 2631 4419 innumerabiles
2666 4367 2879 4417 rodzres
2922 4366 3312 4429 niauuscriptos
3352 4371 3650 4422 vetustissi—

2080 4451 2195 4488 mos
2225 4451 2286 4487 ac
2316 4437 2594 4498 praecipuzi-
2617 4435 2955 4501 dignationis,
2978 4444 3033 4503 ιιι
3062 4436 3171 4496 ipse
3196 4436 3443 4489 Nicolans
3475 4438 3491 4490 1
3521 4454 3653 4503 papa

2080 4506 2322 4557 meminit
2343 4504 2561 4571 epistola
2586 4504 2652 4557 42
2673 4504 2736 4556 ad
2761 4519 2945 4556 omnes
2966 4502 3149 4557 Galliae
3170 4506 3447 4572 episcopos
3470 4502 3651 4565 nii~sa.

2084 4576 2164 4627 liis
2215 4574 2392 4626 verbis
2425 4588 2436 4622 :
2468 4572 2724 4626 Consonal
2777 4582 2946 4624 autem
3002 4572 3122 4623 huic
3169 4574 3451 4626 beatissimo
3506 4593 3654 4643 popa:

2087 4644 2239 4695 Leoni
2278 4653 2482 4695 sanctus
2524 4654 2568 4695 et
2611 4644 2999 4710 facundissimus
3030 4644 3081 4694 in
3110 4643 3323 4695 decretis
3374 4644 3475 4696 suis
3522 4662 3657 4711 papa

2082 4711 2316 4765 Gelasius
2345 4713 2416 4764 ita
2459 4714 2689 4777 inquiens
2714 4729 2730 4766 :
2759 4711 3043 4766 Decretalcs
3093 4713 3355 4776 epistolas,
3387 4730 3511 4775 quas
3541 4716 3657 4767 bea-

2087 4783 2262 4835 tissimi
2308 4797 2463 4852 paptc
2498 4784 2704 4835 dvrrsis
2748 4785 3054 4847 temporibus
3093 4785 3154 4835 de
3196 4786 3317 4836 urbe
3366 4783 3527 4835 Roma
3567 4801 3658 4851 pro

2087 4850 2393 4904 diversorum
2436 4850 2651 4903 P..trum
2691 4852 3058 4907 consultatione
3105 4854 3373 4914 det/rrum,
3402 4850 3657 4907 reiterobi-

2084 4921 2199 4974 lifer
2219 4922 2561 4990 suscipiendas
2586 4923 3036 4981 derrruiuius,etc.
3066 4923 3345 4990 Multisque
3371 4930 3489 4990 post
3509 4924 3658 4981 illttm

2086 4994 2240 5044 annis
2270 4990 2551 5046 Gratianus
2579 4992 2761 5049 retulit
2789 4993 2840 5044 in
2872 5008 3019 5043 suam
3049 4993 3469 5046 discm'dantiutn
3497 5010 3660 5047 cano-

2088 5079 2211 5115 num
2238 5062 2587 5117 Concordiam
2631 5073 2778 5127 parte
2817 5062 3008 5129 prima,
3035 5063 3372 5117 distinctione
3421 5065 3503 5127 ιδ,
3533 5080 3658 5131 cap.

2088 5133 2280 5187 Sancta
2331 5133 2557 5186 Romana
2589 5132 2838 5186 Ecclesia.
2873 5132 3067 5186 Verum
3108 5150 3209 5188 non
3249 5135 3533 5189 defuerunt
3570 5134 3657 5201 qui

2086 5220 2150 5257 ex
2173 5202 2444 5257 codicibus
2467 5205 2665 5268 aliquot
2690 5203 3061 5270 manuscriptis
3086 5221 3099 5260 :
3127 5206 3418 5271 prmsertiiu
3444 5204 3658 5257 Jurensi

2086 5290 2151 5328 ex
2184 5276 2505 5327 monasterio
2536 5274 2593 5329 S.
2624 5274 2859 5340 Engendi
2883 5317 2897 5336 ,
2944 5274 3075 5339 sive,
3115 5286 3166 5327 nt
3216 5291 3335 5328 cum
3391 5275 3546 5339 vulgo
3584 5273 3660 5324 Io-

2086 5360 2237 5410 qnar,
2270 5345 2326 5397 S.
2362 5344 2562 5395 tllaudii
2600 5353 2651 5393 et
2691 5344 3062 5410 antiquissimo
3111 5346 3321 5412 optima:
3366 5353 3507 5412 nota:
3554 5341 3657 5394 Ur-

2084 5415 2324 5478 gellcn-i,
2360 5413 2524 5479 utqui
2553 5412 2683 5464 vidit
2727 5411 3024 5477 Stephanus
3067 5414 3307 5465 Balnzius
3337 5411 3465 5464 mihi
3507 5411 3659 5462 testis

2085 5496 2188 5545 est,
2221 5484 2453 5535 tribui-re
2484 5482 2745 5535 voluerint
2787 5482 3083 5536 llormiulce
3133 5498 3296 5548 papze,
3323 5480 3412 5547 qui
3440 5495 3467 5531 a
3496 5479 3657 5532 Gela-

2086 5554 2165 5605 sio
2212 5556 2397 5605 tertius
2452 5552 2744 5605 “munitam
2796 5556 2932 5605 ruit
2990 5551 3302 5604 Ecclesium.
3367 5548 3497 5603 Vide
3538 5566 3657 5617 quae

453 5679 545 5759 .(a)
578 5680 933 5741 Burcliardus,
990 5679 1084 5731 lib.
1119 5693 1195 5737 in,
1228 5693 1343 5745 cap.
1381 5675 1464 5737 l8.
1495 5676 1545 5726 in
1593 5687 1713 5725 tneo
1743 5670 1865 5726 eod.
1896 5685 1993 5723 ms.
2040 5669 2112 5721 sic
2135 5668 2281 5736 icgil,
2315 5675 2367 5720 ct
2396 5677 2650 5734 quantum
2685 5668 2931 5721 arbitror.
2979 5664 3168 5716 melius
3203 5680 3213 5712 :
3258 5660 3333 5714 rel
3364 5662 3504 5713 illius
3545 5681 3658 5731 pcr-

397 5750 552 5801 missu
575 5751 939 5815 sanctiﬁcatum
965 5760 1056 5802 est.
1089 5750 1217 5801 iis»
1237 5763 1273 5799 t.
