4262 6264
363 357 468 410 529

1322 361 1665 415 APPENDIX
1705 360 1796 416 AD
1836 359 2206 430 EPISTULAS
2251 361 2644 416 HORMISM.

3511 366 3609 422 53C

359 470 807 545 [irruptionibus
849 480 903 526 et
945 471 1379 545 obaudirezqu‘a
1427 487 1546 524 cum
1597 473 1789 545 talibus
1827 488 1930 545 non
1963 474 2008 532 Α
2053 473 2285 545 __l€xigit
2323 473 2540 530 dilectio
2580 487 2692 541 tua,
2743 475 2906 531 frater
2948 476 3241 541 carissime,
3288 487 3607 545 praeceptum

356 539 524 603 rixas,
551 542 644 594 sed
689 557 870 608 pacem
912 558 975 594 ex
1017 544 1371 608 qualicunque
1411 553 1560 608 parte
1599 543 1796 596 babe-e
1839 543 1933 595 de-

354 609 552 660 sidero.
601 610 663 664 Et
696 612 794 664 boc
842 611 1122 675 diligen'er
1159 613 1536 664 attemleudum
1577 623 1680 666 est.
1709 613 1857 677 Quod
1888 613 1932 665 si

353 679 645 732 secundum
669 681 808 748 quod
841 682 1097 748 Scriptum
1130 694 1231 743 est,
1263 682 1333 734 illi
1363 682 1541 734 clerici
1580 697 1665 748 qu-
1695 683 1759 733 ad
1795 696 1933 733 uxo-

353 762 442 818 res
473 753 714 817 proprias
743 750 990 815 redeunt,
1027 759 1092 802 at»
1124 753 1330 818 integro
1377 752 1443 803 ab
1487 752 1664 804 ollicio
1710 761 1931 818 suSpett-

350 817 572 872 dantur.
607 819 758 884 Quod
790 821 833 872 si
863 822 1022 874 etiam
1053 821 1224 873 dicam
1257 829 1310 873 ιιι
1345 821 1788 886 internuptiarum
1809 817 1932 872 ma-

352 887 467 958 liti;
500 889 590 955 qui
639 891 818 958 utique
865 905 976 942 rem
1021 891 1218 943 licitam
1269 890 1486 950 faciunt,
1521 891 1698 942 clerici
1755 900 1929 943 tamen

351 956 587 1011 ordinari
621 956 744 1012 non
779 970 1000 1026 possunt
1037 978 1048 1013 :
1081 967 1174 1012 aut
1207 960 1251 1013 si
1284 960 1514 1012 ordinati
1559 959 1774 1020 fuerint,
1799 960 1932 1027 deji-

351 1028 582 1081 ciuntur.
639 1029 712 1084 De
752 1030 944 1096 quibus
985 1039 1203 1083 sanctus
1256 1029 1485 1082 Faustus
1543 1031 1827 1097 episcopus
1878 1033 1928 1081 iu

352 1097 574 1168 epistula
605 1113 699 1152 sua
730 1099 869 1152 dixit
901 1115 915 1152 :
947 1097 1124 1152 Perdit
1153 1100 1372 1168 gratiam
1417 1100 1717 1161 consecrati,
1748 1099 1835 1166 qui
1864 1102 1931 1151 ad

351 1166 569 1234 oﬁicium
608 1171 712 1220 i-ult
738 1168 1006 1221 exercitart’
1033 1166 1220 1221 mariti.
1265 1169 1397 1221 Cum
1429 1168 1543 1221 hate
1571 1170 1636 1221 ita
1667 1170 1799 1231 sint,
1827 1184 1928 1236 qua

351 1239 677 1291 conscientia
727 1239 951 1306 quisque
996 1237 1175 1292 dici-re
1236 1240 1433 1305 poterit
1504 1237 1645 1304 quod
1703 1239 1792 1290 ille
1838 1240 1926 1306 qui

350 1307 668 1360 adulterium
716 1309 1043 1361 commiserit
1096 1309 1284 1362 iterum
1339 1309 1404 1360 ad
1449 1310 1706 1360 bonurem
1747 1310 1930 1360 venire

351 1377 578 1441 poterit?
622 1378 730 1430 Hoc
760 1378 909 1439 loco,
943 1379 985 1430 si
1018 1378 1210 1446 aliquis
1251 1378 1408 1432 fuerit
1445 1378 1530 1444 qui
1563 1377 1705 1446 dicat
1739 1395 1750 1428 :
1795 1377 1930 1445 Ergo

350 1461 516 1512 negas
561 1447 978 1500 misericordiam
1029 1445 1142 1513 Dei,
1173 1447 1262 1516 qui
1311 1448 1446 1500 dixit
1486 1463 1501 1500 :
1538 1445 1677 1499 Nolo
1718 1459 1929 1516 mortem

358 1517 661 1580 peccatoris,
688 1517 778 1569 sed
808 1526 862 1569 ut
885 1515 1204 1570 convertatur
1228 1526 1272 1570 et
1302 1518 1469 1580 vivat;
1499 1524 1554 1570 et
1581 1517 1711 1569 illud
1736 1533 1750 1569 :
1779 1515 1931 1568 Nun-

349 1587 473 1704 Ἠιὶά
517 1589 602 1654 qui
649 1587 806 1651 cadit,
855 1603 959 1639 non
1007 1588 1215 1656 adjiciet
1259 1596 1312 1638 ut
1359 1595 1618 1655 resurgat;
1658 1597 1709 1640 et
1749 1587 1876 1639 illud
1913 1605 1923 1638 :

397 1665 599 1704 eccalar
620 1657 672 1704 in
701 1673 998 1704 auacunaue
1029 1659 1112 1704 die
1139 1672 1406 1704 conversus
1435 1657 1603 1704 fuerit-
1631 1671 1801 1704 omnes
1830 1657 1923 1704 ini-

397 1665 599 1707 eccator
620 1657 672 1709 in
701 1673 998 1724 quacunque
1029 1659 1112 1709 die
1139 1672 1406 1709 conversus
1433 1657 1603 1725 fuerit,
1631 1671 1801 1709 omnes
1830 1657 1924 1708 ini-

350 1725 560 1797 auitam
599 1729 708 1797 ejus
752 1727 992 1779 oblivioni
1045 1727 1344 1780 tradentur?
1369 1725 1477 1780 Sed
1519 1726 1592 1797 ad
1639 1726 1753 1779 haec
1796 1741 1928 1797 voce

349 1793 516 1884 libera
558 1793 900 1884 respondere,
929 1805 983 1849 et
1011 1811 1310 1884 possuuqts,
1344 1810 1396 1850 et
1448 1796 1724 1884 debemus.
1771 1795 1926 1884 Absit
1958 1825 2002 1884 Β

350 1864 503 1918 nobis
529 1876 584 1918 ut
610 1866 674 1920 de
705 1867 824 1921 istis
850 1867 1130 1922 sententiis
1155 1867 1430 1920 videamur
1469 1866 1550 1920 vel
1583 1865 1773 1920 leviter
1815 1868 1920 1918 du-

350 1935 383 1987 b
410 1945 542 1990 tare.
590 1935 978 1992 Difltnitissime
1021 1937 1166 1991 enim
1201 1937 1470 1990 credimus
1504 1936 1645 2004 quod
1696 1935 1922 2004 quisque

351 2004 612 2074 adﬁnem
653 2007 775 2060 vitr
819 2022 929 2060 sua:
974 2007 1338 2074 paenitentiam
1378 2010 1566 2071 egerit,
1602 2021 1706 2058 non
1749 2005 1920 2059 solum

354 2073 736 2143 indulgentiam
767 2073 1012 2145 accipiet,
1044 2077 1137 2131 sed
1166 2079 1324 2130 etiam
1371 2077 1434 2130 ad
1482 2077 1694 2144 prmmia
1724 2085 1920 2128 acterna

353 2146 651 2210 perveniet.
687 2147 911 2214 Propter
941 2148 1175 2214 regulam
1213 2156 1387 2200 tamen
1417 2145 1837 2200 ecclesiasticam
1869 2155 1924 2200 et

354 2224 574 2281 propter
606 2219 942 2284 antiquorum
993 2216 1206 2271 Patrum
1253 2217 1514 2282 instituta,
1544 2219 1684 2282 quod
1725 2216 1864 2269 absit
1891 2231 1921 2269 a

350 2286 540 2348 nobis,
571 2296 660 2340 aut
704 2287 1121 2352 reprehendere,
1165 2296 1255 2340 aut
1301 2287 1567 2340 discutere
1611 2285 1713 2338 and
1749 2300 1920 2338 auius.

349 2353 592 2424 Cumque
634 2356 922 2412 credimus.
948 2357 1012 2410 ad
1059 2362 1218 2409 vitam
1259 2367 1511 2410 aeternam
1554 2365 1674 2422 post
1714 2357 1921 2408 beatam

349 2426 723 2489 pinuitentiam
755 2428 968 2492 venire,
1002 2426 1066 2480 ad
1114 2427 1370 2480 honorem
1416 2426 1703 2479 clericatus
1729 2439 1917 2479 serun-

347 2492 479 2546 dum
507 2504 772 2548 tantorum
798 2493 1011 2550 Patrum
1041 2505 1302 2564 prtcccpta
1328 2499 1570 2549 novimus
1592 2511 1695 2549 non
1726 2495 1924 2550 debere

350 2566 572 2628 reverti,
604 2567 656 2618 in
689 2574 913 2630 tantum,
945 2576 1000 2618 ut
1031 2567 1079 2619 iu
1111 2567 1402 2620 cauonibus
1432 2570 1688 2634 scriptum
1721 2575 1830 2627 est,
1857 2581 1924 2620 ne

347 2635 493 2688 ullus
521 2650 750 2704 unquam
783 2637 1045 2704 pauitens
1083 2638 1310 2689 clericus
1335 2635 1629 2690 ordinetur.
1666 2636 1732 2689 Et
1759 2637 1801 2689 si
1835 2635 1924 2690 ille

345 2708 440 2776 qui
479 2705 620 2758 ultro
650 2709 778 2774 petit
823 2708 1210 2775 paenitentiam,
1237 2709 1478 2776 quamvis
1525 2721 1642 2759 eam
1690 2706 1925 2776 perfecte

346 2774 483 2845 egit,
536 2791 640 2828 non
683 2774 861 2844 potest
905 2778 1189 2845 episcopus
1229 2774 1318 2830 aut
1349 2781 1624 2845 prcs’yter
1666 2775 1922 2838 ordinari,

348 2843 420 2895 ita
454 2855 508 2897 ut
552 2843 759 2909 etiamsi
809 2864 902 2909 per
942 2843 1297 2915 ignorantiam
1345 2843 1530 2900 ordina
1563 2862 1621 2898 us
1669 2849 1733 2897 l'u'
1757 2845 1842 2907 rit,
1871 2857 1926 2898 ct

345 2923 530 2980 postea
559 2918 894 2970 convincitur
926 2919 1183 2983 paeniteat
1207 2932 1288 2968 am
1320 2919 1611 2983 accepisse,
1635 2916 1926 2983 dejii-iatur

344 2983 468 3048 ille;
499 2987 588 3053 qui
633 2986 831 3040 invntus
861 2987 927 3040 ad
972 2987 1334 3054 pteuiteutiam
1365 2987 1625 3053 agendam
1655 2987 1704 3040 iu
1743 3000 1924 3039 mona-

343 3056 569 3126 sterium
604 3058 859 3126 mittitur,
891 3064 941 3112 el
974 3059 1156 3126 utique
1194 3057 1319 3117 quid
1370 3057 1512 3110 aliud
1544 3072 1700 3120 quam
1755 3057 1923 3123 paeni-

341 3133 465 3176 tens
492 3125 749 3180 dicendus
769 3137 869 3188 est,
887 3143 987 3194 qua
1004 3125 1327 3182 consc'entia
1348 3127 1410 3179 ad
1429 3126 1782 3180 sacerdotium
1804 3143 1921 3192 per-

2041 541 2283 610 (Zacltar.
2307 545 2454 612 epist.
2487 547 2540 614 1)
2565 547 2873 613 apostolicae
2893 547 3056 608 sedis,
3080 549 3128 598 in
3152 561 3256 609 quo
3283 541 3494 600 Patrum
3517 548 3609 602 dc-

2036 620 2180 664 creta
2231 616 2592 677 consentiunt,
2637 617 2776 682 quod
2807 631 2904 669 nec
2949 617 3064 681 tibi,
3107 632 3206 669 nec
3236 617 3327 669 ulli
3359 628 3503 672 recte
3535 619 3608 670 vi-

2037 683 2268 752 ventium
2303 694 2352 736 et
2397 686 2727 739 credentium
2753 685 3109 745 sacerdotum,
3146 701 3340 752 negare
3371 686 3446 739 l'as
3487 703 3608 742 esse

2035 751 2319 824 credimus.
2357 753 2420 804 Et
2453 754 2575 807 licet
2603 755 2693 808 tibi
2728 771 2823 823 pro
2855 755 3043 809 merito
3073 751 3280 824 (Innoc.
3303 756 3450 823 epist.
3476 756 3532 821 2)
3555 770 3606 811 et

2037 822 2255 893 bonore
2286 824 2590 893 sacerdotii,
2624 822 2736 892 quo
2757 825 3041 893 plurimum
3083 822 3278 893 polles,
3312 822 3522 878 vivendi
3553 837 3604 879 et

2033 891 2258 963 docendi
2291 891 2669 948 ecclesiasticae
2697 891 2892 963 regula:
2923 909 3044 947 nota
3086 891 3192 946 Sint
3219 896 3396 948 omnia
3440 897 3604 956 (notae

2035 961 2142 1013 siut
2176 977 2268 1028 per
2315 965 2540 1024 omnia),
2569 976 2742 1018 tamen
2765 961 2892 1032 quia
2922 963 3171 1017 Romana:
3203 965 3454 1018 Ecclesia:
3485 981 3599 1018 uor-

2035 1044 2171 1102 mam
2203 1039 2360 1102 atque
2386 1035 2754 1088 auctoritatem
2784 1049 3100 1102 magnopere
3129 1035 3429 1101 postulasti,
3471 1038 3603 1088 scri-

2033 1098 2137 1172 piis
2161 1098 2524 1172 tuis’breviter
2553 1098 3196 1166 respondere'curavimus
3225 1105 3350 1171 (non
3375 1105 3600 1172 denega-

2033 1167 2245 1244 vimus).
2294 1170 2368 1222 De
2407 1173 2625 1244 oc'rultis
2658 1173 2923 1244 (Prosperi
2971 1185 3099 1226 scut.
3132 1167 3390 1240 2|)venim
3425 1167 3601 1229 corilis

2032 1237 2211 1311 alieni
2241 1249 2446 1311 temere
2488 1237 2727 1306 judicare
2767 1237 3000 1311 iniquum
3042 1251 3142 1305 est,
3185 1237 3405 1299 etcum.
3449 1245 3598 1307 cujus

2019 1322 2136 1380 non
2167 1308 2411 1380 videntur
2428 1325 2584 1377 opera
2614 1313 2711 1365 nisi
2748 1308 2910 1375 bona,
2930 1323 3202 1379 precatum
3224 1322 3304 1365 est
3332 1328 3394 1365 ex
3425 1315 3598 1380 suspi-

2031 1377 2184 1448 cione
2207 1379 2617 1448 reprehendere.
2641 1383 2780 1437 Oves
2803 1377 2948 1447 ergo,
2972 1398 3089 1448 qua:
3115 1383 3309 1447 pastori
3335 1397 3430 1434 suo
3454 1377 3597 1436 coin-

2033 1447 2208 1520 rnisse
2241 1447 2454 1520 fuerint,
2509 1466 2630 1504 eum
2663 1468 2762 1505 nec
2797 1447 3204 1520 reprehendere,
3251 1452 3348 1503 nisi
3383 1468 3412 1504 a
3451 1463 3593 1506 recta

2035 1516 2138 1569 lide
2187 1519 2601 1582 exorbitaverit,
2640 1516 2870 1584 debent,
2903 1529 2957 1574 et
3003 1522 3304 1574 nullatenus
3346 1536 3596 1575 accusare

2035 1597 2254 1651 possunt
2301 1605 2312 1639 :
2360 1590 2479 1656 quia
2511 1589 2646 1644 laeta
2693 1602 2962 1658 pastorum
3003 1591 3111 1646 oris
3153 1591 3328 1658 gladio
3361 1592 3594 1645 ferienda

2033 1670 2136 1727 non
2168 1667 2311 1727 sunt,
2340 1674 2638 1727 quanquam
2661 1670 2803 1714 recte
2825 1661 3259 1726 reprehendenda
3289 1661 3589 1714 videantur.

2035 1724 2156 1778 Ideo
2186 1726 2283 1798 ista
2317 1724 2559 1791 dicimus,
2593 1732 2714 1796 quia
2748 1731 2798 1782 in
2826 1724 3035 1798 sci-ip'is
3064 1731 3254 1783 vestris
3299 1733 3592 1798 reperimus

2030 1796 2285 1862 quosdam
2303 1799 2580 1865 episcopos
2596 1802 2786 1853 vestris
2801 1801 2851 1852 in
2871 1796 3104 1864 partibus
3121 1817 3145 1849 a
3166 1796 3392 1868 propriis
3404 1799 3589 1854 ovibus

2026 1877 2320 1932 accusatos,
2339 1868 2542 1934 aliquos
2558 1871 2802 1923 videlicet
2820 1885 2881 1922 ex
2898 1871 3224 1936 suspicion»,
3237 1880 3288 1922 et
3304 1869 3510 1937 aliquos
3524 1887 3587 1922 cx

2025 1945 2167 2006 certa
2181 1937 2402 1998 ratione,
2420 1948 2472 1992 et
2485 1939 2684 1993 idcirco
2699 1940 2954 2006 quosdam
2967 1939 3076 1992 suis
3093 1955 3208 1993 esse
3223 1939 3590 2006 rebusexspo-

2028 2004 2203 2068 lintea,
2227 2008 2482 2077 quosdam
2508 2023 2633 2063 vero
2655 2025 2682 2062 a
2703 2004 2908 2077 propria
2924 2011 3049 2063 sede
3065 2009 3260 2073 pulsos.
3287 2009 3429 2074 Quos
3454 2004 3587 2060 scias

2027 2090 2126 2127 nee
2149 2077 2212 2128 ad
2237 2075 2495 2144 synodum
2517 2075 3039 2147 comprOvincialem,
3066 2094 3162 2132 nec
3185 2079 3252 2132 ad
3282 2080 3583 2147 generalem

2028 2159 2182 2212 posse
2215 2148 2514 2212 convocari,
2550 2164 2646 2202 nec
2677 2149 2728 2202 in
2765 2149 2943 2218 aliquo
2972 2149 3270 2217 diiudicari,
3306 2159 3586 2216 antequam

2026 2224 2214 2286 cuncta
2255 2231 2370 2280 quae
2399 2218 2477 2270 eis
2520 2218 2691 2276 ablata
2743 2230 2866 2272 sunt
2895 2219 3096 2286 legibus
3126 2220 3373 2286 potestati
3403 2233 3585 2271 eorum

2027 2285 2474 2358 redintegrentur.
2501 2287 2652 2340 Prius
2674 2304 2801 2356 ergo
2830 2285 3225 2358 oportetomuia
3253 2290 3354 2341 illis
3381 2287 3582 2352 legibus

2028 2357 2396 2426 redintegrari,
2427 2365 2480 2410 et
2506 2359 2772 2412 Ecclesias
2801 2357 2919 2426 quae
2957 2358 3033 2411 eis
3059 2359 3280 2412 sublatae
3323 2368 3586 2411 suntcum

2027 2424 2170 2476 omni
2202 2424 2476 2494 privilegio
2515 2443 2611 2481 suo
2643 2424 2870 2493 restitui,
2897 2438 2949 2482 ct
2978 2429 3312 2492 postmodum
3361 2443 3463 2480 uou
3489 2431 3589 2480 sub

2027 2496 2234 2567 augusti
2262 2495 2528 2567 (angusto)
2573 2499 2828 2556 temporis
2857 2501 3048 2562 spatio,
3080 2499 3171 2552 sed
3214 2509 3413 2551 tantum
3458 2506 3589 2549 tem-

2029 2565 2171 2637 poris
2213 2565 2439 2632 spatium
2483 2583 2561 2622 es
2604 2569 2970 2637 iudulgeatur,
3012 2577 3265 2635 quantum
3310 2567 3585 2632 exspoliati

2027 2634 2108 2686 vel
2131 2638 2337 2702 expulsi
2361 2652 2480 2690 esse
2503 2634 3072 2704 tidentur,‘antequam
3094 2638 3156 2689 ad
3181 2637 3438 2706 synodum
3462 2652 3586 2690 c0u-

2029 2716 2308 2776 vocentur,
2342 2718 2393 2759 et
2422 2707 2490 2760 ab
2516 2709 2759 2761 omnibus
2788 2709 3011 2776 quisque
3040 2723 3148 2761 suae
3170 2705 3456 2775 provincia:
3477 2707 3588 2773 epi-

2027 2775 2202 2838 scopis
2228 2777 2488 2830 audiatur.
2807 2775 2816 2776 ί
2927 2775 2936 2776 ί
3201 2836 3212 2842 -

2096 2844 2226 2898 Nam
2259 2860 2352 2898 nec
2379 2847 2658 2901 convocari
2687 2848 2750 2901 ad
2781 2861 3015 2911 causam,
3049 2862 3146 2900 nec
3171 2845 3451 2911 diiudicari
3495 2862 3588 2912 po-

2029 2921 2129 2965 test
2159 2917 2479 2982 exspoliatus
2511 2920 2588 2972 vel
2622 2919 2874 2985 expulsus
2925 2915 3011 2984 (In
3043 2919 3179 2969 decr.
3221 2917 3334 2968 luo.
3365 2917 3452 2968 liti.
3483 2919 3582 2982 μ),

2027 2985 2144 3050 quin
2179 3000 2285 3038 non
2325 2995 2405 3038 est
2441 2987 2768 3054 privilegium
2811 3003 2916 3054 quo
2957 2985 3243 3054 exspoliari
3279 2987 3442 3050 possit
3473 2986 3584 3053 jam

2028 3054 2272 3106 nudatus.
2327 3055 2474 3109 Unde
2503 3068 2554 3108 et
2598 3057 2886 3122 antiquitus
2925 3057 3196 3109 decretum
3231 3064 3312 3108 est
3345 3071 3358 3108 :
3387 3054 3584 3108 Omnes

2030 3126 2414 3188 possessiones,
2471 3135 2524 3178 ct
2569 3129 2742 3178 oumia
2787 3126 2885 3178 sibi
2932 3126 3157 3187 sublata,
3197 3135 3354 3192 atque
3387 3125 3586 3178 fructus

340 3208 531 3248 venere
559 3189 917 3264 permittitur?
941 3199 1107 3251 Nemo
1136 3197 1265 3250 mibi
1292 3199 1392 3249 alia
1415 3198 1708 3266 quamlibet
1733 3189 1916 3249 contra
1951 3189 1994 3250 C
2025 3203 2243 3246 cunctos
2273 3204 2394 3266 ante
2421 3196 2566 3250 litem
2587 3205 2930 3266 contestatam
2963 3189 3372 3266 (constitiuaiu),
3391 3196 3430 3215 “
3466 3212 3584 3261 per-

339 3267 716 3320 :ructoritatem
764 3266 906 3320 sedis
950 3271 1276 3334 apostolicae,
1319 3267 1400 3320 vel
1461 3275 1646 3320 contra
1716 3275 1921 3319 Iret-eu-

339 3342 519 3405 torum
562 3335 747 3390 decem
795 3346 851 3390 et
897 3347 1019 3397 octo
1065 3339 1434 3404 episcoporum
1492 3345 1790 3405 prtccepta.
1834 3340 1914 3388 vel

337 3403 668 3470 reliquorum
712 3422 974 3460 canonum
1003 3416 1197 3461 statuta
1235 3403 1453 3474 abjiciat
1479 3403 1637 3474 {quia
1667 3406 1914 3471 quidqqu

336 3483 526 3526 contra
557 3475 766 3530 illorum
811 3477 1180 3532 difﬁnitionem
1210 3477 1261 3530 in
1287 3476 1478 3545 quibus
1509 3477 1764 3544 Spiritum
1796 3490 1920 3528 sau-

333 3552 484 3597 ctnm
511 3547 740 3599 locutum
766 3562 884 3601 esse
910 3547 1198 3609 credin-ius,
1224 3548 1420 3600 dictum
1450 3548 1627 3610 fuerit,
1652 3548 1800 3612 recip
1838 3563 1915 3606 re,

335 3629 446 3665 non
476 3616 650 3668 solum
680 3617 1045 3681 temerarium,
1079 3618 1171 3672 sed
1205 3619 1366 3670 etiam
1413 3619 1769 3685 perieulosum
1799 3630 1919 3667 esse

335 3696 447 3735 non
477 3685 683 3738 dubito.
722 3686 883 3742 Valde
909 3689 1052 3740 enim
1082 3697 1262 3741 metuo
1292 3701 1341 3742 et
1371 3686 1727 3740 conn-emisre
1773 3686 1914 3737 illam

333 3751 550 3825 damnat
563 3756 734 3809 ionem
752 3773 907 3825 quam
925 3758 1014 3811 ille
1025 3758 1274 3810 sacerdos
1290 3765 1499 3823 propter
1513 3756 1724 3808 stultam
1745 3755 1918 3806 indul-

334 3823 570 3895 gentiam
590 3823 835 3893 accipere
853 3829 1064 3892 meruit,
1081 3829 1168 3895 qui
1187 3843 1282 3895 pro
1297 3841 1360 3880 eo
1376 3827 1514 3894 quod
1535 3829 1668 3895 liiios
1683 3840 1804 3876 suo~
1821 3839 1920 3895 nec

335 3893 668 3961 negligenter
689 3897 983 3964 castigavit,
1003 3906 1058 3950 et
1077 3893 1167 3949 cos
1190 3893 1292 3950 nec
1311 3893 1499 3951 cedere
1528 3893 1619 3967 [Ε.
1651 3894 1879 3967 cazilcrej
1895 3935 1911 3959 ,

333 3966 803 4020 excommunicare
831 3968 1079 4028 voluerit,
1102 3967 1132 4024 ii
1156 3967 1197 4018 si
1225 3967 1316 4018 lilii
1342 3981 1441 4018 una
1474 3965 1558 4018 die
1591 3965 1749 4018 occi~i
1773 3977 1917 4028 sum,

333 4038 392 4083 et
417 4047 520 4085 xxx
557 4035 720 4087 millia
749 4037 814 4088 de
845 4038 1040 4103 popqu
1064 4037 1325 4089 interfecti
1355 4045 1499 4097 sunt,
1523 4045 1578 4088 et
1601 4050 1721 4087 arca
1753 4043 1918 4086 tesm-

331 4103 500 4154 menti
525 4117 677 4173 capta
701 4113 800 4169 est,
824 4118 874 4159 et
899 4107 1013 4174 ipse
1037 4121 1180 4158 retro
1203 4106 1399 4159 cadens
1420 4106 1596 4158 tractis
1619 4103 1919 4174 cervicibus

331 4185 577 4225 mortuus
609 4183 724 4241 est,
755 4187 808 4229 et
837 4173 1028 4229 nomen
1070 4176 1233 4242 ipsius
1261 4176 1327 4229 de
1360 4177 1494 4227 libro
1537 4176 1657 4227 vitae
1685 4173 1917 4226 deletum

331 4248 438 4302 est,
464 4250 570 4296 etc.
602 4244 798 4299 Contra
835 4245 1083 4307 Phinccs,
1110 4246 1219 4312 qui,
1248 4260 1342 4312 pro
1385 4260 1448 4298 eo
1489 4244 1649 4310 quod,
1683 4248 1798 4296 zelo
1829 4245 1917 4295 llei

331 4322 658 4377 commotus,
687 4315 823 4368 duos
863 4316 1136 4368 adulteros
1182 4318 1379 4382 patitor
1423 4314 1718 4377 interiecit,
1752 4323 1915 4365 totum

330 4382 585 4448 populum
636 4384 704 4438 de
746 4385 838 4437 Dei
883 4385 1152 4438 iracundia
1206 4385 1472 4438 liberavit.
1505 4384 1614 4436 Nec
1660 4386 1760 4436 boc
1801 4383 1920 4436 ideo

331 4451 476 4516 dico,
511 4463 584 4514 nt,
616 4457 752 4507 sicut
782 4455 869 4508 ille
897 4457 1039 4519 fecit,
1070 4455 1228 4506 etiam
1253 4469 1390 4507 nunc
1422 4469 1514 4520 per
1543 4461 1768 4506 mortem
1801 4465 1914 4504 cor-

331 4536 524 4585 porum
575 4525 882 4578 sacerdotes
942 4525 1144 4576 Doluini
1195 4525 1423 4576 debeant
1474 4523 1771 4585 vindieaie;
1818 4523 1911 4574 sed

331 4591 454 4662 quia
501 4593 692 4646 melius
727 4604 808 4646 est
854 4595 1212 4662 unusquisque
1260 4609 1420 4660 parvo
1463 4592 1913 4659 tempore,douec

330 4660 463 4711 vivit
504 4663 555 4714 in
598 4665 696 4715 boc
739 4664 966 4726 mundo,
999 4660 1372 4718 verecundiam
1425 4663 1505 4717 vel
1546 4662 1910 4716 confusionem

331 4731 612 4802 sustinent,
644 4747 802 4799 quam
850 4742 1027 4800 postea
1071 4734 1136 4786 ad
1184 4735 1443 4802 supplicia
1488 4743 1684 4784 teterua
1726 4747 1912 4799 perve-

331 4798 464 4851 niat.
502 4801 567 4853 Et
591 4798 814 4854 multum
847 4798 894 4856 ei
924 4805 1104 4857 utilius
1133 4813 1214 4856 est
1237 4798 1450 4872 propter
1473 4803 1698 4855 aliorum
1727 4798 1912 4872 exem-

331 4882 497 4935 ptum,
519 4872 750 4936 quandiu
783 4873 933 4935 vivit,
959 4881 1196 4927 remotus
1221 4871 1288 4926 ab
1314 4877 1515 4926 bouore
1545 4871 1910 4940 pmrritentiam

329 4949 473 5005 agat,
503 4951 555 4993 et
585 4943 878 4995 remedium
909 4944 1009 4996 sibi
1059 4946 1107 4996 in
1154 4943 1241 4997 die
1279 4943 1611 4998 necessitatis
1649 4941 1908 5006 acquirat.

330 5008 644 5078 Quicunque
668 5015 906 5080 parvitati
937 5028 1068 5066 mea:
1096 5014 1147 5066 in
1176 5014 1272 5066 bac
1293 5027 1449 5066 causa
1475 5011 1699 5065 volucrit
1719 5025 1918 5064 onero--

329 5095 429 5150 sus
468 5081 730 5145 existere,
773 5082 914 5135 aliud
962 5098 1274 5150 respon-um
1323 5084 1450 5135 dare
1499 5097 1606 5134 non
1652 5082 1916 5145 delibero,

331 5147 432 5202 uisi
497 5154 638 5219 quod
701 5153 990 5220 supradicti
1054 5147 1308 5207 canones
1376 5153 1661 5206 continere
1721 5151 1910 5204 viden-

332 5229 436 5271 tur.

353 5236 436 5272 ω’
815 5297 830 5314 ο
865 5290 1188 5346 EPISTOLA
1224 5291 1434 5344 PRIMA.

437 5374 645 5414 JOANNIS
668 5377 815 5416 PAPE
848 5377 860 5415 I
894 5379 960 5414 AD
991 5377 1290 5417 ΖΑΟΗΛΙΠᾹΜ
1345 5375 1809 5415 AltCﬂlEPISCOPUM.

715 5441 790 5492 De
816 5456 915 5492 non
945 5442 1244 5494 accusandis
1272 5440 1537 5508 episcOpis.

399 5517 635 5574 Joannes
665 5519 815 5572 urbis
862 5519 1043 5572 Itonia:
1085 5522 1390 5589 episcopus,
1429 5518 1698 5570 Zacbarim
1739 5517 1912 5570 archi-

331 5589 582 5658 episcopo
610 5591 857 5644 salutem.

404 5713 421 5730 ⁶
478 5708 624 5762 llauc
673 5723 792 5761 cum
825 5705 1067 5774 sequenti
1114 5703 1502 5772 Supposititiam
1550 5702 1713 5756 multa
1764 5700 1910 5752 criu-

331 5787 476 5832 cunt.

2025 3275 2213 3329 ceptor
2248 3264 2326 3317 vel
2359 3268 2489 3330 prim
2511 3279 2554 3317 ts
2593 3265 2881 3331 possessori
2914 3265 3173 3318 restituat.
3206 3265 3269 3317 Et
3297 3265 3422 3317 alibi
3455 3268 3585 3316 scri-

2026 3345 2167 3399 ptqu
2204 3333 2460 3387 habetur:
2496 3335 2584 3388 Ille
2615 3337 2700 3403 qui
2735 3336 3032 3388 \iolentiam
3072 3335 3306 3402 pertulit,
3343 3335 3584 3388 universa

2023 3404 2073 3454 in
2097 3411 2233 3454 statu
2261 3419 2364 3469 quo
2395 3403 2602 3457 l‘ucrant
2633 3405 2867 3470 recipiat,
2924 3414 2976 3457 et
3006 3420 3122 3470 qua:
3171 3404 3405 3470 possidet
3437 3405 3582 3471 (pos-

2021 3473 2200 3543 sedit).
2231 3488 2450 3526 securus
2479 3485 2673 3528 teneat.
2705 3477 2766 3526 lt‘t
2788 3473 2910 3527 alibi
2933 3476 2984 3526 in
3009 3475 3350 3543 synodalibus
3374 3473 3584 3543 Patrum

2020 3541 2268 3606 decretis,
2299 3554 2352 3595 et
2383 3559 2560 3611 regum
2607 3545 2788 3598 edictis
2823 3545 3010 3610 legitur
3040 3541 3308 3596 sta:utum
3345 3561 3355 3594 :
3391 3542 3586 3596 ltedinv

2023 3614 2274 3680 tegrauda
2313 3624 2435 3665 sunt
2467 3621 2639 3666 omnia
2672 3616 2976 3679 exspoliatis
3005 3616 3081 3666 vcl
3112 3613 3296 3680 ejectis
3324 3614 3588 3681 cpiscOpis

2023 3681 2428 3748 praesentialiter
2469 3685 2802 3736 ordinatione
2843 3686 3172 3748 pﬂlllliiCll=lt,
3202 3693 3255 3736 et.
3294 3685 3343 3734 iu
3378 3700 3585 3746 corum,

2023 3756 2161 3805 unde
2189 3756 2584 3823 abscexscmnt,
2623 3764 2933 3823 potestatem
2976 3754 3313 3822 (dominium)
3356 3753 3589 3805 fuitiditus

2023 3822 2344 3892 rthtcanda,
2375 3822 2687 3892 quacunque
2711 3825 3013 3877 conditione
3039 3823 3310 3890 temporis,
3337 3824 3587 3887 autdolo,

1978 3908 1982 3912 '
2020 3902 2106 3943 aut
2138 3891 2462 3962 Captivitate,
2509 3891 2823 3947 autriirtute
2861 3895 3140 3956 majorum,
3183 3901 3274 3945 aut
3306 3909 3398 3959 per
3426 3908 3588 3962 quas-

2021 3976 2228 4030 cunque
2247 3961 2468 4029 injustas
2490 3979 2700 4025 can-as,
2726 3980 2811 4018 res
2836 3963 3084 4016 Ecclesia:
3108 3964 3187 4016 vel
3219 3961 3480 4030 proiirias,
3500 3973 3589 4016 aut

2021 4034 2342 4084 substantias
2371 4049 2493 4085 suas
2527 4035 2821 4100 perdidisse
2846 4035 3136 4086 uoseuutu'r
3157 4045 3279 4085 ante
3305 4033 3589 4084 accusatio-

2022 4116 2166 4165 nem,
2196 4113 2290 4162 aut
2313 4106 2609 4170 regularem
2639 4105 2702 4156 ad
2725 4108 2987 4171 synodum
3013 4103 3345 4155 voeatiouetn
3373 4102 3590 4167 (c’onVo-

2021 4173 2310 4240 cationem)
2345 4188 2550 4240 θοι-ιω»,
2592 4185 2644 4226 et
2683 4177 2904 4240 reliqua.
2943 4174 3034 4224 Est
3083 4175 3240 4224 etiam
3285 4175 3334 4224 it'i
3362 4171 3592 4237 antiquis

2023 4244 2274 4295 Ecclesize
2303 4246 2514 4295 statutis
2554 4243 2829 4296 decretum
2862 4243 2952 4311 (In
2978 4243 3116 4295 decr.
3153 4241 3265 4294 lvo.
3292 4241 3380 4311 lib:
3410 4253 3506 4309 IV)“,
3539 4252 3592 4295 ut

2022 4314 2107 4380 qui
2139 4313 2312 4365 aliena
2343 4315 2541 4364 invadit
2571 4328 2674 4365 non
2698 4323 2850 4364 exeat
2871 4308 3186 4378 impunitus,
3208 4313 3297 4363 sed
3322 4308 3440 4380 etim
3466 4313 3591 4364 mul-

2024 4377 2348 4449 tiplicatione
2391 4385 2567 4433 omnia
2613 4384 2877 4434 restituat.
2925 4377 3073 4434 Unde
3117 4389 3172 4432 et
3201 4381 3252 4431 iu
3303 4377 3592 4448 Eva’ugelto

2023 4452 2187 4517 script
2210 4466 2274 4502 Im
2303 4459 2386 4502 est
2417 4469 2428 4503 :
2465 4453 2614 4516 Quod
2642 4457 2682 4504 si
2706 4453 2896 4518 aliquid
2921 4449 3244 4518 def-mndavi,
3275 4452 3430 4500 reddo
3460 4466 3591 4517 qua-

2023 4523 2261 4591 druplum
2293 4519 2443 4590 (Luc.
2499 4522 2630 4588 XIX).
2668 4523 2725 4574 iit
2751 4524 2799 4572 iu
2826 4522 3026 4584 legibus
3054 4522 3232 4591 surculi
3258 4528 3474 4591 cautum
3502 4521 3591 4591 ba-

2019 4589 2172 4646 betur
2201 4609 2212 4642 :
2247 4589 2345 4655 Qui
2377 4605 2486 4644 rem
2519 4591 2701 4658 ~subrip
2727 4602 2742 4643 ι
2771 4591 3018 4651 alienam,
3065 4590 3136 4640 illi
3186 4590 3336 4652 cuius
3379 4602 3462 4640 res
3512 4589 3592 4638 di-

2019 4670 2164 4727 repta
2197 4671 2277 4713 est
2309 4661 2360 4711 in
2406 4659 2764 4725 undeeuplum
2788 4676 2904 4724 quia:
2930 4660 3136 4712 sublata
3172 4669 3296 4710 sunt
3321 4658 3584 4710 restituat.

2019 4732 2082 4784 Et
2109 4735 2160 4784 in
2191 4732 2303 4794 lege
2328 4731 2502 4784 divina
2535 4731 2724 4797 legitur
2748 4745 2762 4781 :
2791 4731 3094 4782 Maledicta;
3125 4730 3286 4779 omnis
3307 4729 3392 4794 qui
3423 4737 3591 4779 trans-

2015 4802 2112 4869 fert
2149 4801 2386 4852 terminos
2442 4801 2659 4869 proximi
2698 4801 2796 4853 sui.
2855 4799 2917 4851 Et
2966 4799 3098 4850 dial
3140 4799 3306 4850 omnis
3348 4798 3588 4867 populus.

2019 4867 2176 4924 Amen
2201 4869 2378 4938 (Deut.
2415 4867 2604 4938 xxv“).

2090 4949 2236 5003 Talia
2273 4964 2400 5015 ergo
2430 4965 2533 5001 non
2565 4960 2953 5015 pra-sumantur
2982 4947 3182 5012 absque
3228 4946 3446 5007 ultione.
3499 4960 3592 5001 nec

2021 5029 2372 5077 exerceantur
2395 5021 2594 5087 absque
2615 5029 2714 5072 sua
2736 5019 3099 5072 damnatione.
3139 5017 3216 5069 Tu
3258 5033 3404 5079 vero,
3433 5019 3594 5070 l‘ratcr

2021 5091 2318 5156 carissime,
2375 5093 2487 5144 tunc
2527 5091 2646 5142 vide
2682 5105 2748 5141 ue
2793 5087 3224 5154 tranSgrediaris,
3271 5099 3323 5141 et
3365 5090 3594 5154 reliquos

2021 5163 2300 5228 epi~c0pos
2347 5168 2451 5211 tam
2500 5169 2602 5211 tute
2641 5174 2782 5211 cura:
2812 5160 3128 5212 commissis
3186 5174 3340 5224 quam
3372 5170 3427 5212 et
3465 5157 3594 5208 altos

2023 5235 2245 5286 lirmiter
2263 5238 2443 5283 tenere
2465 5228 2675 5295 docete,
2706 5232 2826 5296 quia
2852 5229 3145 5296 transgredi
3175 5229 3465 5294 apostolica
3485 5237 3595 5278 sta-

2026 5311 2133 5355 tuta
2157 5302 2354 5366 absque
2386 5299 2790 5365 transgressoris
2814 5301 3007 5365 gradus
3040 5297 3272 5364 periculo
3297 5299 3594 5349 nullatenus

2027 5365 2518 5438 possuntIIHimicis
2544 5382 2670 5419 vero
2689 5366 2879 5436 (Verba
2897 5370 3087 5438 concilii
3104 5384 3135 5418 v
3157 5370 3245 5418 sub
3265 5365 3593 5438 Symmacho)

2023 5435 2440 5500 accusatoribus,
2460 5438 2536 5489 vel
2552 5440 2618 5491 de
2642 5435 2838 5490 inimici
2857 5441 2997 5491 dono
3019 5437 3107 5508 [F.
3126 5436 3306 5508 domo]
3325 5435 3593 5508 prodeun-

2026 5515 2185 5574 tibus,
2209 5525 2302 5563 seu
2333 5510 2421 5576 qui
2443 5522 2561 5560 cum
2589 5508 2816 5561 inimicis
2848 5505 3144 5568 morantur,
3176 5505 3592 5576 uou‘crcdatur}

2025 5597 2121 5637 nec
2150 5581 2266 5634 irati
2297 5573 2487 5631 nocere
2517 5578 2754 5647 cupiant,
2789 5595 2853 5632 ne
2881 5579 2990 5631 iiDSi
3022 5591 3078 5630 se
3110 5577 3272 5627 velint
3295 5575 3502 5628 ulcisci.
3530 5573 3592 5629 lii

2092 5696 2131 5715 "
2169 5694 2438 5757 I’erccplos
2467 5689 2748 5758 legendum
2776 5690 3028 5752 arbitror,
3053 5701 3155 5740 non
3184 5702 3334 5752 vero,
3362 5698 3412 5741 ut
3432 5689 3593 5748 babLI

2018 5785 2065 5820 c.
2095 5766 2255 5825 .lust.,
2291 5771 2584 5831 pt'trcrptor.
