4262 6264
659 417 754 469 351

1633 410 1966 468 APPENDIX
2008 413 2098 466 an
2139 412 2518 468 El'fSTOL.\S
2558 384 2950 468 nonutsom’.

3856 232 3889 247 α

3804 416 3903 471 Βῦἆ

656 545 868 603 quoque
893 529 1168 598 reliciendi
1189 535 1333 603 sunt,
1367 542 1472 582 non
1498 527 1843 603 approbandi.
1880 527 2020 603 llaec,
2054 528 2217 603 ca_ris-
2246 530 2292 583 Λ
2325 525 2657 603 ᾼΓὶτιιιοςιιιιθ
2674 528 3003 603 exstirpante
3020 527 3258 595 piissimo
3275 536 3430 596 atque
3446 526 3901 603 Christianissimo

655 598 805 665 sime,
840 612 982 661 tene,
1012 612 1063 651 et
1089 599 1351 667 prohibita
1369 611 1582 666 Semper
1604 612 1749 650 cave.
1778 598 1907 650 Illud
1928 598 2221 664 adimplere

656 672 830 734 stude,
860 668 1001 733 quod
1026 670 1163 723 bene
1188 668 1252 721 ad
1275 667 1455 722 Jesum
1481 667 1642 719 lilium
1665 667 1851 721 Sirach
1879 668 2076 720 dictum
2099 679 2180 721 est
2205 685 2218 723 :

655 742 827 809 Usque
854 742 920 791 ad
944 748 1153 809 mortem
1174 748 1309 791 certa
1329 753 1420 803 pro
1444 738 1667 809 veritate,
1688 747 1733 809 et
1753 754 1947 809 semper
1974 735 2224 792 Dominus

652 806 790 863 Deus
818 820 932 861 tuus
963 808 1206 879 pugnabit
1243 824 1335 877 pro
1364 817 1410 860 te
1439 807 1607 875 (Eccl.
1637 806 1732 879 tv).
1778 807 1943 873 llujus
1960 822 2113 879 _ergo
2144 808 2219 861 rei

650 880 817 943 gratia
853 879 1003 931 vobis
1033 876 1087 930 et
1117 876 1269 930 nobis
1305 886 1483 930 sancta
1524 878 1807 929 commissa
1839 885 1919 929 est
1959 876 2217 940 Ecclesia.

651 960 708 1001 ut
733 963 827 1016 pro
843 947 1088 1000 omnibus
1111 946 1382 1001 laboribus
1404 945 1748 1015 (laboremus)
1770 954 1817 999 et
1838 946 2043 999 cunctis
2064 961 2217 1003 ouem

653 1021 792 1072 ferre
824 1033 927 1071 non
972 1018 1329 1084 negligamus:
1358 1016 1609 1083 quoniam
1647 1016 1769 1068 dum
1810 1017 1955 1083 fortis
1991 1025 2220 1069 armatus

649 1090 866 1140 custodit
890 1088 1076 1139 atriunt
1103 1102 1271 1149 suunt,
1295 1087 1348 1139 in
1376 1101 1498 1155 pace
1523 1094 1639 1137 sunt
1665 1086 1836 1155 omnia
1863 1100 1976 1154 qua:
2002 1086 2220 1153 possidet

652 1156 805 1225 (Luc.
839 1156 918 1224 ι).
953 1156 1180 1224 Ideoque
1203 1165 1343 1209 tanta
1370 1154 1587 1220 urgente
1615 1154 1954 1219 necessitate,
1983 1170 2219 1207 sumtuo-

648 1242 776 1295 pere
801 1237 975 1280 vestra
1004 1225 1401 1293 apuslolieaque
1425 1225 1764 1295 auctoritate,
1784 1233 1837 1295 et
1860 1225 2089 1290 reliquos
2106 1224 2216 1289 epi-

648 1292 839 1362 gmpss
865 1303 1076 1358 oportet
1119 1292 1412 1361 reprimere
1457 1292 1697 1354 infestos,
1734 1293 1971 1346 rrlevare
1998 1307 2218 1359 oppres-

649 1380 761 1429 sos,
793 1376 845 1419 ut
875 1365 1076 1431 absque
1104 1364 1251 1432 gravi
1282 1363 1533 1431 (Domino
1570 1362 1875 1424 auxiliante)
1908 1362 2219 1417 difficultate

649 1436 747 1503 ipsi
792 1443 1062 1504 grauanter
1105 1433 1250 1487 omni
1297 1445 1532 1504 tempore
1576 1434 1877 1504 sacrificare
1920 1446 2220 1504 mereamur

650 1500 1001 1572 (mereantur)
1026 1503 1198 1556 illaesi.
1234 1503 1314 1557 Ad
1345 1517 1439 1554 vos
1464 1501 1752 1569 (Ennodius
1774 1503 1824 1553 in
1855 1500 1991 1572 apol.
2019 1517 2111 1570 pro
2130 1518 2219 1554 eo-

648 1574 762 1627 dem
792 1574 1124 1642 Symmacho)
1165 1588 1379 1640 quoque
1418 1586 1502 1625 me
1546 1572 1737 1642 reverti
1779 1571 1920 1637 cogit
1959 1573 2215 1638 propositi

647 1640 1029 1709 operis'amica
1061 1642 1317 1704 conditio,
1347 1642 1434 1708 qui
1465 1640 1770 1694 melioribus
1795 1642 2048 1694 hactenus
2089 1656 2217 1707 0pc-

648 1727 760 1767 ratn
792 1711 934 1765 volui
966 1728 1166 1766 navare
1197 1713 1378 1779 (opera
1410 1711 1551 1763 volui
1591 1713 1831 1777 narrare)
1858 1711 2216 1775 sermonibus,

648 1783 773 1835 dum
798 1782 951 1835 talem
977 1784 1235 1835 rationem
1262 1780 1424 1846 exigit
1456 1783 1680 1833 toxicata
1722 1780 2031 1834 necessitas.
2072 1779 2217 1832 Mau-

2327 596 2535 649 Justino
2582 597 2883 649 orthodoxo
2932 598 3273 667 imperatore,
3302 613 3645 667 quascunque
3693 600 3799 655 illis
3846 605 3899 655 in

2328 667 2562 728 partibus
2604 680 2787 719 eorum
2822 672 2837 689 ‘
2872 666 3142 720 Ecclesias
3212 666 3449 734 reperire
3494 666 3759 734 potuimus
3813 686 3901 724 ca-

2326 736 2549 788 tholicas
2580 749 2670 788 eas
2699 736 2922 788 Domino
2947 751 3101 796 opem
3131 737 3333 790 ferente
3358 740 3809 791 consecravimus.
3838 744 3900 795 l-it

2324 819 2625 876 quanquam
2657 806 2942 871 praedictus
2972 804 3336 876 Tlieodoricus
3367 822 3490 868 rex,
3521 823 3705 860 eorum
3753 820 3899 876 peste

2325 882 2495 926 tactus
2536 873 2873 939 intrinsecus,
2902 884 2956 927 et
3000 874 3280 928 obvolutus
3325 876 3681 939 extrinsecus,
3720 873 3815 932 nos
3845 894 3898 933 et

2324 958 2536 996 omnem
2590 944 2859 1011 regionem
2917 953 3150 997 nostram
3194 947 3499 1011 (vestrum)
3549 949 3814 1013 perdi-re,
3844 962 3897 1003 et

2322 1012 2494 1075 gladio
2542 1023 2596 1065 et
2646 1014 2768 1078 igne
2815 1028 3131 1067 consumere
3178 1016 3447 1082 minetur,
3493 1012 3656 1069 nolite
3715 1012 3893 1071 tamen

2325 1093 2600 1152 promeres
2652 1082 2909 1141 deficere,
2954 1082 3047 1135 sed
3090 1083 3311 1137 viriliter
3362 1086 3412 1136 in
3460 1098 3587 1152 agro
3626 1085 3897 1140 dominico

2321 1151 2600 1223 elaborare
2634 1152 2871 1223 stndete,
2894 1161 2954 1223 et
2986 1152 3156 1221 (juxta
3185 1152 3437 1207 Veritatis
3473 1151 3689 1223 vocem)
3722 1157 3897 1209 Nolite

2322 1221 2500 1273 timere
2542 1237 2625 1275 eas
2667 1222 2754 1285 qui
2796 1222 3032 1274 occidunt
3071 1237 3287 1291 corpus,
3320 1224 3543 1275 animant
3583 1221 3753 1277 autem
3790 1243 3893 1279 non

2321 1300 2531 1355 possunt
2569 1291 2819 1353 occidere,
2846 1291 2934 1344 sed
2976 1294 3141 1359 potius
3178 1308 3292 1344 eum
3336 1294 3522 1354 timete,
3544 1294 3629 1357 qui
3655 1304 3815 1361 potest
3845 1307 3897 1348 et

2319 1360 2547 1434 animum
2571 1368 2619 1434 et
2646 1362 3051 1434 corpusmittere
3078 1361 3131 1413 in
3160 1362 3435 1434 gehennam
3463 1362 3576 1434 (Ma
3600 1360 3676 1434 th.
3700 1380 3751 1428 x,
3772 1365 3890 1434 28).

2318 1428 2385 1481 Et
2429 1432 2669 1497 egregius
2714 1432 2946 1495 gentium
2994 1428 3269 1499 apostolus
3332 1432 3500 1498 inquit
3537 1450 3549 1484 :
3590 1431 3709 1485 Non
3757 1428 3893 1488 enim

2318 1500 2649 1567 nosmetipsos
2696 1500 3056 1566 prtedicamus,
3087 1500 3174 1553 sed
3210 1499 3387 1553 Iesum
3425 1498 3680 1554 Christum
3716 1502 3892 1556 Domi-

2320 1577 2733 1640 nnm_nost_rnm,
2761 1584 2851 1640 nos
2891 1578 3064 1640 autem
3110 1586 3278 1640 servos
3320 1580 3505 1623 vestros
3552 1588 3639 1640 per
3678 1568 3890 1626 Iesum:

2316 1638 2554 1709 quoniam
2580 1637 2733 1709 Deus,
2752 1638 2840 1707 qui
2848 1638 2993 1709 dixit
3015 1638 3078 1691 de
3105 1639 3508 1709 tenebrislumen
3526 1637 3888 1709 splendescere,

2316 1707 2423 1766 ipse
2451 1706 2623 1759 illuxit
2644 1708 2696 1759 in
2715 1708 2950 1760 cordibus
2975 1709 3161 1760 nostris
3182 1710 3247 1761 ad
3271 1706 3695 1765 illuntinationem
3723 1706 3889 1765 scien4

2316 1778 2401 1828 tite
2444 1776 2693 1829 claritatis
2744 1776 2837 1829 Dei
2883 1780 2937 1829 in
2979 1779 3161 1847 facient
3210 1777 3397 1831 Christi
3444 1778 3586 1831 Jesu.
3627 1778 3890 1834 Habemus

649 1852 754 1929 dati
783 1852 1018 1929 caelestis
1051 1852 1303 1929 habitatio
1335 1863 1433 1929 nos
1471 1859 1562 1902 aut
1593 1850 1800 1915 miscet,
1844 1858 1935 1902 ant
1976 1858 2209 1929 separat.
2248 1872 2289 1929 Β
2319 1847 2804 1929 antepill‘tesaurum
2825 1850 2980 1929 istum
3006 1849 3057 1899 in
3087 1848 3502 1929 vasis_ﬁct_ilibus,
3527 1860 3579 1929 ut
3608 1852 3889 1929 sublimitas

650 1921 757 1975 Nec
783 1922 1003 1975 inti-rest
1030 1936 1147 1988 qua:
1175 1921 1449 1973 intervalla
1500 1935 1597 1972 nos
1624 1929 1922 1988 segregent,
1953 1920 1997 1971 si
2029 1936 2130 1971 una
2156 1920 2209 1972 in

651 2006 896 2057 superna:
940 1990 1231 2043 mansionis
1266 1992 1515 2056 (superna
1562 1989 1861 2058 Illalthtle)
1900 1990 2046 2042 clave
2087 1992 2211 2042 reti-

650 2070 861 2113 nentur.
895 2061 1001 2115 Nec
1039 2060 1188 2113 vobis
1226 2061 1358 2112 tales
1390 2076 1581 2112 nocere
1612 2060 1878 2121 valebunt,
1913 2059 1955 2112 si
1986 2060 2208 2113 invicem

650 2130 967 2195 adjuturiuin
1001 2127 1140 2183 ferre
1187 2144 1293 2181 non
1343 2128 1675 2183 distuleriiis.
1712 2129 2003 2181 lnauditum
2026 2140 2208 2182 autem

650 2214 816 2265 genus
851 2199 1115 2267 sacrilegii
1156 2209 1257 2261 cst,
1288 2199 1425 2264 quod
1472 2201 1706 2251 mentita:
1748 2200 2013 2266 religionis
2046 2199 2211 2251 hono-

651 2283 762 2321 rem
796 2268 1042 2337 (lionore)
1068 2269 1266 2335 ρηςίίιί
1284 2269 1455 2321 :emnli
1476 2270 1696 2321 colorat.
1730 2269 2210 2323 Delinnestatenim

652 2339 942 2392 venerandi
972 2340 1321 2391 reverentiam
1353 2340 1603 2399 nominis,
1626 2338 1715 2406 qui
1744 2338 2040 2404 adiutorem
2069 2354 2127 2390 se
2160 2340 2209 2391 in

651 2407 732 2459 his
758 2423 875 2475 qua:
899 2410 949 2460 in
983 2411 1143 2460 llenm
1170 2409 1334 2475 jactat
1362 2407 1644 2460 commissa
1682 2409 1980 2475 pollicetur.
2013 2408 2214 2461 Contu-

651 2477 822 2528 melia-
843 2491 1008 2544 genus
1039 2487 1143 2538 est,
1175 2477 1323 2544 quasi
1357 2477 1409 2529 in
1441 2476 1629 2530 solatio
1649 2479 1835 2530 adesse
1862 2476 2074 2529 sublimi
2105 2480 2214 2545 (su-

653 2547 875 2613 blimis),
902 2548 1048 2613 juxta
1081 2548 1388 2612 Apostolunt
1417 2564 1429 2597 :
1454 2545 1531 2597 Tu
1552 2548 1637 2611 qui
1663 2564 1737 2609 cs,
1758 2548 2072 2616 quijudicas
2092 2549 2215 2600 alie-

653 2632 771 2667 nuin
800 2632 995 2669 servum
1026 2618 1201 2685 (llam.
1236 2617 1344 2685 xw)
1365 2618 1387 2667 ’ἶ
1408 2617 1541 2682 Quid
1571 2619 1787 2669 auribus
1812 2618 2069 2684 imperitis
2097 2618 2213 2670 illu-

653 2688 803 2748 dunt,
849 2696 897 2738 et
943 2686 1238 2754 graviorem
1284 2687 1527 2738 vindictae
1568 2686 1799 2753 Speciem
1852 2687 2043 2740 faciunt
2093 2703 2214 2741 esse

652 2770 719 2822 qu
758 2771 807 2807 ni
838 2755 1008 2822 culpa:
1030 2757 1052 2807 ἲ
1076 2755 1131 2809 Si
1159 2756 1336 2808 odium
1366 2756 1579 2817 habent,
1602 2756 1905 2809 excessibus
1930 2758 2215 2810 emendent

652 2826 1011 2892 (emundent).
1057 2824 1162 2878 Cur
1190 2841 1317 2893 ergo
1360 2826 1577 2879 liberius
1615 2827 1973 2879 condemnant
2012 2827 2211 2881 scelera

653 2910 807 2957 quam
838 2895 1036 2948 vitant?
1061 2897 1150 2949 Sui
1199 2895 1440 2962 profecto
1466 2896 1797 2963 impugnator
1822 2906 1908 2949 est
1931 2898 2105 2950 omnis
2126 2899 2212 2964 qui

656 2964 837 3016 Patres
861 2964 1175 3033 insequitur,
1210 2975 1299 3017 aut
1321 2964 1603 3017 detrahere
1635 2981 1737 3017 non
1777 2965 2044 3020 formidat.
2075 2967 2212 3020 Nihil

653 3043 735 3085 est
759 3035 976 3086 euimin
1012 3049 1116 3099 quo
1149 3036 1481 3087 inimicorum
1514 3035 1635 3096 tela,
1678 3036 1900 3088 [)omino
1928 3051 2085 3103 opem
2135 3036 2213 3089 fe-

654 3114 825 3168 rente,
858 3118 1110 3172 superare
1142 3120 1247 3157 non
1273 3105 1525 3165 valeatis,
1556 3110 1598 3158 si
1649 3106 1797 3172 juxta
1848 3106 2085 3158 veritatis
2123 3120 2215 3157 vo-

654 3187 793 3239 cem,
826 3175 973 3227 talem
1003 3176 1201 3241 qualem
1239 3172 1485 3245 Dominus
1524 3176 1758 3245 prater-pit
1801 3176 2079 3229 habueritis
2128 3176 2211 3227 di-

2315 1916 2379 1967 sit
2408 1918 2606 1969 virtutis
2650 1915 2759 1981 Dei,
2788 1926 2834 1969 et
2878 1933 2977 1969 non
3018 1933 3079 1969 ea:
3117 1917 3270 1970 vobis.
3307 1917 3373 1970 In
3410 1919 3639 1972 omnibus
3679 1922 3889 1972 tribula-

2316 1985 2503 2037 tionem
2536 1987 2779 2052 patimur,
2808 1986 2898 2039 sed
2932 2002 3028 2038 non
3053 1989 3408 2054 angustiamur
3429 2005 3448 2041 :
3468 1993 3781 2055 aperiantur,
3799 1992 3889 2043 sed

2318 2071 2351 2125 ιι
2388 2071 2417 2105 n
2447 2056 2768 2108 destitniinur
2790 2071 2805 2108 :
2830 2058 3222 2125 persecutionem
3265 2060 3505 2124 patimur,
3535 2068 3579 2111 et
3614 2076 3712 2110 non
3744 2062 3889 2112 dere;

2316 2123 2592 2191 linquimur
2628 2139 2646 2176 :
2683 2123 2975 2190 deficimur,
3005 2136 3052 2177 et
3082 2126 3214 2194 (sed)
3242 2123 3342 2180 non
3393 2133 3611 2194 perimus
3645 2146 3664 2180 :
3689 2144 3887 2191 semper

2314 2195 2761 2258 mortiﬁcationem
2791 2194 3123 2265 Jesu_Christi
3151 2197 3204 2247 in
3233 2213 3441 2265 corpore
3470 2209 3637 2250 nostro
3665 2199 3880 2249 circumi

2315 2265 2551 2336 ferentes,
2584 2274 2637 2336 u_t
2678 2273 2723 2316 et
2770 2266 2871 2317 vita
2909 2263 3035 2317 Jesu
3082 2266 3134 2317 in
3174 2263 3467 2336 corporibus
3512 2271 3693 2320 nostris
3726 2271 3889 2320 mani-

2316 2334 2565 2399 festetur.
2597 2333 2805 2402 Semper
2852 2336 2983 2387 enim
3033 2352 3123 2387 nos
3164 2337 3252 2403 qui
3265 2333 3532 2395 'vivimns,
3580 2338 3632 2389 in
3675 2348 3884 2389 mortem

2316 2403 2562 2454 tradimur
2587 2414 2789 2470 propter
2812 2402 3007 2470 Jesum,
3043 2416 3096 2457 ut
3136 2415 3181 2455 ct
3223 2406 3326 2457 vita
3364 2405 3495 2458 'Jesu
3537 2408 3887 2472 manifestatur

2315 2473 2366 2544 in
2392 2486 2540 2524 carne
2568 2483 2739 2526 nostra
2770 2473 2987 2544 mortali.
3038 2472 3176 2544 Ergo
3205 2491 3338 2527 mors
3367 2477 3417 2527 in
3448 2476 3589 2527 nobis
3618 2486 3880 2541 operatur,

2317 2542 2415 2614 vita
2442 2551 2606 2594 autem
2635 2544 2687 2595 in
2716 2544 2872 2598 vobis.
2901 2542 3159 2614 Habentes
3188 2555 3355 2597 autem
3385 2547 3614 2597 eamdem
3652 2547 3883 2614 spiritum

2317 2612 2457 2677 ﬁdei,
2486 2613 2614 2664 sicut
2643 2614 2881 2682 scriptum
2907 2624 3013 2666 est:
3046 2612 3490 2684 Credidi,pr0pter
3517 2616 3653 2684 quod
3679 2612 3879 2668 locutus

2316 2698 2427 2733 sum
2454 2693 2537 2743 ;ct
2561 2699 2650 2735 nos
2672 2684 2942 2748 credinms,
2962 2695 3165 2751 propter
3183 2686 3316 2745 quod
3343 2696 3387 2738 et
3418 2687 3697 2751 loquimur:
3726 2686 3888 2738 scien-

2318 2761 2389 2803 tes
2430 2754 2670 2818 quoniam
2717 2754 2803 2819 qui
2849 2753 3108 2807 suscitat-it
3156 2751 3351 2811 Jcsum.
3393 2764 3440 2805 et
3492 2770 3581 2807 nos
3608 2770 3717 2805 cum
3764 2756 3888 2807 Jesu

2317 2836 2431 2872 snsc
2455 2822 2577 2873 tabit
2617 2832 2661 2873 et
2692 2832 2833 2874 const
2856 2832 2958 2876 tuet
2998 2824 3268 2876 vobiscum.
3301 2822 3485 2875 Omnia
3523 2826 3656 2876 enim
3684 2836 3888 2892 propter

2316 2906 2421 2951 vos,
2453 2901 2503 2961 ut
2544 2893 2705 2957 graia
2730 2892 2997 2945 abundans
3028 2908 3118 2961 per
3141 2894 3326 2945 multas
3354 2896 3630 2960 gratiarum
3659 2896 3883 2949 actiones

2322 2960 2550 3031 (multos
2593 2961 2643 3011 in
2674 2962 2954 3026 gratiarum
2997 2960 3191 3015 actione
3222 2963 3273 3028 ),
3317 2964 3534 3015 abundet
3576 2966 3627 3015 in
3668 2965 3889 3031 g'oriam

2324 3029 2435 3081 Dei.
2470 3028 2688 3099 PrOpter
2715 3032 2848 3097 quod
2875 3049 2977 3086 non
3003 3032 3283 3100 deﬁcimus.
3313 3032 3418 3085 Sed
3445 3033 3556 3084 licet
3586 3034 3625 3084 is
3650 3028 3737 3099 qui
3760 3034 3889 3101 [oris

2319 3109 2389 3152 est
2422 3111 2588 3152 noster
2622 3103 2771 3152 homo
2815 3110 3191 3167 corrumpatur,
3245 3113 3409 3155 tamen
3437 3103 3480 3154 is
3508 3103 3593 3167 qui
3626 3103 3766 3154 intus
3812 3113 3888 3155 est

2327 3180 2595 3221 renovatur
2622 3170 2685 3222 de
2712 3171 2793 3223 die
2833 3172 2884 3223 in
2932 3173 3083 3223 diem.
3125 3169 3191 3222 Id
3211 3172 3367 3231 enim,
3397 3172 3529 3235 quod
3573 3175 3623 3223 in
3656 3176 3889 3238 pra’senti

655 3236 914 3296 lectionrm
942 3236 1024 3295 ad'
1047 3246 1259 3297 invicem
1289 3241 1468 3313 (Joan.
1512 3236 1648 3312 xui).
1686 3236 1821 3296 'Uata
1871 3262 1935 3297 xv
1975 3245 2221 3299 calendas
2250 3236 2295 3297 C
2327 3248 2398 3290 εει
2443 3251 2847 3313 morttcntaneum
2876 3252 2921 3294 et
2949 3240 3054 3294 lere
3080 3242 3415 3313 tribulationis
3470 3236 3674 3313 nostrae,
3733 3258 3891 3312 supra

656 3313 992 3385 Novembris,
1025 3323 1048 3385 ξι
1085 3314 1315 3385 Maximo
1347 3314 1511 3385 (anno
1540 3313 1744 3385 Domini
1772 3315 1897 3383 59.5)
1929 3326 1983 3369 et
2005 3316 2224 3385 Olybrio

657 3383 805 3450 (5:26)
838 3383 965 3435 viris
992 3383 1303 3435 clarissimis
1331 3383 1655 3435 censulihus.

1184 3491 1212 3528 ι)
1255 3491 1574 3547 EPISTULA
1619 3492 1680 3547 ll.

1127 3622 1190 3656 Alt
1232 3618 1503 3658 EPI‘COI‘OS
1543 3619 1752 3659 ΙΤΑΗᾸΞ.

660 3720 735 3774 De
766 3719 1075 3771 Theoderico
1117 3733 1252 3786 rege.
1278 3728 1428 3787 atque
1465 3718 1529 3769 de
1573 3718 1673 3782 fide
1712 3718 1961 3772 catholica
1989 3726 2228 3776 adversus

731 3790 944 3842 Arianos
986 3788 1341 3856 defendenda,
1394 3790 1551 3855 deque
1600 3790 1820 3841 ccclesiis
1868 3806 2037 3842 eorum
2084 3808 2229 3846 sacro

728 3860 1235 3922 ritu'consecrandis,
1271 3868 1316 3912 et
1351 3859 1522 3911 divino
1551 3860 1709 3911 cultui
1746 3860 2151 3915 reconciliandis.

728 3951 958 4003 Joannes
986 3951 1267 4016 episcopus
1308 3947 1557 4001 omnibus
1602 3964 1694 4014 per
1739 3950 2034 4014 provincias
2068 3951 2227 4005 italise

659 4020 958 4085 constitutis
986 4020 1251 4087 episcOpis
1274 4018 1323 4069 in
1348 4017 1577 4073 Domino
1606 4020 1852 4072 salutem.

728 4131 1030 4201 Szrpissime
1071 4131 1237 4181 multo
1279 4129 1361 4197 (S.
1384 4128 1523 4201 Leo,
1553 4129 1707 4195 epist.
1761 4130 1848 4195 70)
1885 4131 1993 4197 jam
2024 4134 2230 4201 experi-

658 4213 837 4254 mento
868 4200 1025 4253 didici
1065 4209 1302 4252 sanctum
1346 4199 1553 4266 pietatis
1584 4211 1776 4253 vestrm
1826 4201 2057 4255 studium
2088 4199 2132 4255 «λι
2167 4220 2224 4256 ca

658 4272 965 4336 religionem
994 4270 1350 4322 Christianam
1398 4269 1642 4336 gloriosis
1672 4286 1914 4324 crescere
1939 4282 1991 4324 et
2019 4273 2226 4326 dilatari

656 4340 975 4407 augtnentis,
1006 4346 1059 4393 et
1102 4342 1232 4392 fides
1277 4349 1439 4401 recta,
1465 4356 1581 4407 qua:
1624 4356 1728 4392 non
1773 4342 1946 4393 solum
1996 4358 2101 4405 me,
2134 4345 2226 4397 sed

655 4426 843 4463 omnes
872 4410 1075 4462 Domini
1117 4410 1423 4463 sacerdotes
1466 4410 1769 4461 consolatur
1797 4420 1848 4462 et
1878 4413 2111 4473 roborat,
2139 4429 2229 4465 ve-

656 4482 780 4533 stris
811 4483 859 4532 in
902 4479 1167 4551 mentibus
1197 4489 1255 4529 ρι’
1276 4479 1525 4544 Operibus
1577 4495 1669 4546 per
1708 4481 2037 4536 sacerdotale
2068 4496 2231 4551 agno-

655 4552 817 4603 scitur
846 4565 980 4616 opus
1010 4560 1063 4602 et
1087 4550 1359 4602 dilatatur.

727 4622 1077 4687 Quapropter,
1116 4620 1326 4681 fratres,
1358 4620 1490 4671 liort-
1516 4634 1543 4671 r
1582 4633 1678 4670 vos
1712 4629 1765 4671 et
1800 4635 2013 4684 moneo,
2042 4632 2227 4674 contra

656 4692 905 4744 Arianam
952 4689 1247 4757 perfidiam,
1277 4704 1395 4754 quae
1425 4688 1549 4740 olim
1602 4704 1705 4740 non
1750 4691 1935 4750 semel,
1969 4691 2061 4743 sed
2087 4706 2229 4757 saepe

654 4761 898 4812 damnata
946 4771 1047 4816 est.
1076 4769 1129 4811 et
1167 4760 1326 4811 modo
1365 4761 1415 4810 in
1458 4759 1771 4823 quibusdam
1814 4760 2109 4824 reviviscit,
2143 4778 2228 4815 ar-

654 4832 785 4882 mari
810 4830 984 4899 gladio
1008 4828 1239 4895 Spiritus
1261 4829 1454 4890 sancti,
1472 4840 1525 4881 ιιι
1549 4844 1665 4899 eam
1692 4829 1757 4880 ita
1789 4829 2226 4893 (adminiculante

654 4898 831 4951 divina
874 4902 1065 4967 gratia)
1094 4900 1403 4966 opprimere‘
1427 4907 1481 4952 et
1509 4898 1807 4965 exstirpare
1851 4900 2141 4962 valeamus,
2169 4912 2227 4954 ut

654 4982 751 5020 nec
777 4969 923 5020 radix
946 4969 1062 5035 ejus
1089 4970 1139 5020 iu
1165 4977 1432 5034 posterum
1462 4968 1778 5021 inveniatur.
1808 4970 2072 5023 Ecclesms
2099 4987 2225 5025 vero

654 5036 970 5089 Arianorum
1033 5037 1332 5104 ubicunque
1394 5038 1741 5100 inveni-ritis,
1788 5040 2079 5093 catholicas
2131 5057 2224 5095 eas

654 5105 849 5158 divinis
879 5107 1123 5173 precibus
1148 5119 1199 5159 et
1225 5108 1476 5175 operibus
1505 5108 1703 5171 absque
1728 5108 1830 5160 ulla
1859 5124 2003 5160 mora
2035 5126 2222 5165 conse-

653 5184 796 5229 crate
822 5192 835 5230 :
860 5186 1060 5248 quiaet
1106 5193 1219 5235 nos,
1262 5178 1477 5248 quando
1510 5178 1706 5229 fuimus
1741 5176 2218 5248 Constantinopoli,

653 5255 757 5296 tam
782 5262 879 5315 pro
906 5244 1156 5311 religione
1183 5246 1466 5308 catholica,
1484 5263 1640 5314 quam
1668 5254 1723 5299 et
1754 5262 1850 5312 pro
1880 5249 2020 5311 regis
2047 5244 2222 5303 Theo;

654 5315 819 5369 dorici
868 5329 1026 5369 causa
1068 5326 1119 5367 et
1163 5316 1408 5382 negotiis,
1437 5320 1698 5369 suadente
1745 5330 1903 5385 atque
1949 5316 2217 5385 hortante,

721 5464 746 5488 ⁸
777 5453 902 5507 ιιιεο
926 5448 1222 5503 consularis
1252 5464 1375 5501 ιιοά
1406 5450 1661 5503 mendosa
1685 5458 1791 5512 est,
1825 5459 1881 5503 ut
1913 5454 2112 5513 patebit
2155 5470 2215 5506 ex

655 5524 714 5575 iis
740 5540 857 5590 quia
884 5524 1015 5575 infra
1041 5522 1299 5579 dicemus,
1334 5520 1466 5572 Puto
1490 5525 1624 5573 lianc
1657 5521 1991 5574 referendam
2019 5540 2136 5577 esse
2158 5527 2219 5577 ad

656 5593 984 5646 ronsulatum
1014 5590 1224 5645 Maximi
1246 5592 1363 5644 sine
1384 5590 1603 5657 collega,
1627 5590 1716 5657 qui
1742 5590 1928 5644 incidit
1952 5594 2001 5645 iu
2024 5609 2221 5648 annum

657 5661 860 5715 Domini
884 5664 1007 5716 525.
1037 5660 1165 5714 δεῖν.
1194 5661 1388 5713 lltstus.

722 5731 746 5767 δ
778 5733 921 5784 llanc
967 5731 1246 5798 i-pi=tolam
1294 5731 1525 5791 Joannes
1570 5730 1826 5794 pontifex,
1857 5730 2006 5796 jussu
2051 5731 2223 5783 'l‘lieo-

660 5801 819 5852 Δεινὴ-ἰ
857 5802 921 5852 ab
955 5800 1091 5853 Urbe
1129 5803 1413 5869 rel-gaius,
1443 5816 1480 5853 si
1504 5799 1655 5867 ripsit
1684 5815 1745 5853 es
1791 5815 2003 5857 carcere
2034 5801 2144 5867 illo,
2172 5803 2220 5854 in

2258 4596 2305 4654 D

2332 3310 2537 3380 modum
2559 3310 2610 3361 in
2635 3311 2938 3364 sublimitate
2958 3322 3199 3363 retentum
3226 3312 3407 3379 glorite
3427 3312 3624 3380 pondus
3654 3310 3892 3379 operatur

2328 3379 2378 3429 in
2408 3379 2570 3439 nobis,
2602 3395 2711 3451 non
2730 3380 3179 3451 contemplantibus
3218 3382 3358 3434 nobis
3385 3379 3498 3451 qua:
3530 3382 3781 3443 videnlur,
3804 3383 3891 3433 sed

2327 3464 2442 3515 qua:
2487 3465 2585 3500 non
2628 3450 2875 3502 ridentur.
2937 3450 3065 3515 Quae
3115 3451 3347 3503 videntur
3388 3450 3541 3513 enim,
3597 3452 3895 3509 temporalia

2329 3529 2629 3602 suntﬁnqutr
2665 3529 2831 3602 autem
2857 3519 3248 3601 nonpidentur,‘
3263 3529 3450 3601 (eterna
3497 3530 3614 3573 sunt
3642 3520 3661 3602 (
3683 3517 3709 3571 Ι
3719 3518 3749 3602 1.
3770 3519 3891 3576 Cor.

2327 3600 2407 3650 tv,
2435 3589 2564 3639 5-18
2585 3588 2625 3655 ).
2668 3588 2867 3641 Scimus
2894 3590 3045 3651 enim,
3094 3589 3333 3657 quoniam
3369 3590 3414 3643 si
3442 3588 3686 3643 terrestris
3716 3590 3892 3642 domus

2330 3666 2501 3708 nostra
2524 3657 2675 3726 hujus
2704 3658 3032 3711 habitationis
3052 3660 3374 3717 dissolvatur.
3401 3660 3537 3726 quod
3556 3675 3620 3711 ea:
3641 3658 3745 3712 Deo
3770 3662 3892 3712 redi-

2328 3727 2612 3793 ﬁcationem
2650 3727 2905 3790 habemus,
2942 3729 3148 3780 domum
3198 3743 3297 3780 non
3350 3731 3713 3795 manufactam,
3746 3742 3894 3781 teter-

2330 3812 2449 3847 nam
2474 3797 2710 3849 incwlis.
2741 3796 2877 3849 Nam
2907 3808 2952 3850 et
2987 3799 3039 3851 in
3065 3799 3158 3850 hoc
3201 3798 3589 3868 ingemiscimus,
3622 3799 3719 3849 hab
3743 3801 3894 3850 tatio-

2330 3882 2442 3917 nem
2468 3877 2710 3927 nostrani,
2758 3883 2871 3935 quae
2910 3870 2973 3920 de
3021 3870 3142 3920 calo
3169 3878 3261 3930 cst,
3290 3868 3581 3933 superindui
3612 3872 3892 3935 cupientes,

2330 3935 2373 3987 si
2396 3945 2562 3988 tamen
2590 3934 2775 4001 vestiti,
2820 3944 2864 3989 et
2894 3953 2993 3989 non
3024 3939 3145 3989 nudi
3170 3938 3503 3993 inveniamur.
3536 3934 3683 3989 Nam
3712 3947 3757 3988 et
3806 3939 3894 4001 qui

2333 4020 2504 4077 sumus
2552 4005 2605 4077 in
2644 4005 2739 4059 hoc
2783 4006 3128 4077 tabernaculo,
3177 4008 3549 4077 ingemiscimus
3593 4007 3803 4077 gravati,
3836 4024 3901 4059 eo

2329 4076 2465 4141 quod
2491 4075 2727 4128 nolumus
2748 4076 2980 4143 spoliari,
3000 4077 3087 4129 sed
3108 4075 3451 4143 superrestiri,
3479 4088 3532 4127 ut
3572 4075 3898 4129 absorbeatur

2330 4146 2463 4210 quod
2492 4146 2703 4197 mortale
2730 4156 2801 4198 cst
2830 4163 2860 4196 a
2890 4147 3011 4198 vita.
3060 4146 3157 4208 Qui
3199 4156 3365 4197 autem
3416 4146 3561 4214 eﬂicit
3591 4162 3679 4199 nos
3705 4147 3757 4198 in
3805 4148 3901 4198 hoc

2332 4216 2520 4281 ipsum,
2549 4214 2701 4278 Dens,
2721 4216 2806 4282 qui
2825 4216 2962 4267 dedit
2994 4217 3133 4267 nobis
3160 4215 3345 4284 pignus
3368 4215 3613 4277 Spiritus.
3647 4217 3899 4268 Audentes

2330 4284 2486 4351 igitur
2501 4300 2715 4351 semper,
2740 4297 2785 4337 et
2802 4286 3010 4337 scientes
3022 4286 3257 4353 quoniam
3277 4288 3395 4336 dum
3415 4301 3587 4337 sumus
3604 4287 3654 4337 in
3677 4287 3770 4337 hoc
3786 4302 3900 4336 cor-

2333 4369 2475 4419 pore,
2502 4355 2888 4422 peregrinamur
2913 4370 2943 4405 a
2975 4356 3191 4406 Domino
3222 4355 3335 4422 (per
3357 4354 3508 4422 ﬁdem
3548 4356 3679 4406 enim
3719 4354 3900 4406 ambu-

2332 4423 2516 4486 lamus,
2542 4433 2587 4475 et
2617 4440 2717 4475 non
2742 4440 2832 4492 per
2857 4428 3093 4490 speciem)
3113 4439 3132 4476 :
3152 4425 3396 4477 audemus
3424 4433 3609 4483 autent,
3640 4434 3689 4475 et
3718 4424 3899 4476 bonum

2332 4493 2635 4545 voluntatem
2676 4496 2911 4546 habemus
2949 4498 3110 4562 magis
3158 4493 3466 4562 peregrinari
3503 4508 3533 4543 a
3566 4508 3796 4557 corpore,
3852 4505 3899 4546 et

2334 4572 2602 4627 praesentes
2652 4579 2758 4615 esse
2800 4564 2867 4613 ad
2908 4564 3173 4616 Denm:et
3218 4564 3332 4615 ideo
3382 4562 3759 4625 contendimus,
3798 4564 3903 4615 sive

2332 4632 2588 4695 absentes,
2615 4634 2717 4684 sire
2766 4642 3054 4700 prtvscntes,
3090 4634 3290 4701 placere
3322 4634 3387 4686 ei.
3427 4633 3614 4685 Umncs
3642 4637 3775 4684 enim
3808 4650 3856 4684 ιιι
3876 4650 3903 4684 s

2332 4702 2648 4770 manifestari
2697 4713 2891 4771 oportet
2934 4713 3051 4754 ante
3097 4703 3319 4755 tribunal
3361 4702 3583 4767 Christi,
3623 4712 3676 4754 ut
3714 4704 3900 4771 refernt

2331 4773 2671 4842 unusquisque
2700 4774 2909 4842 prOpria
2933 4774 3182 4839 corporis,
3207 4784 3354 4841 prout
3376 4775 3549 4835 gemit,
3570 4773 3671 4824 sive
3696 4774 3901 4834 bonum,

2330 4840 2433 4892 sive
2461 4841 2674 4893 malum.
2702 4840 2931 4896 ‘Scirntes
2960 4858 3079 4909 ergo
3110 4840 3335 4895 timorem
3369 4842 3594 4904 Domini,
3619 4842 3903 4895 hominibus

2328 4910 2616 4974 suademus,
2661 4910 2765 4964 Deo
2803 4923 2967 4963 autent
3017 4912 3272 4976 manifesti
3316 4928 3512 4974 sumus,
3545 4927 3693 4977 spero
3737 4924 3903 4963 autem

2328 4988 2373 5031 et
2404 4982 2722 5033 conscientiis
2749 4983 2923 5034 vestris
2953 4983 3245 5052 manifestos
3277 4998 3368 5034 nos
3403 4998 3527 5035 esse.
3578 4980 3695 5033 Non
3725 4982 3905 5032 iterum

2330 5064 2419 5100 nos
2446 5052 2854 5103 commendamus
2896 5052 3050 5115 vobis,
3073 5053 3159 5105 scd
3198 5054 3509 5104 occasionem
3552 5054 3731 5104 dantus
3767 5056 3906 5103 vobis

2328 5117 2585 5185 gloriandi
2626 5137 2719 5190 pro
2770 5123 2932 5180 nobis,
2964 5133 3017 5173 ut
3068 5122 3291 5175 habeatis
3324 5125 3389 5174 ad
3428 5137 3510 5173 ros
3545 5124 3631 5186 qui
3675 5122 3725 5173 in
3776 5122 3903 5187 facit:

2327 5190 2634 5253 gloriantur,
2660 5199 2704 5243 et
2748 5207 2847 5243 non
2888 5193 2939 5242 in
2972 5194 3140 5243 corde.
3185 5190 3303 5244 Sive
3334 5193 3469 5244 enim
3520 5202 3684 5243 mente
3712 5192 3901 5243 excidi-

2326 5274 2460 5319 mus,
2484 5257 2616 5317 Deo;
2641 5262 2744 5311 sive
2769 5261 2919 5312 sobrii
2946 5277 3144 5322 simius,
3162 5261 3319 5311 vobis.
3342 5259 3540 5313 Caritas
3562 5262 3693 5311 enim
3717 5260 3898 5313 Christi

2328 5336 2468 5397 urget
2502 5345 2592 5379 nos
2615 5343 2631 5379 .'
2652 5330 2955 5381 a'stiniantes
2980 5330 3093 5393 hoc,
3118 5329 3355 5396 quoniam
3380 5329 3424 5381 si
3453 5346 3586 5380 unus
3614 5346 3706 5395 pro
3738 5332 3894 5381 omni-

2334 5474 2436 5525 qno
2466 5474 2570 5510 non
2604 5460 2767 5510 multo
2808 5469 2928 5533 post
2953 5461 3089 5533 _li:e_c_
3127 5471 3365 5527 tempora
3408 5459 3620 5533 paedore
3648 5460 3908 5533 fameque

2334 5537 2675 5588 mnsiunptns
2698 5529 3009 5592 ιιχειιίνειι·ἰι.
3048 5531 3297 5584 Hortatur
3334 5532 3613 5598 cpiscopus
3648 5529 3909 5586 Italim‘ut

2337 5599 2491 5649 lidctu
2536 5612 2596 5648 ca
2626 5598 2848 5649 ΙιυΙίι-ιιιιι
2889 5610 3069 5650 contra
3115 5599 3340 5652 Arianos
3386 5599 3695 5660 defendant.
3737 5604 3909 5657 eccle-

2334 5667 2544 5731 siasqne
2571 5670 2638 5718 ab
2669 5669 2730 5721 iis
2749 5680 3027 5734 usurpatas
3052 5684 3203 5722 sacro
3227 5670 3329 5722 ritu
3352 5671 3645 5723 catholicas
3662 5672 3905 5724 reddant.

2405 5743 2417 5755 ‘
2455 5736 2676 5801 Gregor.
2720 5736 3045 5792 Turonen-is
3093 5740 3279 5794 eadem
3331 5744 3494 5794 f'crme
3542 5742 3697 5795 habet
3739 5759 3785 5797 c.
3841 5742 3917 5794 ill.

2338 5805 2453 5856 laln'i
2489 5806 2552 5857 dc
2583 5807 2645 5859 ΕΙ
2670 5806 2756 5859 σινὶλι
2792 5824 2854 5858 ui;
2879 5821 3109 5872 rtgttun.
