4262 6264
381 399 487 455 555

988 397 1350 459 TRIFOLIUS
1373 397 1810 458 'PRESBYTER.
1847 399 2065 457 EPIST.
2104 374 2296 457 Aoe.
2340 397 2665 459 FAUSTUM
2711 395 3147 455 annonsu.

3544 398 3649 452 554

374 517 467 566 ltus
490 523 720 565 mortuus
741 521 834 582 est,
852 526 973 581 ergo
992 527 1164 565 omnes
1186 515 1371 566 mortui
1393 524 1527 577 sunt,
1546 522 1590 566 et
1614 530 1706 582 pro
1731 513 1961 565 omnibus
1995 518 2036 574 Α
2067 513 2418 581 οῇἐηείοηεηι,
2448 524 2501 566 ιιι
2547 529 2650 565 non
2705 513 3010 581 vituperetur
3038 512 3373 564 ministerium
3404 522 3650 582 nostrum,

374 595 609 635 mortuus
639 589 711 655 est
746 579 1001 655 Christus,
1027 593 1083 655 ut
1130 593 1178 655 rt
1222 584 1308 651 qui
1350 584 1541 646 vivunt,
1561 579 1676 655 jam
1720 600 1821 634 non
1868 586 1962 649 sibi

376 664 566 716 vivant,
595 651 683 705 sed
714 652 756 704 ei
785 652 870 720 qui
903 668 995 719 pro
1037 653 1163 718 ipsis
1206 665 1437 707 mortuus
1472 651 1628 705 est'et
1659 655 1959 707 resurrexit.

377 722 565 793 Itaque
600 738 692 775 nos
731 738 793 775 ea:
838 722 932 774 hoc
977 724 1224 775 nemiuem
1257 726 1372 793 jam
1418 726 1646 776 novimus
1686 724 1963 793 secundum

375 792 688 847 caruerunt
718 794 760 844 si
788 794 1083 858 agnovimus
1123 792 1402 847 secundum
1440 810 1641 845 carnem
1680 792 1960 858 Christum,

375 866 467 920 sed
507 879 642 918 nunc
665 866 779 935 jam
810 880 909 914 non
954 866 1204 916 novimus.
1251 864 1311 920 Si
1357 881 1457 930 qua
1506 881 1625 931 ergo
1665 868 1717 915 in
1764 863 1964 916 Christo

378 953 510 989 nova
535 945 787 996 creatura,
815 944 977 986 vetera
1004 936 1341 995 transierunt,
1367 952 1478 987 ecce
1501 938 1634 1004 facta
1659 945 1775 986 sunt
1796 936 1966 988 omnia

376 1024 528 1059 nova.
564 1005 749 1057 Omnia
772 1014 944 1056 autem
975 1022 1037 1058 ea:
1078 1004 1220 1069 Deo,
1247 1007 1335 1075 qui
1380 1005 1723 1059 reconciliavit
1754 1021 1843 1057 nos
1872 1007 1968 1057 sibi

378 1094 470 1143 per
498 1076 776 1139 Christum,
811 1085 855 1127 et
885 1075 1025 1129 dedit
1057 1075 1200 1128 nobis
1230 1077 1565 1128 ministerium
1597 1076 1967 1128 reconciliatio-

378 1148 462 1200 nis
490 1163 509 1200 :
533 1146 1021 1225 quoniamuquidem
1056 1145 1193 1199 Dens
1235 1148 1431 1225 eratuin
1456 1144 1695 1225 ICltristo,
1722 1146 1967 1197 mundum

378 1216 717 1270 reconcilians
743 1216 859 1281 sibi,
886 1231 986 1269 non
1031 1227 1273 1283 reputans
1296 1216 1402 1269 illis
1432 1217 1617 1269 delicta
1644 1218 1889 1280 ipsorum,
1919 1228 1966 1268 et

378 1287 653 1356 posuit.in
700 1288 842 1339 nobis
882 1286 1086 1339 verbum
1132 1288 1583 1339 reconciliationis.
1620 1285 1723 1356 Pro
1764 1284 1967 1338 Christo

377 1374 501 1425 ergo
531 1357 781 1427 legatione
815 1357 1099 1427 fungimur,
1126 1366 1370 1426 tanquam
1405 1357 1510 1411 Deo
1550 1355 1967 1427 exhortante‘per

377 1424 494 1481 nos.
530 1424 862 1481 Ubsecramus
882 1424 975 1496 pro
1001 1424 1649 1489 Christo,ireconciliamiui
1668 1424 1790 1480 Deo.
1834 1424 1965 1477 Eum

378 1501 465 1567 qui
496 1515 593 1551 non
626 1504 830 1549 noverat
858 1508 1139 1568 peccatum,
1164 1513 1255 1568 pro
1286 1498 1429 1550 nobis
1460 1509 1720 1568 peccatum
1750 1497 1966 1568 fecitaut

379 1564 474 1619 nos
500 1569 802 1638 e/ﬁceremur
829 1564 1036 1635 justitia
1071 1564 1172 1619 Dei
1198 1568 1251 1622 in
1280 1569 1391 1638 ipso
1434 1564 1517 1635 (ll
1566 1566 1686 1620 Cor.
1715 1582 1765 1631 v,
1801 1566 1963 1633 1-21).

380 1639 696 1708 Adjmuntes
724 1648 891 1690 autem
926 1638 1279 1708 exhortamur,
1309 1654 1371 1690 ne
1397 1640 1450 1690 iu
1496 1652 1707 1689 vacuum
1747 1638 1963 1708 gratiam

2068 580 2155 637 sed
2200 586 2251 639 in
2280 584 2512 639 omnibus
2542 582 2865 638 exhibeamus
2894 583 3229 650 nosmetipsos
3260 584 3389 635 sicut
3438 580 3533 638 Dei
3558 587 3653 635 mi-

2068 656 2278 722 nistros,
2311 657 2363 708 in
2406 656 2566 707 multa
2615 653 2879 719 patientia,
2906 652 2960 703 in
3005 651 3439 717 tribulationibus,
3470 654 3524 705 in
3567 671 3652 708 ne-

2068 728 2399 789 cessitatibus,
2430 729 2483 778 in
2533 724 2807 792 angustiis,
2849 724 2900 775 in
2942 722 3127 792 plagis,
3157 723 3210 776 in
3254 723 3560 790 carceribus,
3596 727 3647 777 in

2067 796 2419 858 seditionibus,
2451 797 2503 848 in
2548 794 2825 866 laboribus,
2857 795 2924 866 in
2973 794 3177 866 vigiliis,
3230 795 3299 866 in,
3316 796 3556 866 jejuniis,
3595 795 3649 846 in

2068 867 2316 927 castitate,
2366 866 2418 919 in
2466 866 2697 931 scientia,
2743 865 2794 916 in
2847 864 3245 933 longanimitate,
3285 865 3338 916 in
3372 864 3651 925 suavitate,

2067 935 2121 987 in
2154 938 2355 1005 Spiritu
2384 946 2585 1005 sancto,
2608 938 2660 987 in
2706 936 2916 987 caritate
2956 951 3056 986 non
3085 935 3227 1003 ﬁcta,
3261 935 3313 987 in
3345 934 3490 987 verbo
3529 935 3654 987 reri-

2072 1003 2210 1070 tatis,
2237 1008 2288 1059 in
2333 1006 2514 1059 virtute
2560 1003 2658 1059 Dei
2701 1020 2790 1074 per
2825 1020 2968 1057 arma
3003 1005 3223 1072 justitiw
3258 1022 3288 1056 a
3326 1006 3519 1058 dextris
3549 1014 3596 1057 et
3626 1022 3653 1057 a

2070 1076 2311 1146 sinistris,
2338 1094 2429 1146 per
2454 1077 2669 1144 gloriam
2696 1073 2741 1128 et
2777 1073 3163 1146 ignobilitatem,
3200 1090 3286 1138 per
3315 1075 3580 1145 infamiam
3611 1084 3655 1127 et

2071 1145 2257 1227 bpnant
2312 1145 2568 1227 famam;
2602 1158 2655 1198 ut
2706 1145 2995 1227 seductores
3049 1155 3095 1198 et
3143 1146 3525 1227 veracesasicut
3572 1148 3655 1213 qui

2070 1216 2230 1284 ignoti
2258 1227 2304 1270 et
2336 1217 2525 1287 cogniti
2549 1232 2567 1269 :
2588 1216 2733 1286 quasi
2770 1216 3072 1278 morientes,
3103 1225 3149 1269 et
3188 1232 3300 1271 ecce
3330 1217 3578 1272 vivimus:
3602 1227 3654 1267 ut

2069 1288 2304 1358 castigati
2327 1296 2373 1341 et
2398 1304 2497 1341 non
2533 1287 2826 1354 ntortiﬁt‘ati
2847 1302 2865 1343 :
2887 1288 3031 1358 quasi
3058 1287 3245 1350 tristes,
3267 1302 3462 1358 semper
3485 1296 3655 1339 autem

2069 1357 2343 1427 gaudentes
2367 1374 2385 1411 :
2408 1360 2535 1410 sicut
2576 1368 2798 1425 egentes,
2822 1357 3007 1409 multos
3038 1366 3206 1408 autem
3249 1357 3614 1427 locupletantes
3639 1372 3655 1407 :

2069 1423 2309 1493 tanquam
2341 1429 2471 1480 nillil
2498 1423 2755 1488 habentes,
2786 1439 2831 1479 et
2858 1429 3031 1479 omnia
3078 1428 3386 1491 possidentes
3415 1424 3499 1491 (II
3531 1423 3651 1479 Cor.

2068 1513 2143 1560 vn.
2176 1499 2346 1566 1-10).
2384 1498 2461 1551 De
2499 1511 2700 1561 caetero,
2730 1498 2910 1564 fratres
2929 1539 2943 1559 ,
2978 1498 3213 1566 gaudete,
3244 1497 3451 1565 perfecti
3480 1504 3655 1557 estote,

2069 1569 2430 1632 exltortamini,
2458 1585 2634 1635 pacem
2658 1568 2857 1626 habete,
2885 1577 2937 1619 ut
2970 1566 3104 1620 Deus
3135 1569 3275 1635 pacis
3298 1578 3344 1618 et
3371 1566 3657 1619 dilectionis

2068 1638 2134 1690 sit
2181 1655 2380 1705 semper
2421 1640 2696 1691 vobiscum.
2750 1638 2911 1689 Amen
2961 1634 3055 1705 (11
3090 1634 3209 1691 COr.
3253 1652 3379 1704 xm,
3414 1637 3501 1697 11.
3534 1636 3657 1697 15).

378 1706 478 1761 Dei
522 1710 797 1796 recipiatis.
836 1708 932 1796 'Ait
973 1709 1106 1796 enim
1130 1707 1426 1796 {Tempore
1469 1718 1674 1773 accepto
1721 1707 1959 1760 exaudiui
1996 1737 2042 1796 Β
2071 1709 2264 1790 “.Data.
2291 1724 2344 1762 ιιι
2373 1709 2675 1796 ἱιΙυεᾹιιιιίἱ,
2710 1707 2736 1747 δ
2764 1707 2993 1762 Maximo
3018 1712 3032 1730 ‘
3063 1717 3116 1763 et
3146 1706 3364 1778 Olybrio
3396 1708 3527 1761 viris
3550 1709 3657 1760 cla-

380 1791 446 1841 te,
477 1789 521 1831 et
561 1780 613 1831 in
651 1781 733 1831 die
770 1779 950 1831 salutis
986 1778 1163 1846 adjuvi
1205 1789 1270 1831 te.
1317 1777 1448 1830 Ecce
1472 1793 1605 1830 nunc
1638 1787 1833 1845 tempus
1878 1794 1961 1828 ac-

380 1850 641 1915 reptabile,
668 1864 780 1902 ecce
808 1864 943 1901 nunc
971 1849 1077 1901 dies
1106 1849 1306 1902 salutis.
1342 1848 1553 1901 Nemini
1582 1848 1760 1900 dantes
1803 1846 1960 1899 ullam

453 1993 478 2019 ι
511 1983 806 2037 Erroneum
854 1992 937 2035 est
965 1981 1067 2037 hoc
1096 1992 1149 2036 et
1180 1982 1515 2037 mendosum.
1566 1981 1621 2037 Si
1648 1980 1790 2035 enim
1820 1982 1965 2050 vige-

382 2055 513 2109 sima
560 2054 781 2120 septima
833 2054 972 2115 Maii,
1005 2064 1059 2105 ut
1111 2054 1269 2106 habet
1316 2052 1591 2122 Martyrol.
1645 2052 1965 2114 Romanum,

383 2125 525 2179 idem
546 2123 779 2177 Joannes
803 2139 944 2177 anno
972 2124 1176 2176 Domini
1200 2123 1322 2183 526,
1346 2123 1445 2177 sub
1466 2122 1742 2177 consulatu
1765 2122 1967 2191 Olybrii

384 2203 626 2248 mortuus
672 2208 794 2247 esse
844 2196 1079 2262 ponitur,
1110 2209 1442 2263 nequaquam
1493 2194 1743 2246 sustineri
1793 2200 1967 2257 potest

385 2266 626 2318 eumdem
660 2264 815 2317 tertio
845 2264 962 2317 idus
990 2263 1157 2327 Junii,
1180 2265 1367 2318 eodem
1399 2279 1539 2317 anno
1569 2272 1624 2317 et
1648 2263 1749 2317 sub
1776 2263 1964 2317 eodem

382 2336 657 2389 consulatu
679 2334 900 2403 Olybrii,
937 2339 1073 2387 hanc
1095 2334 1373 2400 epistolam
1406 2335 1705 2401 scripsisse.

463 2403 488 2441 δ
521 2406 839 2459 Consulatus
887 2404 1099 2458 Maximi
1146 2404 1246 2458 hoc
1292 2406 1409 2459 loco
1455 2403 1827 2473 superadditus
1862 2413 1960 2466 est,

383 2473 625 2543 adeoque
654 2477 1035 2543 expungendus
1062 2491 1074 2526 :
1099 2488 1322 2542 uterque
1369 2476 1512 2527 enim
1553 2474 1784 2528 diversis
1813 2475 1968 2527 annis

382 2548 717 2599 consulatum
745 2554 1022 2609 gesserunt
1047 2562 1058 2573 ο
1086 2546 1173 2599 ille
1198 2561 1337 2599 anno
1357 2545 1555 2598 Christi
1584 2545 1709 2608 5‘25,
1732 2545 1815 2598 hic
1837 2544 1960 2597 526.

383 2616 609 2669 Accedit
656 2618 795 2685 quod
836 2631 1019 2684 neque
1065 2631 1121 2669 ut
1173 2617 1291 2669 idus
1344 2615 1487 2670 Junii
1535 2630 1561 2668 s
1600 2617 1635 2670 b
1683 2616 1963 2669 consulatu

2052 1778 2297 1834 .rissirnis
2326 1780 2652 1835 consulibus.

2080 1985 2298 2039 Maximi
2345 1984 2480 2039 hanc
2520 1984 2804 2053 epistolam
2842 1983 3021 2037 datam
3064 1998 3184 2038 esse
3218 1981 3455 2053 concedi
3472 1982 3657 2047 possit.

2077 2055 2207 2109 Nam
2238 2070 2305 2111 eo
2336 2052 2577 2123 tempore
2603 2054 2838 2110 Joannes
2869 2054 3105 2108 nondum
3136 2062 3252 2108 erat
3281 2052 3542 2123 pontifex,
3570 2052 3659 2118 qui

2077 2142 2262 2179 mense
2285 2122 2508 2195 Augusti
2531 2126 2771 2193 ejusdem
2792 2126 2915 2178 anni
2944 2124 3132 2178 sedere
3152 2123 3338 2192 coepit.
3371 2122 3659 2176 Dicendum

2077 2211 2205 2265 ergo
2236 2196 2372 2249 hanc
2412 2196 2696 2264 epistolam
2739 2199 2994 2258 scriptam
3026 2210 3148 2249 esse
3194 2205 3654 2265 temporeconsu-

2078 2261 2216 2321 lat-us
2252 2261 2460 2338 Olybrii
2486 2267 2687 2338 absque
2716 2267 2919 2338 collega
2952 2280 3092 2338 anno
3124 2264 3331 2317 Domini
3351 2261 3487 2338 526.
3530 2262 3660 2316 llinc

2078 2346 2219 2405 patet
2251 2334 2347 2391 cur
2384 2352 2541 2405 supra
2585 2336 2810 2389 dixerim
2843 2334 3121 2401 epistolam
3155 2334 3545 2405 praecedentem
3580 2348 3660 2384 rc-

2078 2403 2350 2462 ierendam
2398 2403 2518 2462 esse
2554 2408 2619 2461 ad
2659 2406 2994 2461 consulatum
3040 2406 3253 2459 Maximi
3285 2403 3402 2457 sine
3430 2403 3659 2468 collega.

2147 2477 2443 2532 ‘Mcndosa
2491 2485 2603 2531 tunc
2653 2493 2865 2545 quoque
2914 2478 3167 2543 temporis
3214 2474 3661 2537 annotatio,cuni

2072 2562 2213 2602 anno
2244 2548 2346 2603 526
2389 2550 2474 2603 die
2502 2547 2567 2600 27
2596 2547 2715 2601 Mati
2744 2546 2938 2601 obierit
2972 2545 3225 2601 Joannes.

429 2728 3617 2777 W

1728 2837 1946 2880 EODEM
1990 2835 2311 2879 TEMPORE.

546 2955 1910 3168 TBIFOLIUS
1876 2952 3509 3238 _13_BESBYTEB.

1787 3340 2252 3422 NOTITIA.

1865 3476 1958 3537 (Ex
1985 3476 2156 3537 Cave.)

463 3610 739 3680 Trifolina,
766 3608 1022 3678 dignitate
1053 3604 1352 3677 presbyter,
1387 3604 1663 3672 cujusnam
1696 3616 1827 3658 vero
1863 3603 1965 3658 loci
1992 3606 2040 3667 C
2072 3621 2190 3659 rum
2218 3604 2552 3674 generalium
2582 3602 2819 3658 decretis
2847 3610 3035 3656 contra
3084 3599 3346 3654 Joannem
3386 3599 3662 3669 Scytham,

392 3706 512 3775 quis
538 3704 692 3758 nobis
728 3699 1019 3756 divinabit?
1044 3696 1247 3754 Claruit
1274 3712 1416 3752 anno
1466 3695 1593 3752 520.
1640 3696 1974 3763 Quzcsiverat

394 3797 546 3852 abeo
576 3797 826 3861 Faustus,
867 3799 1085 3847 senator
1124 3790 1399 3845 Romanus
1436 3797 1492 3844 et
1542 3788 1795 3858 praetorio
1841 3803 1974 3856 prte-

393 3890 583 3952 l’ectus.
628 3889 675 3943 si
716 3886 841 3959 quid
873 3887 923 3939 in
952 3883 1165 3954 scriptis
1206 3884 1422 3937 l‘atrum
1467 3882 1534 3937 de
1564 3881 1805 3937 doctrina
1834 3881 1972 3953 Scy-

394 3985 606 4039 tharum
634 3980 1018 4036 monachorum
1045 3976 1269 4046 reperiri
1294 3985 1495 4045 posset.
1528 3973 1726 4030 Fausto
1754 3989 1975 4044 respon-

395 4076 471 4131 dit
499 4093 591 4145 per
616 4075 899 4141 epistolam
936 4070 1210 4133 Trifolius,
1248 4084 1350 4139 qua
1379 4083 1444 4123 ex
1467 4077 1696 4135 quatuor
1717 4067 1976 4122 concilio-

1247 4274 1863 4389 TRIFOLII
1942 4215 2806 4382 PRESBYTERI

2081 3697 2305 3767 ejusque
2349 3696 2642 3752 monachos
2692 3694 2783 3764 qui
2830 3692 3054 3747 Romam
3100 3696 3270 3761 nuper
3312 3690 3660 3759 advenerant,

2082 3797 2210 3865 agit.
2257 3794 2403 3848 Hanc
2436 3792 2719 3861 epistolam
2769 3790 2822 3845 in
2868 3790 2975 3844 ﬁne
3026 3789 3240 3858 quidem
3292 3788 3553 3853 mutilam,
3598 3803 3663 3846 ex

2082 3886 2297 3943 schedia
2345 3883 2742 3940 Sirmondianis
2788 3883 2929 3938 eruit
2974 3881 3241 3948 Labbcus,
3281 3890 3335 3936 et
3383 3881 3434 3935 iu
3489 3881 3661 3936 lucem

2083 3978 2490 4035 emisitConcil.
2524 3987 2657 4032 tom.
2693 3976 2780 4043 IV,
2814 3990 2934 4044 pag.
2970 3976 3037 4030 l5
3072 3975 3128 4030 0.

2986 4189 3202 4203 m—

1570 4462 2541 4609 EPISTULA

960 4697 1114 4776 AD
1164 4690 1652 4774 BEATUM
1686 4684 1722 4720 "
1755 4685 2323 4769 FAUSTUM
2376 4685 3088 4768 SENATOREM

1379 4825 1629 4875 CONTRA
1660 4820 1952 4872 JOANNEM
1984 4818 2278 4872 SCYTHAM
2306 4819 2680 4870 MONACHUM.

575 4958 1012 5015 OBSERVATIO
1048 4956 1336 5013 PHILIPPI
1368 4954 1622 5019 LABBE,
1660 4955 1716 5009 S.
1750 4954 1800 5007 J.

467 5052 566 5119 Qui
593 5051 833 5105 Dioscuri
856 5050 1066 5103 diaconi
1100 5050 1314 5103 missam
1340 5049 1402 5101 ad
1437 5048 1733 5100 Romanum
1784 5060 1969 5119 papam

400 5117 740 5176 Ilorinisdam
780 5122 847 5173 ab
888 5123 1017 5173 urbe
1069 5119 1171 5172 Cl’.
1220 5122 1534 5175 relationem
1584 5118 1649 5170 de
1698 5117 1974 5168 monachis

398 5193 634 5261 Scythis,
664 5192 753 5260 qui
788 5208 946 5244 unum
977 5192 1042 5242 de
1064 5191 1324 5261 Trinitatis
1356 5204 1564 5261 passum
1591 5200 1643 5261 et
1664 5186 1972 5261 cruciﬁxum

399 5257 756 5325 afﬁrmabant,
788 5263 1023 5327 itemque
1070 5259 1323 5313 Germani
1358 5268 1411 5310 et
1451 5258 1671 5311 Joannis
1697 5257 1977 5324 eeIisc0po-

401 5348 516 5384 rum
547 5344 831 5396 sequentes
861 5332 1279 5400 suggestionem,
1340 5340 1449 5381 tum
1477 5328 1787 5400 _Hormisda;
1829 5342 1979 5395 pipa:

399 5402 466 5453 ϋϐ
512 5404 753 5470 aliasque
806 5397 998 5454 nmltas
1046 5398 1586 5470 deincepscjusdem
1623 5412 1740 5470 eam
1773 5397 1822 5449 in
1865 5412 1976 5449 rem

398 5468 898 5535 cpistolas‘attente
929 5471 1289 5539 pi'l‘pendt't'il,
1316 5469 1359 5521 is
1392 5468 1718 5539 hauddubie
1764 5483 1875 5539 non
1902 5470 1979 5539 in-

399 5542 539 5593 vitus
566 5542 705 5610 leget
752 5537 1005 5596 incditam
1055 5538 1552 5610 ha"lelttISth'ifulii
1581 5538 1879 5608 presbyteri
1911 5537 1979 5589 dc

397 5611 589 5666 eodem
610 5624 924 5680 argumento
962 5627 1031 5679 ep
1052 5612 1244 5663 stolam
1277 5609 1340 5680 ad
1368 5610 1619 5680 Faustum
1644 5618 1974 5680 senatorem,

397 5696 559 5752 quam
601 5678 741 5736 inter
783 5682 1009 5737 schedas
1046 5678 1318 5737 Sirmondi
1364 5680 1527 5733 nostri
1568 5678 1972 5733 delitescentem

2006 4958 2056 5014 ι)
2085 4952 2281 5020 reperi,
2326 4951 2528 5018 tibique
2566 4966 2727 5014 nunc,
2760 4952 2960 5014 lector,
2987 4958 3339 5017 repriesento,
3372 4963 3428 5004 ut
3458 4951 3525 5004 de
3559 4963 3665 5007 tota

2086 5024 2185 5076 hac
2206 5022 2581 5077 controversia
2607 5023 2802 5077 certius
2827 5021 3084 5090 judicium
3118 5022 3279 5075 feras.

2154 5122 2411 5179 Mandare
2460 5123 2591 5177 mihi
2640 5123 2885 5192 dignatus
2933 5138 2993 5178 es
3062 5124 3351 5178 monachos
3383 5126 3608 5196 Scythas
3638 5144 3666 5179 a

2086 5216 2560 5285 Constantinopoli
2609 5216 2913 5279 advenisse,
2958 5215 3045 5284 qui
3101 5232 3263 5269 unum
3303 5216 3370 5270 de
3411 5217 3670 5271 Tiinitate

2092 5308 2389 5376 praedicant
2440 5308 2781 5375 cruciﬁxum,
2834 5322 3063 5375 sperans
3103 5324 3131 5362 a
3164 5310 3421 5378 parvitate
3458 5324 3595 5374 nica,
3627 5311 3669 5361 si

2091 5400 2196 5454 tale
2223 5398 2419 5467 aliquid
2450 5399 2504 5451 in
2535 5399 2779 5453 doctrina
2809 5398 3024 5453 Patrum
3054 5401 3367 5468 repererim.
3429 5398 3531 5451 Ista
3572 5398 3668 5451 dn-

2087 5491 2255 5544 cti-ina
2287 5490 2353 5542 de
2376 5489 2521 5544 l'onle
2548 5490 2660 5544 Arii
2689 5490 2942 5557 prodivit,
2962 5500 3014 5544 ct
3041 5500 3123 5545 est
3146 5489 3472 5543 conveniens
3501 5490 3670 5540 omni-

2091 5581 2189 5633 bus
2220 5578 2537 5633 hanesibus.
2576 5579 2693 5634 Vita
2724 5582 2984 5651 quidquid
3014 5590 3242 5649 quatuor
3271 5578 3459 5649 synodi
3498 5579 3548 5631 in
3578 5582 3670 5631 dc-

2086 5673 2330 5728 linitione
2374 5672 2492 5727 ﬁdei
2544 5687 2650 5728 non
2702 5682 3013 5743 posuerunt,
3055 5672 3104 5725 id
3142 5679 3227 5726 est
3265 5671 3499 5736 Nicmna,
3531 5670 3670 5726 Con-

473 5878 485 5892 ‘
522 5870 570 5924 ls
612 5868 816 5925 \idctur
863 5867 1090 5922 Fausms
1118 5866 1181 5921 ad
1216 5882 1370 5934 quem
1403 5864 1551 5933 prmi.
1580 5861 1827 5932 pra-torio
1857 5867 2070 5915 exstant
2099 5858 2273 5927 plures
2297 5855 2534 5925 epistola:
2567 5855 2701 5924 apud
2722 5854 3118 5921 Cas~iodorum,
3152 5853 3242 5907 lih.
3271 5870 3318 5908 tv
3367 5853 3644 5907 Vat-iarqu
