4254 6250
650 391 751 446 539
1946 387 2054 441 AN.
2095 386 2297 442 MANL.

2219 387 2297 442 lL.
2337 385 2486 441 SEV.
2529 384 2832 439 BUETIL‘S.
3795 379 3899 433 540

650 507 716 557 ad
739 506 1062 577 saphisticeu,
1088 521 1189 575 qua
1211 505 1287 559 illi
1311 503 1640 567 excellebant,
1673 502 1961 555 accedebat.
1999 500 2069 556 Ut
2095 518 2265 555 verum
2290 503 2376 567 sit,
2403 502 2539 572 quod
2561 503 2712 569 vulgo
2732 500 2938 565 dicitur,
2966 497 3182 552 Tantum
3202 496 3413 567 quisque
3434 495 3633 565 probat,
3655 509 3722 561 qu
3757 505 3900 546 ntum

650 615 701 649 s3
719 599 920 664 assequi
939 608 1101 665 putat.
1126 596 1332 650 Acceth
1367 596 1518 649 etiam
1539 594 1635 647 hoc
1672 610 1764 647 cur
1782 593 1945 662 magis
1961 594 2042 646 hic
2066 602 2261 656 auctor,
2284 594 2401 647 aliis
2422 594 2619 648 eximiis
2636 593 2924 645 auctoribus
2943 607 3098 660 prope
3114 589 3481 651 exsulantibus,
3502 588 3553 640 in
3569 586 3903 640 barbarorum

651 688 881 741 manibus
910 688 1107 741 hwserit
1128 728 1142 749 ,
1168 686 1304 757 quod
1333 693 1474 740 tanta
1494 685 1637 739 docet
1657 683 1940 756 diligentia,
1965 693 2019 736 ut
2053 685 2209 737 nimia
2240 686 2347 753 ejus
2375 685 2427 737 in
2464 683 2693 736 docendo
2726 683 2968 737 sedulitas
3001 682 3365 751 prapemodum
3394 678 3606 741 lectori,
3631 676 3905 743 paululum

650 780 935 844 fastidiosa,
963 780 1024 831 sit
1048 779 1216 832 taedio.
1256 776 1420 848 quue
1449 779 1498 830 in
1524 777 1887 846 philosophicis
1908 777 2222 847 potissimum
2244 816 2259 841 ,
2283 786 2329 829 et
2354 777 2406 829 in
2430 777 2818 829 mathematicis.
2846 774 2973 828 Eam
2997 785 3160 853 tamen
3182 772 3503 826 sedulitatem
3529 773 3582 825 in
3604 773 3810 825 musicis
3832 773 3906 824 rei

650 873 917 941 «ti/ficultas
935 871 1005 924 ita
1026 871 1159 935 ricit,
1181 880 1233 924 ut
1255 872 1324 925 ibi
1342 874 1560 928 intactus
1578 872 1747 925 multis
1767 871 1916 923 annis
1938 869 2112 940 fuerit,
2136 870 2295 923 donec
2315 870 2502 922 veniret
2525 884 2780 936 nunquam
2800 869 2924 921 satis
2948 868 3185 921 laudatus
3206 867 3280 919 vir
3301 862 3625 919 Franchinus
3644 865 3903 932 Laudem,

650 964 737 1031 qui
766 963 818 1015 in
847 978 903 1015 eo
926 961 1230 1016 illustrando
1251 980 1492 1034 magnum
1513 979 1681 1031 Opera:
1701 963 1918 1028 pretium
1949 962 2087 1032 fecit.
2124 960 2246 1014 Fuit
2266 961 2435 1014 hercle
2460 968 2581 1013 ante
2600 977 2759 1013 annos
2789 958 2980 1029 aliquot
3009 968 3065 1012 ut
3114 959 3260 1011 multi
3279 1001 3294 1022 ,
3320 960 3401 1027 qui
3436 956 3669 1011 Musicen
3696 958 3905 1028 proﬁte-

649 1065 838 1119 rentur,
867 1071 965 1108 non
1000 1056 1283 1109 dubitarent
1311 1058 1479 1124 palam
1506 1040 1673 1110 dicere
1706 1056 2017 1125 iMpossibile
2047 1070 2155 1108 esse
2172 1069 2473 1123 quemquam
2500 1051 2665 1106 Boetii
2698 1051 2928 1105 Musicen
2960 1048 3271 1120 intelligere,
3294 1049 3429 1117 quod
3458 1048 3668 1117 insignis
3694 1048 3906 1117 quidam

656 1146 950 1203 Phonascus
970 1148 1198 1204 Colonia:
1235 1151 1527 1220 Agrippina:
1549 1159 1663 1203 ante
1690 1166 1847 1204 annos
1868 1150 1970 1213 50,
2005 1166 2123 1202 cum
2151 1148 2221 1201 ibi
2267 1147 2603 1217 philosophice
2639 1162 2845 1218 aperam
2877 1161 3141 1209 navarem,
3177 1143 3301 1196 mihi
3319 1142 3519 1213 objecit.
3563 1139 3713 1204 Quod
3752 1139 3798 1191 ei
3835 1140 3908 1191 ita

649 1239 828 1305 visum,
853 1242 1094 1308 quoniam
1132 1250 1313 1305 pra'ter
1345 1249 1588 1294 cantuum
1616 1256 1795 1305 usum,
1822 1239 1953 1293 nihil
1981 1238 2191 1307 alioqui,
2242 1238 2379 1308 quod
2415 1238 2484 1289 ad
2501 1240 2614 1307 ejus
2650 1236 2935 1305 disciplina:
2971 1237 3285 1305 majestatern
3321 1232 3530 1295 attinet,
3566 1229 3795 1282 habebat.
3838 1224 3908 1280 Et

648 1332 736 1396 qui
756 1331 878 1384 tales
899 1341 1034 1396 sunt,
1060 1333 1252 1401 majore
1274 1348 1365 1399 per
1384 1331 1562 1385 Jovem
1583 1330 1853 1399 supercilio
1879 1346 2249 1398 nonnunquam
2274 1331 2337 1384 de
2359 1329 2652 1383 auctoribus
2666 1329 2903 1400 judicant
2920 1367 2935 1392 ,
2957 1343 3109 1396 quam
3129 1326 3214 1393 qui
3234 1334 3348 1378 sunt
3370 1323 3549 1377 eximie
3570 1321 3737 1384 docti,
3771 1321 3910 1387 quod

649 1419 776 1487 proh
813 1422 992 1473 dolor!
1033 1438 1134 1474 non
1166 1422 1216 1474 in
1238 1422 1333 1475 hac
1354 1431 1552 1474 tantum
1588 1422 1833 1489 contingit
1872 1421 2107 1482 scientia,
2140 1420 2229 1473 sed
2270 1420 2462 1490 passim
2499 1420 2555 1471 in
2580 1419 2729 1482 aliis,
2758 1418 2979 1470 maxime
3016 1415 3115 1469 hac
3144 1424 3317 1469 nostra
3351 1421 3664 1483 tempestate.
3696 1410 3801 1466 Sed
3839 1413 3909 1463 ad

648 1522 905 1563 auctorem
941 1511 1109 1573 ipsum
1136 1510 1305 1562 redeo.
1342 1510 1561 1581 Scripsit
1600 1512 1759 1563 multa
1779 1508 1863 1561 hic
1882 1524 2099 1577 quorum
2128 1509 2328 1577 copiose
2357 1508 2581 1561 meminit
2620 1506 2929 1559 Trithemius
2952 1505 3126 1559 abbas.
3154 1506 3279 1568 Qui:
3309 1503 3458 1557 hodie
3490 1502 3693 1571 quidem
3714 1510 3910 1554 exstant

647 1602 811 1671 logica
834 1611 880 1653 et
926 1601 1280 1653 mathematica
1301 1640 1316 1664 ,
1342 1615 1401 1653 ea
1424 1600 1684 1670 prtecipua
1713 1609 1835 1668 puto
1854 1639 1869 1663 ,
1893 1614 1982 1651 nec
2002 1597 2175 1668 phrasi
2209 1597 2427 1673 diversa,
2455 1612 2545 1649 nec
2577 1595 2708 1665 stglo
2738 1594 3061 1658 dissidentia,
3090 1602 3144 1646 ut
3167 1593 3311 1645 liceat
3334 1591 3473 1644 haud
3507 1590 3713 1643 obscure
3744 1589 3911 1642 videre

647 1707 705 1744 ea
725 1692 895 1745 omnia
915 1708 979 1745 ex
1000 1709 1099 1744 una
1120 1693 1281 1745 exisse
1300 1692 1528 1761 officina,
1553 1702 1771 1759 utraque
1800 1691 1982 1756 docta,
2010 1690 2231 1753 erudita,
2257 1706 2316 1741 ac
2336 1689 2583 1741 doctrina!
2612 1687 2951 1754 fidelissime.
2988 1685 3064 1738 De
3088 1685 3266 1755 quibus
3293 1684 3486 1754 logica,
3518 1684 3651 1750 quod
3680 1680 3829 1733 multi
3849 1684 3912 1734 de

647 1786 711 1837 iis
741 1785 880 1837 varia
914 1784 1254 1852 prodiderint,
1284 1784 1477 1837 indicta
1512 1799 1572 1835 ac
1605 1784 1794 1837 intacta
1832 1782 2189 1847 relinquimus.
2224 1780 2590 1836 Mathematica
2623 1772 2921 1850 verosque
2943 1780 3029 1835 ille
3065 1778 3207 1832 nobis
3241 1776 3465 1847 reliquit,
3508 1776 3646 1829 omni
3684 1775 3912 1828 encomio

646 1876 947 1929 celebranda
974 1876 1225 1939 videntur,
1254 1884 1371 1929 sunt
1396 1876 1529 1927 enim
1557 1875 1720 1927 multo
1743 1874 2060 1945 dignissima.
2100 1870 2149 1923 E
2179 1873 2361 1941 quibus
2390 1872 2494 1925 duo
2528 1873 2605 1925 illi
2646 1871 2978 1926 eruditissimi
3008 1870 3071 1922 de
3102 1869 3434 1922 Arithmetica
3473 1867 3592 1920 libri
3633 1867 3913 1933 principem

646 1970 813 2026 locum
833 1968 1009 2020 merito
1030 1977 1219 2033 tenent,
1248 1969 1536 2022 absolutum
1566 1969 1769 2021 omnino
1796 1976 2218 2039 opushquantunt
2242 1968 2309 2020 ad
2336 1968 2593 2022 theoricen
2616 1967 2816 2032 attinet,
2843 1966 2926 2018 cui
2948 1965 3075 2017 nihil
3096 1963 3249 2024 demi,
3272 1960 3399 2015 nihil
3419 1961 3543 2013 addi
3566 1968 3744 2027 potest,
3774 1954 3913 2013 omni

646 2064 789 2124 parte
808 2065 935 2109 teres
954 2072 1013 2108 ac
1035 2056 1333 2111 rotundum.
1364 2057 1670 2125 Quanquam
1691 2055 1941 2126 Georgius
1971 2055 2121 2109 Valla
2141 2057 2191 2108 in
2217 2066 2508 2123 portentosa
2530 2056 2619 2110 illo
2644 2054 2894 2108 volumine
2918 2054 2982 2106 de
3000 2053 3148 2107 rebus
3171 2051 3424 2121 fugiendis
3445 2060 3491 2103 et
3513 2049 3826 2127 expetendis,
3850 2065 3914 2102 ea:

651 2152 911 2205 Martiano
932 2151 1167 2221 Capella,
1194 2154 1518 2206 memorabile
1542 2151 1788 2221 quiddam
1818 2150 1883 2216 (si
1905 2150 2005 2202 diis
2027 2150 2217 2215 placet)
2238 2151 2461 2220 adjicere
2480 2151 2616 2203 visus
2640 2149 2726 2202 sit.
2760 2147 2865 2203 Sed
2890 2148 2975 2201 ille
2998 2146 3133 2199 idem
3158 2144 3406 2213 Georgius
3432 2158 3548 2196 cum
3575 2142 3914 2195 reconditiora

647 2246 819 2299 omnia
849 2246 901 2297 in
927 2244 1255 2297 arithmeticis
1281 2260 1343 2297 ex
1372 2244 1469 2297 hoc
1492 2254 1700 2297 auctore
1728 2244 2001 2307 habuisset,
2041 2259 2104 2295 ne
2129 2242 2285 2296 semel
2313 2242 2517 2312 quidem
2548 2257 2660 2294 eum
2688 2256 2803 2293 cum
2833 2240 3080 2311 dignitate
3109 2238 3370 2290 nominare
3396 2236 3571 2289 voluit.
3607 2234 3683 2288 De
3712 2234 3914 2288 musicis

646 2338 775 2390 idem
803 2340 935 2392 dico.
979 2336 1061 2390 lbi
1089 2337 1339 2390 enimvero
1377 2337 1551 2389 habuit
1592 2336 1911 2389 Guillielmos
1933 2375 1947 2397 ,
1983 2334 2264 2405 Brgennios
2284 2378 2298 2401 ,
2331 2344 2377 2387 et
2410 2334 2582 2387 nescio
2608 2348 2736 2400 quos
2775 2331 2908 2384 alios
2940 2339 3201 2391 auctores,
3238 2344 3337 2381 non
3365 2326 3640 2379 admodum
3669 2324 3913 2386 celebres,

646 2426 856 2481 Boetius
886 2429 937 2480 in
970 2428 1147 2480 merita
1177 2428 1558 2479 nomenclatura
1591 2426 1757 2478 locum
1795 2426 1935 2489 apud
1962 2441 2075 2478 eum
2103 2440 2205 2478 non
2237 2424 2448 2487 habuit,
2488 2438 2601 2475 cum
2628 2420 2874 2491 quidquid
2908 2420 3087 2472 solida:
3111 2416 3410 2470 eruditionis
3442 2415 3494 2468 in
3524 2414 3728 2468 musicis
3756 2412 3912 2468 Geor.

655 2512 805 2568 Valla
833 2515 1027 2585 prodit,
1055 2523 1315 2579 acceptum
1338 2512 1513 2566 Boetio
1541 2513 1731 2577 debuit,
1756 2514 1950 2582 reliqua
1977 2514 2288 2567 collectanea
2315 2523 2430 2565 sunt
2456 2513 2648 2575 inania,
2680 2527 2767 2563 nec
2792 2512 2995 2571 caelum,
3022 2526 3113 2562 nec
3141 2520 3329 2562 terram
3351 2506 3671 2576 attingentia,
3697 2508 3749 2557 in
3781 2515 3915 2558 utro~

646 2620 740 2671 que
767 2616 933 2658 tamen
962 2607 1193 2674 quatsfta,
1210 2604 1448 2675 jucunda
1480 2604 1641 2670 magis
1669 2619 1821 2673 quam
1851 2604 2135 2656 necessaria
2163 2602 2442 2656 subtilitate
2460 2645 2474 2667 ,
2504 2611 2558 2654 ut
2590 2599 2790 2653 Plinius
2820 2599 2883 2651 de
2907 2598 3133 2652 siderum
3163 2597 3354 2648 musica
3382 2594 3626 2663 prodidit.
3658 2593 3916 2659 Quidquid

646 2697 727 2748 hic
760 2704 927 2750 noster
953 2704 1131 2749 auctor
1168 2696 1219 2748 in
1262 2694 1594 2747 arithmeticis
1637 2710 1698 2746 ac
1738 2696 1947 2747 musicis
1984 2694 2222 2762 protulit,
2253 2695 2307 2745 id
2348 2694 2401 2745 in
2452 2701 2613 2745 totum
2645 2692 2867 2744 solidum
2900 2699 2994 2749 est,
3028 2706 3086 2741 ac
3114 2688 3427 2750 discussum,
3457 2689 3826 2756 fundatumque
3852 2702 3914 2738 ex

644 2786 838 2842 ’ntimis
865 2788 1147 2843 matheseos
1174 2787 1455 2856 principiis,
1487 2787 1935 2856 inconcussumque
1964 2787 2017 2839 in
2042 2788 2227 2839 scecula
2253 2789 2489 2847 manebit.

1630 2877 1782 2935 Ouum
1808 2879 1847 2925 si
1872 2878 1991 2925 durs
2016 2877 2165 2939 silex,
2192 2884 2275 2926 aut
2296 2884 2401 2927 stet
2424 2875 2663 2938 Marpesia
2687 2883 2877 2925 cautes.

719 2960 939 3025 Quintus
962 2969 1128 3013 tamen
1153 2958 1277 3012 liber
1305 2958 1367 3012 de
1386 2958 1599 3013 Musicis
1628 2960 1752 3012 mihi
1778 2960 1981 3026 quidem
2016 2974 2115 3011 non
2144 2960 2339 3012 videtur
2365 2958 2656 3021 absolutus,
2691 2958 2883 3011 tametsi
2917 2958 3023 3010 scio
3060 2957 3208 3009 aliter
3233 2955 3391 3007 visum
3427 2953 3614 3007 eximio
3639 2952 3743 3005 viro
3771 2950 3914 3004 Julia

648 3050 908 3104 Martiano
939 3051 1101 3113 Rotte,
1132 3051 1220 3120 qui
1241 3067 1403 3121 nuper
1430 3052 1481 3103 in
1503 3050 1634 3103 hunc
1660 3060 1914 3102 auctorem
1942 3053 2188 3119 prafatus
2214 3057 2303 3102 est.
2372 3048 2593 3112 Quicum
2622 3049 2748 3100 mihi
2775 3046 3015 3117 pleraque
3043 3048 3105 3099 de
3130 3044 3224 3097 hoc
3251 3052 3461 3096 auctore
3490 3044 3809 3095 conveniunt.
3841 3041 3916 3094 De

644 3144 841 3197 duobus
861 3145 1209 3197 tantummodo
1237 3140 1576 3213 voluminibus
1606 3157 1791 3211 magna
1815 3140 2066 3193 dubitatio
2092 3139 2309 3206 videtur,
2339 3155 2429 3192 nec
2456 3140 2627 3191 adhuc
2656 3138 2808 3209 plane
2836 3138 2976 3205 apud
2995 3152 3074 3189 me
3094 3136 3345 3197 discussa,
3373 3134 3691 3200 quantumvis
3720 3149 3913 3186 mecum

645 3238 822 3301 lucter,
854 3252 1052 3289 omnem
1080 3252 1305 3288 moveam
1345 3220 1584 3305 lapidem,
1617 3237 1837 3289 rationes
1864 3249 2035 3285 omnes
2073 3246 2267 3285 mecum
2298 3244 2503 3294 mutem,
2534 3248 2743 3293 versent,
2775 3229 2992 3292 volt-am,
3011 3227 3254 3300 ignorans

1628 3324 1735 3382 Quo
1759 3332 1955 3372 teneam
1981 3322 2138 3371 vultus
2162 3328 2429 3370 mutantem
2453 3321 2628 3369 Protea
2653 3320 2795 3368 nodo.

647 3406 715 3460 Ut
744 3417 812 3461 est
844 3409 979 3476 apud
1015 3407 1245 3459 eumdem
1278 3405 1537 3459 Flaccum.
1576 3404 1714 3458 Nam
1755 3407 1799 3458 si
1836 3407 1891 3458 id
1920 3422 2045 3473 opus
2080 3406 2145 3456 de
2166 3406 2361 3458 duabus
2410 3404 2601 3457 Christi
2630 3403 2914 3457 Servatoris
2942 3404 3099 3457 nostri
3128 3404 3344 3467 naturis,
3365 3410 3427 3458 ac
3456 3404 3590 3458 idem
3618 3404 3681 3456 de
3700 3405 3914 3457 sanctis-

643 3499 772 3552 sima
798 3496 1051 3553 Triuitate
1077 3500 1183 3567 ejus
1207 3508 1346 3559 sunt.
1378 3510 1432 3553 ut
1460 3501 1636 3555 titulus
1673 3502 1898 3571 praefert,
1931 3516 2021 3553 nec
2046 3502 2208 3571 stglus
2234 3516 2501 3571 repugnat,
2537 3501 2623 3570 qui
2648 3504 2838 3573 factum
2873 3511 2945 3561 es!
2984 3512 3037 3556 ut
3083 3503 3135 3558 in
3168 3518 3316 3573 Opere
3347 3504 3437 3557 illo
3473 3505 3537 3557 de
3578 3504 3914 3575 philosOphite

640 3587 861 3644 Consola
883 3590 1026 3652 iane,
1051 3591 1186 3661 quod
1208 3591 1445 3643 ultimum
1472 3596 1583 3656 eius
1614 3592 1929 3655 existimant,
1961 3608 2077 3646 cum
2105 3595 2250 3647 toties
2278 3597 2476 3647 occasio
2502 3604 2667 3659 esset,
2694 3611 2756 3648 ne
2785 3595 2939 3648 semel
2964 3596 3163 3663 quidem
3189 3596 3377 3651 Christi
3417 3597 3605 3651 mentio
3631 3598 3760 3668 fiat?
3789 3596 3913 3649 Erat

643 3684 695 3733 in
722 3696 921 3734 carcere
945 3684 1163 3748 optimus
1185 3683 1274 3735 ille
1301 3684 1396 3745 vir,
1421 3684 1606 3737 dubius
1631 3686 1697 3737 de
1723 3685 1846 3739 vita.
1881 3684 2149 3752 Tyrannus
2174 3687 2488 3739 truculentus
2515 3686 2837 3747 imminebat,
2857 3687 3102 3741 tractabat
3126 3686 3188 3740 de
3218 3686 3389 3741 divind
3416 3688 3734 3758 providentia
3759 3704 3912 3759 nego—

646 3774 773 3825 tium
796 3773 1034 3827 arduum.
1064 3772 1146 3827 Ibi
1172 3776 1233 3826 de
1261 3775 1414 3846 hujus
1445 3776 1618 3829 saculi
1644 3777 1861 3839 malitia,
1891 3776 1953 3830 de
1979 3777 2201 3846 fortuna:
2229 3777 2577 3842 instabilitate,
2609 3779 2672 3831 de
2696 3780 2946 3832 malorum
2977 3780 3239 3832 hominum
3263 3780 3315 3832 in
3344 3780 3436 3832 hoc
3464 3780 3650 3831 mundo
3675 3781 3910 3849 imperio,

645 3879 735 3931 per
765 3872 923 3916 totum
952 3882 1079 3932 apus
1102 3878 1421 3935 conquestus.
1458 3866 1522 3918 Et
1558 3868 1779 3931 scilicet,
1817 3883 1914 3919 ron
1945 3876 2051 3921 erat
2078 3869 2130 3921 in
2159 3869 2236 3921 his
2266 3868 2520 3938 Christus,
2546 3871 2738 3923 hamini
2772 3880 2873 3924 tam
2901 3873 3072 3935 docto,
3106 3873 3212 3925 viro
3238 3882 3341 3925 tam
3366 3871 3611 3924 honorato
3636 3887 3697 3923 ac
3726 3873 3809 3941 pio
3833 3871 3910 3924 vel

644 3958 800 4011 semel
820 3960 1198 4013 nominandus?
1222 3960 1474 4025 Christus,
1497 3961 1723 4029 inquam,
1751 3961 1915 4013 omnis
1935 3961 2194 4029 patientiae
2216 3960 2524 4027 exemplum,
2554 3958 2711 4030 longe’
2726 3966 2943 4034 majores
2965 3965 3182 4033 injurias
3200 3964 3262 4016 ab
3286 3964 3507 4017 inimicis
3526 3979 3724 4032 passus.
3752 3962 3909 4025 Deus,

646 4046 919 4113 Dominus,
945 4049 1151 4102 Creator
1179 4066 1210 4101 a
1240 4059 1471 4102 creatura
1518 4051 1655 4102 cruci
1682 4051 1861 4119 affixus
1879 4091 1895 4115 ,
1925 4066 2025 4104 non
2052 4060 2161 4104 erat
2187 4050 2298 4118 ille,
2328 4052 2555 4122 inquam,
2588 4052 2640 4104 in
2673 4053 2766 4105 hoc
2795 4062 2899 4105 tam
2930 4054 3221 4121 splendido,
3253 4046 3310 4106 ui
3338 4054 3500 4106 videri
3535 4054 3738 4119 volunt,
3763 4068 3914 4121 opere

643 4138 1022 4193 nominandus?
1063 4138 1172 4209 Ego
1212 4141 1405 4210 igitur,
1443 4152 1497 4194 ut
1535 4144 1749 4211 ingenue
1784 4142 1947 4213 fatear
1978 4142 2033 4196 id
2058 4145 2194 4211 quod
2236 4148 2316 4197 res'
2352 4156 2429 4200 est
2471 4144 2587 4214 (etsi
2609 4145 2716 4197 scio
2736 4159 2892 4214 quam
2914 4161 3153 4216 magnam
3174 4147 3301 4202 mihi
3319 4162 3541 4201 moveam
3564 4150 3661 4200 hac
3678 4149 3913 4216 opinione

643 4228 909 4293 invidiam,
938 4239 985 4282 et
1014 4231 1127 4297 plus
1158 4245 1310 4300 quam
1333 4230 1680 4299 Camarinam,
1708 4234 1977 4288 dicendum
2009 4245 2175 4290 tamen
2211 4243 2306 4299 est,
2330 4237 2466 4305 quod
2499 4236 2671 4289 animo
2699 4238 2835 4290 sedet
2864 4237 3034 4308 meo),
3077 4238 3202 4290 mihi
3239 4239 3443 4307 quidem
3482 4241 3647 4307 magis
3683 4240 3908 4309 philoso-

644 4320 847 4391 phicum
876 4338 1003 4389 opus
1029 4322 1225 4375 videtur
1248 4338 1401 4391 quam
1428 4323 1797 4391 Christianum,
1823 4342 1916 4379 nec
1953 4336 2118 4380 tamen
2157 4328 2424 4399 indignum
2452 4328 2586 4397 quod
2614 4346 2644 4380 a
2673 4329 2961 4382 Christiano
2986 4330 3185 4384 homine
3211 4331 3427 4400 legatur,
3448 4332 3536 4385 sed
3562 4333 3830 4402 indignum
3858 4345 3911 4387 ut

649 4411 711 4463 ab
733 4426 788 4463 eo
815 4412 1061 4478 scriptum
1083 4411 1341 4477 credatur,
1362 4411 1451 4483 qui
1473 4412 1574 4480 ipsi
1598 4414 1798 4470 Christo
1833 4416 1955 4471 dato
1996 4417 2049 4471 in
2078 4433 2225 4473 sacra
2253 4416 2551 4488 baptismate
2580 4420 2782 4477 nomine
2800 4459 2814 4482 ,
2838 4421 3002 4490 ipsum
3038 4423 3359 4490 antescr'ptis
3394 4423 3672 4489 professus.
3717 4425 3828 4478 Nec
3847 4428 3910 4479 ob

646 4503 809 4569 ipsius
830 4504 1196 4570 professionem
1223 4505 1362 4573 (nam
1392 4506 1508 4559 alia:
1529 4518 1862 4562 numerantur
1885 4510 2192 4575 captivitatis
2212 4511 2400 4581 causae)
2430 4512 2482 4564 in
2510 4528 2761 4567 carcerem
2791 4514 3045 4578 detrusus,
3070 4531 3132 4569 ne
3152 4518 3302 4569 semel
3322 4518 3521 4584 quidem
3545 4516 3733 4571 Christi
3753 4518 3910 4586 faciat

642 4594 964 4647 mentionem.
994 4592 1112 4646 Non
1139 4596 1457 4663 eaaggerabo
1489 4612 1581 4665 pro
1616 4597 1866 4669 dignitate
1893 4602 2151 4670 negotium
2171 4643 2185 4666 ,
2212 4603 2337 4655 satis
2361 4612 2436 4655 est
2460 4604 2638 4656 lectori
2660 4605 2911 4659 indicasse
2937 4608 3059 4675 quid
3096 4623 3177 4660 me
3211 4609 3525 4679 potissimum
3550 4620 3759 4662 moveat.
3803 4608 3910 4663 Sed

640 4686 774 4738 enim
794 4685 857 4737 de
879 4685 1032 4753 stylo,
1047 4701 1197 4748 quam
1218 4688 1259 4740 is
1281 4689 1490 4752 quadret
1512 4705 1624 4742 cum
1645 4691 1763 4743 aliis
1785 4690 1951 4744 Boetii
1972 4692 2376 4762 praafationibus,
2390 4695 2647 4764 judicium
2667 4697 2885 4749 aliorum
2907 4706 3035 4751 esto.
3060 4696 3239 4751 Multis
3259 4716 3382 4753 sane
3400 4700 3448 4766 (e
3467 4716 3679 4768 quorum
3700 4715 3909 4753 numero

640 4790 717 4826 me
734 4775 884 4843 facile
901 4774 1097 4839 dixero)
1112 4792 1263 4843 prosa
1277 4776 1368 4829 illa
1392 4794 1503 4830 cum
1526 4780 1752 4834 carmine
1774 4797 1874 4834 non
1896 4783 2051 4835 unius
2067 4782 2288 4836 hominis
2308 4800 2413 4837 esse
2432 4786 2680 4851 videntur,
2700 4786 2845 4858 longe
2859 4791 3103 4860 majorem
3120 4792 3339 4859 gratiam
3359 4790 3505 4844 habet
3521 4807 3722 4845 carmen
3756 4809 3908 4860 quam

640 4865 812 4936 jejuna
836 4866 925 4917 illa
948 4882 1117 4929 prosa.
1150 4866 1300 4932 Quod
1340 4869 1493 4921 simul
1523 4880 1671 4938 atque
1695 4872 1805 4939 quis
1834 4888 2003 4925 secum
2046 4873 2342 4942 diligentius
2372 4876 2717 4943 perpenderit,
2754 4877 2940 4932 videbit
2963 4895 3042 4932 me
3060 4895 3161 4932 non
3192 4889 3373 4934 temere
3396 4883 3661 4946 opinatum
3691 4898 3811 4935 esse.
3843 4884 3906 4935 At

639 4952 763 5018 quid
786 4954 1010 5007 dicemus
1033 4956 1096 5008 de
1126 4966 1198 5008 tot
1231 4967 1346 5010 ante
1386 4972 1475 5011 nos
1506 4960 1771 5012 doctorum
1810 4962 2034 5015 virorum
2045 4963 2285 5035 judicio?
2340 4963 2465 5028 Quis
2501 4982 2722 5036 unquam
2743 4982 2800 5019 ea
2820 4968 2882 5020 de
2905 4984 2960 5021 re
2984 4968 3263 5022 dubitavit?
3290 4985 3526 5023 omnesne
3547 4973 3909 5026 ctecutierunt.’

642 5043 762 5097 Non
784 5046 887 5100 aio.
919 5046 1055 5112 Quid
1083 5052 1226 5104 tum?
1262 5050 1382 5104 Non
1405 5055 1715 5123 cogitarunt,
1742 5054 1969 5123 inquam.
2001 5056 2059 5111 Si
2082 5060 2407 5127 cogitassent,
2437 5060 2480 5111 si
2500 5060 2837 5128 judicassent,
2859 5062 2904 5116 si
2923 5062 3293 5126 discussissent,
3326 5063 3505 5115 melius
3531 5063 3671 5116 nobis
3695 5079 3753 5114 ra
3771 5076 3817 5114 ιε
3844 5066 3906 5113 ti-

636 5154 775 5193 mare
797 5141 1075 5206 potuissent
1096 5158 1115 5195 :
1136 5144 1225 5196 sed
1247 5160 1347 5196 non
1368 5147 1497 5198 venit
1520 5147 1571 5198 in
1595 5155 1831 5208 mentem,
1857 5149 1974 5199 aliis
2000 5151 2259 5220 occupatis
2279 5151 2601 5219 cogitatibus.
2652 5153 3091 5218 Quemadmodum
3127 5163 3173 5207 et
3192 5150 3373 5207 nostra
3395 5163 3559 5217 aetate,
3586 5170 3731 5206 nemo
3751 5154 3906 5222 paulo

638 5230 936 5283 eruditiori:
968 5232 1160 5304 judicii
1198 5233 1372 5297 homo,
1403 5237 1769 5289 eruditissimos
1810 5236 2314 5308 absolutissimosque
2355 5241 2472 5294 illos
2515 5239 2804 5295 Rhetorices
2832 5244 2901 5295 ad
2934 5241 3245 5296 Herennium
3269 5244 3423 5297 libros
3450 5243 3703 5297 Ciceronis
3732 5244 3907 5295 existi-

636 5323 821 5384 mabit,
859 5322 946 5375 sed
974 5320 1186 5377 alterius
1217 5328 1506 5395 cujuspiam
1531 5328 1667 5380 docti
1690 5329 1784 5381 viri
1810 5344 1867 5380 ea
1899 5336 2227 5395 tempestate,
2261 5345 2375 5398 qua:
2413 5331 2630 5383 maxime
2654 5342 2774 5385 tunc
2800 5334 2994 5401 magnis
3018 5334 3233 5401 ingeniis
3258 5335 3457 5403 floruit.
3489 5334 3640 5398 Atqui
3675 5332 3905 5385 Lauren-

634 5411 738 5462 tius
777 5409 928 5463 Valla
949 5453 962 5474 ,
994 5413 1317 5482 Angelusque
1348 5414 1666 5478 Politianus,
1700 5418 2000 5484 eloquentia:
2036 5418 2280 5472 Romana:
2309 5422 2533 5483 lumina,
2565 5438 2629 5473 ac
2656 5423 2959 5476 exactissimi
2975 5424 3166 5493 jndicii
3193 5425 3295 5477 duo
3324 5425 3419 5477 viri
3447 5424 3648 5490 ubique,
3676 5434 3729 5476 ut
3759 5422 3899 5477 Cice-

608 5506 792 5564 ronis,
819 5503 1070 5572 allegant.
1102 5503 1222 5557 Non
1251 5510 1378 5568 erat,
1408 5505 1596 5575 inquis,
1628 5508 1734 5561 illis
1773 5510 1965 5562 nasus?
1997 5518 2104 5562 erat
2135 5512 2339 5581 utique,
2372 5511 2460 5565 sed
2491 5528 2592 5564 non
2620 5513 2930 5581 cogitarunt,
2955 5515 3146 5583 alioqui
3171 5532 3235 5569 ea:
3275 5516 3393 5585 styli
3418 5516 3726 5579 diversitate,
3759 5530 3822 5566 ac
3844 5530 3905 5566 ea:

635 5596 808 5650 multis
833 5600 950 5652 aliis
979 5601 1292 5669 argumentis
1313 5601 1547 5669 colligere
1584 5601 1736 5669 facile
1783 5613 2018 5671 poterant
2066 5621 2166 5658 non
2197 5622 2308 5660 esse
2345 5622 2403 5659 ea
2448 5604 2729 5671 Ciceronis,
2759 5609 2984 5676 quamvis
3012 5620 3062 5663 et
3102 5610 3250 5662 docta
3276 5618 3322 5662 et
3370 5623 3501 5677 pura
3524 5617 3572 5660 et
3620 5608 3901 5666 elaborata,

631 5692 860 5759 quamvis
891 5693 1169 5749 inveterata
1197 5696 1458 5748 hominum
1490 5696 1660 5763 opinio
1695 5697 1970 5761 reclamet,
2003 5699 2223 5766 denique
2247 5701 2568 5769 quantumvis
2587 5710 2634 5753 et
2665 5699 2914 5770 Georgius
2947 5701 3100 5755 Valla
3127 5711 3171 5756 et
3201 5702 3451 5755 Antonius
3488 5700 3828 5753 Mattcinellus
3853 5711 3900 5753 et

632 5779 839 5847 quidam
866 5781 958 5835 alii
990 5784 1170 5838 luctati
1199 5786 1320 5852 sint,
1352 5797 1403 5841 ut
1430 5786 1483 5840 id
1509 5786 1796 5844 hominibus
1826 5791 2213 5857 persuaderent,
2243 5806 2410 5845 omnes
2453 5791 2504 5843 id
2532 5793 2735 5856 lucrati,
2767 5802 2820 5845 ut
2844 5793 2985 5860 apud
3017 5790 3315 5848 eruditiores
3346 5793 3421 5847 vel
3457 5793 3646 5861 stupidi
3675 5792 3749 5845 rr.’
3778 5807 3897 5859 per-
