4254 6250
378 356 479 410 δη
1556 352 2059 413 mou-mouens
2098 338 2531 410 cenemus;
3529 350 3634 412 51.2

378 468 572 521 times
598 466 701 519 dici
741 476 1047 518 mereantur.
1083 464 1190 519 Sed
1219 464 1287 517 ad
1314 465 1651 536 philosophice
1683 467 2080 521 consolationem
2113 470 2259 524 illam
2302 469 2641 523 redeundum.
2675 467 2733 521 Si
2764 466 2887 521 llus
2912 483 2936 517 s
2966 477 3096 519 recte
3122 466 3465 520 meretriculas
3493 476 3635 519 vocat

379 558 736 631 philosOphia,
769 571 823 612 ut
867 559 1110 626 sophist
1135 560 1398 628 garriunt,
1434 562 1573 627 quod
1616 559 1748 613 nihil
1775 560 1957 614 solida:
1976 562 2335 615 consolationis
2356 602 2368 615 .
2400 562 2527 613 nihil
2566 559 2829 613 medicina:
2857 558 3038 627 amicta
3067 558 3284 623 afferant
3314 560 3483 611 animo
3502 598 3515 620 ,
3545 564 3636 613 sed

374 656 489 717 ipsa
523 652 589 704 sit
619 666 737 704 vera
760 651 872 719 ejus
913 649 1132 716 medela,
1183 651 1364 719 quidni
1406 661 1452 703 et
1484 668 1577 703 nos
1598 692 1615 715 ,
1641 654 1820 718 quibus
1848 653 2081 707 Christus
2116 670 2283 705 veram
2308 654 2459 721 fidem
2492 654 2626 721 fecit,
2661 651 2934 703 ridebimus
2976 649 3195 702 vicissim
3238 651 3470 719 jejunam
3495 650 3638 703 illam

376 739 778 809 philosOphiam,
807 743 887 793 zeal
917 743 989 798 sic
1018 739 1242 812 κόρακας
1273 738 1390 791 hinc
1437 740 1687 807 facessere
1708 741 2030 808 jubebintus,
2058 758 2175 811 qua:
2204 745 2255 793 in
2306 744 2399 794 hoc
2428 743 2619 792 mundo
2662 738 2951 808 felicitatem
2979 748 3049 791 tot
3068 739 3381 809 philosophis
3410 742 3637 803 mentita,

376 839 518 882 tanto
561 832 747 898 fortius
775 835 933 900 decep
956 835 1000 886 is
1028 834 1346 897 hominibus,
1396 844 1587 904 quanto
1617 846 1850 888 matrona
1890 837 2126 888 adultera
2156 836 2341 903 fortius
2369 834 2693 887 meretricula
2718 834 2875 901 fallit,
2906 833 3109 896 inﬁrmo
3137 830 3313 885 Boctio
3358 835 3533 886 adesse
3578 836 3642 886 ab

376 920 547 971 nescio
575 937 678 989 quo
702 922 823 989 ﬁcta
871 922 1018 973 initio
1045 922 1200 992 hujus
1222 924 1407 991 Operis.
1429 924 1576 977 Nihil
1604 926 1735 977 enim
1760 925 1876 993 plus
1902 924 2161 991 firmitatis
2191 924 2340 978 habet
2368 923 2693 994 philosophia
2711 965 2726 989 ,
2761 938 2912 987 quam
2945 921 3127 986 Musa',
3162 930 3216 973 ut
3242 922 3427 974 criticis
3456 922 3638 991 placet,

376 1009 740 1073 meretriculae,
769 1012 945 1079 gentili
968 1012 1160 1065 homini
1180 1014 1405 1082 elegans,
1432 1014 1722 1069 Christiano
1752 1018 2027 1070 ridiculum
2057 1018 2333 1069 inventum.
2375 1016 2473 1082 Atq
2512 1016 2529 1067 i
2556 1016 2600 1068 si
2627 1030 2827 1085 quieras
2864 1030 3012 1080 quem
3058 1023 3316 1065 auctorem
3344 1016 3457 1083 ejus
3481 1016 3644 1083 aperis

376 1112 572 1172 putem,
606 1104 744 1156 haud
780 1104 934 1171 facile
952 1106 1168 1158 dixenm
1192 1123 1207 1165 ;
1238 1107 1529 1175 conjectura
1561 1118 1726 1161 tamen
1754 1108 1893 1160 haud
1922 1109 2107 1179 exigua
2136 1109 2440 1177 colligimus,
2463 1109 2620 1177 fuisse
2648 1109 2867 1176 aliquem
2895 1123 2994 1160 non
3020 1108 3299 1168 indoctum,
3326 1116 3412 1157 au’
3444 1107 3642 1175 aliquos

379 1194 551 1258 potius
590 1194 765 1247 doctos
785 1235 801 1260 ,
842 1196 931 1263 qui
959 1198 1012 1248 in
1046 1198 1266 1266 gratiam
1296 1198 1475 1265 optimi
1514 1198 1610 1250 viri
1644 1199 1937 1268 hujusmodi
1964 1201 2374 1254 lamentationem
2417 1200 2730 1253 institurrint
2750 1240 2766 1262 ,
2792 1198 2924 1252 velut
2952 1197 3160 1267 funebre
3187 1196 3427 1249 solatium
3461 1199 3647 1266 injuste

380 1300 532 1339 ceso.
578 1285 715 1338 Nam
744 1285 979 1339 Boetium
1010 1288 1410 1357 haudquaquam
1443 1299 1547 1341 tam
1585 1290 1845 1357 stupidum
1896 1292 2053 1358 fuisse
2103 1293 2388 1359 putandum
2425 1300 2521 1355 est,
2544 1308 2661 1345 cum
2698 1292 2749 1343 in
2787 1304 2989 1343 carcere
3034 1290 3357 1350 detineretur,
3390 1298 3443 1341 ut
3474 1300 3645 1357 tyran-

380 1376 509 1429 nica
534 1377 741 1446 injur‘te
765 1378 1049 1429 meminisse
1068 1387 1169 1428 tam
1185 1377 1473 1442 importune
1504 1380 1735 1432 coluerit.
1776 1378 1964 1432 Verum
1989 1382 2051 1433 de
2066 1382 2160 1433 hoc
2183 1396 2333 1447 opere
2358 1382 2472 1449 plus
2494 1396 2646 1450 quam
2669 1380 2814 1433 satis.
2840 1378 3055 1449 Egregie
3075 1394 3187 1431 vero
3210 1379 3473 1443 impudens
3495 1379 3652 1444 fuisse

381 1468 597 1529 ridetur,
626 1467 855 1535 quisquis
871 1468 935 1520 de
972 1468 1248 1537 disciplina
1266 1468 1570 1521 scholastica
1591 1470 1680 1523 sub
1704 1470 1858 1541 hujus
1886 1472 2110 1525 auctoris
2141 1473 2290 1525 titulo
2314 1472 2502 1524 librum
2548 1473 2735 1533 emisit,
2764 1472 3022 1525 stultiores
3046 1480 3210 1523 autem
3232 1472 3318 1539 qui
3341 1470 3501 1524 Boetii
3521 1489 3649 1541 opus

381 1560 660 1613 credidere.
698 1559 1035 1612 Geometriam
1078 1560 1381 1629 inceperitne
1408 1576 1526 1612 cum
1557 1561 1759 1637 juvenis
1777 1572 1929 1626 esset,
1952 1572 2007 1615 ut
2031 1562 2332 1629 quibusdam
2354 1563 2521 1616 visum
2546 1572 2641 1627 est,
2672 1578 2732 1615 ac
2784 1563 3028 1624 omiserit,
3056 1563 3159 1615 alio
3201 1564 3430 1616 detentus
3457 1564 3645 1624 itudio,

382 1667 447 1703 an
470 1666 624 1704 senex
650 1661 761 1718 post
785 1650 1133 1704 Aritltmetices
1157 1667 1217 1702 ac
1252 1650 1303 1703 Μ
1312 1650 1476 1704 usicos
1499 1651 1654 1705 libros
1684 1669 1785 1705 non
1814 1654 2096 1722 perfecerit,
2125 1653 2265 1706 haud
2314 1654 2546 1723 equidem
2588 1654 2715 1705 scire
2745 1669 2970 1721 possum.
2998 1651 3200 1705 Certum
3232 1662 3303 1705 est
3331 1668 3441 1705 eam
3468 1654 3534 1703 ad
3560 1667 3649 1704 nos

383 1740 671 1794 absolutam
695 1757 797 1792 non
828 1741 1133 1810 pervenisse.
1157 1741 1263 1796 Sed
1286 1758 1422 1795 nunc
1443 1742 1507 1795 de
1522 1742 1840 1815 tgpographo
1870 1760 1929 1795 ac
1960 1744 2127 1810 operis
2147 1745 2477 1815 castigatione
2505 1746 2798 1797 dicendum.

451 1832 680 1886 Joannes
708 1831 958 1886 Waldner
986 1831 1286 1903 Tigurinus,
1330 1836 1404 1887 vir
1428 1834 1491 1887 de
1520 1835 1723 1902 optimis
1748 1834 2040 1887 auctoribus
2070 1851 2187 1888 cum
2217 1835 2436 1899 Latinis,
2467 1847 2571 1888 tum
2595 1834 2805 1897 Cm'cis,
2836 1851 2951 1888 cum
2982 1837 3053 1889 rei
3098 1836 3249 1889 etiam
3268 1834 3540 1904 familiaris
3569 1835 3650 1903 fa-

384 1933 531 1978 ctura
557 1940 749 1979 summe
787 1926 913 1977 meri
938 1941 1017 1978 us.
1050 1925 1215 1980 Boetii
1257 1942 1413 1994 opera
1456 1937 1575 1979 ante
1612 1928 1803 1994 aliquot
1853 1943 2015 1980 annos
2060 1928 2312 1981 excudere
2356 1929 2497 1997 prelo
2549 1944 2643 1981 suo
2669 1944 2835 1991 orsus,
2870 1936 3033 1980 morte
3078 1940 3357 1996 pra'ventus
3386 1936 3486 1978 tant
3515 1927 3651 1994 pium

386 2034 512 2083 opus
537 2018 773 2085 perﬁcere
798 2019 1035 2085 nequivit,
1066 2019 1203 2072 idem
1241 2028 1412 2073 tamen
1436 2020 1751 2071 occasionem
1774 2021 1911 2074 dedit
1945 2018 2171 2073 Henrico
2203 2019 2368 2081 Petri,
2388 2033 2585 2072 summo
2605 2018 2768 2069 amico
2803 2028 2996 2079 nostro,
3021 2027 3066 2067 et
3088 2017 3151 2068 de
3177 2015 3318 2067 bonis
3349 2014 3530 2066 litteris
3555 2030 3651 2069 non

388 2111 554 2162 minus
574 2111 772 2173 merito,
801 2126 863 2163 ac
878 2111 1096 2179 quotidie
1120 2112 1240 2164 bene
1268 2112 1475 2165 merenti
1502 2127 1522 2164 :
1543 2112 1630 2179 qui
1659 2112 1923 2177 omissum,
1953 2110 2236 2165 Parcarum
2272 2111 2486 2173 invidia,
2521 2126 2648 2178 opus
2679 2108 2899 2175 felicier
2926 2110 3051 2175 per].
3068 2108 3163 2170 cit,
3189 2106 3449 2177 adjutores
3479 2115 3655 2158 nactus

389 2212 495 2253 tum
526 2202 658 2254 vivos
692 2202 941 2265 doctores,
975 2211 1081 2254 tum
1117 2211 1307 2265 mutos,
1330 2201 1421 2253 ltoc
1461 2211 1533 2254 est
1565 2210 1613 2254 et
1644 2201 1814 2253 eximii
1854 2201 2042 2271 judicii
2074 2194 2229 2265 viros,
2273 2209 2323 2253 et
2348 2211 2534 2253 veteres
2561 2198 2779 2250 codices.
2809 2198 2990 2266 Adfuit
3025 2197 3158 2251 enim
3185 2197 3303 2248 huic
3327 2196 3540 2249 editioni
3582 2194 3651 2250 Ι).
3677 2182 3691 2191 ’

395 2290 513 2345 Seb.
542 2290 834 2344 Munsterus
861 2292 931 2344 ad
963 2293 1259 2362 ltujusmodi
1286 2296 1493 2346 honesta
1517 2294 1719 2363 negotia
1741 2305 1913 2357 natus,
1955 2292 2264 2365 infatigabili
2292 2308 2416 2345 cura
2459 2308 2519 2344 ac
2549 2291 2837 2361 diligentia.
2870 2289 3041 2344 Codex
3068 2290 3219 2343 etiam
3261 2300 3572 2356 perretustus
3594 2306 3653 2342 ea:

389 2379 485 2432 Dei
519 2379 643 2447 llpt.
670 2378 818 2434 Max.
853 2398 1058 2434 munere
1080 2381 1257 2451 obtigit
1287 2384 1452 2449 nobis,
1486 2400 1632 2451 quem
1672 2385 1847 2438 habuit
1876 2386 2181 2439 reverendus
2220 2386 2274 2438 in
2312 2384 2513 2437 Christo
2559 2393 2705 2452 pater
2743 2401 2800 2437 ac
2839 2383 3076 2436 dominus
3126 2379 3193 2433 D.
3242 2379 3469 2433 Ioannes
3517 2378 3656 2433 h'ern

387 2470 540 2531 abbas
560 2472 775 2525 εωθιοὸἰὶ
802 2470 914 2525 Divi
935 2472 1141 2543 Georgii
1162 2475 1214 2528 in
1240 2474 1495 2545 Hercynia
1518 2478 1680 2544 sylva.
1704 2478 1803 2541 Qui
1834 2495 1924 2543 pro
1950 2492 2043 2531 suo
2074 2478 2123 2529 in
2150 2494 2325 2529 sacras
2356 2478 2546 2529 litteras
2569 2488 2616 2529 et
2639 2477 2854 2545 optimos
2875 2487 3108 2528 auctores
3140 2488 3329 2535 amore,
3348 2474 3478 2524 hunc
3502 2472 3645 2524 codi-

386 2578 490 2612 cem
517 2563 708 2616 mittere
731 2579 821 2631 per
843 2565 999 2617 multa
1029 2564 1270 2618 milliaria
1288 2583 1389 2619 non
1415 2566 1676 2619 dubitavit.
1710 2566 1791 2620 Ex
1811 2583 1910 2636 quo
1935 2568 2109 2620 codice
2129 2568 2290 2619 multa
2317 2570 2368 2619 in
2398 2565 2609 2619 Musicis
2638 2572 2865 2619 restituta
2891 2573 3028 2618 sunt.
3062 2565 3240 2634 Adfuit
3271 2574 3317 2616 et
3350 2561 3414 2613 ι).
3446 2554 3509 2613 ι).
3536 2560 3642 2613 Bo-

384 2660 567 2728 nifacii
594 2660 919 2712 Amorbachii
944 2659 1106 2714 codex
1130 2677 1193 2714 ea:
1221 2660 1525 2715 bibliotheca
1555 2662 1737 2727 ipsius,
1768 2678 1871 2731 qua
1900 2662 1985 2715 via:
2010 2672 2084 2715 est
2113 2662 2168 2715 in
2208 2670 2313 2715 tota
2354 2659 2632 2713 Germania
2660 2660 2949 2713 instructior
2978 2656 3156 2711 altera.
3194 2656 3301 2709 Nec
3325 2656 3372 2707 dt
3390 2655 3483 2724 fuit
3513 2671 3649 2708 meus

389 2749 571 2810 codex,
605 2749 776 2801 multis
806 2758 1011 2803 notatus
1039 2750 1186 2803 locis.
1219 2750 1334 2803 Hoc
1354 2752 1588 2807 lectorem
1608 2755 1735 2807 seire
1747 2754 1906 2815 volui,
1928 2769 1991 2806 ne
2017 2764 2198 2805 temere
2220 2753 2589 2820 pra'cipitatum
2615 2768 2743 2818 opus
2762 2752 3011 2816 crederet,
3032 2749 3457 2818 quemadmodum
3483 2757 3656 2801 nostra

386 2843 535 2887 setate
555 2834 669 2902 fieri
692 2835 819 2886 solet
847 2834 907 2887 ab
933 2836 1162 2904 pecuniae
1188 2838 1361 2905 potius
1381 2840 1660 2908 aucupibus
1679 2856 1833 2909 quam
1858 2840 2042 2893 solida:
2067 2841 2246 2911 gloria:
2274 2840 2587 2907 petitoribus.
2623 2838 2792 2892 llocce
2820 2839 2976 2904 igitur
2997 2854 3146 2902 opus,
3168 2839 3434 2907 magniﬁce
3455 2836 3521 2889 υ.
3549 2838 3657 2889 An-

388 2928 518 2992 toni,
537 2927 630 2979 sub
662 2928 880 2980 nominis
903 2929 979 2980 tui
1008 2931 1295 2995 patrocinio
1326 2933 1379 2984 itt
1408 2933 1573 2985 lucem
1603 2939 1675 2985 ire
1691 2933 1966 2995 voluimus,
1992 2948 2138 3001 quem
2169 2943 2366 2984 constat
2394 2933 2455 2984 de
2484 2933 2703 2985 honestis
2732 2933 3038 2999 disciplinis,
3072 2948 3159 2983 nec
3180 2932 3344 2982 minus
3357 2930 3420 2983 de
3433 2931 3657 2999 discipli-

387 3032 573 3068 narum
602 3018 967 3084 professoribus
998 3020 1066 3071 ita
1092 3021 1349 3089 meritum,
1379 3032 1429 3074 ut
1456 3024 1540 3075 vix
1558 3024 1718 3077 alium
1760 3025 1853 3075 hac
1880 3033 2027 3076 aetate
2048 3024 2199 3076 liceat
2222 3024 2449 3093 justius,
2481 3034 2529 3076 et
2556 3041 2650 3076 suo
2702 3025 2825 3075 meri
2849 3040 2899 3087 o,
2942 3022 3115 3076 stecult
3138 3022 3295 3091 hujus
3331 3021 3657 3075 llecwnatettt

387 3124 583 3160 vocare.
613 3108 763 3172 Quod
815 3110 1161 3164 testimonium
1211 3122 1394 3180 pra’ter
1424 3124 1630 3166 cwteros
1657 3114 1843 3166 multos
1864 3113 2076 3165 eximios
2104 3118 2237 3166 viros
2282 3114 2737 3181 locupletissimum
2767 3113 2870 3163 duo
2918 3112 3041 3163 mihi
3072 3110 3399 3164 eruditissimi
3426 3128 3487 3164 ac
3516 3110 3662 3165 nobis

386 3200 685 3253 amicissimi
715 3203 807 3255 viri
836 3203 1035 3268 dedere,
1071 3203 1135 3257 ο.
1174 3204 1413 3258 Otmarus
1439 3205 1729 3270 Luscinins,
1758 3207 1869 3276 jam
1897 3207 2002 3275 fato
2035 3207 2248 3270 feliciter
2278 3210 2508 3276 functus,
2542 3214 2589 3258 et
2620 3204 2685 3257 ι).
2719 3203 3118 3271 Christopltorus
3140 3203 3288 3259 Seld.
3315 3206 3455 3273 reip.
3487 3206 3657 3274 Augu-

391 3302 549 3343 stuna:
572 3294 872 3361 advocatus,
905 3306 1111 3365 uterque
1132 3314 1163 3347 a
1187 3306 1233 3350 te
1260 3308 1481 3361 amatus,
1512 3299 1746 3363 adjutus,
1775 3311 1982 3350 evectus.
2025 3295 2138 3349 Tua
2163 3297 2444 3369 benignitas
2471 3297 2745 3349 audaciam
2793 3312 2956 3349 meum
2987 3296 3105 3350 boni
3135 3296 3387 3349 cons'ulat.
3420 3294 3659 3365 Friburgi

393 3383 618 3456 Brtsgoa:
651 3405 792 3441 anno
818 3407 848 3440 a
866 3388 994 3442 Jesu
1024 3388 1212 3444 Christi
1239 3392 1402 3443 natali
1426 3390 1564 3445 1546
1591 3391 1817 3443 calendis
1840 3388 2070 3442 Martiis.

1200 3521 1793 3698 @pismla
1868 3523 2821 3699 mtttcttpatoritt.

463 3756 576 3810 Jul.
614 3756 901 3812 Martianus
936 3757 1067 3814 (iota
1095 3758 1308 3831 Georgio
1335 3758 1572 3814 Cornelio
1602 3757 1833 3827 pontiﬁci
1858 3755 2122 3811 Torvisino
2152 3757 2413 3826 designato
2431 3798 2445 3820 ,
2470 3757 2707 3812 salutent.

469 3847 698 3900 Primum
724 3853 868 3903 rebus
898 3855 950 3903 in
989 3852 1219 3904 omnibus
1254 3868 1452 3918 semper
1477 3851 1573 3919 fuit
1634 3851 1748 3903 novi
1797 3850 1992 3917 aliquid
2023 3864 2272 3914 promere,
2302 3846 2583 3900 secundum
2605 3884 2621 3910 ,
2649 3846 2735 3899 ubi
2763 3845 2999 3914 consequi
3029 3843 3163 3898 illud
3191 3860 3428 3911 nequeas,
3455 3843 3515 3894 ub
3545 3844 3661 3896 aliis

393 3944 635 4013 depromp
656 3964 688 3997 a
712 3945 923 3999 meliora
948 3944 1177 4007 reddere,
1209 3956 1475 4013 utrumque
1504 3944 1594 3996 tibi
1610 3954 1873 4011 praestare,
1908 3943 2137 4010 pontifex
2164 3940 2391 4004 Corneli,
2444 3956 2561 3992 cum
2595 3938 2794 4006 vellem,
2827 3940 3054 3993 diversas
3084 3939 3410 3993 bibliothecas
3435 3946 3661 3991 excutere

396 4034 540 4098 carpi,
564 4051 773 4100 sperans
804 4052 881 4087 me
901 4035 1058 4087 ethoc
1087 4045 1133 4087 et
1172 4034 1302 4086 illud
1320 4033 1637 4098 effecturum.
1658 4035 1762 4086 Sed
1791 4034 2008 4086 alterum
2033 4034 2242 4102 quidem
2273 4032 2471 4103 assequi
2502 4032 2707 4085 minime
2747 4032 2913 4099 potui,
2954 4031 3111 4085 libros
3132 4031 3267 4084 enim
3294 4046 3421 4099 quos
3451 4032 3504 4083 in
3536 4028 3662 4097 phy-

395 4124 523 4176 sicas
547 4124 939 4177 auscultationes
969 4120 1238 4185 Sevei'inus
1275 4124 1462 4189 emisit,
1494 4123 1724 4191 quamvis
1771 4138 1854 4175 eos
1882 4133 2079 4176 exstare
2125 4140 2226 4176 non
2262 4123 2412 4189 pauci
2444 4122 2630 4183 sciant,
2663 4122 2697 4172 d
2730 4122 2905 4189 prend.
2921 4138 2976 4174 re
2999 4133 3169 4175 tamen
3190 4121 3360 4174 adltuc
3382 4138 3482 4175 non
3505 4121 3661 4173 valui.

396 4215 624 4265 Alterum
653 4222 821 4265 autem
845 4214 1063 4277 abunde,
1102 4227 1245 4280 puto,
1277 4224 1576 4267 consecutus
1614 4230 1748 4273 sum.
1783 4230 1902 4277 ntun
1933 4215 2145 4268 meliora
2171 4231 2325 4281 quam
2347 4217 2550 4283 fuerant
2588 4214 2831 4267 hactenus
2884 4215 3130 4281 impressa
3159 4214 3318 4267 multo
3345 4214 3660 4268 reddidimus

398 4305 505 4373 ejus
533 4304 919 4364 commentaria,
950 4319 1064 4372 qua:
1086 4322 1117 4370 p
1153 4305 1270 4357 rtim
1294 4307 1435 4357 varia
1463 4303 1861 4371 transcriptione
1887 4304 2193 4371 labefactata
2235 4302 2476 4367 stabiliri,
2505 4314 2692 4371 parttm
2724 4303 2879 4373 longa
2904 4314 3147 4357 vetustate
3177 4304 3407 4371 collapsa
3436 4300 3667 4373 reparari

400 4392 566 4443 multis
591 4395 641 4444 in
663 4392 788 4445 locis
814 4393 1192 4444 desiderabant.
1233 4392 1409 4462 Neque
1434 4410 1547 4445 vero
1568 4394 1831 4461 quisquam
1861 4409 1892 4448 a
1931 4393 2075 4446 nobis
2104 4393 2236 4445 hanc
2265 4394 2574 4460 provinciam
2602 4395 2791 4463 frustra
2822 4405 3103 4461 susceptam
3129 4396 3379 4464 opinetur,
3408 4398 3504 4464 fuit
3531 4395 3663 4447 enim

399 4480 601 4547 Boetius
641 4500 739 4535 non
778 4487 948 4538 solum
977 4500 1163 4552 magna
1194 4485 1436 4552 facundia
1475 4485 1549 4535 rir
1572 4494 1620 4535 et
1648 4483 1934 4536 eruditione
1959 4481 2235 4551 singulari,
2274 4498 2445 4536 verum
2474 4484 2625 4535 etiam
2649 4484 2869 4553 juvandi
2901 4484 3148 4550 plurimos
3174 4484 3457 4536 incredibili
3496 4483 3667 4537 studio

400 4572 683 4640 tenebatur,
717 4585 866 4644 atque
894 4575 1005 4628 ideo
1025 4590 1140 4626 cum
1170 4572 1426 4628 Barbaros
1454 4576 1611 4629 armis
1637 4574 1698 4625 ab
1728 4572 1890 4625 Ita'ia
1931 4573 2196 4643 prohibere
2239 4574 2418 4627 consul
2450 4590 2549 4627 non
2578 4584 2762 4643 posset,
2787 4574 3069 4627 barbariem
3093 4575 3154 4626 ab
3185 4573 3392 4641 Europa
3436 4573 3665 4640 discipli-

401 4668 477 4729 nis
506 4672 688 4737 cj'cere
713 4669 892 4721 doctus
920 4684 1019 4721 non
1050 4669 1320 4721 dubitavit.
1343 4669 1664 4721 Aristotelem
1688 4670 1820 4723 enim
1847 4667 2128 4722 dialectica
2148 4678 2194 4722 et
2225 4672 2485 4738 utriusque
2506 4666 2867 4736 philosOphite,
2899 4666 2995 4720 hoc
3015 4675 3088 4720 est
3117 4667 3355 4718 humanw
3384 4666 3665 4735 felicitatis,

402 4766 581 4828 magist
616 4776 721 4823 um,
754 4762 945 4829 primus
975 4774 1021 4813 et
1049 4759 1326 4813 Latinitate
1346 4762 1556 4814 donavit
1588 4771 1632 4812 et
1648 4763 1901 4828 exposuit,
1927 4762 1981 4813 id
2010 4761 2150 4829 quod
2181 4760 2327 4813 Lucii
2354 4760 2517 4828 Sylla:
2540 4760 2842 4827 dignitatem
2874 4775 2973 4811 non
3000 4760 3211 4826 a’quavit
3244 4758 3415 4819 modo,
3437 4756 3525 4809 sed
3551 4755 3665 4824 plu-

401 4852 581 4921 rimum
608 4852 759 4905 etiam
790 4854 1049 4913 excelluit,
1082 4853 1262 4923 Opibus
1284 4855 1416 4905 enim
1454 4861 1502 4905 et
1533 4854 1757 4923 potentia
1783 4857 1943 4921 fretus
1975 4850 2243 4905 Cornelius
2272 4851 2439 4922 Sylla,
2464 4852 2692 4905 inventos
2715 4850 2922 4903 Athenis
2951 4847 3236 4902 Aristotelis
3259 4848 3411 4901 libros
3448 4846 3661 4900 Romam

401 4952 637 5011 portat-tt.
670 4945 914 5013 latoquent
938 4963 982 4999 te
1003 4956 1049 4999 et
1081 4947 1351 4998 eruditioni
1373 4946 1537 5013 [idene
1562 4944 1786 4998 Manlius
1814 4946 2087 5000 Severinus
2109 4946 2308 4999 eosdem
2335 4961 2363 4999 e
2391 4942 2569 4998 erco
2591 4960 2823 4998 sermone
2846 4944 2899 4996 in
2923 4944 3207 4998 Romanam
3236 4941 3463 5013 linguam
3484 4951 3654 4996 trans-

401 5034 532 5099 tulit,
562 5047 607 5088 et
632 5036 932 5089 excbwuris
947 5038 1073 5089 adeo
1091 5050 1140 5089 ut
1166 5040 1290 5091 rixa
1309 5041 1485 5107 paucis
1507 5039 1925 5108 intelligerentur,
1944 5040 2102 5092 cuit-is
2117 5040 2434 5093 mediocriter
2475 5039 2679 5092 erudito
2706 5036 2901 5106 pervios
2942 5035 3215 5089 luculentis
3266 5034 3671 5103 expositionibut

400 5124 585 5190 effecit.
618 5126 745 5190 Qua:
775 5128 968 5179 utilitas
989 5145 1086 5180 non
1110 5140 1303 5181 tantum
1333 5130 1471 5181 illius
1504 5129 1668 5182 tetatis
1711 5128 1936 5181 homines
1964 5130 2240 5197 plurimum
2271 5130 2428 5199 juvit,
2472 5130 2561 5183 sed
2601 5130 2669 5182 ad
2692 5138 2916 5195 posteros
2942 5143 3141 5198 quoque
3165 5128 3459 5181 redundans
3488 5128 3541 5181 in
3580 5145 3674 5181 nos

401 5235 555 5288 usque
573 5220 819 5282 pervenit.
844 5219 992 5273 Hanc
1012 5223 1121 5292 ejus
1143 5224 1399 5291 egregiam
1420 5224 1579 5277 animi
1609 5225 1915 5277 voluntatem
1937 5239 2049 5275 cum
2072 5224 2203 5278 inter
2227 5223 2496 5293 legendum
2518 5224 3005 5286 animadvertissent,
3026 5223 3171 5276 libuit
3194 5223 3318 5277 mihi
3345 5227 3581 5293 quttdant
3609 5242 3669 5273 at.

400 5310 557 5376 ipsius
587 5313 920 5379 cognitionem
952 5318 1177 5380 pertinen
1202 5316 1252 5367 ia
1274 5318 1327 5369 in
1345 5332 1498 5368 unum
1526 5318 1784 5386 colligere,
1818 5328 1879 5369 ut-
1906 5327 1951 5367 et
1990 5317 2068 5368 illi
2088 5317 2316 5384 quamt'is
2337 5324 2538 5368 mortuo
2560 5318 2803 5385 gratiam,
2830 5317 2876 5368 si
2896 5331 3113 5382 possent,
3142 5316 3365 5383 aliquam
3403 5315 3670 5383 referrem.

400 5407 445 5449 et
475 5398 561 5451 tibi
586 5402 850 5465 sapientia:
867 5403 1049 5456 callem
1074 5405 1245 5457 acrius
1276 5406 1551 5468 insistenti,
1584 5406 1760 5458 multis
1782 5422 1809 5457 e
1832 5404 2045 5473 ﬂoribus
2066 5421 2307 5458 coronam
2357 5405 2556 5461 darem.
2583 5420 2743 5474 neque
2770 5408 2902 5458 enim
2928 5406 3151 5459 arbitror
3170 5407 3424 5476 ingratum
3450 5404 3538 5456 tibi
3571 5407 3657 5471 [ηρ

399 5491 465 5541 rit
492 5506 610 5544 eum
630 5502 873 5559 tanquant
906 5494 969 5547 de
996 5495 1128 5562 facie
1158 5509 1387 5559 noscere,
1413 5510 1501 5563 per
1528 5511 1677 5564 quem
1705 5497 1757 5547 in
1790 5496 1902 5547 dies
1931 5495 2095 5564 magis
2124 5511 2184 5547 ac
2212 5495 2375 5566 magis
2395 5495 2624 5563 proﬁcis,
2650 5504 2696 5547 et
2726 5495 2835 5566 ejus
2860 5512 3015 5566 opera
3039 5497 3247 5564 legendo
3271 5496 3459 5547 mirum
3480 5495 3533 5545 in
3564 5510 3671 5543 mc-

399 5580 525 5643 dum
558 5580 845 5634 delectaris.
874 5582 1022 5646 Quod
1051 5591 1220 5635 tanten
1243 5584 1367 5635 dum
1415 5584 1576 5651 facio,
1626 5600 1704 5636 me
1731 5585 1879 5637 relim
1920 5585 2095 5636 nullus
2124 5584 2370 5637 existimet
2395 5583 2682 5652 complures
2708 5585 2868 5638 nostri
2904 5585 3145 5648 temporis
3179 5584 3404 5635 homines
3436 5581 3668 5633 imittt‘n-

398 5672 634 5740 rum,qni
662 5673 849 5739 partim
874 5673 1118 5726 omniain
1146 5675 1312 5742 majus
1340 5674 1542 5737 tollunt,
1574 5675 1759 5741 partim
1784 5674 2039 5737 quadam,
2069 5690 2130 5727 ac
2156 5673 2200 5727 si
2231 5672 2472 5742 redargui
2504 5682 2769 5744 nequeant,
2800 5671 3287 5726 comminiscuntur:
3324 5670 3506 5723 horum
3536 5685 3665 5723 neu-

402 5771 529 5813 ‘rtxn
568 5762 618 5814 in
637 5763 912 5830 praseatia
938 5763 1190 5832 facturum
1225 5780 1301 5818 me
1340 5764 1495 5833 recipi
1516 5784 1549 5826 ι,
1590 5766 1818 5833 quamvis
1856 5763 2009 5833 probe
2035 5766 2314 5835 intelligam
2346 5781 2445 5817 non
2472 5781 2578 5819 esse
2616 5764 2769 5833 facile
2790 5776 2895 5817 sua:
2938 5777 3134 5831 quoque
3186 5764 3492 5833 tempestatis
3525 5761 3677 5831 facta
