4254 6250
2223 291 2238 315 \

605 362 708 418 διε
1791 366 1899 420 ΑΝ.
1946 364 2149 420 ιιλΝι..
2191 354 2285 419 διν

2195 354 2336 419 δεν.
2382 363 2694 419 Βυετιιε.
3770 356 3875 410 δυ

605 477 903 541 describere,
937 478 1119 530 nedum
1144 476 1303 530 ullius
1330 477 1413 542 qtti
1437 477 1576 528 mille
1604 476 1786 529 abhinc
1814 479 1962 528 anuis
1986 478 2087 529 vita
2111 478 2143 528 d
2174 479 2403 533 cesserit.
2440 478 2488 528 in
2518 486 2656 528 tanto
2689 475 2968 541 pra'sertint
3006 473 3304 541 scriptorum
3322 469 3463 522 illius
3485 477 3531 521 et
3562 466 3876 519 succedentis

606 566 696 615 aui
723 566 942 623 silentio.
977 568 1061 632 qui
1091 584 1152 619 ne
1176 566 1379 635 publica
1406 568 1606 632 quidem
1630 566 1812 618 litteris
1840 568 2217 619 commiserunt.
2247 568 2587 631 Quamobrem
2609 583 2638 616 a
2680 566 2821 617 nobis
2844 566 2997 633 plura
3030 563 3202 615 nur'lus
3222 552 3473 628 exspectet
3494 574 3646 628 quam
3676 574 3739 610 ex
3766 560 3879 626 ejus

605 658 878 709 aliorumve
909 658 1049 710 libris
1070 658 1305 726 cognosci
1328 666 1629 724 potuerunt,
1663 667 1751 709 aut
1778 658 1994 710 evidenti
2018 659 2311 727 conjectura
2337 656 2861 722 saltemcontprendi.
2892 654 2971 707 Ea
3001 664 3077 718 tu,
3108 651 3293 722 Georgi
3319 649 3655 714 nobilissime,
3675 649 3879 713 qualia-

605 765 800 817 tunque
828 749 882 800 in
919 765 1076 800 unum
1101 766 1229 813 opus
1264 750 1496 813 redacta,
1530 750 1740 813 libenti,
1777 751 1907 803 sicut
1932 751 2099 803 omnia
2130 767 2242 803 mea
2291 751 2449 813 soles,
2481 750 2662 801 animo
2684 763 2944 819 percurre,
2989 758 3036 801 et
3065 746 3447 816 quantprident
3482 742 3714 797 nondum
3755 744 3879 796 satis

605 840 880 905 expolitam
910 848 1225 900 asportatos.
1252 857 1387 901 nunc
1421 843 1639 907 denique
1660 844 1937 911 perfectam
1968 841 2136 894 Boetii
2160 842 2426 893 historiam
2462 842 2650 910 accipe.

678 930 881 979 Anicius
906 927 1177 981 Severinus
1203 928 1434 995 Boetius,
1469 931 1752 997 Romanus,
1782 940 1830 984 et
1856 932 2119 983 nobilitate
2145 932 2401 997 majorum
2435 940 2480 983 et
2516 931 2673 982 animi
2702 930 2900 983 dotibus
2925 931 3115 993 clarus,
3153 930 3205 981 in
3228 944 3287 981 ea
3310 937 3535 997 tempora
3558 927 3741 981 incidit
3766 926 3880 993 qui-

607 1016 698 1068 bus
730 1014 886 1068 Italia
928 1034 959 1069 a
990 1018 1216 1071 barbaris
1253 1034 1497 1088 Oppressa
1528 1020 1807 1074 tenebatur.
1840 1019 2017 1072 Natus
2039 1032 2111 1073 est
2136 1022 2270 1072 enim
2298 1037 2397 1072 non
2427 1022 2498 1071 ita
2522 1020 2695 1072 multis
2726 1031 2837 1088 post
2864 1022 3011 1073 annis
3039 1034 3191 1087 quam
3217 1019 3280 1071 ab
3312 1019 3517 1070 Alarico
3544 1016 3708 1070 Roma
3728 1032 3879 1084 cape-

605 1115 761 1156 retur.
792 1104 1095 1175 Floruitque
1120 1105 1420 1160 Theodorici
1446 1108 1580 1177 regis
1615 1120 1929 1178 tempestate.
1964 1108 2311 1162 Theodericus
2341 1110 2423 1162 hic
2460 1125 2492 1161 a
2519 1108 2724 1162 Zenone
2749 1126 2862 1162 cum
2898 1110 3188 1180 ingentibus
3225 1109 3382 1178 mpiis
3411 1109 3615 1171 missus,
3654 1116 3878 1175 ereptam

609 1191 859 1246 Odovacri
884 1195 1092 1247 Italiam
1112 1195 1210 1248 sibi
1236 1198 1593 1258 vindicaverat.
1624 1198 1984 1269 Ravennteque
2014 1200 2160 1270 regni
2187 1200 2307 1253 sede
2336 1201 2523 1267 locata,
2551 1210 2735 1253 cuncta
2758 1218 2850 1267 pro
2873 1202 3080 1255 libidine
3104 1201 3519 1266 administrabat;
3548 1201 3683 1268 quod
3704 1201 3878 1253 videns

606 1280 815 1334 Boetius
837 1285 1057 1336 honestis
1080 1285 1372 1355 disciplinis
1384 1287 1613 1339 anintum
1639 1287 1911 1357 applicuit,
1930 1290 1984 1341 id
2004 1290 2101 1342 sibi
2116 1298 2316 1341 tantunt
2339 1306 2605 1357 superesse
2628 1292 2917 1361 intelligens
2937 1292 3070 1360 quod
3090 1291 3294 1345 homine
3313 1291 3469 1343 libero
3492 1291 3703 1359 dignum
3725 1287 3875 1357 foret.

611 1372 858 1428 Eruditus
884 1379 1053 1443 i.aque
1074 1375 1267 1431 Crtecis
1292 1389 1339 1431 et
1379 1378 1577 1432 Latinis
1607 1379 1791 1433 litteris
1815 1382 1876 1434 ab
1903 1382 2247 1435 adolescentia
2270 1399 2381 1434 cum
2401 1394 2550 1445 esset,
2581 1384 2817 1453 qua’dant
2849 1384 3065 1452 primunt
3094 1400 3155 1437 ex
3187 1384 3404 1438 Euclide
3424 1385 3704 1446 transtulit,
3726 1393 3877 1452 atque

606 1469 679 1518 ita
707 1467 995 1531 transtulit,
1044 1478 1098 1521 ut
1136 1481 1181 1522 e.‘
1216 1472 1511 1523 d'metiendi
1555 1474 1804 1537 rationes,
1833 1484 1879 1525 et
1908 1490 1939 1525 a
1964 1475 2013 1525 ia
2041 1476 2275 1542 qutvdam
2304 1476 2367 1529 de
2406 1492 2499 1528 suo
2530 1477 2853 1547 adjungeret,
2888 1494 2947 1529 ac
2974 1478 3111 1546 quod
3152 1478 3379 1529 nondum
3418 1477 3705 1529 Aristotelis
3730 1486 3877 1530 tvtate

604 1572 858 1634 repertum
888 1569 1072 1633 fuerat.
1106 1564 1302 1630 ecquale
1331 1566 1525 1619 circulo
1553 1568 1859 1632 quadratum
1888 1578 2122 1621 astruere
2148 1569 2395 1621 docuerit.
2436 1569 2819 1631 Arithmeticam
2853 1579 3048 1635 postea,
3082 1570 3469 1632 Mcomachum,
3503 1586 3602 1622 non
3642 1579 3695 1622 ttt
3723 1570 3876 1622 inter-

606 1650 742 1722 pres,
770 1667 989 1715 secutus,
1023 1657 1111 1706 setl
1143 1674 1235 1708 suo
1266 1673 1387 1710 usus
1410 1660 1639 1727 judicio,
1674 1659 1866 1712 Latinis
1889 1662 2048 1714 verbis
2079 1661 2323 1713 reddidit.
2356 1660 2421 1713 Et
2448 1662 2568 1714 inde
2594 1662 2839 1713 musicam
2863 1663 3156 1730 perplexam
3179 1672 3225 1714 et
3246 1662 3523 1715 involutam
3551 1660 3876 1728 disciplinam

602 1761 665 1796 ex
684 1747 885 1814 optimis
912 1746 1194 1815 quibusque
1220 1747 1450 1819 collegit,
1483 1766 1584 1817 qua
1632 1750 1682 1802 in
1713 1768 1766 1802 re
1797 1761 1843 1803 et
1881 1752 2199 1804 Aristomenis
2231 1751 2449 1818 capiam,
2485 1760 2530 1803 et
2564 1750 2878 1820 Pythagoia:
2908 1751 3165 1822 judicium
3206 1769 3256 1802 ω
3271 1753 3472 1819 pressit.
3504 1749 3686 1804 Exstat
3712 1750 3876 1803 Theo-

608 1839 771 1889 dorici
801 1841 936 1905 regis
964 1840 1031 1889 ad
1059 1837 1289 1890 Boetium
1324 1842 1561 1908 epistola,
1586 1858 1700 1907 qua:
1730 1849 1775 1894 et
1812 1841 2056 1894 I’tolemei
2081 1842 2358 1912 Syntatrin,
2388 1852 2432 1893 et
2462 1844 2779 1894 Archimedis
2806 1842 3055 1895 Mechanit
3074 1859 3135 1894 en
3160 1843 3221 1895 ab
3244 1860 3302 1896 eo
3333 1843 3607 1896 Latinitate
3632 1844 3876 1895 donatam

602 1932 840 1998 afﬁrmat.
889 1930 1075 1984 Verum
1101 1932 1352 1998 prtvludia
1373 1932 1482 1985 haec
1514 1933 1673 2002 fuisse
1689 1934 1993 1987 crediderim
2016 1950 2073 1987 eo
2107 1950 2189 1986 unt
2218 1950 2331 2000 qute
2358 1936 2432 1985 vir
2459 1944 2633 1986 tantus
2656 1944 2818 1987 mente
2844 1935 3089 2004 agitabat.
3115 1933 3496 2004 Philosophiam
3522 1936 3657 1987 enim
3678 1933 3876 1988 Latinis

602 2024 783 2074 litteris
809 2025 1067 2075 illustrare
1089 2026 1444 2089 constituerat,
1477 2043 1575 2077 non
1604 2036 1659 2078 ut
1693 2025 1854 2078 Varro
1873 2028 2107 2090 stoicum,
2138 2042 2230 2079 nec
2253 2035 2309 2078 ut
2336 2024 2542 2078 Tullius
2572 2025 2940 2088 academicam,
2963 2028 3053 2077 sed
3076 2041 3186 2077 eam
3216 2041 3329 2092 qute
3356 2034 3562 2077 cteteras
3593 2025 3877 2078 obscuravit

599 2114 663 2165 ab
691 2115 955 2168 Aristotele
977 2116 1242 2179 invectam,
1275 2128 1321 2169 et
1351 2133 1381 2167 a
1411 2126 1482 2168 tot
1503 2118 1866 2185 priestantibus
1892 2119 2100 2186 ingenio
2130 2118 2276 2183 viris,
2301 2127 2450 2168 tetate
2480 2127 2583 2166 tam
2615 2114 2772 2185 longa
2802 2116 3123 2166 celebratam.
3162 2112 3225 2166 Id
3248 2115 3354 2181 ipse
3383 2114 3458 2166 his
3488 2113 3647 2165 verbis
3675 2114 3876 2182 signiﬁ-

603 2218 718 2259 cat:
752 2206 862 2277 Ego
892 2224 1037 2261 omne
1067 2210 1353 2262 Aristotelis
1375 2226 1501 2276 Opus
1522 2211 1857 2277 quodcunque
1879 2210 1930 2260 in
1963 2225 2143 2260 manus
2170 2209 2383 2269 venerit,
2413 2208 2463 2259 in
2495 2206 2782 2259 Romanum
2808 2209 2995 2275 stylum
3031 2214 3246 2267 vertens,
3279 2220 3453 2256 eorum
3486 2203 3711 2256 omniunt
3737 2218 3876 2254 com-

603 2311 771 2353 menta
799 2304 979 2353 Latina
1009 2304 1239 2354 oratione
1268 2302 1595 2365 perscribam,
1631 2310 1686 2351 ut
1716 2301 1761 2352 si
1792 2301 1911 2368 quid
1939 2315 2001 2352 ex
2030 2299 2113 2368 log
2137 2315 2209 2351 ca:
2237 2301 2363 2351 artis
2395 2299 2692 2359 subtili.ate,
2725 2308 2769 2347 et
2792 2312 2855 2349 ex
2880 2298 3087 2347 moralis
3115 2298 3257 2366 gravi
3280 2306 3361 2348 ate
3382 2296 3594 2363 peritiat,
3627 2304 3671 2347 et
3692 2309 3755 2347 ea:
3783 2310 3875 2345 na-

600 2394 782 2443 turalis
804 2394 1039 2445 acumine
1060 2393 1281 2445 veritatis
1307 2393 1369 2444 ab
1404 2393 1673 2444 Aristotele
1696 2392 2030 2461 perscriptum
2072 2401 2166 2455 est,
2196 2391 2264 2443 ad
2291 2407 2440 2443 omne
2478 2391 2774 2443 ordinatum
2813 2392 3140 2456 transferant,
3172 2397 3326 2458 atque
3354 2389 3408 2440 id
3436 2389 3654 2457 quodam
3683 2386 3875 2439 lumine
3948 2402 3961 2409 ’

601 2485 1040 2536 commentationis
1077 2486 1349 2537 illustrem.
1386 2482 1555 2551 Igitur
1588 2481 1955 2551 Porphyrium,
1998 2498 2141 2553 quem
2190 2482 2478 2535 Victorinus
2549 2484 2671 2550 Afer
2725 2481 3025 2549 compendio
3071 2480 3421 2541 transtulerat,
3461 2478 3770 2547 explanavit,
3822 2486 3875 2529 et

601 2575 834 2628 eumdem
866 2594 895 2627 a
927 2593 979 2629 se
1003 2594 1118 2630 mox
1145 2578 1530 2645 interpretatum
1555 2578 1694 2631 nivis
1725 2595 1928 2630 rursum
1955 2577 2352 2647 respositionibus
2382 2576 2673 2629 illustrat-it.
2716 2574 2904 2627 Pra‘dit
2919 2576 3133 2626 amentis
3173 2588 3378 2624 manant
3417 2575 3600 2624 admov
3629 2582 3730 2635 rat,
3760 2586 3874 2624 cum

614 2685 723 2719 ecce
754 2684 798 2717 Ct
818 2668 933 2720 nsul
965 2668 1137 2721 linitur
1159 2686 1379 2732 creatur,
1414 2669 1509 2721 hoc
1540 2675 1643 2732 ipse
1665 2672 1769 2722 suis
1795 2671 1951 2722 verbis
1979 2671 2232 2739 significat
2254 2688 2271 2721 :
2307 2669 2417 2721 Etsi
2442 2685 2531 2721 nos
2562 2684 2698 2719 curm
2731 2669 2878 2735 ofﬁcii
2911 2666 3196 2719 consularis
3226 2666 3526 2735 impediunt,
3569 2681 3668 2733 quo
3707 2666 3872 2716 minus

602 2763 654 2811 iu
684 2758 763 2810 Itis
789 2758 947 2810 studii
958 2786 967 2796 κ
1000 2775 1145 2811 omne
1169 2762 1325 2811 otium
1353 2762 1655 2828 plenamque
1684 2779 1733 2824 οι
1754 2776 1891 2811 erant
1922 2762 2285 2812 consumimus.
2315 2761 2564 2827 pertinere
2594 2768 2758 2809 tamen
2787 2758 2981 2808 videtur
3003 2758 3069 2805 ad
3099 2755 3325 2822 aliquam
3353 2755 3443 2817 rei;
3465 2753 3646 2806 ublica:
3669 2768 3863 2813 curam,

603 2853 913 2903 elucubrata:
946 2854 1013 2901 rei
1040 2853 1125 2902 dat
1141 2851 1276 2902 trina
1307 2869 1437 2903 cives
1464 2853 1733 2903 instruere.
1774 2850 1881 2903 Nec
1907 2852 2038 2902 male
2063 2853 2128 2902 de
2147 2852 2335 2903 civibus
2358 2852 2479 2902 me‘s
2505 2865 2718 2912 merear,
2743 2848 2806 2910 si,
2843 2863 2956 2899 tum
2992 2848 3161 2916 prisca
3189 2848 3445 2897 hominum
3472 2846 3630 2897 virtus
3673 2846 3871 2896 urbium

598 2952 896 2994 cit-terarum
928 2943 995 2993 at!
1019 2944 1148 2995 hanc
1178 2959 1332 2994 unam
1362 2944 1725 3009 rempublicam
1754 2945 2020 3013 imperium
2045 2945 2380 3000 transtulerit,
2407 2959 2519 3012 ego,
2538 2944 2604 2993 ad
2632 2943 2683 2992 id
2713 2942 2889 2993 saltem
2913 2942 3049 3008 quod
3072 2939 3317 3002 reliquum
3344 2950 3437 3004 est,
3462 2938 3651 2991 Gracw
3674 2943 3871 3007 sapien-

603 3035 686 3085 tia'
720 3036 919 3087 artibus
951 3052 1116 3087 mores
1147 3046 1333 3087 nos'rw
1362 3037 1577 3087 cit-i'atis
1606 3038 1913 3088 instruxero.
1951 3036 2119 3101 Quare
2159 3052 2219 3087 ne
2251 3036 2282 3086 lt
2321 3053 2347 3087 c
2394 3036 2591 3102 quidem
2622 3036 2787 3103 ipsum
2816 3034 3038 3086 consulis
3080 3043 3222 3085 vacat
3265 3023 3446 3101 officio,
3489 3048 3603 3083 cum
3646 3030 3872 3083 Romani

600 3128 758 3178 moris
789 3144 988 3197 semper
1020 3129 1197 3195 fuerit,
1226 3131 1361 3196 quod
1394 3129 1680 3196 ubicunque
1708 3138 1933 3197 gentium
1958 3128 2354 3197 pttltherrintttnt
2393 3136 2518 3178 esset
2559 3136 2710 3193 atque
2738 3126 3013 3188 laudal-ile,
3046 3126 3101 3177 id
3133 3127 3292 3195 magis
3323 3141 3381 3175 ac
3407 3125 3569 3194 magis
3594 3124 3869 3175 imitatione

596 3214 866 3267 honestare
918 3214 1043 3266 ΙΙαέ
1073 3216 1160 3267 ille
1185 3232 1203 3268 :
1234 3234 1297 3268 ex
1326 3218 1505 3282 quibus
1536 3217 1669 3269 illud
1699 3220 1846 3269 etiam
1876 3219 2066 3287 falsum
2101 3235 2206 3270 esse
2239 3219 2553 3269 convincitur
2576 3217 2711 3284 quod
2752 3215 2913 3284 aliqui
2958 3216 3215 3267 memoria:
3250 3216 3607 3281 prodiderunt,
3643 3214 3868 3267 Boetium

597 3304 790 3362 omnia.
821 3322 919 3355 non
961 3308 1220 3373 pleraque,
1256 3308 1405 3375 t‘t‘lt’g'
1428 3319 1531 3358 tum
1554 3309 1842 3372 scripsisse.
1864 3310 1940 3358 Ad
1962 3309 2280 3359 consulatum
2306 3320 2473 3359 autem
2493 3308 2697 3376 juvenis
2726 3308 2945 3375 pervenit
2975 3308 3148 3373 favore
3168 3308 3447 3374 principum
3476 3308 3710 3360 cvitatis.
3744 3302 3868 3357 Pue-

599 3408 711 3442 rum
743 3393 876 3444 enim
905 3413 933 3439 u
964 3405 1109 3461 patre
1140 3394 1375 3445 re‘ictum
1406 3400 1690 3447 iurandum
1720 3406 2069 3463 susceperant,
2100 3396 2240 3462 quod
2277 3408 2321 3447 tt
2352 3397 2564 3465 antiqua
2602 3395 2786 3447 Manlii
2823 3395 3063 3461 Torquati
3100 3396 3297 3463 familia
3335 3406 3634 3464 proynatum
3661 3398 3866 3459 scirent,

599 3491 648 3532 et
677 3496 856 3532 novam
883 3483 1053 3533 Auitii
1081 3484 1257 3550 proavi
1289 3485 1510 3536 tatlolem
1546 3498 1857 3552 perspectam
1889 3487 1940 3537 itt
1973 3489 2080 3553 ipso
2104 3486 2366 3538 haberent.
2408 3490 2581 3537 I'rnno
2604 3488 2713 3555 rjus
2735 3486 3002 3538 consulatu
3030 3501 3119 3535 rex
3140 3484 3440 3537 Hunnorum
3464 3496 3510 3537 et
3535 3484 3704 3539 Italia
3723 3486 3868 3540 Odo-

592 3587 737 3625 vacer
763 3571 875 3625 Pha
892 3575 976 3636 ba,
1012 3574 1270 3642 [iugorum
1303 3579 1429 3627 duce
1456 3577 1580 3628 vitta
1611 3588 1877 3645 captoque,
1904 3578 2093 3643 patitus
2121 3588 2213 3639 (st,
2242 3578 2329 3627 sic.
2356 3578 2390 3627 ti
2416 3576 2751 3628 Cassiodorus
2781 3576 2959 3640 tradit,
2983 3576 3068 3644 qui
3100 3576 3173 3627 bis
3203 3577 3388 3640 tolum,
3414 3592 3526 3627 cum
3556 3577 3866 3646 Symmacho

592 3665 769 3728 semel,
798 3666 963 3733 ipsum
998 3667 1047 3716 in
1073 3666 1369 3717 consulibus
1400 3669 1644 3719 nominat.
1684 3666 1802 3720 Non
1832 3670 1998 3720 slum
2030 3680 2200 3720 autem
2228 3669 2333 3733 dig.-
2356 3668 2531 3719 itatcnt
2564 3670 2692 3718 hanc
2723 3669 2829 3735 ipse
2866 3670 3079 3736 adeptus
3115 3677 3208 3731 est,
3239 3668 3328 3719 std
3366 3669 3492 3722 dios
3537 3670 3687 3719 etiam
3731 3672 3866 3734 filios

591 3771 709 3806 suos
732 3798 745 3817 ,
768 3758 906 3823 quod
930 3773 1190 3825 nttnquam
1224 3776 1273 3809 ιιι
1296 3770 1374 3811 tea
1406 3760 1710 3829 contigerat,
1743 3762 1974 3812 consules
1998 3764 2173 3812 eodem
2197 3770 2423 3826 tempore
2452 3761 2596 3821 vidit,
2630 3758 2912 3812 Patricium
2953 3772 2999 3813 et
3028 3760 3327 3831 Hypatium.
3367 3763 3514 3813 Anno
3536 3762 3625 3813 illo
3656 3760 3864 3816 Boetius

592 3848 645 3899 in
670 3850 813 3899 curia
836 3847 1209 3901 Theodoricum
1238 3859 1339 3901 tttm
1365 3852 1591 3916 primum
1627 3850 1838 3904 Romam
1865 3862 2190 3916 accersitum,
2223 3854 2283 3906 S.
2315 3851 2375 3903 l’.
2406 3852 2468 3917 Ο.
2499 3851 2563 3903 Il.
2590 3853 3018 3923 nontine,magna
3040 3854 3284 3923 facundia
3313 3854 3555 3920 laudavit,
3587 3864 3631 3906 et
3653 3854 3703 3906 iu
3725 3856 3861 3907 circa

588 3940 805 3991 duorum
828 3940 1096 3992 consulum
1122 3944 1316 3994 medius
1343 3944 1517 4001 trium,
1539 3943 1654 3995 Itale
1686 3944 1969 3995 convivium
2003 3944 2321 3997 multitudini
2353 3944 2604 3998 eahibuit.
2641 3943 2898 4014 Collegam
2924 3947 2976 3997 in
2998 3946 3174 3997 ultimo
3197 3946 3470 3998 consulatu
3500 3947 3861 4015 Symmachum

588 4043 817 4081 socerum
842 4029 1036 4091 habuit,
1067 4046 1179 4081 cunt
1211 4048 1309 4098 quo
1339 4032 1693 4099 magistratum
1720 4032 1792 4084 ita
1817 4034 1987 4102 gessit,
2015 4043 2067 4086 ut
2093 4050 2362 4086 commune
2392 4037 2575 4087 bonum
2606 4035 2820 4104 privatis
2847 4036 3083 4088 amicitiis
3110 4036 3389 4106 prarferret.
3416 4038 3616 4089 Accidit
3645 4048 3699 4090 ut
3724 4037 3875 4091 Pau-

587 4122 675 4172 lini
702 4122 985 4173 consularis
1015 4138 1133 4190 opes
1159 4126 1287 4190 regii
1315 4123 1558 4176 satellites
1583 4134 1893 4188 appeterent.
1928 4125 2200 4178 Hominem
2229 4128 2450 4195 ingenue
2482 4137 2671 4179 tutatus
2699 4136 2793 4180 est.
2833 4128 3077 4179 Albinum
3114 4129 3245 4197 falso
3267 4126 3555 4197 Cyprianus
3582 4134 3859 4195 accusavit,

586 4215 905 4273 innocentem
936 4216 1257 4268 consularent
1287 4217 1450 4269 virum
1494 4217 1732 4270 ostendit.
1778 4217 1968 4269 Actrba
2001 4221 2161 4287 fames
2193 4216 2525 4287 Campaniam
2557 4218 2788 4285 urgebat,
2818 4227 2864 4271 et
2913 4220 3222 4271 acerbiorem
3251 4222 3614 4290 coemptionem
3656 4223 3859 4291 tyranni

585 4316 934 4370 procuratores
962 4308 1274 4370 indixerunt,
1297 4324 1406 4357 eam
1430 4308 1564 4375 exigi
1596 4308 1774 4358 consul
1809 4324 1908 4359 nott
1936 4310 2197 4361 sustinuit.
2232 4306 2531 4378 Triguillam
2559 4324 2759 4376 quoque
2784 4308 2937 4374 regia:
2960 4309 3141 4360 domus
3166 4310 3493 4375 prepositum
3515 4311 3773 4363 multoties
3794 4316 3858 4363 ab

584 4399 777 4463 iniuria
808 4400 1016 4469 dejecit,
1047 4416 1087 4452 e.
1118 4399 1448 4469 Couigastum
1472 4402 1709 4467 fortunas
1743 4418 1806 4466 op
1831 4401 1917 4452 inti
1942 4403 2190 4469 cujusque
2220 4404 2548 4453 insectantem
2571 4402 2894 4467 compescuit.
2938 4398 3094 4452 IIisce
3117 4401 3266 4454 rebus
3295 4403 3487 4469 factunt
3514 4413 3585 4455 est
3625 4412 3680 4455 ut
3720 4406 3856 4471 regis

583 4495 983 4562 indignationem
1012 4494 1245 4545 incurrer
1278 4504 1318 4558 t,
1353 4494 1765 4561 perditorumque
1787 4493 2126 4545 delationibus
2148 4493 2200 4543 in
2232 4493 2466 4544 exsiliunt
2498 4491 2789 4560 pelleretur.
2820 4492 3169 4544 Accusationis
3200 4508 3397 4545 summa
3417 4492 3524 4546 lucc
3549 4493 3644 4561 fuit
3662 4507 3683 4557 ;
3717 4497 3851 4561 quod

581 4598 809 4641 senatum
858 4591 992 4639 ltvste
1021 4586 1300 4656 majest.ttis
1323 4596 1680 4637 accusaturum
1714 4584 2054 4654 prohibuerit;
2083 4584 2220 4651 quod
2243 4584 2311 4634 ad
2344 4584 2673 4635 Anastasiunt
2701 4584 3061 4645 imperatorent
3084 4583 3278 4635 litteras
3313 4585 3504 4636 miseri:
3533 4587 3594 4636 de
3620 4599 3843 4651 recupe—

581 4686 743 4736 randa
780 4685 1032 4738 libertate.
1067 4683 1331 4737 Delatores
1363 4686 1574 4751 perditis
1619 4684 1838 4735 tuatibtts
1883 4681 2110 4733 hominrs
2154 4692 2253 4732 tres
2293 4698 2383 4733 exs
2409 4684 2616 4741 iterunt,
2656 4676 2972 4731 Gaudentius
3009 4689 3055 4729 et
3089 4677 3261 4747 Opilio
3302 4689 3420 4730 tunc
3454 4678 3515 4730 ob
3559 4679 3847 4732 innumeras

583 4778 792 4840 fraudes
817 4776 995 4827 exsilio
1029 4777 1280 4837 damnati,
1316 4773 1403 4825 Ba.
1423 4776 1641 4843 iliusque
1670 4774 1866 4845 pridem
1907 4792 1936 4824 a
1974 4773 2333 4834 procuratione
2363 4772 2541 4823 domus
2580 4770 2733 4837 regia?
2762 4770 2983 4837 dejectus
3013 4771 3358 4836 obwratusquc
3383 4762 3693 4838 plurimum:
3720 4768 3850 4822 Pur-

580 4876 741 4934 gasse!
775 4868 924 4934 facile
958 4866 1232 4920 Severinus
1259 4869 1456 4939 objecta
1480 4869 1716 4927 crimina,
1746 4868 1790 4919 si
1817 4882 1986 4918 coram
2017 4864 2271 4917 delatores
2301 4864 2548 4933 arguendi
2576 4861 2792 4930 facultas
2832 4862 2926 4913 sibi
2955 4878 2985 4912 a
3018 4860 3330 4913 Theoderico
3362 4862 3481 4913 data
3508 4862 3705 4930 fuisset.
3741 4861 3843 4916 Sed

579 4962 656 5010 rel
682 4960 839 5009 iratus
872 4959 1094 5011 oblatam
1124 4961 1219 5012 sibi
1247 4961 1406 5012 ultiou
1431 4977 1453 5011 s
1486 4960 1805 5011 occasionem
1846 4959 2093 5019 amittere,
2126 4955 2203 5009 vel
2234 4958 2497 5025 improbus
2536 4973 2567 5006 (ι
2607 4971 2658 5007 se
2692 4956 2961 5007 excitatam
2995 4955 3306 5007 calumniam
3350 4955 3621 5009 dissolvere
3661 4956 3838 5010 noluit.

581 5080 596 5102 .-
625 5052 770 5101 bseas
793 5051 964 5117 i'aque
990 5053 1064 5103 vir
1093 5063 1137 5102 et
1162 5052 1400 5103 innocens
1428 5062 1471 5102 et
1500 5051 1713 5119 grandis
1747 5059 1866 5100 ratu
1896 5047 2103 5100 Boetius
2147 5048 2396 5099 malorum
2424 5049 2794 5117 conspiralione
2822 5049 3074 5118 relegatus
3115 5056 3206 5111 est,
3232 5064 3324 5099 nec.
3357 5066 3387 5099 a
3415 5049 3560 5101 bonis
3602 5050 3652 5100 itt
3685 5056 3841 5115 patria

578 5153 821 5206 retentus,
854 5142 1090 5194 Ticinum
1123 5143 1348 5205 secessit,
1382 5143 1556 5197 urbem
1586 5145 1637 5195 in
1670 5140 1969 5193 Insubribus
2000 5141 2235 5204 positam,
2261 5151 2307 5191 et
2337 5141 2432 5191 sibi
2460 5158 2490 5189 a
2512 5153 2727 5210 tyranno
2755 5141 3122 5208 pra’srriptatn,
3155 5141 3204 5190 in
3234 5144 3385 5207 quam
3416 5140 3569 5192 simul
3591 5153 3741 5208 atque
3766 5158 3842 5192 te-

578 5234 669 5294 nit,
700 5250 796 5300 qun
818 5235 1032 5302 posteris
1061 5237 1211 5286 etiant
1242 5236 1587 5287 innocentiam
1616 5250 1759 5286 suam
1789 5234 2043 5300 cognitam
2068 5235 2276 5296 faceret,
2304 5232 2699 5299 pulcherrimum
2727 5231 2859 5283 illttd
2890 5232 2951 5283 de
2977 5230 3332 5285 Consolatione
3363 5232 3613 5293 volumen,
3647 5232 3840 5285 Cicero-

576 5343 684 5376 nent
718 5326 966 5391 imitatus,
1001 5324 1319 5391 conscripsit.
1369 5324 1506 5378 Nam
1548 5327 1678 5377 sicut
1721 5321 1807 5375 ille
1832 5338 1929 5389 quo
1961 5322 2085 5387 ﬁlia:
2114 5320 2422 5373 desiderium
2454 5323 2663 5380 levaret,
2707 5322 2771 5371 de
2805 5322 3092 5373 anintorum
3137 5323 3519 5374 immortalitate
3554 5324 3840 5391 disceptans

575 5417 798 5470 Tulliam
826 5394 1142 5487 supervivere
1170 5425 1444 5481 monstrat,
1477 5419 1550 5469 ita
1578 5417 1849 5471 Severinus
1874 5415 1935 5466 de
1959 5415 2091 5482 falso
2117 5424 2163 5466 et
2198 5430 2311 5465 vero
2335 5414 2485 5470 bona.
2519 5412 2677 5476 deque
2701 5414 3015 5478 providentia
3038 5414 3286 5481 disputat,
3316 5427 3360 5465 et
3389 5415 3558 5467 omnia
3587 5416 3843 5467 voluntate

574 5513 607 5562 d
630 5513 743 5561 o'na
773 5512 1070 5565 mortalibus
1083 5510 1276 5564 evenire
1294 5510 1537 5562 declarat.
1555 5509 1739 5562 Verum
1755 5511 1804 5560 in
1824 5524 1881 5560 eo
1899 5523 2050 5576 apere
2062 5507 2240 5561 Cicero
2254 5520 2452 5559 carmen
2471 5521 2567 5557 non
2584 5504 2987 5573 attigit.Boetius
3006 5507 3555 5575 utramqueorationem
3571 5507 3838 5568 admiscet,

574 5616 727 5672 atque
743 5607 812 5656 ita
837 5606 1080 5657 admiscet
1106 5612 1160 5655 ut
1183 5601 1336 5671 facile
1363 5596 1631 5669 unicuique
1653 5601 1881 5654 ostendat
1905 5599 2157 5667 ingenium
2181 5600 2276 5652 sibi
2296 5597 2542 5664 quidquid
2562 5607 2797 5648 ten'assrt
2817 5613 3071 5664 nunquam
3094 5598 3334 5666 defuisse.
3356 5598 3460 5651 Sed
3479 5599 3604 5666 quid
3619 5601 3842 5651 naturali

573 5694 892 5762 pigi'osophia
908 5694 1197 5762 difﬁcilius?
1223 5693 1344 5762 qttid
1365 5692 1629 5746 dialectica
1652 5692 1943 5757 spittnsllts?
1972 5690 2030 5742 At
2059 5701 2321 5758 utramque
2343 5689 2660 5756 disciplinam
2684 5689 2755 5740 sic
2781 5689 3008 5741 oratione
3030 5706 3120 5741 sua
3150 5700 3447 5757 pervagatus
3476 5703 3567 5754 est,
3588 5704 3638 5743 ut
3667 5693 3819 5744 abdi-
