4292 6262
315 316 420 371 9243
1453 309 1958 367 ΡιιυιιςουΜεΝΑ
2000 317 2010 360 l

1887 309 1958 366 HA
2000 308 2272 365 GENERA
2288 308 2422 366 [ΛΑ.
3481 304 3582 358 566

311 426 509 481 tissima
534 444 745 497 quisque
766 427 923 480 cuivis
950 433 1182 495 prompta
1216 425 1515 479 reddiderit.
1552 424 1725 492 Neque
1749 440 1803 476 ve
1815 440 1869 476 ro
1898 426 2137 475 selectum
2167 439 2235 475 un
2252 438 2336 474 um
2379 421 2589 489 aliquod
2616 433 2971 489 argumen-‘um
3004 418 3231 471 oratione
3266 423 3581 468 consectatus

312 528 413 580 est,
446 518 536 569 sed
566 516 893 586 philosophia:
919 512 1195 583 penetra'ia
1222 512 1495 581 ingressus,
1526 528 1585 564 ea
1616 511 1813 563 Latinis
1837 512 2126 563 hom‘nibus
2156 511 2348 578 primus
2379 509 2647 571 reserauit,
2681 524 2794 576 qua:
2817 508 3047 575 princeps
3096 505 3389 559 Aristoteles
3413 506 3477 556 de
3506 504 3583 557 in-

312 609 509 661 dustria
538 606 767 677 pluribus
796 606 1150 657 occultaverat.
1189 603 1301 669 Qua
1332 604 1384 655 in
1409 620 1464 655 re
1493 605 1708 665 optimos
1730 618 1952 672 quosque
1973 603 2247 665 consuluit,
2274 600 2683 672 Theophrastum
2704 600 2835 655 dico.
2870 598 3173 661 Eudemum,
3203 596 3576 656 Andronicum,

312 699 605 763 Aspasium,
634 694 959 758 Herminum,
991 694 1362 755 Alexandrun,
1394 692 1701 760 Syrianum,
1743 690 2106 758 Porphyrium,
2136 689 2494 749 Themistium,
2526 690 2591 741 de
2619 704 2833 756 quorum
2854 688 3133 749 sententiis,
3166 698 3403 753 tanquam
3424 685 3585 737 ltono~

312 787 482 838 rarius
504 785 710 845 arbiter,
736 783 1009 852 dijudicat.
1041 784 1319 835 Attestatur
1350 782 1443 833 hoc
1472 781 1723 849 expositio
1752 781 1803 832 in
1839 778 2025 832 librum
2056 780 2342 833 Aristotelis
2368 781 2429 832 de
2456 778 2820 831 Enuntiatione
2858 789 2958 829 tant
2998 780 3160 845 prima
3215 777 3408 828 duobus
3439 792 3585 844 quam

313 878 537 929 secunda
557 892 645 929 sex
678 875 819 927 libris
843 874 1096 935 absoluta,
1129 873 1179 923 in
1209 887 1428 937 quarunt
1446 872 1591 924 tertio
1617 887 1729 923 cum
1758 872 1820 923 de
1846 873 2007 923 tribus
2030 872 2425 941 contingentium
2453 871 2619 924 modis
2641 886 2694 923 se
2718 870 2901 922 melius
2928 870 3187 938 scripsisse
3203 870 3338 922 dicat
3366 872 3416 921 in
3443 871 3586 923 libris

318 968 562 1037 physicis,
588 966 955 1036 suspicandum
984 965 1185 1033 reliquit
1214 980 1266 1016 se
1292 965 1577 1015 naturalem
1601 979 1801 1031 quoque
1837 961 2222 1030 philosophiam
2259 963 2569 1025 enucleasse,
2604 978 2776 1014 verum
2812 961 3054 1012 hactenus
3083 971 3180 1012 tam
3214 961 3265 1012 hi
3294 959 3587 1012 desideran-

317 1068 400 1110 tur
427 1058 793 1121 commentarii,
827 1059 938 1109 liCel
967 1055 1155 1123 fuerint
1186 1054 1486 1107 Tarvisium
1512 1053 1629 1106 hinc
1653 1070 1805 1122 nuper
1838 1054 2110 1120 asportati,
2135 1070 2284 1122 quant
2314 1054 2392 1105 illi
2413 1070 2538 1123 quos
2565 1054 2615 1105 in
2646 1054 2811 1120 Analy
2837 1052 2945 1105 icen
2971 1064 3013 1104 et
3039 1051 3253 1122 Topicei
3285 1053 3469 1104 emisit.
3503 1051 3587 1105 Si~

321 1150 523 1216 quidem
554 1157 601 1199 et
631 1147 721 1198 hos
751 1146 858 1214 ipse
881 1147 1019 1207 citat,
1045 1157 1090 1197 et
1121 1146 1170 1195 in
1206 1146 1341 1213 topic
1361 1161 1425 1195 am
1464 1142 1719 1198 Ciceronis
1748 1154 1939 1204 septem
1971 1145 2129 1196 libros
2166 1161 2197 1196 a
2239 1160 2292 1196 se
2328 1146 2582 1209 confictos
2612 1145 2900 1212 proﬁtetur,
2932 1162 3058 1207 opus
3100 1145 3327 1208 varium,
3359 1144 3580 1212 ai/Iicile,

322 1242 592 1301 eruditum,
621 1253 710 1289 nec
735 1254 766 1289 a
800 1253 1054 1305 quoquam
1083 1251 1234 1289 antea
1264 1251 1414 1303 quam
1444 1252 1472 1285 a
1504 1233 1765 1287 Victorino
1799 1238 1992 1301 frustra
2036 1240 2307 1285 tentatum.
2343 1231 2578 1285 Platonis
2606 1234 2834 1301 dialogos
2862 1236 2967 1302 ipse
2995 1231 3205 1286 Latinos
3249 1237 3505 1301 facturum
3535 1249 3588 1284 se

320 1330 524 1398 recepit,
548 1329 707 1397 factos
740 1328 1069 1381 Cassiodorus
1101 1340 1374 1388 asseverat,
1405 1325 1624 1376 mirarer
1648 1323 1908 1392 quomodo
1939 1332 2079 1374 tanta
2111 1332 2354 1390 praestare
2377 1326 2615 1391 potuerit,
2650 1326 2745 1377 nisi
2781 1325 2951 1377 divina
2976 1324 3069 1377 illa
3098 1326 3149 1377 in
3181 1323 3365 1377 librum
3397 1328 3589 1378 Δι’-ειυ-

323 1424 433 1474 telis
459 1422 521 1474 de
540 1419 971 1486 Interpretatione
991 1418 1351 1472 commentaria
1381 1416 1582 1469 biennio
1612 1415 1791 1467 scirem
1823 1413 1889 1466 ab
1912 1428 1968 1465 eo
1994 1414 2249 1481 confecta,
2279 1415 2415 1481 quod
2462 1428 2658 1481 tempus
2699 1417 2783 1467 vix
2809 1414 3096 1469 evolvendis
3124 1426 3193 1468 tot
3224 1416 3589 1481 expositoribus

323 1512 445 1563 satis
474 1510 629 1578 fuisse
651 1508 863 1571 videtur,
887 1506 1071 1559 nedum
1105 1522 1279 1558 eorum
1305 1504 1566 1558 sententiis
1589 1506 1886 1570 plerumque
1914 1505 2247 1555 controversis
2277 1510 2320 1553 et
2352 1502 2723 1571 dijudirandis,
2757 1515 2802 1556 it
2832 1503 3094 1576 eligendis,
3128 1492 3171 1557 et
3203 1507 3591 1557 accommodan-

324 1604 425 1654 rris.
455 1598 594 1653 Inter
625 1598 989 1661 Peripateticos
1016 1596 1147 1649 enim
1167 1593 1377 1648 celebris
1404 1602 1475 1646 est
1500 1595 1657 1661 ferme
1685 1592 1859 1643 nullus
1892 1592 1977 1659 qui
2002 1592 2053 1642 in
2082 1591 2218 1643 hunc
2253 1591 2438 1643 librum
2476 1608 2575 1645 non
2609 1610 2690 1646 scr
2712 1594 2888 1661 pserit,
2922 1596 3056 1661 quod
3083 1605 3125 1646 et
3149 1610 3452 1664 magnopere
3479 1596 3591 1663 qui-

327 1694 437 1745 den
465 1692 775 1744 necessarius
798 1690 883 1755 sit,
915 1697 963 1742 et
989 1687 1148 1740 multa
1169 1687 1397 1739 doctrina
1421 1689 1660 1753 refertus,
1688 1685 1773 1736 sed
1799 1683 2032 1734 acumine
2054 1683 2413 1735 sententiarum
2439 1696 2483 1735 et
2505 1683 2771 1736 verborum
2800 1686 3036 1738 lrevitate
3064 1686 3395 1754 perobscurus
3411 1701 3432 1750 ;
3455 1702 3592 1738 com-

328 1784 642 1837 mentabatur
667 1790 838 1834 autem
864 1779 971 1833 htec
997 1794 1097 1847 quo
1120 1789 1342 1845 tempore
1367 1773 1720 1828 Theodoricus
1740 1775 1996 1843 superatis
2019 1773 2230 1837 Alfilllﬂ
2254 1772 2585 1827 Clotloreium
2607 1790 2834 1827 socerum
2867 1771 3183 1827 Francorum
3210 1790 3374 1844 regem
3396 1775 3586 1845 ingenti

332 1878 513 1945 praelia
534 1874 837 1943 proﬂigavit.
874 1872 1122 1924 thterum
1152 1866 1426 1923 Severinus
1450 1883 1547 1919 non
1575 1874 1772 1918 tantum
1803 1869 1853 1919 in
1884 1868 2265 1933 interpretando
2292 1874 2336 1916 et
2357 1866 2651 1931 exponendo
2689 1866 2760 1917 Ar
2782 1867 2959 1918 stotele
2986 1875 3206 1918 versatus
3232 1875 3324 1927 est,
3349 1866 3439 1917 sed
3468 1871 3580 1936 ple-

330 1984 486 2036 raque
514 1967 663 2017 etiam
687 1966 793 2033 ipse
820 1964 971 2015 veluti
997 1962 1297 2028 procreavit,
1315 1961 1495 2011 horum
1518 1961 1568 2011 in
1592 1974 1803 2010 numero
1829 1969 1943 2008 sunt
1973 1956 2304 2025 pulcherrimi
2328 1956 2642 2026 illiquatuor
2670 1959 2732 2010 de
2762 1957 3074 2023 Di/ferentiis
3100 1959 3277 2027 tapicis
3307 1959 3443 2023 libri,
3472 1961 3592 2028 qui-

334 2062 425 2111 bus
458 2055 743 2108 dialecticos
774 2054 909 2105 locos
939 2068 970 2103 a
996 2050 1266 2102 rhetoricis
1293 2049 1511 2108 dirimit,
1556 2058 1605 2099 et
1642 2047 1845 2098 totidem
1877 2048 1966 2097 alii
1998 2048 2059 2097 de
2098 2058 2309 2113 utroque
2339 2047 2655 2115 syllogismo,
2696 2050 2813 2099 item
2857 2048 2921 2099 de
2959 2048 3203 2102 divisione
3231 2060 3275 2103 et
3305 2049 3596 2117 definitione

335 2148 542 2217 singuli.
569 2146 706 2197 Nam
735 2145 821 2212 qui
847 2144 913 2197 ad
932 2141 1256 2212 syllogismos
1282 2140 1591 2208 categoricos
1630 2136 2032 2189 introductoi'ius
2057 2137 2364 2201 inscribitur,
2401 2138 2606 2191 titulum
2647 2138 2973 2191 subornatum
2999 2139 3169 2205 habet,
3199 2157 3310 2193 cum
3333 2141 3447 2193 libri
3478 2142 3597 2192 Ari-

336 2237 528 2289 stotelis
557 2235 621 2288 de
643 2234 1028 2295 Enuntiatione,
1056 2231 1134 2284 vel
1158 2230 1461 2283 breviarium
1489 2230 1575 2293 sit,
1602 2240 1655 2281 ut
1677 2230 1784 2297 ipse
1804 2227 2050 2298 appellat,
2074 2227 2150 2280 vel
2178 2237 2310 2281 certe
2337 2229 2466 2281 idem
2489 2231 2623 2296 quod
2649 2231 2843 2299 primus
2867 2232 2928 2285 de
2948 2234 3237 2301 categoricis
3266 2233 3595 2302 syllogismis.

340 2331 480 2400 ()pus
506 2344 703 2399 quoque
724 2327 786 2378 de
816 2325 1121 2379 scholastica
1151 2324 1449 2391 disciplina,
1483 2338 1583 2374 non
1612 2321 1814 2375 titulum
1844 2321 2015 2377 modo.
2039 2320 2126 2372 sed
2150 2330 2194 2371 et
2222 2320 2557 2373 elocutionem
2586 2333 2632 2373 et
2658 2323 2991 2377 inventionem
3015 2325 3270 2388 mentitur,
3302 2325 3451 2377 aliter
3470 2325 3599 2377 enim

343 2421 546 2473 lioetius
574 2417 875 2484 scripsisset,
908 2415 951 2468 si
978 2429 1037 2465 ea
1062 2416 1123 2466 de
1157 2430 1209 2467 re
1234 2414 1449 2467 scribere
1474 2412 1734 2466 voluisset.
1763 2411 1867 2467 Sed
1900 2413 2064 2481 ipsum
2098 2414 2378 2471 mittamus,
2402 2429 2463 2465 ac
2488 2413 2550 2465 de
2576 2412 2971 2466 hebdomadibus
2999 2415 3194 2483 aliquid
3224 2419 3389 2485 potius
3414 2416 3465 2468 in
3489 2432 3599 2468 me.

340 2518 479 2567 dium
509 2510 805 2578 a/feram'us.
833 2508 966 2563 Sunt
995 2519 1164 2561 autem
1194 2506 1530 2561 hebdomades
1562 2523 1716 2575 opera
1739 2514 1931 2576 septem
1957 2505 2184 2573 partibus
2214 2505 2507 2569 distributa,
2533 2508 2681 2561 sicuti
2712 2509 2888 2561 decem
2919 2509 3063 2561 libris
3091 2509 3327 2576 decades,
3355 2517 3400 2560 et
3427 2522 3599 2560 novem

342 2610 612 2663 euneadcs.
641 2608 1002 2661 Hebdomadas
1040 2604 1199 2656 Varro
1234 2604 1429 2672 primus
1455 2602 1736 2671 inscripsit,
1770 2602 1950 2656 deinde
1975 2601 2057 2652 hic
2086 2603 2211 2668 ipse,
2239 2618 2301 2654 ex
2340 2603 2521 2669 quibus
2550 2602 2754 2655 libellus
2784 2603 2848 2654 de
2884 2603 3179 2655 substantia:
3205 2601 3357 2665 bono,
3395 2612 3442 2654 et
3469 2602 3603 2655 alius

345 2705 408 2757 de
424 2704 669 2755 unitateet
686 2716 787 2753 uno
804 2707 1034 2765 sumptus
1050 2707 1141 2758 est,
1161 2696 1355 2764 reliqua
1370 2708 1455 2748 aut
1470 2695 1607 2747 edita
1630 2711 1728 2745 non
1748 2702 1882 2756 sunt,
1905 2694 2041 2761 quod
2064 2710 2122 2744 ea
2145 2693 2261 2760 sibi,
2278 2705 2329 2745 ut
2351 2694 2639 2763 significare
2656 2695 2871 2759 videtur,
2892 2703 3249 2746 commentatus
3265 2702 3412 2757 esset,
3436 2705 3522 2745 aut
3538 2700 3605 2745 ad

348 2809 441 2848 nos
466 2809 620 2862 usque
643 2807 743 2843 non
766 2778 1111 2857 pervenerunt.
1169 2786 1527 2839 Hebdomades
1539 2786 1748 2855 juvenis
1776 2786 2078 2852 composuit,
2100 2784 2230 2836 velut
2258 2792 2305 2835 et
2336 2786 2399 2836 de
2425 2784 2621 2836 duabus
2647 2785 2844 2837 naturis
2861 2794 2905 2837 et
2933 2801 3035 2837 una
3055 2800 3270 2850 persona
3288 2784 3497 2847 Christi,
3513 2784 3605 2836 hoc

351 2898 406 2939 ut
436 2888 507 2937 ita
530 2884 802 2937 existimem
819 2883 928 2945 eius
958 2882 1104 2931 verba
1134 2878 1346 2948 faciunt.
1374 2875 1679 2945 Episcopus,
1712 2877 1872 2941 inquit
1900 2877 2117 2940 scriptor
2139 2877 2389 2945 epistoliv,
2423 2885 2665 2942 tanquam
2686 2874 2831 2926 valde
2853 2876 3187 2926 necessarium
3213 2891 3325 2925 cum
3356 2875 3605 2942 preterirs

353 2968 609 3034 noluisset,
626 2988 653 3025 e
678 2970 874 3023 duabus
903 2969 1098 3021 naturis
1126 2965 1383 3020 Christum
1408 2968 1704 3030 consitere,
1729 2977 1776 3017 et
1808 2967 1859 3017 in
1883 2966 2079 3017 duabus
2104 2965 2368 3033 (equaliter
2392 2966 2666 3018 catholicos
2688 2965 2909 3022 credere.
2935 2965 3154 3016 novitate
3179 2963 3300 3015 dicti
3326 2964 3607 3032 perculsus,

355 3064 633 3118 meditabar
652 3076 823 3113 omnes
844 3059 1011 3112 animo
1032 3060 1351 3123 quwstiones.
1372 3056 1639 3110 Decretum
1664 3059 1758 3107 hoc
1780 3061 1863 3124 fne
1882 3066 1943 3107 ἀι
1967 3057 2181 3108 concilio
2204 3053 2303 3108 Clu.
2314 3057 2519 3109 lccdone
2547 3057 2813 3121 celebrato,
2840 3058 3061 3126 illucque
3094 3056 3193 3107 Leo
3228 3055 3484 3107 llomanus
3504 3057 3584 3123 epi
3604 3088 3607 3091 λ

354 3173 537 3226 scapus
554 3162 771 3218 venerat,
802 3155 947 3223 cujus
978 3150 1193 3218 epistola
1215 3151 1425 3203 Romam
1461 3150 1527 3201 mi
1555 3166 1633 3215 sa,
1661 3165 1774 3200 cum
1794 3159 1989 3217 postea,
2020 3149 2291 3199 nitentibus
2306 3148 2573 3213 Acephalis
2607 3150 2991 3201 condemnatum
3017 3150 3122 3215 jam
3147 3150 3329 3217 dogma
3357 3164 3608 3211 revocare,

358 3247 587 3316 pluribus
614 3245 894 3303 convocatis
927 3243 1100 3295 Romae
1141 3242 1395 3309 legerent,
1434 3257 1524 3293 nec
1552 3242 1676 3293 satis
1710 3244 1821 3310 jam
1844 3239 1966 3305 quid
1989 3239 2275 3291 decerneret
2299 3240 2673 3309 intelligerent,
2704 3256 2882 3294 ansam
2924 3240 3100 3295 Boetio
3125 3242 3260 3293 dedit
3282 3258 3394 3293 eum
3424 3241 3609 3294 librum

356 3337 693 3406 componendi
715 3346 890 3389 contra
912 3334 1227 3395 Nestorium,
1248 3334 1330 3403 qui
1352 3336 1551 3386 duabus
1575 3334 1771 3386 naturis
1794 3349 2041 3401 personas
2065 3334 2276 3387 totidem
2298 3336 2634 3405 adjungebat,
2651 3344 2695 3386 et
2726 3334 3010 3405 Eutychen,
3035 3337 3121 3404 qui
3149 3336 3346 3388 unicam
3373 3316 3609 3387 naturam

357 3442 405 3482 et
433 3444 694 3497 personam
728 3426 976 3479 tuebatur.
1022 3422 1158 3493 Ergo
1187 3425 1231 3476 si
1260 3432 1370 3481 auls
1401 3424 1461 3475 ab
1499 3425 1807 3489 imperatore
1838 3421 2023 3488 Leone,
2052 3425 2140 3493 qui
2179 3429 2416 3497 rejectam
2444 3430 2537 3479 sub
2567 3425 2827 3479 Martiano
2862 3425 3087 3479 Nestor-ii
3125 3438 3171 3480 et
3209 3425 3465 3495 Eutyches
3496 3430 3611 3494 opi-

357 3522 559 3573 nionem
591 3518 800 3586 fovebat,
832 3516 899 3567 ad
926 3513 1185 3568 Iustinum
1222 3530 1377 3581 usque
1406 3525 1641 3582 supputet
1670 3531 1851 3577 annos,
1885 3515 2041 3580 paulo
2088 3516 2251 3569 minus
2279 3518 2647 3589 quinquaginta
2677 3518 2979 3583 deprendet,
3011 3518 3190 3586 quibus
3231 3518 3292 3569 de
3321 3517 3481 3569 Boetit
3514 3520 3613 3569 vita

359 3611 625 3674 detractis,
658 3611 820 3679 prima
843 3608 1384 3678 jnventutistempora
1414 3607 1779 3675 relinquentur.
1820 3606 2008 3659 Verum
2038 3610 2144 3659 ha'c
2174 3618 2225 3660 ut
2255 3609 2456 3661 libuerit
2479 3610 2687 3677 quisque
2705 3626 2749 3661 ai
2768 3609 2945 3675 cipiat,
2975 3608 3107 3662 illud
3137 3620 3269 3662 certo
3300 3626 3399 3661 non
3428 3611 3585 3663 admit
3604 3643 3615 3651 -

361 3702 569 3754 tendum
608 3699 977 3762 contenderim,
1020 3695 1249 3749 Boetium
1296 3706 1456 3749 morte
1501 3705 1808 3767 prtuventum
1840 3697 2093 3751 Musicam
2142 3714 2241 3751 non
2268 3701 2564 3755 absolvisse.
2600 3701 2736 3755 Nunt
2768 3703 2903 3769 quod
2951 3703 3196 3771 objiciunt
3241 3704 3399 3771 aliqui
3438 3705 3615 3756 titulos

361 3809 535 3846 eorum
564 3806 673 3861 qua:
700 3792 875 3843 desunt
907 3790 974 3841 ad
1014 3805 1081 3840 uc
1104 3803 1391 3858 superesse,
1425 3788 1479 3841 id
1508 3805 1595 3841 nos
1628 3791 1680 3842 in
1704 3789 1969 3842 contraria
1989 3806 2019 3841 η
2048 3792 2345 3843 sententiain
2378 3794 2544 3858 potius
2576 3794 2768 3857 trahit,
2800 3796 3077 3845 absurdius
3109 3810 3213 3847 «sse
3266 3795 3613 3851 (’Ilvlimalilt’l

361 3885 591 3936 nondum
618 3885 848 3950 conscrip
872 3882 912 3933 is
935 3879 1077 3932 rebus
1107 3880 1232 3933 velle
1261 3897 1439 3933 nomen
1464 3881 1740 3946 imponere.
1778 3878 1993 3946 Quodsi
2020 3885 2142 3949 quid
2174 3883 2522 3953 imperfectum
2555 3885 2827 3940 Severinus
2854 3887 3074 3953 reliquit,
3100 3888 3150 3939 id
3182 3890 3288 3959 ipse
3314 3892 3618 3960 theologiam

360 3978 521 4043 fuisse
558 3976 858 4028 censuerint.
904 3973 1044 4028 Satis
1074 3974 1205 4025 enim
1232 3990 1480 4042 superque
1520 3971 1912 4051 Philosophiam
1942 3974 2311 4037 illustraver..t,
2345 3980 2510 4047 itaque
2538 3979 2707 4031 divina
2734 3980 3012 4047 restabant,
3043 3990 3089 4033 et
3106 3983 3219 4051 jant
3251 3982 3464 4034 multum
3496 3999 3619 4050 pro-

362 4079 583 4119 cesserat
605 4069 939 4135 Augustinum
966 4074 1185 4129 secutus,
1216 4075 1271 4117 ut
1296 4065 1406 4130 ipse
1433 4065 1496 4117 de
1525 4063 1664 4116 Trini
1690 4077 1774 4117 ate
1802 4065 1869 4116 ad
1893 4064 2256 4134 Symmachum
2288 4070 2504 4122 scribens
2535 4071 2747 4138 afﬁrmat
2771 4087 2789 4125 :
2829 4071 3001 4136 Vob's,
3036 4075 3180 4144 inqui
3191 4092 3220 4140 ι,
3250 4077 3620 4142 inspiciendum

362 4169 434 4211 est
463 4176 528 4210 an
558 4175 618 4210 ex
647 4158 777 4211 beafi
806 4158 1071 4227 Augustini
1108 4158 1306 4224 scriptis
1334 4156 1532 4210 semina
1574 4159 1835 4210 rationum
1866 4160 1917 4209 in
1949 4176 2039 4212 nos
2079 4162 2325 4213 venient'a
2354 4165 2552 4231 fructus
2587 4163 2786 4231 aliquos
2828 4166 3118 4221 intulerint.
3163 4167 3244 4220 Ex
3286 4170 3465 4239 quibus
3492 4170 3621 4222 illud

362 4252 516 4305 etiam
541 4252 790 4318 conjicere
820 4266 1106 4317 possumus,
1137 4265 1227 4301 cur
1258 4266 1388 4301 nono
1419 4250 1619 4300 demunt
1652 4266 1786 4301 anno
1823 4249 2166 4303 Theodericus
2191 4251 2485 4323 Severinum
2513 4260 2559 4304 et
2587 4252 2957 4322 Symmachum
2988 4258 3199 4323 necarit,
3229 4273 3295 4311 an
3325 4262 3444 4325 quia
3470 4274 3622 4314 senex

361 4344 417 4394 in
442 4342 731 4409 opinionem
761 4341 867 4393 Arii
894 4340 1096 4409 defecit,
1122 4352 1164 4391 et
1186 4341 1417 4392 inimicus
1444 4340 1569 4391 adeo
1597 4340 1858 4392 catholicis
1883 4343 2062 4407 evasit,
2092 4350 2144 4392 ut
2171 4359 2343 4394 eorum
2367 4341 2554 4410 templa
2583 4345 2785 4399 diruere
2807 4346 2858 4398 in
2881 4345 2904 4397 Ι
2915 4348 3038 4399 talia
3062 4348 3291 4412 voluerit,
3318 4352 3363 4402 si
3384 4350 3623 4405 Justinus

359 4432 581 4486 Arianos
611 4435 661 4487 in
689 4433 807 4484 Asia
836 4448 936 4483 non
966 4434 1107 4483 rcst't
1128 4440 1265 4484 teret.
1298 4429 1710 4499 Propugnatares
1737 4443 1906 4483 autem
1935 4433 2048 4485 sani
2075 4433 2323 4503 dogmatis
2346 4449 2457 4486 cum
2484 4435 2615 4488 alias
2644 4453 2862 4506 semper,
2891 4449 2995 4490 tum
3024 4442 3277 4507 praecipue
3309 4459 3364 4494 eo
3399 4455 3624 4511 tempore

364 4523 573 4576 Boetius
597 4536 643 4576 et
677 4524 1013 4593 Symmachus
1043 4526 1358 4578 exstiterunt.
1397 4525 1732 4590 Quamobrem
1770 4535 2017 4595 tyrannus
2051 4528 2303 4595 conjectos
2344 4524 2394 4577 in
2426 4543 2677 4579 carcerem
2721 4529 3011 4581 obtruncari
3030 4533 3147 4601 jnss
3174 4541 3210 4581 t.
3240 4528 3406 4583 Ticini
3437 4534 3619 4584 incola:

366 4629 564 4683 semper
578 4633 606 4665 ιι
620 4615 894 4683 majoribus
909 4616 1151 4667 traditum
1170 4626 1457 4667 constanter
1474 4615 2230 4679 asseverant,Severiuum,cum
2246 4616 2413 4685 regius
2431 4617 2709 4686 spieulutor
2726 4617 2909 4669 let/tale
2925 4619 3108 4671 vulnus
3125 4619 3395 4685 intulisset,
3414 4634 3625 4695 utraque

364 4723 523 4759 manu
548 4704 801 4759 divulsum
831 4716 979 4775 caput
1007 4706 1305 4758 sustinuisse
1325 4746 1336 4766 ,
1381 4706 1837 4773 interrogatumque
1865 4721 1897 4756 a
1938 4720 2157 4768 quonam
2189 4722 2241 4757 se
2285 4723 2581 4772 percussum
2610 4707 2955 4773 existimaret,
2985 4708 3045 4759 ab
3081 4709 3251 4775 impiis
3280 4712 3621 4777 respondisse,

365 4808 518 4864 atque
538 4800 609 4849 ita
633 4812 748 4848 cum
772 4797 824 4848 in
849 4791 1068 4848 vici'num
1091 4796 1335 4862 templum
1356 4797 1589 4857 venisset,
1612 4802 1659 4846 et
1686 4795 1833 4861 ﬂexis
1858 4797 2064 4864 genibus
2094 4806 2210 4848 ante
2229 4796 2391 4848 altare
2411 4815 2555 4851 sacra
2585 4800 2907 4866 percepisset,
2939 4808 3049 4866 post
3079 4798 3288 4861 paulum
3318 4792 3621 4869 exspirasse.

368 4890 665 4944 Exstinctns
696 4890 891 4943 divinos
919 4891 1132 4944 honores
1157 4908 1189 4944 a
1215 4891 1398 4942 nostris
1423 4899 1715 4944 consecutus
1743 4900 1835 4954 est,
1867 4893 2002 4960 quod
2032 4909 2121 4956 pro
2150 4893 2415 4945 catholicis
2442 4904 2618 4945 contra
2644 4896 2909 4960 perﬁdiam
2936 4897 3047 4947 Arii
3072 4905 3283 4949 mortem
3310 4901 3605 4953 sustinuerit

365 4985 502 5035 Sunt
527 4983 617 5050 qui
639 4982 858 5035 scribant
884 4984 1052 5049 ipsum
1080 4992 1230 5035 antea
1258 4982 1546 5036 Ravennam
1573 4979 1894 5043 accersitum,
1920 4984 2261 5050 pra‘torioque
2286 4984 2419 5051 regis
2452 4985 2798 5054 prevpositum,
2820 5002 2936 5039 mox
2955 5004 3069 5039 cum
3096 4987 3289 5054 aliquot
3311 4991 3627 5044 senatoribus

366 5076 610 5137 occisum,
638 5074 773 5142 quod
802 5072 1111 5139 Symmacho
1143 5072 1311 5139 potius
1333 5071 1599 5124 convenire
1627 5070 1840 5122 videtur.
1881 5070 2057 5122 Turris
2078 5073 2211 5123 enim
2244 5072 2465 5125 lateritio
2495 5074 2667 5139 lapide
2694 5075 2972 5142 fabrefacta
2994 5080 3270 5133 etiamnum
3296 5078 3464 5134 Ticini
3484 5096 3603 5135 mon

366 5175 587 5228 »ιι-αἰαῖ,
622 5164 784 5216 Boetii
830 5177 1000 5217 carcer
1034 5163 1562 5232 sepulcrumque-ejus
1605 5162 1656 5214 in
1700 5160 1981 5227 relabenti
2013 5159 2283 5232 Augustini
2322 5163 2521 5226 visitur,
2550 5180 2649 5231 qua
2682 5172 2826 5231 parte
2855 5164 2906 5217 in
2936 5166 3146 5235 adytum
3175 5170 3352 5241 templi
3390 5186 3625 5225 ascensus

367 5261 573 5328 incipit,
607 5260 700 5311 hoc
729 5261 807 5329 epi
830 5256 984 5329 aphio
1014 5258 1227 5310 incisum
1253 5272 1271 5309 :

990 5351 1191 5399 Mmouia
1216 5353 1332 5399 etin
1363 5348 1494 5397 Latin
1517 5348 1679 5402 lingua
1703 5348 2011 5410 clarissimus,
2039 5358 2090 5398 ct
2113 5352 2194 5410 qui

901 5412 1075 5461 Consul
1102 5425 1155 5459 vr
1174 5427 1233 5459 an
1259 5413 1351 5472 hic,
1375 5412 1495 5471 perii
1522 5413 1694 5456 missus
1716 5411 1762 5456 in
1785 5409 2028 5457 exsilium.

993 5474 1051 5522 lit
1074 5478 1182 5533 quia
1206 5471 1530 5533 Inors’rapuil,
1559 5474 1771 5527 probitas
1796 5485 1872 5518 mc
1899 5475 2033 5520 rexit
2052 5471 2109 5519 ad
2132 5483 2293 5530 auras,

905 5533 975 5583 lin
998 5548 1124 5582 nunc
1148 5536 1265 5581 fnum
1292 5538 1424 5593 r‘get
1449 5547 1672 5592 manus,
1703 5534 1816 5580 Vivit
1842 5547 1977 5593 Opus.

366 5619 743 5688 tiirrnmfertur
774 5626 818 5669 et
853 5615 994 5668 aliud
1038 5616 1257 5685 elogium
1283 5633 1378 5683 quo
1421 5616 1704 5681 sepulcrum
1744 5614 1852 5681 ejus
1881 5612 2221 5664 exornabatur
2246 5618 2551 5679 anieaquam
2581 5612 2690 5665 il'ic
2719 5629 2749 5664 a
2782 5612 3135 5678 Luithprantlo
3169 5612 3622 5680 Langobardorum

392 5729 489 5780 (ge
530 5712 781 5765 collocare
804 5727 883 5762 αι’.
919 5708 1091 5774 [ιη-ωε
1122 5710 1239 5776 quia
1272 5708 1441 5772 paucis
1473 5708 1630 5758 multa
1661 5707 1878 5758 continet
1908 5705 1973 5753 ad
2004 5705 2113 5770 ejus
2146 5703 2296 5753 vitam
2328 5702 2567 5769 facientia
2591 5703 2984 5767 subjuna‘imus:
