4292 6262
688 329 787 382 547
1858 330 1967 386 AN.
2009 331 2218 388 MANL.
2259 329 2411 386 SEV.
2466 330 2773 388 BOE'I‘IUS.
3844 333 3949 387 5L8

1304 443 1427 492 Ecce
1454 443 1670 492 ιτοαιιιηις
1691 443 1828 491 adest
1850 442 1895 489 in
1916 442 2039 491 emta
2064 454 2284 503 magnus,
2313 448 2363 489 rt
2379 446 2507 498 mpni

1368 505 1660 563 l’erspoctus
1683 504 1877 559 munito,
1900 507 2055 550 mirus
2081 504 2330 551 habendus
2356 504 2515 551 homo.

1305 565 1395 622 Qui
1423 565 1724 613 'I‘Itemlnrico
1747 565 1853 623 regi
1874 566 2064 612 delatus
2088 566 2256 626 iniquo

1355 626 1504 673 Ticini
1526 627 1713 673 senium
1735 628 1873 674 duxit
1899 628 1944 672 in
1969 627 2161 677 exsilio.
2236 626 2237 629 “

1306 685 1357 735 In
1381 702 1472 747 qua
1493 700 1549 733 se
1575 695 1798 734 mit-stum
1823 689 1979 735 solum
2002 690 2135 735 (ludit
2160 687 2281 735 urbe
2307 684 2546 744 libellum.

1371 748 1485 798 Post
1506 751 1628 796 ictus
1651 749 1830 808 gladio,
1863 749 1984 796 exist
2010 761 2039 795 e
2066 750 2246 796 medio.

690 826 788 880 Hic
812 828 928 893 finis
952 830 1043 881 viri
1070 828 1339 883 clarissimi
1361 832 1459 898 fuit
1481 832 1567 899 qni
1590 830 1853 898 facundia,
1882 833 2152 900 probitate,
2182 831 2437 893 doctrina,
2467 829 2746 899 plurimum
2768 830 3027 895 excelluit,
3055 831 3268 883 ultimus
3295 831 3522 883 omnium
3544 831 3631 901 qui
3648 848 3709 886 ex
3733 831 3951 902 antiquis

686 919 926 972 Itonianis
956 919 1149 989 aliquid
1174 923 1456 975 litterarum
1485 924 1820 976 monumentis
1869 922 2256 987 consecrarint,
2315 924 2513 994 primus
2562 924 2787 975 omnium
2840 923 2927 992 qui
2975 922 3345 975 Aristotelicum
3383 923 3709 989 disciplinam
3757 925 3953 977 Latinis

684 1013 861 1067 litteris
888 1015 1147 1067 illustrare
1172 1017 1439 1084 coeperint,
1485 1025 1639 1070 tanta:
1668 1016 1808 1083 apud
1853 1027 2081 1083 posteros
2126 1019 2483 1080 auctoritatis,
2519 1027 2573 1070 ut
2626 1017 2690 1069 ab
2728 1017 2836 1085 ejus
2880 1019 3141 1069 sententiis
3182 1017 3327 1070 nulla
3359 1020 3517 1084 ferme
3542 1019 3605 1072 sit
3636 1020 3948 1088 provocatio.

689 1105 736 1157 11
744 1106 860 1174 ujus
880 1118 1039 1160 morte
1067 1124 1303 1177 magnam
1329 1125 1434 1160 rem
1460 1108 1741 1171 amisimus,
1766 1118 1811 1160 et
1837 1112 2028 1176 frustra
2052 1125 2084 1161 a
2108 1109 2279 1161 multis
2302 1119 2472 1178 postea
2495 1116 2757 1175 tentatum,
2786 1107 3019 1161 Platonis
3045 1117 3090 1161 ct
3113 1108 3400 1161 Aristotelis
3424 1109 3772 1172 concordiam,
3796 1124 3950 1177 quam

683 1199 942 1265 utriusque
968 1196 1304 1267 philosOphite
1328 1197 1660 1267 peritissimus
1688 1208 1733 1248 et
1764 1197 2018 1265 pollicitus
2050 1201 2236 1265 fuerat,
2267 1209 2315 1251 et
2349 1198 2448 1251 nisi
2473 1198 2626 1250 vitam
2650 1198 2949 1265 eripuissent
2976 1198 3211 1265 improbi,
3243 1206 3491 1266 prtestare
3518 1199 3659 1252 solus
3683 1200 3944 1269 potuisset.

686 1291 826 1346 Ultio
857 1302 1024 1343 tamen
1054 1294 1204 1359 paulo
1233 1298 1344 1360 post
1371 1293 1593 1342 insecuta
1619 1298 1692 1341 est
1732 1289 1974 1341 divinitus
2007 1304 2025 1340 :
2057 1278 2174 1341 nam
2205 1290 2428 1342 ctenanti
2456 1288 2775 1341 Theoderico
2807 1304 2922 1340 cum
2954 1288 3107 1355 piscis
3133 1298 3285 1355 caput
3311 1289 3513 1341 illatum
3538 1300 3688 1353 esset,
3714 1293 3847 1342 visus
3875 1300 3947 1343 est

685 1385 777 1439 sibi
804 1400 895 1437 rex
920 1387 969 1436 in
1000 1399 1057 1435 eo
1091 1383 1262 1435 videre
1291 1378 1586 1450 Symmachi
1615 1380 1797 1449 faciem
1826 1382 2039 1448 inferius
2067 1381 2266 1434 labrum
2292 1382 2551 1435 mordicus
2576 1380 3062 1450 apprehendentem,
3097 1382 3346 1451 torrisque
3372 1383 3534 1435 oculis
3562 1383 3773 1435 subinde
3797 1384 3947 1435 mini-

684 1485 890 1534 tantem.
913 1492 971 1528 eo
999 1474 1288 1544 spectaculo
1310 1480 1663 1525 consternatus
1691 1479 1936 1540 tyrannus
1964 1472 2017 1523 in
2042 1473 2270 1523 morbum
2298 1472 2497 1532 incidit,
2515 1482 2559 1522 et
2590 1470 2744 1523 simul
2774 1480 2924 1538 atque
2947 1471 3084 1538 quod
3106 1472 3297 1523 viderat
3326 1474 3381 1524 id
3403 1489 3455 1524 se
3477 1472 3661 1524 vidisse
3690 1472 3946 1541 confessus

685 1575 775 1630 est,
806 1565 1099 1634 exspiravit.
1143 1563 1167 1615 Ι
1176 1573 1257 1615 ctu
1282 1562 1546 1629 sanguinis
1563 1570 1818 1612 mortuum
1840 1560 1922 1611 sui
1942 1560 2296 1628 dirulgarunt,
2317 1575 2489 1612 verum
2512 1560 2865 1612 Amalasiunta
2886 1558 2959 1614 ι·ιὶ
2983 1559 3187 1613 conscia
3211 1577 3325 1613 cum
3350 1560 3403 1614 in
3425 1577 3581 1630 regno
3605 1563 3941 1622 successisset,

685 1659 837 1715 patris
857 1666 971 1709 acta
997 1666 1170 1707 contra
1185 1655 1271 1723 jus
1292 1662 1339 1705 et
1362 1654 1442 1722 fas
1466 1652 1667 1704 decreta
1688 1652 1911 1715 rescidit,
1932 1661 1976 1704 et
2000 1652 2228 1707 Severini
2256 1672 2317 1707 ac
2336 1653 2634 1724 Symmachi
2655 1654 2785 1707 bona
2807 1654 2860 1707 in
2884 1656 3065 1723 fiscum
3087 1656 3292 1708 redacta
3312 1671 3485 1707 eorum
3512 1654 3681 1708 liberis
3707 1655 3944 1717 restituit,

685 1751 856 1814 paucis
876 1752 1023 1801 anns
1044 1756 1191 1799 antea
1219 1760 1370 1814 quant
1398 1742 1676 1796 Belisarius
1708 1758 1738 1793 a
1760 1740 2059 1795 Iustiniano
2091 1744 2271 1799 missus
2298 1746 2455 1800 Italia
2481 1744 2677 1799 Gothos
2702 1763 2873 1801 omnes
2902 1747 3114 1819 expulit.
3145 1746 3311 1801 Porro
3336 1746 3501 1800 Boetii
3527 1746 3673 1799 multi
3702 1752 3945 1817 fuerunt:

684 1844 875 1907 primus
906 1840 1137 1903 Stoicus,
1177 1838 1240 1891 de
1282 1853 1381 1907 quo
1414 1836 1717 1888 mentionem
1744 1832 1865 1902 facit
1901 1833 2146 1904 Diogenes
2186 1836 2236 1887 in
2277 1836 2495 1889 Zenonis
2526 1836 2680 1901 Vita;
2722 1837 2976 1890 secundus
3018 1837 3326 1907 Epicureus,
3361 1852 3506 1905 quem
3537 1835 3846 1889 Plutarchus
3891 1838 3944 1889 in

684 1934 931 1991 (Ioni-iviis
956 1932 1265 1995 introducit;
1292 1931 1468 1984 tertius
1494 1928 1767 1993 Cretensis,
1802 1927 2087 1980 Aristotelis
2116 1928 2377 1983 studiosus
2405 1936 2451 1982 ct
2482 1930 2556 1981 vir
2579 1927 2865 1984 consularis
2889 1948 2921 1983 a
2953 1922 3145 1983 Galeno
3169 1929 3471 1983 celebratus.
3511 1928 3715 1997 Praeter
3734 1928 3827 1983 hos
3853 1930 3945 1982 alii

685 2028 885 2081 fuerunt
911 2034 958 2077 et
983 2022 1275 2094 philosophi
1305 2021 1449 2073 ambo
1475 2030 1521 2073 et
1549 2018 1899 2088 Peripatetici,
1925 2034 2060 2071 unus
2086 2018 2166 2069 hic
2194 2020 2300 2084 ipse
2327 2022 2389 2071 de
2426 2036 2526 2088 quo
2564 2021 2688 2073 satis
2707 2022 2822 2092 jam
2851 2021 3040 2072 dictum
3080 2029 3184 2082 est,
3215 2020 3473 2075 Patricius
3510 2020 3787 2086 Romanus,
3818 2022 3946 2074 alter

685 2121 890 2177 Griecus
927 2128 975 2171 et
1012 2115 1288 2181 antiquior,
1323 2127 1471 2181 quem
1512 2120 1560 2165 et
1602 2110 1685 2163 hic
1731 2111 1840 2179 ipse.
1878 2111 1933 2162 in
1970 2108 2259 2179 Porphyrio
2290 2120 2337 2163 et
2372 2112 2670 2165 Ammonius
2706 2124 2855 2180 atque
2883 2112 3183 2181 Simplicius
3222 2123 3275 2165 ut
3314 2113 3597 2166 Aristotelis
3622 2112 3945 2182 interpretem

685 2224 981 2285 agnoscunt.
1032 2211 1259 2264 Fuerunt
1315 2210 1491 2262 itidem
1534 2194 1580 2259 et
1632 2207 1735 2258 duo
1785 2204 2080 2273 Symmachi
2133 2219 2333 2273 magna:
2377 2204 2429 2257 in
2481 2206 2661 2257 litteris
2709 2207 3101 2261 existimationis
3148 2217 3353 2271 uterque
3384 2222 3403 2259 :
3458 2207 3653 2274 primus
3709 2208 3923 2260 Gratian

684 2314 727 2357 et
768 2300 1107 2355 Valentiniani
1155 2296 1512 2368 temporibus;
1559 2294 1809 2345 secundus
1842 2289 2060 2343 Zenonis
2102 2300 2150 2345 et
2197 2293 2456 2345 Anastasii
2490 2308 2508 2350 :
2552 2293 2692 2346 illius
2739 2294 2968 2363 epistola:
3010 2296 3438 2361 circumferuntur
3485 2296 3758 2365 crebraque
3788 2298 3849 2348 de
3887 2313 3943 2348 eo

685 2396 732 2446 in
777 2390 1023 2444 Macrobii
1066 2384 1423 2443 Saturnalibus
1461 2382 1647 2435 mentio
1683 2379 1917 2433 habetur.
1962 2379 2133 2449 Hujus
2179 2380 2307 2432 nihil
2342 2381 2546 2447 quidem
2586 2392 2788 2444 exstat;
2818 2385 2928 2440 sed.
2956 2394 3011 2436 ut
3044 2383 3207 2438 Boetii
3247 2385 3592 2437 testimonium
3628 2394 3941 2453 praeteream,

684 2484 977 2536 Priscianus
1004 2478 1328 2532 Cwsariensis
1365 2475 1428 2524 de
1469 2472 1777 2525 venderibus
1817 2472 2067 2534 scribens,
2104 2470 2175 2522 sic
2202 2485 2319 2523 eum
2344 2469 2551 2537 laudat,
2590 2484 2644 2526 ut
2670 2490 2843 2526 omnes
2883 2477 3110 2528 omnium
3146 2476 3534 2545 disciplinarum
3571 2475 3739 2545 apices
3765 2493 3943 2530 conse~

687 2585 825 2628 sutns
864 2573 1138 2625 videretur.

1315 2780 2080 2895 OPEBUM
2128 2781 2615 2896 PARS
2664 2783 3332 2898 PRIMA.

1146 2965 1825 3115 OPERA
1908 2967 3472 3117 PHILOSOPHICA.

760 3296 1004 3420 DE
1068 3288 2512 3419 CONSOLATIONE
2589 3292 3867 3424 PHILOSOPIHfE

2078 3491 2391 3574 LIBRI
2435 3490 2550 3574 V.

1847 3623 1944 3687 (Ex
1965 3624 2184 3674 editione
2229 3624 2288 3672 ad
2315 3637 2465 3674 usum
2491 3622 2768 3687 Delpbini.)

1876 3766 2747 3903 PBOLEGOMENA.

1607 4058 2063 4241 QE-pisto
2079 4065 2215 4196 tu
2259 4062 3064 4270 uitiatoris.

758 4298 1182 4361 St-rcnissimo
1206 4298 1524 4378 Delphino
1545 4301 1772 4361 Petrus
1804 4299 2088 4378 Callyus.
3600 4372 3609 4379 .

757 4400 1077 4480 Quidquid
1114 4402 1472 4461 Ludovicus
1524 4400 1818 4478 Magnus,
1869 4412 2172 4479 angustus
2199 4421 2430 4480 parens
2461 4412 2605 4463 tuus
2649 4403 2933 4481 molitur,
2982 4406 3403 4471 Seuastssma
3443 4413 3806 4489 DELPHINE.
3865 4404 3931 4478 id

679 4521 850 4563 omne
878 4521 1163 4581 magnum
1198 4512 1331 4570 est;
1366 4523 1467 4563 seu
1500 4504 1769 4582 populos
1803 4504 2005 4580 regit:
2049 4523 2153 4562 seu
2183 4503 2387 4562 hostes
2417 4515 2772 4583 expugnat;
2818 4524 2924 4566 seu
2957 4512 3238 4588 utrisque
3276 4530 3560 4572 concessa
3593 4533 3745 4591 pace
3764 4534 3933 4593 θνα-

628 4614 637 4619 ’
678 4608 977 4684 ti/icatur.
1030 4606 1152 4666 Sed
1207 4606 1446 4667 indoles
1491 4615 1549 4665 et
1596 4605 1916 4665 institutio
1970 4616 2077 4665 tua
2127 4605 2442 4682 regiorum
2481 4623 2734 4683 operum
2777 4625 2961 4684 opera
2994 4617 3142 4667 sunt
3178 4611 3477 4671 maxima.
3525 4616 3619 4673 Tu
3659 4615 3929 4693 quidem,

680 4707 841 4765 velut
886 4707 1090 4766 nobile
1119 4708 1456 4782 speculum,
1508 4705 1744 4785 regales
1788 4724 1924 4769 cum
1973 4705 2201 4779 animi,
2256 4711 2385 4763 tum
2414 4706 2702 4782 corporis
2742 4707 2918 4767 dotes
2948 4708 3021 4769 ab
3062 4711 3201 4787 ipso
3247 4723 3528 4791 acceptas
3570 4716 3659 4776 sic
3691 4717 3923 4783 reddis.

676 4806 837 4866 nihil
872 4815 938 4865 ut
970 4807 1034 4866 in
1065 4813 1119 4866 te
1155 4805 1532 4866 desideretur
1574 4803 1741 4882 quod
1798 4804 2216 4882 imperatoriae
2249 4804 2590 4882 majestatis
2619 4824 2738 4866 esse
2764 4810 3015 4885 possit;
3050 4818 3218 4869 ltum
3254 4816 3394 4872 ver’o
3428 4814 3922 4886 institutionem,

676 4922 858 4986 quam
899 4925 1015 4967 rex
1058 4907 1163 4969 ille
1208 4905 1685 4985 sapientissimis
1732 4905 1862 4965 suis
1900 4905 2180 4967 consiliis
2230 4922 2492 4964 exorsus
2518 4915 2643 4975 est,
2683 4909 3218 4987 selectissimisque
3262 4913 3418 4972 viris
3469 4916 3931 4984 corroboravit.

677 5009 1286 5087 magnificentissimo
1311 5010 1624 5070 librorum
1653 5016 1967 5085 apparatu
1994 5009 2086 5067 ita
2114 5007 2378 5085 perﬁcit,
2406 5018 2471 5066 ut
2493 5008 2803 5087 ineffabili
2831 5013 3093 5089 quadam
3123 5015 3604 5092 necessitudine,
3636 5031 3935 5098 quantum

678 5109 847 5189 ﬁlius
872 5119 1151 5187 parente,
1190 5117 1432 5170 tantum
1456 5127 1683 5189 parens
1710 5108 1840 5180 ﬁlio
1863 5123 2078 5184 regum
2107 5110 2378 5167 omnium
2409 5113 2834 5185 prtestantiam
2863 5113 3095 5172 vincat.
3128 5113 3314 5185 Ecce,
3348 5119 3723 5179 continuato
3768 5121 3942 5181 illius

676 5212 877 5289 iussu,
909 5210 1078 5269 inter
1102 5212 1392 5289 antiquos
1422 5219 1711 5271 auctores
1737 5208 1956 5268 emicat
1983 5208 2341 5269 Ssvnnmus
2370 5209 2672 5281 Bomws,
2708 5230 2885 5289 seque
2917 5212 3032 5275 tibi
3056 5215 3254 5284 sistit,
3289 5227 3358 5277 ut
3394 5219 3639 5279 meliori
3666 5222 3936 5299 quodam

677 5316 837 5397 jure,
874 5314 965 5373 sic
990 5312 1218 5391 majori
1246 5331 1348 5391 spe
1376 5315 1702 5393 fructuum
1729 5311 2206 5372 uberrimorum.

757 5413 1049 5474 Omnium
1082 5420 1243 5473 certe
1274 5415 1574 5492 ejusmodi
1595 5423 1923 5475 auctorum
1953 5413 2348 5472 meritissimo
2383 5412 2659 5474 BOE‘I‘IUS
2684 5413 2803 5475 tibi
2828 5434 2889 5475 se
2918 5417 3109 5480 sistit.
3143 5419 3255 5480 Illi
3276 5420 3437 5481 enim
3457 5420 3707 5482 aduente
3734 5421 3938 5482 Galli-

678 5534 1008 5595 corumque
1033 5515 1469 5577 institutorum
1501 5516 1751 5593 penitus
1786 5516 2021 5593 ignari,
2066 5532 2351 5594 prcecone
2378 5514 2769 5592 indigebant,
2805 5518 3307 5597 qui,praadicata
3355 5540 3562 5582 eorum
3612 5523 3942 5598 dignitate,

675 5620 943 5697 aliquam
967 5619 1033 5681 in
1064 5617 1212 5679 aula
1243 5614 1451 5678 iisdem
1476 5626 1862 5695 compararet
1904 5617 2433 5677 existimationem
2465 5636 2483 5674 .-
2513 5614 2611 5673 hic
2628 5616 2868 5691 pridem
2890 5638 2926 5676 a
2954 5619 3253 5698 Philippo
3298 5621 3571 5680 Pulchro
3595 5620 3943 5684 Galliarum

675 5734 836 5794 rege,
876 5717 1226 5779 litterarum
1270 5718 1810 5793 litteratorumque
1844 5715 2270 5775 amantissimo
2312 5712 2624 5792 principe,
2672 5712 3300 5790 honorificentissime
3360 5728 3686 5793 exceptus,
3740 5738 3941 5796 prope
