4292 6262
358 356 463 409 5-59
908 360 973 413 IN
1012 359 1252 415 LIBROS
1293 357 1378 412 DE
1412 357 1886 415 COSOLATIONE
1928 357 2428 415 PlllLOSOPllle.
2459 358 2997 415 PROLEGUMENA.

353 473 722 533 domesticus
757 483 868 545 est,
897 473 1371 552 aulicorumque
1398 489 1640 532 morum
1670 479 1795 531 tam
1830 490 2093 549 gnarus,
2138 491 2323 552 quam
2349 472 2426 533 ab
2455 473 2682 534 aulicis
2718 482 2930 533 notus.
2959 473 3072 536 Illi
3103 475 3382 551 profani.
3419 473 3622 546 nulla,

353 570 484 628 nisi
511 588 694 648 quam
726 571 894 646 forte
944 591 983 629 a
1026 570 1211 630 novis
1248 570 1693 647 interpretibus
1734 580 2129 648 acceperunt,
2174 574 2404 644 pietate
2446 574 2955 632 commendantur
2988 593 3007 640 ;
3069 574 3167 633 hic
3204 589 3397 640 sacer,
3433 571 3624 633 Chri-

354 667 560 725 stiana
605 668 907 743 martyris
938 666 1330 744 splendidius
1380 686 1561 745 quam
1610 670 1888 727 Romana
1927 669 2191 747 patricii
2242 670 2428 729 micat
2480 689 2790 748 purpura.
2851 672 2960 733 Illi
3011 674 3078 733 in
3119 692 3247 731 uno
3301 671 3616 731 duntaxat

285 783 297 786 ν
352 763 601 828 dicendi
645 781 862 841 genere
904 765 1140 825 versati
1161 811 1177 839 ,
1206 774 1313 824 aut
1345 766 1616 825 solutam
1642 768 1776 827 sine
1804 767 2054 837 stricta,
2105 775 2217 826 aut
2248 768 2532 827 strictam
2567 769 2699 828 sine
2729 769 2939 829 soluta
2971 772 3314 832 orationem
3340 771 3562 831 habent
3593 793 3612 834 :

353 865 455 924 hic
483 867 807 945 utriusque
851 867 1153 926 sermonis
1181 854 1651 941 scientissimus,
1682 879 1753 927 ut
1778 867 2114 945 persuadet
2146 878 2366 926 orator
2396 867 2682 945 eloquens
2708 914 2722 935 ,
2760 872 2849 930 sic
2875 880 3061 948 poeta
3091 874 3298 933 suavis
3328 872 3613 930 delectat.

352 968 471 1028 Illi
515 969 721 1028 Musis
759 966 1153 1028 mollioribus
1203 969 1528 1044 inspirati.
1580 969 1714 1028 suis
1748 970 2073 1029 sententiis
2117 969 2173 1028 si
2206 987 2339 1029 non
2389 968 2649 1037 laedunt,
2698 970 2899 1029 (cesam
2945 971 3282 1031 ostendunt
3334 980 3615 1034 mentem.

294 1086 305 1089 ·
352 1084 538 1143 quam
570 1081 793 1124 sanare
827 1074 1141 1143 nequeunt
1175 1086 1195 1133 ;
1226 1067 1351 1138 hic,
1397 1067 1653 1127 docente
1698 1068 2001 1127 severiori
2056 1067 2481 1145 philosophia,
2517 1068 3046 1145 perturbationes,
3099 1087 3380 1131 errorum
3426 1072 3621 1131 vitio-

352 1183 609 1243 rumque
637 1180 877 1233 causas,
904 1165 994 1224 ita
1018 1163 1269 1241 detegit,
1298 1174 1373 1223 ut
1403 1164 1483 1223 ad
1512 1165 1732 1223 mentis
1766 1165 2026 1225 salutem
2064 1166 2329 1225 multum
2359 1168 2638 1243 conferre
2663 1185 2842 1244 posse
2871 1167 3182 1227 videatur.

434 1268 508 1328 Si
532 1285 674 1327 vero
706 1276 932 1327 auctor
966 1267 1071 1326 ille
1104 1266 1319 1342 faciles
1350 1267 1430 1327 ad
1458 1275 1513 1325 te
1548 1267 1836 1329 habuerit
1879 1271 2116 1340 aditus,
2149 1270 2571 1332 SERENISSIME
2603 1271 2961 1341 DELPHINE,
2990 1274 3281 1351 majorem
3315 1273 3619 1333 doctrina!

350 1369 725 1447 virtutisque
760 1369 1168 1428 accessionem
1196 1386 1257 1425 se
1285 1366 1561 1444 sperabit
1596 1369 1939 1446 facturum,
1977 1389 2105 1431 non
2131 1370 2331 1429 solum
2362 1371 2427 1429 in
2458 1379 2556 1439 te;
2604 1371 2709 1430 sed
2738 1374 2803 1432 in
2838 1372 3120 1431 omnibus
3146 1373 3331 1432 etiam
3385 1373 3563 1433 adole
3605 1414 3612 1421 -

350 1470 687 1542 scentibus,
714 1471 795 1531 ad
816 1488 994 1549 quos,
1028 1468 1195 1529 velut
1224 1488 1260 1527 a
1300 1471 1500 1546 capite
1523 1468 1603 1527 ad
1637 1469 1924 1538 membra,
1953 1475 2137 1549 regia:
2167 1481 2284 1531 tum
2318 1472 2744 1531 institutionis
2780 1473 2980 1547 forma
3008 1472 3353 1534 derivatur.

430 1575 732 1650 Magnum
759 1572 1003 1651 quidem
1033 1579 1145 1643 est,
1179 1580 1236 1629 te
1260 1569 1726 1648 geographiam,
1749 1571 2246 1649 chronologiam,
2274 1571 2602 1631 historiam
2626 1580 2748 1628 tam
2773 1574 3107 1649 profanam
3137 1591 3320 1651 quam
3345 1592 3609 1646 sacram,

349 1677 581 1735 eximia
631 1674 975 1735 Latinitate
1019 1672 1390 1746 cumulatas,
1426 1674 1868 1750 perfectissime
1896 1676 2151 1743 callere:
2196 1676 2300 1735 sed
2343 1677 2523 1752 longe
2566 1677 2788 1754 majus,
2836 1678 3048 1746 illius,
3108 1699 3290 1758 quam
3341 1683 3598 1742 insitam

349 1778 529 1837 habes
577 1795 712 1837 cum
759 1775 830 1836 de
858 1784 938 1851 te,
973 1784 1099 1834 tum
1150 1773 1222 1832 de
1263 1773 1414 1843 Deo,
1450 1773 1701 1834 notitia:
1733 1774 2260 1853 philosophicum.
2317 1775 2485 1855 quod
2525 1776 2798 1836 Boarws
2845 1777 2944 1838 hic
2979 1781 3283 1856 suggerit,
3336 1785 3612 1857 accipere

350 1883 787 1941 incrementum
816 1899 836 1939 :
871 1878 994 1938 illa:
1017 1877 1237 1937 etenim
1262 1876 1512 1953 priores
1542 1875 1896 1953 disciplima
1929 1877 2077 1937 huic
2106 1877 2476 1955 posteriori,
2503 1895 2631 1936 non
2658 1897 2828 1937 secus
2862 1897 2935 1938 ac
2964 1882 3276 1959 mancipia
3311 1883 3602 1951 dominm,

351 1982 760 2059 famulantur.
790 1982 924 2041 Hac
956 1982 1403 2059 informatione
1423 1980 1713 2058 princeps
1743 1989 1919 2039 tanto
1944 1982 2134 2041 altius
2163 1982 2434 2058 populos
2458 1979 2893 2056 supereminet,
2921 1990 3151 2059 quanto
3174 1982 3276 2040 sui
3297 1985 3611 2045 conscius.

351 2081 832 2159 Conditorisque
858 2081 1235 2157 intelligens,
1270 2078 1537 2149 divitiis,
1585 2077 1955 2147 honoribus,
2001 2082 2511 2159 voluptatumque
2542 2076 2867 2148 illecebris,
2905 2080 3129 2158 quibus
3157 2080 3363 2158 regale
3389 2082 3614 2140 solium

351 2186 769 2262 circumfundi
785 2160 935 2245 sblet
964 2230 981 2256 ,
1032 2184 1433 2261 contemptis,
1464 2191 1517 2242 et
1560 2181 1923 2243 humiliores
1957 2181 2031 2241 de
2063 2183 2387 2259 semetipso
2441 2190 2499 2242 et
2531 2184 2918 2245 sublimiores
2953 2179 3025 2241 de
3054 2180 3267 2241 divina
3296 2181 3613 2259 majestate

351 2285 623 2362 concipit
650 2301 885 2341 sensus.
916 2283 1059 2343 Non
1091 2281 1439 2342 omittendae
1462 2288 1644 2341 erant
1671 2300 1752 2341 eae
1778 2298 1911 2358 quae
1936 2282 2141 2339 animo
2176 2289 2283 2340 tuo
2316 2298 2454 2342 vere
2488 2283 2659 2358 regio
2693 2282 3001 2357 impressa:
3032 2288 3201 2346 sunt.
3240 2289 3407 2339 artes
3436 2282 3614 2356 inge-

350 2403 486 2443 nuee
513 2404 533 2449 :
581 2384 685 2443 sed
716 2384 827 2443 illa
860 2402 1040 2462 quam
1068 2384 1345 2442 Boarws
1372 2381 1667 2459 inspirat,
1720 2380 2003 2439 humana:
2038 2379 2381 2459 divinaque
2410 2387 2656 2439 natura:
2687 2377 2922 2439 notitia
2967 2377 3083 2438 tibi
3124 2377 3376 2437 omnino
3404 2396 3615 2437 neces-

350 2483 514 2543 saria
543 2483 793 2542 videtur
809 2500 828 2548 ;
883 2482 1015 2541 suis
1064 2484 1247 2539 etiam
1290 2487 1533 2555 sceptra
1578 2494 1708 2534 non
1750 2485 1961 2535 carent
1990 2478 2291 2551 miseriis,
2328 2475 2555 2555 quibus
2596 2474 3098 2554 philosophicum
3130 2474 3295 2535 illud
3338 2478 3614 2535 consulis

352 2583 616 2643 Romani
646 2580 979 2641 remedium
1009 2578 1257 2638 utiliter
1289 2584 1491 2655 potest
1529 2575 1836 2636 adhiberi.

429 2683 722 2758 Quamvis
752 2690 953 2739 autem
979 2687 1312 2758 augustum
1343 2684 1518 2736 tuum
1538 2694 1731 2754 genus
1796 2687 1850 2735 et
1888 2678 2408 2755 prastantissima
2443 2684 2553 2736 tua
2583 2677 2854 2738 eruditio
2888 2686 2942 2737 te
2965 2678 3114 2739 adeo
3146 2678 3514 2749 enea-issent,
3545 2691 3615 2739 ut

349 2804 576 2843 aureus
620 2783 722 2843 hic
749 2781 903 2843 liber
927 2798 1149 2859 magno
1186 2777 1300 2838 tibi
1335 2777 1619 2854 deinceps
1648 2778 1792 2837 usui
1824 2796 1947 2835 esse
1975 2795 2102 2835 non
2131 2785 2363 2855 posset,
2393 2776 2630 2855 grande
2662 2786 2857 2837 tamen
2886 2786 3059 2836 tuum
3092 2778 3400 2841 DELPHI!"
3424 2779 3610 2840 decus

350 2888 415 2949 id
448 2906 484 2945 a
520 2895 576 2945 te
603 2885 851 2945 videtur
875 2883 1217 2961 postulare,
1250 2879 1430 2939 illum
1464 2887 1532 2937 ut
1578 2877 1809 2938 librum
1844 2876 1963 2937 tibi
1999 2878 2121 2955 legi
2156 2896 2351 2943 cures,
2407 2896 2542 2938 cum
2576 2877 2734 2937 alias
2772 2878 2843 2937 ob
2878 2896 3120 2945 causas,
3177 2887 3307 2938 tum
3353 2882 3615 2941 maxime

350 2996 416 3045 ut
448 2987 723 3045 Boa'rws
757 2981 1017 3044 Gallicis
1044 2978 1397 3044 academiis,
1424 2996 1461 3035 a
1488 2976 1713 3055 quibus
1738 2976 1884 3052 pari
1939 2994 2062 3053 qua
2091 2977 2240 3036 olim
2264 2996 2302 3035 a
2337 2977 2637 3036 Romanis
2693 2974 2989 3036 inanibus
3033 2979 3352 3059 injustitia
3384 2980 3616 3039 dudum

350 3086 684 3155 exsulavit,
719 3091 825 3142 tuo
857 3080 1053 3158 regali
1084 3078 1357 3156 exemplo
1389 3075 1809 3142 restituatur;
1840 3083 2021 3152 turpe
2056 3073 2349 3134 nimirum
2384 3092 2572 3151 regno
2604 3073 3139 3135 Christianissimo
3177 3093 3422 3134 sacrum
3452 3076 3616 3137 hunc

348 3188 667 3248 doctorem
728 3182 1023 3260 Virgilio,
1054 3177 1367 3246 Ciceroni,
1417 3175 1774 3243 Aristoteli,
1823 3175 2177 3254 cwterisque
2218 3174 2544 3253 religionis
2582 3175 2951 3237 Christiana:
2985 3175 3264 3236 hostibus
3289 3181 3613 3254 postponi,

348 3307 537 3367 eoque
575 3288 800 3363 magis,
852 3284 1021 3363 quod
1054 3280 1160 3342 ille
1190 3297 1317 3339 non
1352 3277 1742 3353 intelligendi
1771 3276 1972 3335 solum
2002 3324 2017 3350 ,
2068 3280 2174 3337 sed
2200 3278 2381 3338 etiam
2412 3277 2662 3339 dicendi
2700 3279 3108 3357 gravissimus
3137 3288 3360 3338 auctor
3389 3288 3444 3338 et
3489 3300 3615 3337 ma-

349 3393 543 3470 gister
593 3399 843 3447 nostras
894 3381 1395 3445 Christianorum
1453 3377 1693 3436 scholas
1745 3375 2154 3455 afﬂuentibus
2207 3377 2643 3437 doctrinarum
2708 3380 2980 3439 omnium
3037 3379 3236 3456 copiis
3288 3379 3614 3461 ditaverit.

348 3490 850 3553 Grammaticam,
878 3487 1095 3561 fugata
1137 3479 1443 3550 barbarie,
1492 3487 1737 3536 sanctos
1762 3477 2122 3557 fabularum
2148 3497 2298 3537 usus
2328 3478 2547 3538 docuit
2580 3499 2599 3547 ;
2628 3477 2998 3540 rhetoricam
3038 3480 3385 3539 lectissimis
3417 3479 3616 3539 verbis

348 3588 804 3665 verissimisque
832 3582 1153 3642 sententiis
1180 3578 1468 3646 ornavit;
1502 3576 1965 3655 philosOphiam
2008 3575 2389 3638 obscuritate
2424 3577 2751 3637 liberatam
2788 3581 2881 3638 ita
2922 3580 3224 3651 excoluit,
3259 3587 3328 3638 ut
3354 3582 3613 3659 quicun-

348 3710 462 3769 que
491 3689 635 3747 huic
660 3702 881 3764 parere
914 3683 1206 3756 voluerit,
1257 3680 1311 3739 is
1340 3697 1513 3738 omne
1538 3680 1743 3739 aetatis
1776 3690 2009 3754 tempus
2034 3681 2231 3758 possit
2256 3683 2391 3741 sine
2424 3683 2707 3743 molestia
2738 3683 3108 3759 transigere.

430 3798 655 3855 Patere
696 3807 868 3866 ergo,
924 3791 1345 3849 Saaaslsuun
1397 3784 1746 3853 Daunum,
1786 3784 1989 3841 virum
2011 3800 2125 3859 par

1919 3802 1989 3841 tm
2011 3784 2255 3859 pariter
2280 3783 2568 3855 nobilem,
2616 3785 2869 3845 doctum
2921 3794 2976 3844 et
3018 3793 3328 3855 sanctum,
3378 3787 3614 3863 regiam

350 3892 619 3972 ingredi,
650 3888 881 3951 eteteris
912 3884 1273 3947 auctoribus
1306 3884 1428 3943 tuis
1455 3882 1884 3950 annumerari,
1926 3892 1983 3940 et
2013 3883 2173 3942 inter
2202 3884 2371 3950 illas,
2400 3902 2555 3963 quas
2596 3885 2663 3944 in
2690 3884 2922 3945 litteris
2955 3885 3229 3963 feliciter
3276 3888 3611 3957 consumis,

352 4013 571 4075 operas
602 3993 719 4054 tibi
750 3989 1129 4051 audiendum
1157 3985 1475 4063 proponi;
1516 3984 1912 4041 sanctitatem
1941 3982 2041 4042 hic
2072 4002 2210 4043 cum
2250 3985 2569 4052 doctrina,
2604 3994 2933 4063 utramque
2982 4003 3117 4044 cum
3157 3985 3486 4047 nobilitate
3524 3990 3614 4046 sic

352 4097 807 4158 animadvertes
859 4094 1277 4168 coniunctam.
1318 4092 1390 4143 ut
1419 4083 1726 4162 quidquid
1772 4083 1997 4144 ibidem
2039 4083 2157 4143 erit
2199 4081 2571 4157 obvium,‘id
2614 4095 2882 4163 augusta
2924 4095 3032 4144 tua
3069 4083 3237 4144 haud
3286 4086 3616 4161 indignum

352 4200 615 4276 origine,
664 4204 721 4256 et
765 4191 845 4253 ad
885 4201 1051 4252 tuam
1103 4188 1425 4248 scientiam
1451 4184 1795 4263 augendam
1831 4194 1885 4243 et
1926 4186 2005 4244 ad
2051 4204 2347 4246 coronam
2394 4196 2710 4257 aeternam,
2764 4186 2867 4246 cui
2915 4204 3087 4263 reges
3138 4205 3340 4246 omnes
3370 4186 3617 4247 studere

353 4300 589 4365 debent.
623 4291 1102 4375 consequendam
1134 4288 1475 4350 conducere
1506 4288 1850 4366 plurimum
1879 4288 2101 4365 possit.
2136 4287 2396 4348 Cadomi
2427 4288 2544 4348 cal.
2579 4287 2873 4354 Novemb.
2905 4308 3067 4347 anno
3106 4289 3360 4349 Domini
3394 4289 3571 4351 1679.

1655 4463 2297 4548 PR/EFATIO.

423 4614 564 4669 Inter
581 4611 805 4678 plurima
828 4608 990 4662 Boelii
1019 4607 1183 4661 nostri
1218 4623 1406 4675 opera,
1426 4604 1923 4675 prta-lautissimum
1956 4608 2000 4665 Α
2035 4600 2174 4653 ιηπηί
2202 4600 2499 4669 Tlmringi?
2530 4617 2595 4653 an
2628 4617 2745 4669 tunc
2772 4601 2955 4654 "enati
2992 4601 3177 4653 Vallini
3224 4600 3616 4656 Nantwtcnsis?

355 4410 535 4418 __——

3520 361 3625 415 5.550
3702 418 3708 425 ,

353 4706 867 4769 celeberrimumquc
894 4708 973 4753 est
1009 4698 1132 4751 illud
1162 4698 1301 4768 quod
1348 4696 1654 4750 inscribitur
1683 4693 1930 4746 Consola-

352 4800 424 4852 tio
456 4795 793 4866 philosophia:
862 4793 965 4847 Sed
1008 4773 1126 4859 qua:
1166 4791 1425 4845 hactenus
1453 4788 1593 4842 edita
1623 4795 1746 4839 sunt
1779 4784 1933 4852 Imjus

354 4890 532 4957 operis
558 4882 961 4943 commentaria,
991 4881 1104 4935 lucc
1136 4889 1240 4933 tam
1266 4879 1569 4947 imperfecta
1604 4874 1836 4936 fuerunt,
1875 4883 1931 4928 ut

355 4993 463 5032 non
502 4976 765 5030 innnerito
802 4974 867 5026 ad
913 4987 1065 5025 usum
1107 4970 1447 5025 Set-cnissimi
1497 4964 1743 5033 lielpltini
1796 4978 1931 5017 nova

355 5068 559 5120 institui
587 5064 919 5117 mandentur.
951 5063 1024 5115 De
1048 5062 1279 5129 antiquis
1317 5062 1576 5126 novisque
1603 5072 1765 5127 pauca
1794 5072 1931 5125 pru-

357 5159 565 5222 loquar.

426 5336 677 5404 Antiqua,
708 5335 945 5401 inquam,
975 5331 1357 5386 cumsolationis
1390 5330 1802 5399 philosophicm,
1841 5336 1932 5381 aut

355 5444 423 5495 ιιιι
452 5427 533 5478 ius
560 5427 734 5479 minus
760 5425 987 5477 recentia
1014 5439 1043 5478 c
1068 5423 1397 5476 .mmentaria
1427 5434 1548 5475 sunt
1577 5419 1885 5489 imperfecta
1919 5435 1932 5472 :

350 5532 477 5583 quia
505 5518 645 5570 enim
674 5515 1051 5568 commendes?
1078 5529 1212 5568 eane
1234 5529 1351 5583 quia
1371 5513 1427 5567 S.
1452 5512 1670 5566 Tlmma:
1692 5513 1934 5567 tribuun-

353 5604 475 5658 tur?
498 5620 565 5657 an
602 5618 665 5658 ea
704 5620 822 5672 qua:
857 5614 983 5663 Sunt
1028 5604 1320 5675 liaynmnnli
1375 5604 1604 5656 Palas-Ini
1670 5606 1937 5659 Alliiensis

348 5697 479 5751 dicti
512 5695 810 5756 Vztltlcrici?
841 5713 905 5750 an
954 5713 1071 5765 ψιειι
1110 5696 1294 5752 ,Ιυιιυοί
1346 5696 1488 5748 Bulii
1546 5696 1825 5749 Ascensii?
1870 5714 1935 5749 an

351 5802 476 5850 qmc
500 5785 717 5848 ln-vnnis
744 5787 995 5840 Bernartii
1024 5787 1233 5856 Belga}?
1260 5802 1323 5838 an
1355 5801 1471 5851 qua:
1499 5785 1764 5838 Theodori
1795 5785 1927 5839 Sile-

2045 4691 2220 4754 Plura,
2253 4691 2413 4745 etiam
2456 4689 2858 4760 diligentisdmc
2908 4691 3229 4757 conquisita,
3288 4689 3472 4745 videro
3514 4707 3616 4745 non

2044 4784 2208 4852 potui.
2242 4779 2345 4837 Sed
2376 4784 2490 4835 haec
2519 4786 2695 4836 omnia
2729 4793 2818 4836 aut
2850 4783 3070 4836 ri.licnla
3102 4790 3245 4841 sunt.
3278 4792 3365 4833 aut
3387 4781 3451 4836 ad
3474 4794 3617 4851 pate-

2043 4875 2308 4930 faciendas
2339 4875 2504 4928 Buetii
2542 4875 2893 4942 Cogitationes
2922 4874 3137 4927 minime
3169 4872 3379 4927 idonea.

2115 4968 2348 5022 Primum
2382 4968 2520 5020 enim
2551 4984 2669 5037 qua:
2708 4969 2768 5023 S.
2804 4969 3024 5021 Thema:
3058 4967 3366 5020 tribuuntur
3397 4967 3449 5021 in
3484 4968 3617 5023 liam:

2044 5061 2475 5114 Consolationcm
2506 5061 2858 5129 philosopha!)
2895 5059 3303 5123 Commentario,
3338 5059 3451 5113 hmc
3490 5062 3617 5114 ridi-

2042 5153 2161 5206 cula
2193 5163 2313 5207 sunt
2339 5169 2352 5205 :
2387 5168 2529 5214 nam,
2559 5161 2616 5205 ut
2645 5151 2843 5204 inﬁnita
2869 5150 3132 5215 omittam,
3162 5151 3281 5217 quis
3301 5159 3561 5217 temperet
3588 5170 3615 5204 ιι

2043 5243 2173 5308 risu,
2204 5243 2427 5311 legendo
2459 5243 2571 5297 haec
2613 5241 2706 5295 lib.
2741 5257 2779 5305 ι,
2813 5259 2957 5307 pros.
2989 5243 3010 5296 1
3045 5260 3055 5294 :
3093 5240 3264 5312 Eleys,
3314 5242 3501 5310 inquit,
3546 5252 3615 5294 est

2039 5334 2213 5385 civitas
2234 5333 2467 5400 Grtrciw,
2495 5334 2546 5384 in
2571 5349 2669 5395 qua
2690 5333 2879 5384 studuit
2924 5335 3219 5386 Aristoteles
3243 5348 3262 5385 .'
3289 5333 3422 5384 unde
3448 5335 3616 5384 studia

2037 5443 2130 5477 sua
2147 5425 2387 5477 dicuntur
2417 5423 2664 5478 Eleatica.
2708 5426 2981 5479 Academia
3012 5436 3180 5479 autem
3217 5426 3315 5494 fuit
3338 5426 3514 5477 civitas
3543 5427 3617 5478 vel

2041 5514 2182 5577 villa,
2214 5516 2385 5581 inqua
2418 5514 2614 5567 studuit
2651 5514 2842 5579 Plafo;
2886 5518 3019 5569 unde
3052 5518 3221 5569 studia
3248 5532 3341 5567 sua
3377 5515 3615 5570 dicuntur

2046 5604 2375 5666 Academico;
2399 5615 2492 5658 ant
2544 5605 2659 5657 lnrc
2707 5603 2798 5660 lib.
2836 5622 2889 5669 II,
2945 5619 3071 5659 met.
3111 5608 3162 5665 3i,
3192 5606 3259 5659 ad
3295 5608 3393 5660 ista
3428 5607 3614 5673 verba,

2042 5695 2203 5766 Tyrio
2234 5695 2458 5747 miscere
2505 5710 2709 5748 veneno
2737 5713 2747 5746 :
2781 5694 2985 5753 Thirus,
3016 5696 3111 5757 ait,
3144 5706 3214 5745 es!
3243 5697 3422 5748 turmis
3465 5712 3613 5749 vene-

2044 5803 2215 5850 nosus,
2250 5786 2300 5837 in
2330 5788 2477 5853 cujus
2502 5785 2747 5854 sanguine
2776 5782 3040 5850 iutingiur
3076 5797 3345 5851 purpura;
3379 5802 3462 5837 :;ut
3500 5787 3614 5849 Inui;
