4292 6262
677 377 770 432 551

676 492 765 546 lib.
810 506 883 555 ιιι,
924 507 1064 560 ιιι-ιιι,
1096 492 1163 546 8:
1200 492 1496 554 Alcibiades,
1540 470 1723 559 inquit,
1758 491 1939 541 mulier
1990 489 2085 557 fuit
2123 491 2242 553 pul-
2278 503 2327 558 Α

677 581 947 644 cherrima,
979 583 1372 649 quamvidentes
1419 580 1624 648 quidam
1671 579 1911 643 discipuli
1955 578 2247 629 Aristotelis

678 673 930 724 duxerunt
955 687 1063 723 eam
1091 676 1156 723 ad
1170 669 1511 734 Aristotelem,
1530 672 1761 736 utipsam
1783 670 1997 728 videret;
2021 684 2120 735 qua
2141 668 2247 723 visa

677 761 806 813 dixit
830 776 848 811 :
874 759 932 813 Si
968 760 1192 812 homines
1218 759 1420 828 lynceos
1446 761 1619 812 oculos
1647 760 1906 823 haberent,
1953 768 2006 809 ut
2036 774 2245 825 qua’que

678 848 928 899 obstantia
975 858 1307 915 penetrarent,
1341 850 1660 919 introspectis
1710 849 2015 911 visceribus,
2062 865 2247 914 corpus

676 936 814 1000 quod
855 946 1067 1005 apparet
1107 939 1521 1003 pulcherrimum,
1568 938 1922 1004 turpissimum
1962 939 2246 1002 rideretur;

677 1039 767 1079 aut
799 1027 910 1080 ha-c
939 1028 1175 1096 ejusdem
1204 1029 1318 1093 lih.,
1348 1039 1473 1083 met.
1507 1030 1562 1093 8,
1597 1029 1665 1084 ad
1693 1030 1827 1095 haec,
1857 1030 2074 1097 Asperis
2104 1030 2252 1081 echi~

678 1119 762 1170 nis
786 1135 797 1168 :
830 1117 1054 1182 echinus,
1084 1118 1270 1187 inquit,
1298 1127 1372 1172 est
1404 1118 1556 1187 piscis
1580 1134 1765 1187 parvus
1792 1118 2140 1184 semipedalis.
2166 1117 2249 1183 qui

676 1209 986 1262 adlirrendo
1005 1204 1202 1262 videtur
1217 1211 1430 1262 retinere
1452 1225 1625 1262 navem
1644 1224 1661 1260 :
1683 1209 1770 1261 ubi
1794 1210 2019 1279 ἐχενηίς,
2047 1207 2251 1261 Latinis

679 1313 912 1360 remora,
946 1314 1065 1351 cum
1114 1299 1321 1353 echinis
1361 1300 1727 1353 confunditur.
1760 1298 2005 1352 lniinitus
2055 1299 2173 1354 sim.
2207 1298 2250 1350 si

678 1404 866 1443 omnes
895 1388 1047 1456 hujus
1074 1390 1362 1442 commenti
1394 1389 1568 1457 potius
1613 1404 1769 1457 quam
1802 1387 2171 1441 commentarii
2199 1387 2250 1441 in

678 1488 1099 1545 gratnmatcam,
1134 1482 1357 1546 poesim,
1390 1478 1692 1544 historiam,
1723 1488 1775 1532 et
1812 1488 2042 1530 mentem
2091 1476 2253 1544 ipsius

679 1568 846 1622 Boetii
878 1584 1088 1622 errores
1103 1569 1417 1621 contemlam
1447 1583 1782 1623 enumerare.
1800 1567 1977 1633 Quare
1995 1566 2097 1621 hoc
2118 1580 2253 1635 opus

680 1674 789 1711 non
812 1659 1130 1712 crediderim
1163 1676 1282 1713 esse
1308 1661 1366 1713 8.
1400 1659 1643 1713 'l'houm.

755 1777 970 1831 Videtur
996 1787 1171 1831 autem
1198 1779 1301 1831 hoc
1341 1793 1475 1845 opus
1510 1793 1629 1833 esse
1664 1779 1902 1837 Thema:
1953 1778 2249 1848 enjnsdam,

682 1869 895 1923 natione
941 1870 1113 1937 Angli,
1160 1870 1322 1938 patria
1354 1870 1641 1931 Walensis,
1675 1870 1860 1924 ordine
1890 1871 2243 1935 Dominicaui,
2280 1854 2327 1913 Β

680 1955 950 2009 cuietiatu
975 1957 1223 2010 tribuitur
1244 1958 1459 2012 Summa
1483 1960 1687 2028 logicze,
1710 1974 1831 2027 qua:
1854 1964 2008 2030 vu'go
2029 1961 2085 2015 8.
2111 1962 2253 2014 Ἠιο-

682 2060 785 2098 tua:
812 2046 1016 2114 Aquina
1043 2047 1086 2099 is
1116 2047 1329 2100 nomine
1360 2050 1615 2116 impressa
1662 2049 1890 2117 legitur:
1922 2050 2059 2118 quod
2109 2052 2250 2104 enim

681 2134 913 2186 Thomas
946 2134 1031 2186 ille
1077 2135 1342 2189 diceretur
1373 2138 1636 2207 Anglicus.
1675 2148 1730 2193 et
1762 2139 2138 2196 Dominicanus
2170 2157 2252 2195 es-

680 2232 783 2285 set,
817 2232 1031 2290 propter
1060 2224 1304 2277 emndem
1338 2226 1577 2279 ordinem
1605 2237 1657 2279 et
1687 2231 1969 2295 quamdam
2011 2230 2251 2299 appella-

683 2309 841 2361 tionis
871 2303 1511 2376 similitudinem,errore
1541 2325 1588 2385 ty
1602 2333 1759 2385 pogra
1773 2319 1996 2385 phorum
2023 2320 2125 2373 dici
2156 2336 2250 2388 po-

683 2399 785 2453 tuit
822 2401 1049 2469 primum
1095 2401 1391 2469 Angelirus,
1434 2416 1614 2473 postea
1742 2408 1993 2461 Thomas.
2030 2409 2162 2463 lliuc
2188 2409 2253 2463 ab

682 2489 787 2543 isto
813 2498 1179 2543 connuentore
1208 2491 1279 2543 lib
1335 2506 1393 2556 tt,
1424 2506 1549 2547 met.
1597 2496 1647 2559 1,
1680 2496 1875 2549 citatnr
1900 2496 2121 2562 Alanus,
2165 2499 2251 2566 qui

687 2593 791 2631 non
822 2577 1002 2632 ﬂoruit
1029 2580 1126 2633 nisi
1166 2582 1363 2635 saculo
1398 2584 1608 2638 decimo
1658 2596 1871 2655 quarto,
1912 2604 2031 2642 eum
2076 2600 2251 2644 tamen

686 2666 745 2720 8.
779 2666 1011 2721 Thomas
1042 2668 1233 2722 vixerit
1263 2687 1402 2726 anno
1431 2673 1589 2729 1274.
1622 2675 1754 2731 lliuc
1784 2689 1908 2746 puto
1946 2677 2085 2733 hunc
2105 2679 2252 2733 Tho-

687 2769 827 2808 mam
853 2755 1070 2823 Anglice
1097 2759 1323 2814 locutmn
1356 2762 1445 2816 lib.
1483 2780 1517 2826 ι,
1549 2781 1696 2834 pros.
1731 2766 1787 2830 4,
1822 2767 1934 2832 ubi,
1968 2767 2252 2838 Coemptio,

685 2841 877 2909 inquit,
905 2853 977 2896 est
1005 2844 1253 2900 institutio
1294 2866 1446 2918 super
1471 2854 1641 2921 aliqua
1666 2855 1896 2925 portione
1921 2857 2093 2911 danda
2117 2860 2177 2911 de
2201 2877 2257 2915 re

679 2934 894 2987 emenda
935 2936 1011 2989 vel
1055 2938 1339 3003 vendenda,
1371 2951 1415 2994 et
1450 2956 1658 2998 vocatur
1697 2950 1970 3017 uulgariter
2016 2949 2251 3019 UNGELT,

682 3040 983 3095 quanquam
1014 3027 1171 3092 forte,
1199 3044 1413 3086 errante
1443 3038 1803 3106 typographo,
1830 3054 2008 3095 sermo
2034 3041 2133 3094 fuit
2162 3043 2257 3097 de-

684 3126 954 3180 pravatus,
1006 3117 1205 3176 Gallice
1254 3123 1478 3177 dicimus
1523 3130 1809 3195 monopole.
1855 3130 2047 3185 Nescio
2092 3134 2251 3187 etiam

679 3206 948 3270 quomodo
966 3222 995 3259 a
1020 3207 1074 3259 S.
1106 3210 1307 3265 'l‘homa
1332 3212 1433 3267 dici
1466 3216 1729 3283 potuiSSet
1756 3219 1820 3272 ad
1856 3220 2014 3275 tinem
2042 3221 2074 3275 2
2099 3223 2252 3277 metri
2284 3224 2331 3288 C
2365 3257 2374 3288 ;

680 3294 773 3348 lib.
800 3312 837 3361 ι,
870 3295 976 3350 hic:
1004 3296 1365 3369 Marquardus.

751 3418 828 3469 Ac
858 3432 922 3469 ue
977 3427 1126 3485 putes
1160 3437 1243 3477 me
1294 3425 1408 3479 tunc
1457 3435 1658 3481 temere
1706 3430 1927 3498 tingere,
1977 3432 2259 3489 consulere

681 3505 877 3570 poteris
908 3521 1029 3560 cum
1082 3509 1371 3578 Vallinum,
1409 3525 1520 3568 tum
1571 3518 1730 3570 etiam
1778 3521 2117 3591 Ascensium,
2167 3525 2256 3591 qui

683 3592 882 3657 pariter
908 3607 1101 3663 tu-gnnt
1127 3599 1182 3652 S.
1207 3600 1462 3655 Thomam
1496 3619 1613 3658 esse
1638 3605 1823 3659 horum
1852 3611 2258 3665 commentario-

680 3697 795 3736 rum
820 3694 1111 3739 auctorem.
1147 3687 1196 3739 Ν
1203 3706 1266 3741 οη
1287 3699 1453 3743 tamen
1476 3695 1715 3746 continuo
1743 3697 1907 3750 sancti
1928 3697 2136 3752 Thomas
2151 3716 2257 3754 cre-

682 3778 923 3840 diderim,
972 3781 1138 3849 inquit
1179 3784 1465 3839 Ascensius
1505 3788 1818 3855 pra-ratione
1860 3790 1910 3844 in
1956 3791 2049 3845 hos
2085 3790 2253 3847 Boetii

680 3867 863 3933 libros,
891 3886 1004 3922 cuni
1036 3888 1190 3940 neque
1215 3874 1445 3942 plirasim
1465 3877 1575 3945 ejus
1598 3876 1879 3945 re.loleant,
1905 3895 2061 3950 neque
2080 3881 2257 3948 fecun-

680 3962 719 4007 ιι
739 3968 892 4009 tatem
916 3959 1059 4013 illam
1088 3961 1390 4026 mirabilem,
1417 3980 1532 4032 qui:
1557 3965 1608 4017 in
1638 3969 1831 4020 cwteris
1871 3969 2114 4023 doctrinis
2145 3973 2272 4039 ejus

676 4058 769 4111 est,
797 4061 1148 4118 assequantur,
1175 4068 1337 4117 neque
1355 4056 1573 4123 tempori
1603 4067 1891 4126 congruant
1914 4072 1934 4112 .'
1962 4075 2080 4127 nam
2101 4059 2257 4113 Alani

677 4140 948 4202 opuscula,
990 4155 1136 4206 quem
1182 4140 1444 4215 plusculos
1482 4160 1648 4195 annos
1684 4155 1794 4213 post
1831 4147 1997 4213 ipsum
2024 4157 2254 4207 sanctum

680 4226 923 4282 Thomam
954 4230 1366 4298 obiissetradunt
1406 4248 1578 4288 earum
1610 4251 1777 4288 rerum
1809 4237 1977 4305 periti,
2012 4253 2251 4291 nonnun-

676 4334 824 4378 quam
850 4319 1098 4389 allegant.

747 4440 947 4497 Deinde
971 4448 1355 4501 commentaria
1385 4448 1681 4517 Raymuudi
1716 4452 1950 4508 Palastui
1982 4454 2251 4511 Albiensis

674 4532 799 4585 dieti
836 4534 1098 4589 \‘alderlci
1130 4536 1181 4590 in
1216 4540 1385 4593 tribus
1415 4542 1713 4608 prtesertim
1753 4553 2074 4599 versantur:
2110 4546 2164 4598 1⁸
2198 4550 2247 4599 in

674 4623 1004 4678 Il'vViaSlllllS
1021 4627 1335 4692 quibusdam
1360 4630 1636 4683 nominum
1660 4631 1857 4699 aliquot
1874 4633 2245 4688 ob-curiorum

673 4716 1223 4783 interpretationibus,
1272 4719 1513 4788 margine
1561 4720 1682 4775 libri
1734 4720 2037 4789 inscriptis;
2090 4722 2149 4777 2⁸
2193 4724 2244 4777 in

674 4806 740 4859 lu.
764 4809 897 4874 giuri
924 4810 1151 4879 quadam
1182 4811 1410 4867 lectione
1441 4816 1823 4881 astronomiCa,
1871 4817 1936 4871 ad
1966 4834 2241 4888 exponen-

672 4898 768 4950 das
792 4899 932 4954 vices
961 4902 1180 4970 lli-speri
1206 4905 1537 4959 occidentem
1570 4907 1729 4960 modo
1756 4908 2048 4977 sequentis,
2086 4911 2245 4965 modo

673 4987 931 5041 orientem
981 4994 1265 5058 prmeuntis
1302 4995 1511 5051 solem:
1547 4995 1652 5049 Pro
1694 5014 1912 5066 quarunt
1962 4999 2243 5069 intellectu,

676 5077 843 5149 inquit
867 5081 929 5133 ad
964 5096 1118 5137 metr.
1148 5084 1180 5137 5
1210 5085 1301 5138 lib.
1333 5102 1367 5149 ι,
1398 5096 1471 5140 est
1517 5105 1642 5157 opus
1684 5088 2056 5155 archimedare,
2090 5092 2145 5145 id
2174 5104 2248 5146 est

676 5169 917 5233 ron/icere
953 5171 1162 5240 ﬁguras,
1212 5192 1427 5242 quorum
1469 5177 1701 5231 inventor
1748 5180 2076 5234 Archimedes
2122 5186 2243 5251 fuit.

680 5257 895 5315 Neretur
938 5262 1062 5328 quid
1106 5265 1343 5332 circulus,
1372 5269 1491 5336 quid
1517 5278 1766 5331 centrum,
1799 5272 1921 5337 quid
1948 5288 2089 5336 arca,
2117 5275 2244 5342 quid

683 5354 992 5421 tircunferen
1018 5355 1065 5406 ia
1088 5355 1111 5407 ἶ)
1133 5355 1376 5425 Egregiin
1406 5359 1805 5416 aduotulioucs!
1832 5365 1897 5417 3°
1918 5380 1968 5417 ιιι
1997 5368 2246 5434 qua-stio-

680 5444 846 5507 iibus,
877 5460 1008 5513 quas
1040 5456 1193 5500 vocat
1231 5446 1526 5504 Cratenicas
1553 5451 1693 5506 circa
1736 5453 1977 5522 quintum
2007 5454 2240 5510 librum:

676 5537 924 5601 Quarum,
966 5538 1151 5607 inquit.
1181 5541 1288 5591 lia'c
1309 5541 1604 5609 principalis
1627 5544 1800 5597 volitat
1829 5544 2061 5613 quiestio,
2096 5545 2240 5597 eide-

673 5627 784 5677 licet
816 5637 1003 5691 utrum,
1044 5628 1216 5681 divina
1240 5628 1554 5699 providentia
1578 5630 1838 5695 existente,
1871 5629 2078 5685 liberum
2103 5633 2242 5684 arbi-

674 5716 822 5766 trium
845 5718 907 5769 sit
933 5717 1234 5774 ltominibus.
1261 5720 1356 5775 Ubi
1395 5719 1658 5789 interpres
1686 5721 1773 5775 ille
1798 5721 2006 5776 videtur
2028 5731 2242 5776 sentcn—

676 5803 774 5858 tias
800 5805 964 5862 Boctii
998 5812 1172 5863 animo
1200 5828 1301 5865 non
1331 5813 1818 5881 cntuprehcndisw.

1839 380 1947 433 AN.
1991 378 2194 433 ΜᾹΝΙ..
2239 378 2395 433 διςγ.
2442 377 2752 432 1ὶ()1ἰ’1“1υ8.

2279 4585 2329 4644 D

3817 375 3921 431 5.12

2423 489 2777 551 Qllalllﬂlll'tlll
2828 506 2887 541 rx
2937 489 3020 540 Itis
3066 489 3235 542 tribus
3264 488 3491 556 primunt
3524 488 3677 540 nobis
3718 488 3923 540 videtur

2352 591 2456 628 non
2488 579 2752 639 snl'tieeie,
2784 584 3076 630 scuudutu
3129 578 3451 639 redundare,
3507 578 3716 632 tertium
3757 578 3925 647 impe-

2350 666 2589 718 dimento
2620 684 2740 719 «sse
2776 669 2840 719 ad
2876 681 3107 720 tuentem
3141 666 3311 719 Boetii
3346 665 3430 719 hic
3473 668 3888 735 percipiendzuu.

2424 757 2614 809 Postea
2645 760 2948 818 Ascensius,
2985 770 3038 810 ut
3090 760 3205 825 ipse
3233 759 3439 825 jac-uitat
3467 758 3713 823 pmdicta
3740 757 3923 824 praefa-

2354 843 2519 911 tione,
2549 847 2720 896 docuit
2770 847 3053 898 carminum
3099 851 3256 917 leges,
3282 859 3330 901 et
3373 852 3676 909 caritates;
3712 848 3927 915 {atellas

2351 950 2548 1001 quoque
2578 946 2620 987 et
2664 936 2902 987 Itistur.as
2942 939 3239 1008 diligentius
3268 942 3529 1000 recitauit;
3558 948 3602 990 et
3634 938 3929 991 Latinitatis

2353 1030 2440 1072 aut
2471 1034 2681 1075 strvala:
2701 1035 2785 1075 aut
2816 1025 3057 1094 neglectw
3082 1028 3312 1079 virtutem
3338 1037 3560 1097 aperuit,
3592 1030 3767 1081 dolens
3791 1031 3926 1097 quod

2354 1106 2532 1162 Graeca
2560 1112 2709 1163 verba
2730 1113 2941 1165 subinde
2966 1115 3159 1166 incerta
3181 1118 3402 1183 reperire
3429 1134 3675 1187 nusquam
3705 1121 3888 1186 potuit.

2425 1197 2491 1251 At
2526 1200 2785 1267 irrerpres
2816 1203 2937 1263 iste,
2970 1219 3270 1270 quanquam
3316 1206 3413 1259 sibi
3458 1188 3778 1276 magnopere
3812 1223 3896 1275 pra

2353 1295 2492 1348 ceat,
2522 1288 2658 1354 apud
2682 1290 2816 1342 alios
2840 1302 3015 1344 tamen
3044 1296 3183 1348 male
3203 1296 3347 1348 audit
3375 1313 3387 1348 :
3420 1297 3685 1350 Αδρρηδὶι.ε
3708 1297 3923 1361 Badius,

2354 1374 2527 1444 inquit
2556 1378 2869 1435 Theodorus
2899 1381 3227 1445 Sitzmauus,
3251 1385 3317 1438 de
3345 1402 3449 1453 quo
3482 1390 3661 1439 statim
3692 1388 3919 1449 dicetur,

2353 1463 2486 1516 [tunc
2509 1467 2733 1535 aliosque
2754 1470 2969 1537 optimos
3005 1476 3241 1524 auctores
3267 1474 3552 1541 quisquiliis
3578 1478 3822 1544 "terisque
3843 1480 3925 1543 af-

2354 1554 2506 1621 faniis
2519 1555 2805 1623 inquinare,
2825 1558 3145 1627 impudenter
3156 1561 3343 1627 dicant,
3361 1580 3427 1615 an
3443 1565 3807 1633 imprudenter,
3828 1584 3925 1621 non

2353 1644 2617 1700 abstinuit.
2653 1647 2803 1713 Quod
2832 1649 3075 1703 Ascensii
3106 1651 3293 1704 vitium
3317 1656 3559 1721 quamvis
3591 1670 3693 1708 non
3724 1672 3925 1710 Cntlstn-

2356 1742 2463 1795 ret,
2499 1734 2637 1787 idem
2681 1735 3026 1789 nihilominus
3053 1736 3346 1793 Ascensius
3386 1743 3527 1810 ipsos
3558 1758 3660 1795 non
3691 1749 3925 1800 excessit

2353 1825 2713 1891 grammatica:
2757 1826 2970 1891 limites,
3013 1828 3146 1881 ultra
3187 1845 3321 1898 quos
3359 1830 3426 1884 ad
3473 1845 3774 1885 accuratam
3831 1834 3926 1886 ho-

2355 1927 2473 1965 rum
2506 1912 2763 1968 librorum
2802 1916 3207 1986 intelligentiam
3251 1919 3450 1988 aliquid
3496 1921 3599 1989 maj
3627 1936 3667 1974 is
3713 1922 3926 1975 deside-

2355 2013 2524 2056 ratur.

2425 2092 2575 2146 Subit
2608 2094 2842 2149 Joannes
2874 2096 3205 2162 Bernartius,
3234 2097 3343 2166 qui.
3378 2099 3555 2165 paucis
3585 2099 3633 2152 in
3672 2099 3917 2161 solutam,

2357 2184 2809 2255 paucioribusque
2840 2180 2893 2241 in
2941 2190 3179 2242 strictam
3223 2189 3359 2243 hanc
3408 2191 3574 2242 lloetii
3629 2191 3924 2243 orationem

2354 2274 2573 2337 notatis,
2606 2277 2842 2345 seipsum
2876 2278 3086 2330 videtur
3120 2279 3490 2332 illustrandqu
3524 2296 3691 2331 ornan
3717 2289 3927 2347 tumque

2356 2361 2426 2414 ita
2458 2365 2782 2433 suscepiSse,
2815 2378 2873 2419 ut
2901 2366 2989 2419 ubi
3026 2367 3259 2435 primqu
3293 2371 3370 2421 Vel
3402 2370 3673 2422 minimam
3718 2372 3926 2423 tunicis-

2357 2452 2497 2505 citur
2544 2457 2882 2510 occasionem
2916 2473 3101 2510 eorum
3132 2475 3356 2527 quorum
3404 2460 3716 2514 recmdatur
3746 2464 3928 2515 dicen-

2354 2537 2565 2607 dorum,
2606 2544 2719 2599 hare
2744 2548 2860 2601 sive
2886 2548 2950 2599 ad
2981 2548 3279 2601 institutum
3309 2554 3630 2615 cmuducmt,
3660 2553 3770 2605 sive
3800 2568 3925 2613 non.

2358 2641 2634 2700 congerat,
2683 2648 2832 2688 suam
2885 2637 3056 2704 potius
3095 2638 3449 2692 eruditionem
3494 2655 3652 2708 quam
3696 2642 3929 2695 auctoris

2358 2731 2590 2774 trientem
2622 2725 2811 2790 exposi
2841 2740 2987 2781 urus.
3024 2724 3137 2789 llic,
3174 2728 3340 2794 inquit
3374 2730 3655 2795 prznilietus
3699 2729 3925 2782 Sitzma-

2358 2823 2479 2874 nus,
2525 2810 2711 2864 librum
2733 2813 2868 2865 hunc
2894 2815 3036 2867 nobis
3067 2815 3357 2869 tradidisset
3390 2816 3549 2869 multo
3576 2819 3852 2877 tcrsiorem,
3881 2821 3928 2872 si

2357 2895 2582 2955 licuisset
2605 2919 2623 2956 :
2651 2903 2737 2955 sed
2765 2904 3038 2955 immatura
3066 2915 3226 2957 morte
3250 2904 3473 2959 sublatus
3494 2907 3544 2958 in
3568 2909 3816 2959 rationem
3844 2908 3929 2959 Li-

2356 2987 2527 3043 bitina:
2549 2994 2703 3058 venit,
2734 2992 3002 3060 telumque,
3026 3008 3179 3059 quam
3206 3004 3314 3048 erat
3335 3009 3561 3058 exorsus,
3581 2996 3929 3063 imperfectam

2356 3078 2577 3149 reliquit.

2431 3170 2681 3226 Succedit
2708 3169 2821 3240 ipse
2861 3170 3177 3225 Theodorus
3214 3171 3531 3236 Sitzmauus,
3558 3172 3648 3240 qui
3676 3181 3813 3226 totus
3843 3182 3927 3225 est

2363 3259 2415 3311 itt
2441 3260 2829 3328 compuliendis
2877 3259 3042 3313 variis
3088 3260 3424 3325 lectionibus,
3464 3270 3519 3312 ut
3548 3278 3703 3326 quam
3735 3262 3927 3315 melius

2360 3364 2631 3418 exponere
2652 3366 2806 3404 sensa
2841 3349 3009 3404 Boetii
3041 3350 3449 3413 existimavet'i',
3478 3349 3613 3403 hanc
3650 3351 3928 3416 expunctis

2359 3441 2568 3493 ωηολε
2598 3452 2810 3495 moneat
2841 3439 3193 3493 retinendam.
3226 3456 3243 3487 ι
3282 3438 3483 3504 Quibus
3516 3449 3714 3500 tamen,
3739 3451 3791 3491 ut
3815 3439 3928 3506 ipse

2358 3524 2425 3579 de
2454 3527 2747 3595 semetipso
2776 3529 2869 3590 ait,
2923 3542 3026 3579 non
3075 3541 3197 3579 raro
3244 3526 3497 3594 ittspcl'git
3534 3527 3634 3580 alia
3662 3528 3921 3595 mundam,

2360 3619 2444 3673 vel
2472 3636 2536 3673 ex
2563 3620 2868 3688 philologia,
2892 3621 2975 3672 cui
3001 3618 3153 3671 unice
3182 3620 3436 3671 hactenus
3459 3620 3629 3671 fuerat
3655 3621 3925 3680 addictus;

2367 3710 2448 3761 Vel
2480 3725 2543 3762 ex
2572 3709 3008 3777 jurisprudeutiin
3042 3708 3345 3776 politicesve
3378 3724 3541 3776 pcltll;
3583 3709 3664 3762 vel
3692 3725 3755 3762 ex
3801 3711 3928 3765 orbe

2338 3796 2448 3851 'il‘o
2474 3798 2899 3866 disciplinarum,
2924 3813 3042 3866 qua:
3064 3798 3239 3850 studio
3282 3797 3557 3864 sapienti-.e
3584 3798 3927 3864 famulantur,

2359 3889 2465 3956 peti
2492 3904 2542 3942 a.
2598 3889 2745 3954 Quod
2794 3893 3040 3958 profecto,
3091 3887 3257 3951 addit,
3289 3902 3390 3939 non
3420 3888 3573 3940 aliam
3623 3890 3681 3941 ob
3720 3904 3927 3941 causam

2357 3980 2473 4049 feci,
2505 3995 2655 4049 quam
2679 3988 2730 4031 ut
2754 3990 2903 4050 grata
2929 3980 3032 4032 vice
3059 3994 3193 4030 nunc
3223 3978 3530 4044 prodessem,
3558 3993 3687 4029 nunc
3709 3977 3929 4030 delecta-

2354 4086 2481 4132 rem,
2512 4069 2605 4122 hoc
2626 4082 2721 4133 est,
2746 4071 2868 4124 utile
2889 4071 3026 4123 dulci
3047 4071 3333 4123 miscerem.
3375 4087 3393 4119 ι

2428 4160 2684 4214 Fidentine
2734 4160 3037 4214 liberaverit
3082 4174 3231 4215 suam
3279 4159 3363 4211 hic
3408 4160 3700 4223 interpres,
3747 4174 3928 4227 tequus

2356 4253 2524 4306 lector
2544 4250 2779 4317 judiCct.
2834 4254 2941 4320 ligo
2970 4266 3095 4305 vero
3125 4250 3406 4315 existium,
3446 4251 3671 4317 primum
3716 4251 3928 4319 quidem

2355 4341 2526 4410 ipsum
2548 4341 2801 4396 orationis
2816 4342 3080 4395 Boetiana:
3100 4336 3428 4405 centenum,
3455 4332 3609 4409 quem
3633 4326 3927 4406 reccnSuit,

2351 4434 2472 4487 aliis
2495 4432 2971 4502 perspicacioribus
2998 4433 3165 4485 oculis
3211 4432 3524 4499 indiguisse;
3560 4430 3755 4484 deinde
3786 4430 3930 4484 hunc

2355 4526 2700 4593 interpretem
2732 4524 2868 4577 alios
2902 4534 3137 4578 veterum
3168 4524 3420 4578 librorum
3472 4524 3786 4591 interpretes
3810 4525 3930 4575 imi-

2356 4626 2544 4679 tatum,
2579 4634 2682 4670 non
2713 4627 2818 4669 tam
2846 4615 3072 4668 aliorum
3100 4629 3257 4683 quam
3303 4616 3385 4668 sui
3412 4618 3580 4685 gratia
3605 4616 3885 4684 seripsisse
3913 4633 3926 4668 :

2356 4708 2495 4761 unde
2523 4707 2595 4761 ita
2624 4707 2805 4761 citavit
2834 4708 2966 4760 alios
2997 4706 3110 4761 sive
3155 4717 3396 4771 oratores
3440 4708 3553 4760 sive
3594 4718 3797 4775 poetas,
3837 4708 3927 4775 qui

2353 4813 2500 4852 more
2536 4799 2703 4852 Boetii
2746 4798 2905 4851 locuti
2944 4797 3184 4862 fuerant,
3220 4807 3275 4850 ut
3305 4812 3424 4851 cum
3450 4813 3609 4851 unum
3646 4806 3926 4851 auctorem

2352 4890 2673 4959 suscepisset
2722 4890 3131 4957 explicandum,
3191 4890 3395 4957 plures,
3449 4890 3597 4941 nullo
3651 4891 3925 4957 exposito,

2352 4984 2505 5038 nobis
2538 4994 2797 5053 proponat
2842 4982 3292 5051 interpretandos,
3329 4983 3487 5035 homo
3530 4981 3693 5034 telicis
3725 4997 3929 5033 memo-

2352 5074 2462 5129 rice.

2424 5165 2660 5232 Denique
2686 5165 2951 5230 Vallinus,
2995 5175 3175 5218 nostro
3201 5164 3431 5232 judicio,
3464 5166 3699 5215 omnium
3730 5164 3940 5230 Olllillll'.‘

2350 5262 2415 5316 de
2447 5262 2627 5315 Boetio
2662 5262 2882 5314 meritus
2917 5270 2995 5314 est
3032 5276 3046 5314 :
3090 5270 3395 5312 contextum
3443 5260 3582 5309 enim
3633 5257 3927 5322 smpissime

2351 5366 2658 5424 corruptum
2708 5355 3011 5406 emrudauit
3045 5369 3056 5402 :
3102 5348 3477 5418 quamobrem,
3518 5361 3569 5398 ut
3614 5348 3726 5403 inse
3764 5346 3830 5398 de
3871 5360 3925 5398 se

2351 5447 2444 5509 ait,
2476 5447 2691 5515 optimos
2712 5458 2934 5512 quosque
2954 5443 3095 5494 codic
3127 5457 3149 5494 s
3173 5440 3496 5494 consuluimu
3544 5451 3926 5500 contextumque

2349 5552 2410 5589 ex
2450 5552 2622 5587 eorum
2653 5537 2945 5601 plerumque
2976 5548 3223 5584 conserua
3264 5530 3627 5582 recensuimns.
3664 5524 3711 5577 Ii
3759 5540 3925 5576 autem

2350 5632 2492 5696 fuere
2517 5624 2618 5676 duo
2638 5640 2790 5675 manu
2819 5625 3017 5675 exarati
3044 5622 3219 5677 Sancti
3260 5621 3497 5682 lictoris;
3530 5623 3630 5668 duo
3660 5634 3721 5669 c1
3749 5616 3867 5668 biL-li
3886 5639 3924 5662 ιι

2348 5719 2491 5768 theca
2519 5713 2731 5765 Tlmnna
2757 5714 3004 5778 iidemque
3027 5712 3369 5771 vetustissimi;
3386 5726 3447 5760 ex
3461 5710 3600 5778 regia
3618 5722 3767 5767 unus;
3789 5708 3930 5758 itm:-

2350 5825 2443 5876 quc
2474 5808 2575 5858 duo
2598 5805 2710 5868 me',
2744 5803 2829 5856 sed
2852 5804 3165 5855 recentiores.
3193 5799 3401 5853 (ira’cus
3422 5814 3620 5868 quoque
3640 5798 3867 5851 eorumd.
3885 5813 3928 5845 ιη
