4254 6250
357 253 422 308 ὗὸ
890 246 961 306 IN
1003 242 1242 305 LIBROS
1282 248 1367 304 DE
1405 246 1927 305 CONSOLATIONE
1966 242 2434 303 PIIILOSOPIIIIE
2477 240 3002 300 PROLEGOMI'INA.

3465 238 3569 297 554

320 373 561 424 librorum
588 368 763 433 codex,
797 385 919 436 quos
949 368 1123 421 erce
1150 369 1501 433 interpretatus
1523 375 1594 417 est
1636 363 1890 416 Maximus
1920 363 1967 423 Α
1998 374 2179 426 nosse,
2210 362 2333 416 ideo
2362 377 2553 429 propos
2581 372 2630 413 ta
2680 377 2812 415 novo
2869 360 3093 415 lectione
3122 373 3269 421 vera,
3328 359 3571 414 arbitrati

319 462 419 515 Pla
459 462 581 513 udas
621 475 683 513 ex
709 460 885 512 eadem
927 456 1221 511 bibliotheca
1264 457 1421 525 regia.
1461 456 1539 509 Ea:
1582 457 1731 508 editis
1779 471 1893 508 vero

317 555 646 607 Florentium
657 554 777 606 anui
798 553 883 605 151
899 555 931 606 5
947 562 989 603 et
1012 552 1143 604 alius
1156 552 1316 620 quivis
1337 551 1577 618 optimus.
1593 549 1891 616 Quinetiam

315 644 456 697 idem
489 642 729 695 Vullinus
767 642 1026 711 quosdam
1065 642 1221 709 hujus
1261 640 1503 709 opusculi
1545 639 1719 702 locos,
1763 652 1895 707 quos

313 733 655 789 obscuriores
686 735 907 801 putavit,
940 733 1049 786 suis
1079 734 1220 785 notis
1248 732 1515 786 illustrare
1535 739 1760 785 conatus
1790 738 1890 785 est.

314 827 601 895 Propterea
646 841 766 895 qua:
813 825 1048 894 Lugduni
1079 826 1427 885 Batavorum,
1481 838 1669 876 novem
1701 821 1897 877 abhinc

314 917 496 979 amis,
525 916 664 983 typis
686 915 929 967 mandata
949 922 1093 977 sunt,
1115 913 1395 966 Variorum
1423 912 1474 965 in
1501 914 1634 968 hanc
1658 912 1896 978 philoso-

313 1009 458 1073 phiae
476 1006 905 1061 Couso'ationem
936 1006 1347 1067 cnuuneutaria,
1381 1005 1494 1057 lucc
1521 1003 1744 1058 Joannis
1773 1004 1899 1056 Ber-

313 1098 501 1160 nartii,
532 1097 797 1152 Theodori
849 1096 1140 1161 Sitzmaui,
1190 1105 1243 1150 et
1272 1095 1458 1148 Itenati
1490 1093 1685 1149 Valliui
1737 1093 1896 1159 notis,

314 1191 464 1243 velut
491 1198 806 1244 crumentum
838 1191 954 1242 sine
977 1188 1147 1252 calce,
1177 1196 1443 1241 constant.

388 1286 509 1351 Ipse
543 1295 718 1337 tamen
746 1281 1008 1348 Vallinus,
1035 1282 1234 1335 omissa
1264 1280 1408 1333 omni
1432 1278 1899 1334 verboruminter-

315 1374 655 1443 pretatioue,
709 1374 974 1440 tacitaque
1026 1372 1274 1425 Boetiana
1322 1368 1625 1437 disputandi
1675 1368 1899 1431 ratione,

314 1477 478 1518 notas
506 1463 753 1517 adhibuit
776 1472 879 1516 tam
912 1476 1062 1515 raras
1092 1470 1304 1529 tamque
1330 1459 1536 1523 breves,
1573 1458 1689 1527 ejus
1718 1464 1775 1510 ut
1821 1456 1902 1509 la-

320 1557 441 1621 bor,
465 1554 661 1620 alioqui
692 1554 866 1617 utilis,
899 1554 964 1606 ad
1014 1551 1304 1619 perlectam
1332 1550 1487 1618 hujus
1517 1550 1696 1618 operis
1725 1548 1907 1616 cogni-

324 1650 523 1701 tionem
559 1647 853 1699 habendam
887 1646 1132 1699 sullicere
1160 1659 1267 1698 non
1301 1644 1486 1711 possit.
1533 1643 1599 1695 Et
1628 1641 1743 1696 haec
1769 1641 1906 1693 anti-

2000 467 2184 507 snmus
2222 452 2391 506 omitti
2427 466 2581 519 posse
2624 462 2858 505 veterem
2900 450 3106 515 falsam,
3130 458 3184 503 et
3241 448 3457 518 quidem
3511 467 3576 504 eo

2001 540 2290 603 lubentius,
2321 540 2462 609 quod
2500 555 2620 593 cum
2648 541 2822 593 nullus
2850 540 2960 593 fere
3009 539 3165 592 fuerit
3196 538 3352 602 hujus
3398 540 3578 606 operis

2000 634 2173 694 locus,
2206 631 2295 699 qui
2327 629 2611 698 aliquando
2658 645 2761 683 non
2792 629 2951 683 fuerit
2978 637 3282 694 corruptus,
3317 627 3379 681 ad
3433 628 3579 682 Iasti-

2000 724 2145 778 dium
2180 737 2346 793 usque
2375 722 2680 791 repetendae
2696 720 3087 776 fuissentvarite
3109 719 3381 773 lectiones.
3403 718 3580 785 Quan-

2000 829 2156 881 quam
2192 829 2258 867 ne
2299 812 2421 866 huic
2449 813 2606 865 etiam
2640 811 2816 863 officio
2845 810 3175 869 deessemus,
3207 809 3271 861 ad
3304 808 3459 861 linem
3484 824 3579 861 no-

2001 903 2097 956 Stri
2123 902 2301 969 operis
2320 899 2764 954 variaslcctiones
2789 898 2981 952 Vallini
3007 898 3286 952 retulimus
3307 898 3372 952 ad
3397 914 3581 953 numes

2003 1008 2091 1047 ros
2114 992 2269 1059 hujus
2292 991 2408 1045 libri
2433 990 2878 1044 aet-onttnodatas.

2072 1081 2125 1134 2.
2170 1080 2553 1149 PrOposuimus
2597 1079 2788 1147 duplex
2834 1092 3000 1143 genus
3031 1088 3494 1145 argumentorum,
3528 1064 3612 1132 ιη’

2005 1188 2108 1225 una
2142 1172 2311 1224 veluti
2364 1170 2687 1237 cogitatione
2731 1170 2899 1223 lector
2941 1167 3368 1223 animadvertere
3397 1171 3583 1234 t-os.~it,

2005 1262 2127 1331 quid
2154 1262 2203 1315 in
2239 1269 2351 1315 toto
2392 1260 2481 1313 illo
2508 1273 2670 1324 opere
2722 1268 2775 1311 et
2803 1258 3039 1327 qualibet
3066 1258 3181 1326 ejus
3226 1268 3374 1327 parte
3418 1259 3585 1312 conti-

2004 1364 2216 1409 neatur.
2241 1353 2476 1407 Primum
2505 1362 2587 1407 est
2638 1352 2755 1405 idea
2788 1351 2948 1405 totius
2973 1351 3151 1419 operis
3179 1367 3193 1404 :
3227 1352 3313 1404 uhi
3345 1349 3586 1408 formatis

2006 1444 2319 1513 quihusdam
2353 1442 2920 1513 argumentationibus,
2952 1450 3181 1497 mentem
3231 1443 3445 1496 lectoris
3471 1442 3587 1497 eili-

2007 1537 2186 1590 cacius
2207 1534 2621 1598 commovendo,
2648 1533 2817 1588 Boetii
2846 1548 3000 1587 sensa
3030 1534 3197 1601 magis
3222 1534 3588 1593 demonstrare

2008 1641 2193 1679 sumus
2220 1626 2420 1687 conati.
2452 1626 2689 1678 Alterum
2736 1632 2818 1677 est
2865 1626 3211 1677 summarium
3246 1625 3587 1693 uniuscujus-

323 1752 429 1806 qua
473 1746 633 1799 sunt,
679 1739 791 1790 sive
833 1738 1005 1803 potius
1038 1736 1213 1788 minus
1243 1736 1474 1789 recentia
1518 1732 1908 1788 Consolationis
1940 1724 1984 1783 B

1974 1727 1985 1781 ι
2016 1731 2118 1784 que
2149 1717 2355 1783 capitis;
2403 1714 2454 1767 in
2486 1729 2592 1782 quo
2621 1729 2731 1768 non
2783 1713 2957 1767 solum
2988 1714 3212 1768 dicenda
3239 1754 3254 1777 ,
3281 1716 3375 1769 sed
3406 1716 3586 1769 dicen~

327 1828 711 1896 philosophiae
736 1828 1138 1880 commentaria.

1081 1918 1151 1972 II.

399 2008 657 2063 Przcdicla
689 2009 1187 2063 commentariorum
1225 2008 1275 2061 in
1324 2005 1751 2060 (Zonsolationcm
1786 2004 1905 2072 phi-

327 2105 652 2174 iOSanticam
706 2104 827 2156 vitia
861 2105 1059 2171 optime
1114 2101 1485 2155 animadvertit
1514 2100 1594 2153 vir
1625 2107 1681 2152 ut
1722 2108 1900 2167 gente,

330 2201 404 2252 sic
434 2198 674 2251 doctrina
709 2198 959 2263 omnique
1011 2196 1261 2247 virtutum
1292 2208 1485 2262 genere
1526 2190 1906 2260 praestantissi-

331 2303 480 2351 mus,
529 2284 751 2339 Carolus
805 2284 1319 2347 Sancta-Mauracus,
1367 2279 1706 2334 Montauserii
1764 2279 1905 2341 dux,

328 2374 669 2429 Serenissirui
689 2374 933 2441 Delphini
957 2373 1279 2436 moderator,
1332 2380 1385 2425 et
1410 2384 1505 2439 pro
1534 2368 1786 2437 singulari
1814 2380 1910 2420 sua

328 2469 377 2521 in
405 2468 563 2521 rebus
588 2467 887 2535 principum
911 2464 1249 2518 consulendis
1274 2462 1572 2529 prudentia,
1596 2475 1736 2529 asgre
1769 2460 1907 2521 tulit,

324 2560 462 2610 facta
520 2554 917 2624 prudentissimi
982 2554 1122 2608 illius
1185 2552 1400 2617 Aulici,
1458 2550 1608 2621 cujus
1676 2550 1911 2605 consiliis

323 2650 560 2719 quandiu
607 2663 733 2702 usus
782 2657 864 2702 est
919 2663 1006 2701 rex
1059 2645 1457 2709 Theodericus,
1509 2644 1688 2699 tantliu
1748 2643 1908 2697 vitam

327 2742 536 2807 optimo
569 2738 892 2808 imperatore
920 2737 1130 2806 dignam
1162 2735 1289 2803 egit,
1315 2733 1710 2788 obscurioribus
1737 2732 1911 2785 verbis

331 2834 507 2887 velata
563 2832 752 2884 latere.
818 2829 1050 2896 Idipsum
1109 2828 1270 2880 etiam
1324 2826 1469 2879 novit
1526 2825 1911 2877 illustrissimus

330 2923 589 2977 Ecclesia:
614 2921 860 2990 princeps
885 2918 1115 2973 Iacobus
1140 2918 1407 2986 Benigntts
1430 2917 1754 2974 Bossuetius.
1773 2914 1913 2968 Con-

327 3016 603 3069 domcnsis
631 3012 945 3081 episcopus,
986 3010 1228 3077 ejusdem
1278 3007 1619 3063 Sereuissimi
1664 3006 1909 3074 Delphini

330 3115 654 3173 praeceptor,
698 3112 753 3156 ct
802 3117 897 3171 pro
939 3102 1130 3154 eximia
1163 3114 1257 3153 sua
1313 3099 1364 3153 in
1396 3099 1587 3152 divinis
1644 3098 1910 3167 mysteriis
1938 3079 1984 3141 (ἶ

329 3196 593 3265 sapientia
624 3194 794 3248 doluit
817 3233 832 3258 ,
868 3192 1093 3260 cogitata
1135 3188 1514 3258 sapientissimi
1542 3188 1679 3241 illius
1710 3187 1913 3241 theolo-

326 3289 404 3358 gi,
436 3302 541 3356 quo
562 3285 791 3339 docente
832 3284 1059 3337 humana
1112 3281 1328 3335 libertas
1355 3295 1473 3333 cum
1506 3279 1688 3332 divina
1738 3278 1915 3346 provi-

330 3378 511 3431 dentia
559 3374 889 3439 conciliatur,
934 3372 1310 3441 compressiori
1351 3370 1578 3437 quodam
1609 3368 1911 3423 disserendi

331 3469 493 3523 modo
517 3467 778 3522 occultata
811 3465 1062 3535 ignorari.
1095 3464 1147 3518 Id
1179 3479 1390 3533 quoque
1430 3463 1911 3516 viditclarissimus

331 3561 414 3613 vir
440 3560 630 3613 Petrus
674 3557 859 3610 Daniel
900 3556 1153 3618 lluetius,
1187 3563 1386 3608 nostra:
1431 3553 1695 3622 quondam
1741 3551 1911 3607 Cado.

333 3651 536 3702 mensis
580 3646 863 3700 academize
890 3646 1154 3709 alumnus;
1179 3645 1329 3711 cujus
1369 3643 1528 3697 etiam
1560 3657 1722 3711 opera
1773 3641 1908 3695 idem

334 3740 703 3794 Serenissimus
735 3740 963 3805 princeps
991 3739 1054 3791 ad
1084 3738 1379 3792 litterarum
1420 3746 1475 3791 et
1499 3736 1774 3805 sapientia:
1800 3745 1911 3789 stu-

330 3833 414 3885 dia
438 3833 625 3897 utitur,
658 3840 711 3884 et
740 3845 836 3897 pro
865 3831 1159 3885 incredibili
1190 3846 1283 3883 sua
1314 3830 1364 3882 in
1396 3830 1644 3884 omnibus
1671 3828 1911 3899 discipli.

331 3922 414 3977 nis
467 3920 771 3976 eruditione
827 3920 1125 3990 ingemuit,
1156 3921 1421 3987 elegantia
1474 3920 1909 3976 excellentissimi

331 4014 489 4081 hujus
518 4028 638 4068 cum
685 4014 934 4078 oratoris,
964 4022 1073 4065 tum
1127 4020 1319 4080 poeta},
1351 4012 1403 4066 in
1433 4027 1539 4080 quo
1580 4022 1826 4080 tauquam
1857 4012 1907 4066 in

329 4105 517 4158 ultimo
545 4104 903 4158 Romanorum
936 4104 1146 4158 hmrcde
1184 4104 1323 4158 dites
1356 4105 1584 4172 purioris
1613 4105 1909 4159 Latinitatis

330 4196 569 4267 reliquiae
596 4196 946 4251 servabantur
972 4196 1281 4261 reconditae,
1312 4196 1453 4250 dicta
1485 4198 1625 4252 inter
1654 4199 1909 4252 obscuros

328 4285 534 4339 barbari
566 4286 647 4339 sui
679 4286 857 4340 saeculi
908 4296 1156 4341 auctores
1189 4288 1443 4356 permista
1474 4289 1762 4342 contemni.
1790 4288 1905 4355 Illa,

328 4377 567 4444 inquam,
599 4376 852 4445 prmclara
883 4376 1069 4430 Gallice
1124 4387 1321 4431 nostra:
1360 4378 1556 4430 lumina
1611 4377 1905 4445 improbam

2007 1808 2197 1862 dorum
2237 1807 2477 1860 ordinem
2513 1806 2745 1859 breviter
2765 1804 3026 1873 complexi
3053 1821 3257 1859 sumus.

2077 1901 2130 1953 ὅ.
2158 1898 2416 1966 Quamvis
2438 1898 2489 1950 hi
2523 1896 2678 1959 tituli,
2709 1894 2932 1949 Mettum
2952 1936 2966 1962 ,
2996 1896 3179 1960 Prosa,
3223 1912 3248 1947 a
3281 1896 3587 1950 recentiori.

2008 1989 2106 2043 bus
2132 1991 2320 2043 horum
2353 1988 2606 2042 librorum
2649 1987 3119 2055 interpolatoribus
3148 1987 3342 2041 fuerint
3372 1988 3585 2052 invecti,

2008 2090 2064 2137 et
2086 2081 2338 2150 juvandce
2367 2079 2621 2134 duntaxat
2652 2080 2922 2134 memoria:
2949 2095 3105 2133 causa
3136 2079 3382 2148 adpositi,
3416 2080 3587 2149 iisque

2009 2189 2196 2229 omnes
2221 2182 2427 2228 veteres
2453 2172 2606 2238 libri,
2640 2182 2692 2228 et
2714 2173 2911 2240 optima
2943 2172 3108 2227 editio
3148 2173 3456 2227 Florentiua
3502 2188 3589 2227 ca-

2009 2276 2185 2332 reant,
2216 2279 2274 2319 ut
2303 2266 2528 2319 advertit
2550 2266 2836 2335 praedictus
2866 2265 3126 2332 Vallinus,
3155 2264 3252 2320 hos
3276 2276 3452 2320 tamen
3486 2274 3589 2323 non

2010 2358 2333 2413 omittendos
2360 2374 2479 2412 esse
2505 2358 2791 2417 duximus;
2828 2359 3077 2427 quoniam
3110 2373 3249 2412 nunc
3298 2360 3365 2412 ita
3400 2359 3453 2414 in
3481 2370 3578 2415 uSu

2010 2458 2157 2513 sunt,
2192 2456 2253 2503 ut
2296 2450 2506 2519 quoties
2558 2450 2801 2503 laudatur
2850 2450 3065 2504 Boetius
3092 2450 3158 2505 de
3204 2448 3584 2505 Consolatione

2010 2540 2363 2611 philosophia:
2398 2539 2418 2611 (
2446 2540 2689 2593 laudatur
2718 2549 2892 2593 autem
2934 2539 3313 2609 saepissime),
3349 2542 3507 2596 t0ties
3534 2542 3588 2595 hi

2012 2635 2147 2691 tituli
2200 2635 2562 2689 nominentur.
2594 2634 2729 2701 Quid
2778 2648 2904 2688 vero
2950 2633 3046 2687 has
3091 2643 3245 2687 notas
3297 2635 3592 2703 neglexisse

2014 2736 2225 2797 noceat,
2266 2734 2523 2796 expertus
2551 2734 2633 2780 est
2673 2724 2786 2791 ipse
2824 2721 3063 2776 Vallinus
3092 2736 3248 2775 :cum
3279 2722 3434 2789 hujus
3481 2722 3593 2776 edi-

2011 2819 2158 2874 tione
2186 2833 2289 2871 non
2318 2820 2434 2871 sine
2464 2827 2655 2882 magno
2706 2812 2959 2879 temporis
2988 2811 3290 2880 dispendio,
3320 2812 3385 2864 ad
3437 2812 3592 2867 [idem

2013 2909 2248 2964 auctoris
2293 2907 2535 2962 Boetium
2572 2903 2890 2975 appellantis
2922 2902 3246 2972 probandam
3285 2904 3364 2957 uti
3415 2904 3592 2958 valea-

2013 3015 2133 3054 mus
2164 3015 2178 3051 :
2213 2997 2351 3052 unde
2378 2996 2755 3051 contemnitur.

2084 3089 2138 3142 4.
2166 3090 2369 3142 Genera
2400 3100 2670 3149 versuum,
2694 3082 2889 3152 quibus
2933 3082 3018 3137 hic
3066 3097 3192 3137 usus
3219 3092 3302 3137 est
3353 3084 3588 3148 Boetius,

2014 3177 2300 3249 propositis
2326 3190 2511 3230 eorum
2544 3174 2766 3244 legibus,
2811 3182 2935 3228 ante
2984 3174 3398 3240 nominavimus,
3428 3191 3585 3243 quam

2012 3268 2323 3325 corumdem
2350 3265 2843 3334 interpretationem
2875 3273 2928 3318 et
2956 3275 3107 3318 notas
3135 3265 3544 3333 aggrederentur
3576 3285 3590 3319 :

1974 3360 2151 3431 quod
2208 3374 2273 3411 ex
2334 3357 2417 3410 his
2463 3357 2612 3424 plura
2667 3355 2778 3407 sint
2834 3354 3010 3408 minus
3048 3354 3262 3416 usitata,
3316 3357 3592 3425 tyrnnihus

2012 3449 2330 3520 praesertim,
2357 3461 2583 3516 quorum
2616 3445 2782 3514 gratia
2827 3444 3041 3501 Graecas
3066 3460 3278 3514 quoque
3310 3446 3591 3513 dictiones,

2011 3544 2204 3611 quibus
2249 3541 2305 3595 hi
2331 3554 2519 3595 versus
2546 3539 2832 3608 signiﬁcari
2886 3540 3081 3603 solent,
3109 3549 3291 3610 utpote
3318 3541 3594 3596 obscurio-

2011 3650 2119 3699 res,
2146 3632 2451 3687 vitavimus.
2478 3631 2681 3686 Versus
2726 3630 2783 3684 hi
2833 3631 3140 3698 multiplicis
3189 3645 3311 3686 sunt
3358 3634 3592 3703 generis.

2012 3740 2110 3780 nec
2162 3724 2389 3777 interest
2435 3720 2739 3785 numerari;
2789 3720 2881 3774 sed
2938 3722 3197 3787 carmina,
3225 3738 3343 3791 quae
3389 3738 3453 3777 ex
3512 3722 3594 3777 his

2010 3816 2252 3872 versibus
2279 3822 2546 3877 constant,
2579 3811 2642 3867 ad
2674 3827 2774 3869 sex
2807 3819 2860 3866 et
2887 3812 3069 3881 viginti
3097 3827 3293 3883 genera
3335 3829 3594 3870 revocan-

2011 3918 2116 3961 llﬂ'.

2081 4017 2135 4070 5.
2187 4014 2525 4083 Suhjecimus
2572 4013 3097 4081 interpretationem,
3140 4013 3339 4068 stricta:
3380 4014 3593 4083 quidem

2011 4105 2267 4161 orationis
2295 4104 2684 4167 continuatam,
2715 4104 2901 4158 solum
2930 4120 3060 4159 vero
3089 4106 3439 4172 interruptam
3468 4124 3481 4171 ;
3505 4122 3595 4160 eo-

2010 4213 2126 4251 rum
2155 4211 2326 4259 more,
2356 4196 2446 4264 qui
2478 4203 2602 4249 ante
2650 4211 2749 4249 nos
2784 4196 2936 4263 jussu
2986 4196 3238 4251 Ludovici
3288 4198 3481 4267 Magni,
3528 4203 3594 4253 ad

2010 4303 2162 4342 usum
2206 4285 2549 4343 Serenissimi
2594 4285 2837 4354 Delphini
2897 4287 2950 4339 in
3004 4296 3189 4353 poetas
3246 4290 3594 4358 scripserunt,

2010 4385 2103 4433 aut
2145 4385 2385 4433 oratores
2441 4376 2682 4439 Latinos;
2728 4383 2787 4429 ut
2837 4376 2925 4444 qui
2980 4367 3348 4433 adolescifntes
3406 4381 3596 4434 litteris

327 4466 462 4519 hanc
490 4468 846 4533 querebantur
875 4467 1066 4533 Boetii,
1093 4466 1357 4537 hujusque
1377 4468 1767 4523 Consolationis
1789 4470 1904 4538 phi-
1937 4438 1985 4497 D
2011 4481 2228 4537 operam
2266 4472 2482 4532 navant,
2518 4465 2601 4519 his
2631 4464 2761 4517 nihil
2794 4464 3125 4518 desideretur
3153 4482 3359 4530 eorum,
3388 4484 3507 4536 qua:
3527 4471 3591 4521 ad

327 4556 614 4624 lnsophicaz
643 4564 865 4621 sortem,
889 4571 1006 4610 cum
1033 4556 1169 4625 jussi
1197 4573 1381 4612 sumus
1409 4558 1506 4611 hos
1537 4558 1704 4613 Boetii
1735 4559 1901 4613 libros

330 4649 389 4698 aut
417 4662 570 4700 usum
602 4647 945 4702 Serenissimi
969 4649 1213 4717 Delphini
1240 4650 1675 4719 interpretatione
1696 4660 1751 4704 et
1766 4651 1903 4704 notis

328 4738 609 4789 attornare.
641 4738 915 4802 Meliorne,
947 4753 1012 4791 an
1044 4739 1277 4793 deterior
1315 4738 1598 4806 praeteritis
1642 4739 1906 4794 videbitur

325 4837 509 4878 noster
537 4825 621 4879 hic
676 4826 824 4880 labor
873 4840 977 4881 non
1009 4842 1292 4895 possumus
1318 4828 1561 4882 divinare
1593 4845 1607 4883 :
1641 4830 1731 4883 sed
1762 4843 1903 4897 prae-

323 4916 548 4982 scriptas
574 4916 729 4969 nobis
754 4918 869 4981 has,
902 4933 1021 4987 qua:
1066 4929 1383 4985 sequuntur,
1416 4920 1559 4988 leges
1588 4934 1649 4974 ea
1681 4934 1779 4989 qua
1810 4934 1904 4987 po-

322 5009 523 5058 tuimns
561 5005 837 5074 diligentia
894 5009 1181 5062 observare
1227 5010 1554 5073 studuimus,
1600 5010 1666 5063 ad
1718 5025 1905 5078 perpe-

325 5105 470 5150 tuum
504 5096 788 5166 singularis
810 5100 860 5150 in
890 5099 1053 5152 Deum
1075 5099 1313 5167 pietatis;
1337 5100 1389 5152 in
1411 5115 1589 5169 regem
1611 5102 1903 5156 observan-

324 5187 437 5251 tiae;
467 5198 521 5241 et
550 5190 601 5241 in
632 5189 834 5243 litteras
859 5191 1056 5244 amoris
1083 5199 1514 5245 monumentum.

394 5279 443 5332 l.
477 5279 567 5334 Usi
597 5296 779 5334 sumus
833 5282 1058 5336 lectione
1084 5298 1275 5351 quam,
1308 5285 1568 5340 consultis
1596 5285 1903 5341 sanioribus

323 5369 473 5424 libris
495 5411 510 5435 ,
538 5373 828 5453 recensuit
874 5373 1110 5429 Renatus
1143 5375 1379 5431 Vallinus
1402 5417 1416 5441 ,
1452 5381 1690 5446 exceptis
1723 5382 1902 5445 paucis

325 5462 544 5516 vocibus
594 5477 727 5532 quas
757 5503 772 5526 ,
821 5473 879 5518 ut
925 5466 1119 5520 ibidem
1177 5470 1515 5535 monuimus,
1566 5471 1903 5525 validissimis

324 5554 643 5622 conjecturis
689 5557 916 5610 convicti
947 5558 1228 5612 mutandas
1259 5559 1704 5615 exisﬁmavimus.
1755 5562 1899 5626 Quo-

323 5645 461 5697 nium
492 5659 623 5698 vero
652 5659 834 5711 parum
863 5647 1101 5713 interest,
1137 5649 1387 5705 lectorem
1418 5661 1655 5707 veterum
1686 5667 1900 5708 errores

604 5739 870 5798 ΡΑτιιοι.
919 5740 1139 5800 LXIII.

2006 4562 2263 4629 majorem
2288 4558 2339 4612 in
2369 4558 2574 4612 artibus
2596 4557 2838 4627 ingenuis
2870 4554 3166 4625 profecturi]
3201 4560 3408 4626 possint
3450 4574 3583 4613 con-

2008 4639 2167 4705 rerre.

2077 4766 2129 4821 6.
2160 4764 2320 4819 Notas
2342 4770 2555 4816 nostras
2584 4760 2883 4815 addidimus
2909 4776 2923 4823 ;
2959 4774 3062 4812 non
3088 4758 3207 4812 illas
3227 4752 3446 4828 quidem
3478 4759 3592 4813 Ion-

2007 4857 2207 4927 giores,
2239 4868 2306 4907 ne
2328 4852 2538 4905 inanem
2560 4850 2911 4904 eruditionem
2937 4847 3241 4902 videremur
3289 4856 3590 4909 ostentare;

2010 4958 2181 5011 neque
2219 4942 2379 4996 etiam
2401 4940 2700 5002 breviores,
2733 4953 2801 4991 ne
2826 4947 3129 4989 nostrorum
3176 4940 3592 4991 commentario-

2008 5047 2125 5086 rum
2155 5030 2257 5083 alia
2285 5027 2570 5097 qurerenda
2599 5034 2780 5081 essent
2822 5024 3203 5077 commentaria
3239 5040 3251 5076 :
3282 5025 3376 5078 sed
3421 5026 3483 5078 ad
3504 5026 3591 5092 ju-

2006 5119 2242 5175 ventutis
2266 5132 2419 5170 usum
2449 5123 2653 5184 aptatas
2686 5131 2700 5167 :
2731 5114 2780 5167 id
2801 5114 2996 5181 quippe
3024 5129 3185 5167 unttm
3212 5124 3463 5184 optarunt
3492 5118 3589 5169 viri

2010 5207 2425 5279 sapientissimi,
2476 5219 2701 5273 quorum
2750 5203 2893 5257 curis
2946 5204 3236 5258 commissa
3289 5208 3385 5259 fuit
3449 5208 3591 5274 regia

2011 5298 2350 5356 Serenissimi
2406 5295 2650 5364 Delphini
2710 5295 2992 5349 institutio.
3026 5295 3114 5351 Sic
3156 5298 3383 5366 principi
3438 5300 3589 5351 iusti-

2006 5389 2201 5444 tuendo
2231 5386 2531 5447 studentes,
2554 5385 2775 5452 reliqua:
2813 5384 3078 5452 juventuti
3136 5385 3484 5438 iniormandre
3515 5386 3591 5438 la-

2007 5481 2344 5540 boraverunt,
2379 5476 2442 5527 ad
2475 5489 2741 5527 summum
2787 5474 3095 5542 reipublicae
3142 5472 3413 5527 litteraria:
3445 5486 3590 5527 com-

2009 5566 2244 5625 modum,
2273 5564 2530 5632 regnique
2561 5562 2744 5616 Gallici
2774 5561 2959 5615 decus.

2076 5658 2128 5709 7.
2162 5655 2350 5723 Opera:
2396 5651 2620 5718 pretium
2670 5649 3114 5709 existimavimus,
3176 5648 3440 5718 integrum
3490 5648 3589 5707 hoc

3005 5738 3081 5798 18
