4292 6262
682 390 786 444 555

1849 380 1955 433 AN.
1999 376 2206 432 SIANL.
2247 374 2400 431 θεν.
2446 370 2756 426 BOETIUS.

3823 364 3921 416 556

680 506 815 571 Opus
838 498 1271 568 interpretatione
1300 506 1353 550 et
1375 493 1515 549 notis
1547 493 1861 547 illustratum
1886 488 2092 544 duobus
2122 486 2245 541 hinc
2272 492 2323 549 Α
2352 483 2612 539 meritatis
2663 480 2961 551 praemium.
3023 477 3138 532 Non
3193 476 3372 534 omnia
3424 474 3694 544 novimus,
3744 474 3922 531 dOCU'l

680 590 805 643 inde
848 588 1113 656 interponi
1163 584 1442 648 indicibus;
1492 596 1715 651 quorum
1766 578 1910 648 prior
1936 585 2019 630 est
2067 590 2245 630 rerum

680 678 1086 747 pmcipuarum,
1118 674 1301 743 quaain
1326 682 1435 726 toto
1462 671 1563 725 hoc
1591 685 1752 739 opere
1772 668 2034 737 explicato
2062 680 2248 719 occur-

677 777 821 831 runt;
856 765 1115 835 p05terior
1167 762 1567 828 vocabulorum,
1616 775 1735 829 qua:
1773 760 1823 813 in
1876 758 1958 810 Itis
2014 756 2248 826 quinque

677 852 1065 908 Consolationis
1098 852 1475 921 philosophicae
1526 851 1673 904 libris
1711 850 1998 915 leguntur:
2029 846 2117 899 ubi
2156 861 2249 899 cu-

676 942 909 995 ravimus
934 941 1190 993 vocabula
1236 956 1354 1008 qua:
1402 939 1556 992 nobis
1590 938 1700 990 visa
1736 945 1860 990 sunt
1891 936 2133 1001 barbara,
2159 942 2251 987 aut

674 1031 866 1084 saltem
894 1030 1069 1083 minus
1098 1030 1301 1092 Latina,
1324 1028 1549 1082 diversis
1573 1025 1970 1081 cltaracteribus
1991 1024 2204 1078 formari
2230 1042 2243 1077 :

676 1128 733 1172 ut
759 1121 927 1174 lector
956 1118 1007 1172 id
1038 1118 1337 1172 Latinitatis
1366 1119 1551 1171 vitium
1584 1127 1913 1181 moneretur,
1949 1129 2046 1169 nec
2066 1125 2247 1169 nostra

676 1218 855 1262 tamen
902 1206 1284 1261 commentaria
1334 1206 1779 1275 frequentioribus
1816 1203 2076 1272 ejusmodi
2108 1204 2248 1256 notis

678 1307 969 1367 turgerent.
1001 1298 1056 1352 Si
1083 1307 1322 1352 nostrum
1347 1298 1447 1351 hoc
1476 1311 1660 1349 ausum
1694 1295 1957 1349 doctiores
1984 1294 2246 1347 excitave-

676 1393 746 1445 rit
770 1391 835 1445 ad
885 1390 1302 1458 absolvendum,
1328 1390 1530 1458 prolata
1560 1388 1894 1450 auctoritate,
1943 1384 2155 1452 aliquod
2186 1399 2253 1437 ex

678 1483 937 1552 ejusmodi
966 1484 1255 1548 vocabulis,
1288 1484 1340 1537 id
1372 1498 1475 1537 non
1504 1482 1768 1549 ingratum
1809 1478 1911 1532 erit
1942 1484 2137 1531 nostrae
2176 1486 2253 1528 te-

2348 590 2561 644 semper
2588 571 2929 644 paratissimi.

2418 666 2559 721 Nihil
2576 664 2806 733 denique
2834 664 3059 717 istorum
3089 660 3326 715 omnium
3358 661 3508 727 prius
3558 657 3924 727 attingendum

2350 757 2590 811 arbitrati
2632 769 2834 817 sumus,
2890 768 3047 820 quant
3099 752 3266 805 instar
3308 751 3535 803 aliorum
3588 748 3927 802 Serenissimi

2354 844 2599 914 Delphini
2624 845 2940 912 scriptorum
2969 839 3428 910 proposuerimus,
3451 841 3511 894 1ο
3541 839 3716 893 Vitam
3738 837 3928 902 Boetii;

2348 936 2408 991 2⁸
2441 934 2743 991 testimonia
2770 933 3039 986 variorum
3076 946 3195 985 cum
3225 929 3292 984 de
3322 929 3507 983 Boctio
3551 937 3662 982 tum
3694 930 3761 982 de
3785 928 3928 995 ejus-

2352 1024 2473 1079 dem
2514 1023 2760 1092 scriptis;
2798 1021 2854 1076 5⁰
2900 1020 3201 1090 generalem
3251 1018 3510 1071 librorum
3540 1017 3928 1073 Consolationis

2355 1115 2740 1184 philosophicae
2786 1114 2981 1177 ideam;
3012 1113 3069 1166 4°
3091 1112 3319 1180 aliquam
3364 1109 3627 1179 ejusmodi
3673 1109 3929 1165 librorum

2353 1221 2633 1261 censuram
2664 1222 2677 1258 :
2710 1205 2824 1259 haec
2847 1206 2988 1260 enim
3013 1203 3234 1272 quilibet
3260 1200 3451 1255 horum
3496 1200 3815 1268 scriptorum
3864 1199 3929 1259 de

2352 1309 2451 1348 suo
2476 1303 2695 1349 auctore
2718 1293 2924 1362 praefari
2945 1294 3242 1355 consuevit;
3270 1292 3313 1345 si
3336 1290 3610 1359 exceperis
3629 1290 3929 1359 generalem

2353 1386 2531 1453 Operis
2558 1386 2750 1451 ideam,
2771 1386 2922 1452 cujus
2947 1384 3248 1451 exemplum
3275 1392 3373 1435 etsi
3396 1395 3501 1435 non
3523 1382 3836 1445 habeamus,
3862 1394 3927 1436 ex

2354 1476 2468 1543 ipsa
2491 1475 3075 1543 tamen,utisperamus
3094 1513 3110 1539 ,
3136 1487 3239 1525 non
3262 1471 3549 1525 mediocris
3576 1471 3779 1524 utilitas
3804 1470 3927 1523 erit.

1309 1767 1495 1847 AN.
1556 1760 1908 1845 MANL.
1961 1694 2331 1843 SEVER

2283 1760 2506 1841 RINI
2564 1754 2951 1837 BOETII
3000 1752 3310 1834 VITA.

1437 1921 1476 1974 Ι.

748 2017 964 2071 Boetius
992 2024 1146 2069 natus
1175 2023 1257 2069 est
1304 2014 1487 2068 Roma:
1515 2012 1610 2081 (a),
1642 2013 1784 2066 circa
1813 2026 2009 2063 annum
2041 2008 2249 2062 Domini

679 2108 1255 2179 quadringentesimum
1282 2107 1732 2176 septuagesimum
1755 2105 2022 2172 quintum,
2054 2116 2250 2168 aequae-

680 2219 778 2257 vus
807 2202 995 2257 Joanni
1024 2215 1234 2255 summo
1256 2199 1510 2270 pontiﬁci;
1537 2197 1744 2252 Justino
1771 2194 2101 2263 imperatori;
2129 2191 2242 2244 Ful-

679 2296 878 2364 gentio,
914 2294 1158 2350 Ennodio
1207 2303 1260 2347 et
1297 2290 1620 2346 Cassiodoro
1650 2288 1958 2342 doctoribus
2003 2284 2255 2338 ecclesia-

680 2390 847 2443 sticis.
907 2387 1109 2442 Nomen
1140 2399 1414 2454 genusque
1446 2382 1631 2436 matris
1662 2396 1766 2433 non
1800 2379 2019 2441 scimus;
2043 2375 2136 2430 sed
2166 2390 2256 2443 pa-

679 2491 762 2537 ter
784 2481 902 2550 ejus
928 2479 1258 2534 fuitAnicius
1286 2477 1517 2532 Manlius
1545 2473 1755 2530 Flavius
1777 2470 2020 2532 Boetius,
2043 2468 2125 2522 vir
2142 2469 2257 2535 ipse

681 2571 1003 2629 consularis.
1036 2570 1174 2624 ﬁlius
1231 2567 1397 2623 Boetii
1428 2566 1588 2629 illius,
1630 2565 1717 2633 qui
1765 2563 1839 2635 (ὁ)
1886 2560 2255 2630 praefecturam

682 2662 914 2731 praetorii
942 2674 1154 2730 gerens,
1209 2659 1504 2727 imperante
1534 2653 1913 2709 Valentiniano
1961 2660 2072 2705 tum
2122 2649 2257 2703 inte-

681 2762 922 2824 rentptus
952 2752 1066 2817 fuit,
1089 2766 1207 2805 cum
1240 2750 1422 2804 Aetius
1452 2747 1724 2818 patricius,
1773 2746 1883 2798 dux
1915 2741 2253 2801 fortissimus,

681 2849 831 2914 cujus
870 2852 926 2898 ut
959 2844 1194 2898 laborum
1230 2840 1307 2894 sic
1336 2840 1678 2893 victoriarum
1707 2836 1795 2889 ille
1832 2848 2045 2903 semper
2086 2831 2260 2885 fuerat

681 2938 968 3007 particeps,
992 2936 1231 3005 ejusdem
1269 2933 1605 3000 imperatoris
1638 2944 1795 2984 manu
1822 2927 2255 2982 interfectusest.

751 3214 845 3268 llic
867 3221 1068 3273 autem,
1109 3209 1302 3278 dequo
1333 3222 1474 3261 nunc
1522 3206 1748 3273 agimus,
1799 3209 1983 3256 auctor
2038 3207 2259 3253 vocatur

683 3306 752 3374 lc)
786 3306 999 3358 Anicius
1050 3303 1279 3355 Manlius
1331 3301 1602 3355 Severinus
1652 3296 1886 3357 Boetius,
1929 3289 2257 3360 praenomine
2284 3280 2331 3340 C

680 3401 882 3455 scilicet
927 3396 1127 3452 nomini
1157 3391 1566 3461 cognominique
1616 3385 1929 3455 postposito.
1984 3379 2246 3435 Nimirum

683 3492 781 3547 hoc
810 3500 923 3547 erat
952 3490 1005 3543 in
1050 3504 1147 3541 ttsu
1180 3485 1316 3555 apud
1348 3483 1672 3549 antiquiores
1702 3480 1989 3539 Romanos,
2014 3485 2071 3527 ut
2108 3473 2246 3527 idem

683 3586 841 3639 homo
866 3582 1034 3637 tribus
1062 3576 1349 3647 aliquando
1395 3576 1682 3629 donaretur
1714 3568 2127 3637 appellationum
2155 3580 2247 3635 ge-

683 3676 915 3737 neribus,
944 3688 1064 3743 qum.
1104 3670 1417 3724 dicebantur
1464 3665 1544 3736 (ά)
1576 3676 1904 3733 praenomen,
1952 3673 2148 3712 nomen
2200 3664 2254 3710 ct

684 3780 996 3836 cognomen.
1030 3764 1342 3817 Prmnomen
1364 3799 1379 3821 ,
1409 3766 1466 3810 ut
1485 3771 1588 3809 vox
1619 3755 1729 3823 ipsa
1758 3760 1935 3814 sonat,
1960 3759 2042 3803 est
2065 3748 2245 3817 appel-

685 3859 969 3927 latio,qu-.e
1008 3850 1348 3921 appellationi
1390 3848 1564 3917 gentis
1607 3842 1843 3913 praeponi
1873 3841 2047 3894 solet:
2078 3838 2256 3908 qualia

686 3958 807 4004 sunt
836 3947 1050 4001 nomina
1077 3959 1195 4013 qua:
1238 3940 1376 4009 apud
1407 3953 1503 3992 nos
1528 3943 1785 3990 vocantur
1811 3932 2040 4003 propria,
2067 3939 2125 3984 ut
2154 3928 2257 3982 Lu-

688 4040 921 4100 dovicus;
948 4050 1162 4100 nomen,
1192 4030 1475 4102 appellatio
1504 4026 1699 4096 gentis,
1732 4033 1791 4078 ut
1824 4020 2149 4084 Hectorides;
2171 4033 2261 4072 co-

689 4147 935 4201 gnomen,
963 4127 1243 4199 appellatio
1271 4122 1485 4177 familire
1513 4118 1752 4190 ejusdem
1768 4114 1962 4185 gentis,
1991 4120 2050 4166 ut
2066 4111 2262 4166 Borbo-

691 4227 850 4280 uides.
883 4223 950 4279 Ut
996 4231 1171 4277 autem
1216 4231 1359 4285 saepe
1390 4226 1693 4285 pra-nomen
1741 4208 1962 4271 nomini,
1989 4214 2044 4260 et
2069 4218 2261 4259 nomen

691 4316 989 4385 cognomini
1034 4313 1160 4366 olim
1193 4307 1634 4378 anteponebatur,
1666 4301 1744 4357 sic
1769 4315 1874 4355 non
1904 4312 2047 4366 raro,
2083 4296 2158 4366 (e)
2181 4296 2263 4349 in-

694 4423 846 4464 verso
870 4406 1077 4467 ordine,
1110 4413 1169 4457 ut
1193 4415 1355 4463 nunc,
1388 4397 1573 4468 positis
1604 4395 1817 4449 nomine
1846 4401 1900 4446 et
1927 4388 2264 4459 cognomine,

692 4513 1000 4570 prteuomen
1039 4494 1437 4565 suhjiciebatur.
1467 4490 1554 4543 Sic
1580 4501 1709 4556 ergo
1736 4492 1923 4539 auctor
1964 4489 2146 4536 noster
2174 4494 2271 4531 no-

694 4594 835 4645 mine
859 4590 1033 4660 gentis
1056 4589 1249 4641 dicitur
1269 4583 1499 4646 Anicius;
1541 4580 1682 4649 quod
1709 4593 1774 4632 ex
1804 4575 1871 4647 (Ῑ)
1904 4571 2271 4643 antiquissima

697 4680 1129 4746 nobilissimaque
1164 4676 1465 4728 Aniciorum
1496 4678 1654 4739 gente
1682 4678 1824 4722 esset
1853 4674 2161 4735 prognatus.
2186 4661 2273 4717 Sic

2283 1916 2329 1975 B
2356 1912 2463 1979 lim,
2482 1925 2703 1980 quarum
2724 1913 2963 1973 afteram,
2988 1909 3235 1962 nimirum
3259 1908 3567 1961 Manliorum
3590 1923 3681 1977 per
3702 1915 3930 1975 patrem,

2354 2009 2576 2061 alteram
2606 2004 2853 2058 videlicct
2879 2003 3254 2057 Severinorum
3287 2017 3379 2068 per
3411 2010 3632 2055 matrem
3663 2001 3927 2070 attigerit:

2354 2098 2465 2150 sive
2491 2095 2679 2150 eadem
2708 2094 2865 2148 fuerit
2906 2093 3104 2147 familia
3132 2093 3451 2160 cognomine
3477 2094 3644 2146 altero
3672 2091 3810 2145 dicta
3836 2091 3932 2146 Se-

2354 2188 2683 2252 verinorum,
2711 2194 2929 2253 pr0pter
2959 2184 3101 2236 illam
3129 2184 3489 2248 severitatem,
3527 2198 3629 2250 qua
3672 2183 3736 2235 T.
3788 2182 3933 2236 Man-

2356 2280 2477 2342 lius,
2505 2279 2596 2348 qui
2622 2278 2689 2331 ob
2716 2278 3009 2331 detractum
3034 2276 3305 2329 Gallorum
3344 2276 3466 2328 duci
3495 2292 3523 2328 a
3553 2290 3610 2328 se
3632 2276 3811 2329 occiso
3831 2287 3934 2329 tor-

2355 2388 2526 2441 quent,
2554 2369 2678 2423 inde
2703 2369 2947 2437 Torquati
2968 2381 3262 2437 cognomen
3287 2367 3339 2419 in
3367 2366 3619 2419 familiam
3645 2366 3844 2430 intulit,
3873 2365 3932 2418 ﬁ-

2359 2463 2485 2516 lium
2520 2461 2596 2532 (g)
2624 2458 2799 2513 securi
2829 2458 2959 2512 caedi
2986 2458 3163 2526 jussit,
3190 2458 3328 2526 quod
3347 2468 3530 2510 contra
3555 2457 3806 2523 edictum,
3838 2455 3935 2509 du-

2359 2563 2564 2607 ctorem
2594 2550 3015 2605 Tusculanorum
3046 2549 3296 2618 singulari
3327 2547 3617 2602 certamine
3644 2560 3936 2615 provocan-

2362 2656 2464 2700 tem
2493 2644 2839 2699 interfecerit.
2870 2641 2959 2695 Sic
3005 2642 3218 2709 proprio
3245 2640 3458 2694 nomine
3484 2639 3677 2692 dicitur
3702 2636 3933 2701 Boetius,

2358 2738 2469 2791 sive
2486 2746 2542 2789 ut
2562 2734 2872 2804 quibusdam
2887 2733 3138 2789 scribitur
3156 2732 3423 2796 Boethius,
3442 2739 3531 2783 aut
3546 2730 3667 2783 aliis
3686 2728 3930 2792 Boethus,

2359 2830 2426 2882 ah
2466 2829 2700 2891 auxilio,
2746 2825 2886 2893 quod
2924 2824 3153 2892 primus,
3194 2821 3278 2877 cui
3324 2822 3459 2875 istud
3498 2834 3807 2889 pm-nomen
3838 2820 3938 2873 fuit

2359 2917 2689 2986 impositum,
2717 2916 2835 2968 tulit
2864 2931 2877 2967 ε
2912 2916 3089 2988 βοηθὸς
3120 2912 3313 2980 quippe
3353 2912 3555 2964 Graecis
3587 2918 3667 2962 est
3695 2909 3930 2979 adjutor:

2362 3018 2642 3079 propterea
2666 3008 2847 3075 plures
2867 3006 3016 3066 olim,
3047 3014 3104 3057 ut
3136 3002 3275 3071 apud
3305 3000 3382 3069 (Ii)
3410 3000 3694 3061 Laertiom,
3727 2998 3939 3050 Plutar-

2362 3105 2520 3157 chum
2542 3102 2637 3171 (ί),
2660 3102 2831 3168 ipsum
2858 3110 3095 3150 nostrum
3121 3095 3466 3166 (j)auctorem
3488 3093 3587 3143 hoc
3611 3090 3939 3157 prmuomino

2362 3196 2541 3250 donati
2570 3200 2714 3247 sunt.

3116 3277 3199 3332 Ill.

2426 3397 2559 3451 Cum
2588 3409 2714 3449 vero
2740 3406 2920 3448 noster
2958 3391 3170 3445 Boetius
3209 3390 3282 3459 (Ις)
3314 3388 3588 3442 duodecim
3630 3386 3816 3441 saltent
3847 3400 3941 3438 an-

2353 3491 2436 3544 nis
2466 3499 2618 3542 natus
2644 3487 2910 3541 amisisset
2930 3493 3155 3552 patrem,
3189 3483 3274 3536 hic
3303 3481 3346 3552 (ι
3357 3482 3373 3551 )
3411 3480 3702 3535 amicorum
3727 3481 3942 3547 pronio—

2353 3593 2686 3649 quorutnque
2711 3576 2853 3629 curis
2887 3574 3223 3637 commissus,
3258 3571 3443 3625 Roma:
3468 3572 3723 3640 primunt,
3760 3581 3941 3636 postea

2359 3670 2454 3742 (nt)
2490 3668 2715 3723 Athenis
2736 3666 2969 3720 studuit:
2995 3666 3081 3719 ubi
3110 3665 3161 3718 in
3188 3663 3551 3733 grammatica,
3587 3661 3940 3730 philosOphia,

2358 3760 2853 3828 mathematicisque
2876 3757 3169 3823 disciplinis
3201 3765 3404 3809 tantum
3444 3753 3686 3822 profecit,
3713 3759 3768 3805 ut
3795 3752 3943 3819 plura

2360 3868 2463 3907 non
2493 3851 2665 3906 solum
2709 3848 2967 3911 Euclidis,
3016 3846 3350 3909 Nicomachi,
3397 3844 3732 3914 Pythagortc,
3762 3841 3945 3895 Ptole-

2361 3942 2482 3997 mtei
2533 3951 2591 3996 et
2621 3939 2983 4006 Archimedis,
3028 3953 3213 3992 verum
3239 3936 3399 3991 etiam
3440 3933 3605 4003 ipsius
3643 3931 3947 3987 Aristotelis

2363 4034 2444 4104 (η)
2473 4031 2658 4087 Graeca
2694 4044 2857 4100 opera
2885 4028 3074 4082 Latine
3111 4026 3426 4088 reddiderit,
3469 4025 3675 4093 reliqua
3697 4020 3940 4089 ejusdem

2365 4124 2665 4196 philosophi
2687 4137 2848 4191 opera
2877 4121 3125 4175 similiter
3151 4118 3479 4184 redditurus,
3511 4116 3795 4184 ipsumque
3822 4128 3945 4166 cum

2366 4216 2617 4285 magistro
2643 4227 2742 4268 suo
2770 4212 2990 4265 Platone
3025 4208 3431 4271 conciliaturus,
3463 4210 3506 4259 si
3551 4205 3654 4258 fata
3684 4205 3951 4257 tulissent.

2437 4307 2620 4376 Neque
2660 4320 2789 4359 vero
2843 4303 2924 4357 vir
2973 4301 3062 4357 ille
3113 4300 3456 4355 doctissimus
3512 4297 3562 4349 in
3617 4292 3955 4362 exponendis

2371 4397 2531 4451 modo
2556 4407 2834 4452 auctorum
2854 4393 3107 4462 operibus
3132 4400 3373 4444 versatus
3405 4386 3631 4456 cst,~scd
3660 4386 3810 4451 plura
3841 4384 3958 4451 ipse

2373 4490 2712 4558 excogitavit,
2768 4486 3174 4553 excogitataque
3228 4482 3294 4535 ad
3328 4480 3535 4535 felicem
3589 4476 3789 4529 exitum
3835 4488 3958 4541 per-

2375 4580 2543 4636 duxit.
2575 4578 2753 4634 Testis
2783 4585 2871 4631 ειι
2911 4573 3224 4629 admirabile
3254 4573 3301 4624 h:
3325 4587 3353 4627 c
3376 4567 3725 4640 philosophiae
3752 4563 3961 4619 Conso-

2378 4672 2592 4727 lationis
2614 4685 2745 4738 opus
2771 4685 2784 4719 :
2820 4667 2906 4720 ubi
2929 4666 3243 4719 Ciceronem
3266 4662 3334 4716 de
3363 4661 3658 4714 animorum
3686 4656 3962 4709 immorta-

698 4723 1127 4746 ..υ-...υυηηωνπ
1496 4723 1554 4739 us
1854 4723 1868 4735 ,
1949 4723 1979 4734 ν

698 4772 912 4826 nomine
959 4768 1171 4822 familiae
1200 4766 1398 4820 dicitur
1446 4761 1676 4816 Manlius
1722 4760 2018 4822 Severinus,
2056 4755 2178 4826 quia
2208 4770 2274 4809 ex
2302 4723 2331 4783 Ῑ

2302 4723 2356 4783 D
2380 4723 2683 4831 quo
2714 4758 2891 4813 lilicd
2913 4757 3180 4811 siderium
3206 4755 3426 4814 levaret,
3447 4750 3811 4817 disputantem
3842 4744 3964 4797 imi-

698 4864 909 4919 Manliis
933 4861 1205 4918 Severinis
1233 4867 1380 4913 ortus
1399 4864 1516 4910 erat
1543 4873 1556 4909 :
1591 4855 1705 4909 sive
1732 4852 1927 4907 fuerint
1974 4850 2092 4904 dua:
2122 4848 2277 4903 fami-

774 5001 848 5071 (a)
880 5000 1149 5071 Cnosolat.
1193 4998 1391 5051 Philus.
1418 4997 1455 5049 l.
1487 5012 1525 5060 ι,
1552 5012 1605 5063 p.
1637 4994 1669 5047 5
1695 5011 1707 5046 :
1738 4992 1867 5045 Tum
1891 4992 2108 5046 civitatis
2137 4993 2278 5045 anti-

704 5072 996 5141 quissimam
1018 5070 1194 5135 legem.

777 5140 849 5211 (ὁ)
871 5130 1216 5211 Cassiodorus
1243 5137 1301 5211 in
1317 5135 1582 5211 Chronico
1613 5134 1678 5189 ad
1702 5133 2036 5186 consulatum
2066 5130 2203 5185 Aetii
2226 5138 2280 5185 et

706 5206 876 5267 Studii
901 5224 1041 5261 anno
1060 5209 1256 5259 Christi
1278 5206 1402 5261 454.

748 5279 854 5405 1ςε)
895 5279 984 5334 Sic
1029 5277 1388 5332 inscribuntur
1435 5275 1554 5329 libri
1605 5272 1995 5329 Consolationis
2042 5270 2285 5325 Philoso-

766 5366 870 5404 nae.

710 5366 870 5422 pune.

781 5421 860 5490 (ά)
888 5419 1132 5474 Valerius
1155 5416 1412 5471 Maximus
1426 5417 1541 5470 sive
1569 5416 1770 5469 Probus
1793 5412 1972 5467 libello
1994 5411 2060 5465 de
2079 5424 2288 5479 praeno-

711 5507 876 5548 mine.

788 5562 856 5632 (e)
886 5560 953 5615 Ut
982 5558 1200 5632 Flavius
1244 5555 1633 5632 Vespasianus,
1683 5566 1737 5608 et
1792 5552 2008 5606 Flavius
2060 5549 2290 5605 Sabinus

714 5629 926 5693 fratres,
957 5630 1091 5696 apud
1124 5629 1457 5685 Suetonium.

788 5702 855 5770 (Γ)
894 5691 951 5755 S.
984 5691 1199 5752 Περι-οη,
1226 5712 1312 5764 ep.
1346 5697 1409 5749 ad
1442 5693 1828 5770 Demetriadem
1860 5708 1873 5744 ε
1906 5691 2133 5744 lllttstris
2154 5705 2292 5769 ,δαη-

719 5759 886 5839 griinis
932 5786 1107 5836 genus,
1132 5770 1181 5839 in
1212 5759 1310 5832 quo
1340 5776 1427 5820 aut
1455 5767 1622 5819 nullus
1648 5772 1733 5815 aut
1778 5779 1923 5814 rarus
1976 5771 2049 5814 est
2077 5759 2164 5829 qui
2194 5774 2293 5811 non

723 5849 957 5894 meruerit
978 5838 1315 5890 consulatum.

2384 4866 2545 4922 tatus,
2572 4855 2623 4907 in
2655 4853 2758 4906 hoc
2783 4849 3095 4905 Ciceronem
3122 4845 3409 4916 superavit,
3442 4842 3607 4911 quod,
3636 4854 3755 4895 cum
3778 4837 3965 4891 Cicero

2458 4990 2532 5059 (g)
2568 4988 2757 5059 Virgil.
2795 5000 2847 5038 Vl
2888 4982 3166 5045 Eneidos,
3202 4994 3255 5031 v.
3285 4975 3389 5033 εξι
3420 4993 3433 5026 :
3480 4974 3779 5042 Samonque
3803 4970 3966 5024 securi

2386 5058 2569 5129 Aspice
2597 5058 2935 5129 Torquatum.

2456 5122 2537 5197 Ut)
2580 5129 2636 5180 In
2666 5122 2787 5179 Vita
2829 5122 3079 5197 Zenonis.

2459 5192 2528 5271 (ἢ
2579 5197 2635 5271 l_n
2675 5192 3057 5271 Symposiacis.

2459 5260 2528 5339 (ᾗ)
2578 5260 2874 5339 Comment.
2912 5262 2972 5339 i_n_
2998 5260 3256 5329 Porphyr.

2466 5318 2540 5407 Ψ)
2588 5318 2801 5403 Elapso,
2860 5332 3068 5407 scilicet
3102 5318 3258 5407 'ait'no
3304 5325 3501 5381 Christi
3528 5323 3666 5383 487;
3711 5318 3973 5388 siquidem

2393 5399 2905 5477 ejus'pater'consul
2930 5400 3038 5477 fuit.
3059 5401 3158 5453 hoc
3184 5399 3301 5477 ipnso
3326 5414 3488 5477 anno.

2465 5461 3062 5547 (l)'Consol.pliilos._l.
3116 5461 3367 5531 Πλῆθος.
3412 5470 3489 5520 5:
3530 5461 3833 5547 .Besolatunt
3876 5474 3969 5526 pa-

2391 5536 2529 5601 rente
2551 5536 2861 5598 summorum
2891 5548 2936 5590 te
2962 5540 3183 5590 virorum
3204 5554 3325 5589 cura
3346 5536 3584 5601 susrepit.

2468 5616 2563 5681 (m)
2602 5610 2913 5681 Cassiodor._
2954 5609 2990 5660 Ι.
3032 5623 3054 5681 ἰ
3109 5607 3256 5681 Var._,
3310 5621 3395 5673 ep.
3436 5598 3548 5659 45:
3594 5598 3979 5654 Atheniensium

2395 5676 2595 5738 scholas
2630 5685 2776 5747 longe
2803 5679 2999 5747 positus
3025 5676 3265 5747 introisti.

2472 5755 2549 5821 (n)
2592 5753 2647 5805 S.
2683 5737 2979 5821 A'ntooinus
3007 5747 3179 5801 citans
3199 5743 3556 5813 Sigebertum,
3582 5741 3616 5795 2
3649 5747 3784 5811 part.
3816 5737 3948 5792 Ili~t.
3968 5774 3979 5805 ,

2403 5817 2488 5878 tit.
2521 5826 2609 5891 il,
2632 5834 2749 5888 cap.
2780 5817 2865 5871 15.
