4254 6250
320 338 424 395 557

315 558 441 598 nem
472 543 544 596 ita
575 540 880 610 permiscet,
934 550 991 596 ut
1042 542 1299 611 quidquid
1348 543 1686 609 eruditionis,
1736 552 1829 598 aut
1877 560 1907 599 a

315 633 685 705 grammatica,
726 640 817 685 aut
843 647 871 684 a
912 633 1177 687 rhetorica
1208 636 1507 703 exspectari
1554 644 1749 701 pote5t,
1780 636 1907 689 illud

316 726 518 781 ibidem
545 726 737 779 mirum
775 725 829 778 in
859 723 1077 778 modum
1124 726 1353 779 eluceat.
1404 727 1576 780 Testis
1620 727 1709 780 illa
1741 727 1909 783 Boetii

316 819 537 890 Logica,
567 818 657 872 ubi
677 826 872 887 praeter
891 818 1137 886 antiquas
1167 818 1467 889 Porphyrii,
1500 818 1908 888 Aristotelisque

316 910 625 979 opiniones,
665 924 816 962 suam
860 909 973 977 ipse
1012 909 1293 977 proposuit
1330 910 1397 963 de
1430 908 1730 980 Categoriis,
1781 911 1911 963 divi-

317 1002 483 1065 sione,
516 1001 812 1066 deﬁnitione
866 1010 920 1053 et
942 999 1251 1069 syllogismis
1290 1001 1610 1067 doctrinam,
1637 1018 1740 1072 qua
1774 1003 1909 1056 ratio

319 1092 458 1146 bene
479 1091 777 1147 disserendi
814 1092 1101 1160 plurimum
1130 1093 1433 1159 promoveri
1480 1102 1679 1162 potest.
1730 1098 1909 1150 'l‘estis

304 1199 457 1254 xopus
488 1184 615 1237 illud
647 1183 699 1237 in
744 1192 948 1251 septem
981 1193 1161 1252 partes
1192 1184 1562 1249 distributum,
1608 1185 1753 1252 quod
1782 1200 1907 1253 pro-

322 1286 532 1344 pterea,
564 1273 823 1328 Varronis
850 1276 1122 1344 exemplo,
1174 1275 1527 1329 Hebdomades
1574 1277 1907 1344 inscribitur,

321 1366 378 1419 in
402 1379 531 1434 quo,
553 1365 728 1434 quoad
776 1375 1046 1434 superest,
1081 1365 1582 1420 mathematicorum
1614 1382 1764 1421 more
1791 1382 1912 1436 pro-

323 1456 514 1525 positis
542 1455 863 1524 quibusdam
910 1456 1083 1509 elfatis
1109 1497 1122 1519 ,
1167 1456 1335 1509 multa
1366 1456 1525 1511 docet
1576 1457 1645 1511 de
1673 1472 1739 1512 eo
1769 1456 1911 1525 quod

322 1549 513 1600 bonum
562 1555 663 1610 est,
716 1554 771 1599 et
819 1562 999 1599 unum.
1049 1546 1237 1601 Testes
1285 1546 1406 1599 libri
1437 1548 1670 1617 quinque
1699 1548 1767 1602 de
1800 1549 1915 1602 Mu-

321 1639 457 1702 sica,
489 1637 642 1706 cujus
692 1638 763 1691 ita
793 1640 995 1705 peritus
1049 1637 1165 1701 fuit,
1191 1648 1255 1692 ut
1296 1638 1642 1692 instrumenti
1693 1640 1908 1708 musici,

324 1730 485 1798 vulgo
515 1729 589 1798 (a)
622 1730 854 1781 chiteriui
903 1729 1145 1783 inventor
1174 1729 1452 1784 habeatur.
1508 1730 1686 1783 Testis
1731 1730 1913 1798 singuo

325 1819 441 1875 lare
490 1819 618 1873 illud
661 1820 734 1888 (b)
780 1819 1017 1873 externis
1069 1820 1229 1872 etiam
1258 1821 1470 1888 regibus
1500 1828 1681 1874 notum
1710 1821 1912 1888 expeti-
1947 1819 1992 1876 Β

328 1922 549 1979 tumque
578 1911 848 1965 inventum
868 1910 1092 1965 duorum
1122 1912 1556 1979 horologiorum;
1590 1928 1817 1980 quorum
1838 1914 1916 1966 al-

329 2009 503 2056 terum
539 2000 610 2071 (c)
635 2001 781 2070 aquis
809 2001 901 2054 sub
947 2002 1154 2055 modulo
1203 2004 1477 2070 ﬂuentibus
1508 2002 1918 2071 temperabatur;

327 2093 556 2146 alterum
598 2093 722 2147 solis
765 2093 996 2146 immensi
1033 2095 1397 2163 comprehensa
1427 2093 1812 2149 illuntinatione
1840 2094 1919 2147 di-

335 2184 715 2254 stinguebetur.

402 2274 539 2339 Quin
571 2275 730 2345 etiam
778 2274 996 2327 Boetius
1026 2273 1092 2327 de
1125 2273 1393 2343 theologis
1424 2275 1624 2344 optime
1674 2274 1915 2340 meritus,

331 2368 548 2435 scripsit
597 2381 717 2421 cum
765 2368 829 2420 de
879 2368 1135 2434 mysterio
1175 2368 1527 2422 sant-tissimus
1566 2369 1830 2422 Trinitatis
1854 2370 1920 2423 ad

332 2461 735 2532 Symmachum,
765 2471 819 2515 et
847 2463 913 2516 ad
941 2461 1200 2517 Joannem
1245 2463 1494 2517 Ecclesiae
1521 2463 1775 2518 Romanae
1805 2466 1921 2517 dia-

333 2566 565 2616 conum;
603 2562 709 2605 tntn
757 2553 822 2606 de
869 2551 1254 2605 Incarnatione.
1298 2554 1369 2608 De
1404 2554 1480 2622 (d)
1526 2554 1773 2607 Trinitate
1801 2556 1920 2623 qni-

335 2640 480 2704 dem,
514 2658 581 2695 ne
612 2654 890 2708 suspectus
918 2643 1053 2697 foret
1074 2640 1416 2704 Christianis,
1439 2644 1579 2712 quod
1612 2658 1679 2699 ex
1709 2644 1917 2715 synodo

338 2743 520 2787 contra
563 2734 841 2787 luereticos
870 2743 1189 2803 congregata
1232 2750 1353 2790 sese
1382 2735 1748 2797 subduxisset,
1794 2737 1925 2791 veri-

337 2831 422 2876 tus
450 2838 516 2876 ne
541 2823 641 2876 sibi
669 2834 884 2891 propter
914 2839 1061 2877 suam
1094 2825 1456 2894 eloquentiam
1479 2842 1637 2880 causa
1672 2827 1923 2881 commit-

340 2925 542 2969 teretur
571 2916 775 2983 agenda
807 2936 819 2970 :
855 2917 918 2970 de
951 2916 1022 2985 (e)
1057 2915 1421 2972 Incarnatione
1448 2934 1598 2987 vero,
1632 2929 1687 2971 ut
1716 2921 1923 2972 extremi

341 3005 532 3070 sibique
561 3006 802 3057 contrarii
833 3004 1059 3059 Nestorii
1103 3017 1255 3075 atque
1293 3006 1536 3078 Eutychis
1566 3009 1923 3064 submoueren-

344 3105 425 3148 ῙἸΤ
449 3110 670 3149 errores.

1108 3190 1192 3242 IV.

422 3278 527 3333 Sed
571 3290 770 3347 quanto
810 3279 1015 3335 docior
1048 3281 1281 3345 Boetius,
1327 3291 1473 3336 tanto
1517 3283 1706 3351 majori
1758 3284 1935 3338 studio

345 3370 513 3423 coluit
543 3379 815 3433 th‘llllem,
858 3385 956 3425 suo
1001 3388 1124 3442 erga
1171 3375 1335 3429 Deum
1378 3384 1433 3428 ct
1477 3376 1720 3429 homines
1758 3377 1935 3433 ofﬁcio

346 3459 755 3527 diligentissime
784 3460 1014 3516 functus.
1058 3464 1253 3530 Quales
1293 3464 1492 3519 fuerint
1535 3466 1679 3520 illius
1713 3468 1767 3522 in
1796 3468 1936 3522 divi-

346 3564 471 3601 nam
513 3550 844 3617 majestatem
888 3553 1236 3621 cogitationes
1277 3556 1357 3609 vel
1398 3570 1464 3609 ex
1499 3558 1576 3610 eis
1616 3566 1780 3625 patet,
1818 3574 1939 3627 qua:

347 3641 646 3710 inspirante
693 3643 1030 3713 phil050ph’a
1090 3646 1141 3699 in
1198 3662 1362 3701 aureo
1412 3649 1501 3703 illo
1554 3648 1939 3718 philosophica:

348 3732 742 3787 Consolationis
772 3737 1026 3803 Opttsculo
1058 3736 1126 3807 (ί)
1177 3740 1401 3805 protulit
1431 3757 1443 3791 :
1488 3740 1618 3793 nihil
1647 3743 1788 3794 enim
1822 3750 1934 3795 tum

348 3824 551 3889 docuit,
585 3827 687 3880 nisi
713 3829 851 3895 quod
876 3828 989 3897 ipse
1018 3829 1093 3901 (g)
1122 3830 1330 3895 fecerit,
1371 3847 1467 3885 nec
1505 3840 1651 3887 tanta
1682 3832 1937 3891 facilitate

351 3924 478 3968 tunc
510 3926 767 3985 praastare
798 3920 988 3985 potuit.
1036 3920 1138 3973 nisi
1167 3920 1306 3988 quod
1338 3935 1369 3972 a
1396 3923 1595 3976 teneris
1624 3924 1779 3977 annis
1807 3940 1939 3979 con-

349 4005 553 4059 tinuata
588 4007 1112 4074 pietateexercueiit.
1144 4011 1213 4064 At
1237 4012 1524 4079 singularis
1566 4014 1940 4071 benevolentia

350 4095 522 4150 Boetii
553 4097 606 4150 iu
628 4114 815 4151 omnes
846 4099 1105 4164 homines,
1139 4101 1365 4155 miseros
1403 4106 1723 4174 prtesertim,
1745 4122 1815 4161 ex»
1840 4107 1941 4163 hoc

351 4189 507 4242 etiam
536 4197 618 4242 est
644 4190 945 4257 manifesta,
976 4191 1115 4260 quod
1146 4208 1264 4248 cum
1298 4192 1375 4263 (h)
1401 4194 1601 4265 ingenti
1621 4199 1807 4253 salutis
1832 4214 1944 4253 sua:

351 4281 593 4350 periculo
623 4292 865 4336 senatum
898 4284 1228 4353 populosque
1257 4300 1444 4341 omnes
1474 4303 1593 4342 cum
1622 4290 1942 4358 gravissima

352 4371 620 4438 oratione,
668 4383 779 4427 tum
837 4375 997 4428 etiam
1050 4376 1256 4445 objecta
1319 4378 1570 4445 periculis
1628 4385 1945 4436 auctoritate

354 4466 648 4532 protexerit
677 4482 692 4519 :
718 4467 964 4536 quodque
990 4467 1049 4539 (i)
1084 4470 1247 4531 luerit
1292 4470 1343 4524 in
1391 4486 1651 4540 pauperes
1679 4472 1939 4528 liberalis.

434 4648 509 4716 (α)
552 4648 606 4699 ln
640 4649 900 4715 supplem.
932 4649 1186 4703 Chronic.

427 4718 503 4785 υ»)
544 4718 847 4789 Cassiodor.
879 4720 956 4772 1.ι
986 4719 1137 4783 Van,
1164 4736 1249 4789 ep.
1282 4720 1370 4774 d5.

425 4789 500 4859 (r)
542 4786 700 4859 l‘bid.‘
748 4858 751 4859 ν
912 4854 916 4859 _

432 4857 511 4924 (ά)
556 4857 1036 4926 Magdehnrgenses
1066 4860 1303 4913 centuria
1331 4860 1382 4925 6,
1412 4875 1462 4914 c.
1502 4863 1590 4923 1υ,
1622 4867 1677 4913 et
1697 4869 1820 4915 ante
1844 4859 1942 4913 hos

358 4925 413 4977 S.
450 4927 807 5006 A-ntoninusﬂ
837 4925 974 4998 part.
1010 4930 1169 4996 Hist.,
1202 4931 1281 4983 tit.
1313 4930 1402 4996 11,
1432 4945 1547 5001 cap.
1596 4930 1682 4996 15,
1713 4946 1777 4984 ex
1809 4930 1941 4984 Vin-

356 5008 558 5047 centtn.

435 5070 507 5131 (e)
548 5065 639 5120 Sic
677 5065 909 5137 loquitur
953 5069 1069 5137 ipse
1099 5071 1316 5124 Boetius
1365 5070 1403 5122 l.
1452 5069 1521 5126 de
1552 5069 1720 5126 Duab.
1753 5069 1943 5126 Natur.

357 5146 411 5189 et
447 5151 550 5188 una
579 5152 801 5202 persona
831 5136 1053 5192 Christi.

429 5206 500 5274 (ί)
544 5207 845 5259 Ρττεεετιὶηι
878 5211 943 5261 ah
977 5209 1124 5263 initio
1152 5210 1274 5264 libri
1307 5209 1480 5264 tertii.

359 5276 830 5399 BulglzoEnnodins
874 5279 1109 5348 episcOp.
1155 5280 1478 5345 Ticinensis,
1541 5282 1581 5335 l.
1603 5297 1699 5349 vn,
1734 5296 1820 5352 ep.
1852 5282 1942 5347 15,

409 5358 571 5399 υθιιο.

438 5414 519 5483 (h)
559 5415 775 5471 Consol.
804 5417 944 5472 Phil.
977 5419 1013 5472 l.
1049 5434 1094 5488 t,
1125 5436 1270 5489 pros.
1300 5420 1336 5473 4
1362 5440 1375 5476 :
1408 5419 1541 5475 Inde
1562 5438 1675 5475 cum
1705 5419 1945 5493 improbis

360 5501 571 5555 graves,
595 5500 699 5538 etc.

436 5553 500 5624 (ὅ)
529 5556 1090 5631 Alagtlehurgensesex
1110 5560 1369 5631 Procopio
1396 5565 1467 5618 1.ι
1491 5562 1559 5618 dc
1588 5561 1731 5617 Bello
1748 5560 1937 5627 60th.,

360 5633 470 5678 etc.
495 5663 511 5686 ,
541 5636 682 5677 cent.
716 5626 771 5691 6,
803 5642 850 5680 c.
881 5630 968 5681 10.

435 5695 506 5762 (i)
542 5696 772 5773 Consul.
817 5697 1008 5765 philos.
1042 5699 1133 5756 lib.
1192 5716 1262 5769 it,
1312 5717 1457 5773 pros.
1487 5704 1565 5757 5:
1618 5702 1743 5757 Cum
1804 5710 1943 5755 tanto

362 5766 640 5832 splendore
665 5782 973 5823 socerorum.

1970 4657 2026 4718 D

882 338 944 392 IN
983 337 1225 395 LIBROS
1267 338 1356 393 DE
1409 338 1932 396 CONSOLATIONE
1971 334 2447 394 PHILOSOPHUS
2487 332 3024 391 PROLEGOMENA.
3485 336 3589 390 558
3678 370 3683 379 ~

317 452 561 507 carmine
604 459 730 506 tunc
759 466 862 505 non
892 461 1089 516 utatur,
1142 452 1360 506 Boetius
1385 462 1669 521 utramque
1705 453 1903 507 oratio-
1937 454 1991 514 Α
2780 448 2819 502 V
3224 444 3233 447 ’

2082 542 2254 607 Atque
2287 547 2504 607 propter
2534 537 2633 607 bas
2659 538 2948 608 praeclaras
2978 538 3142 593 animi
3180 544 3332 593 dotes
3364 539 3590 599 factum,

2008 642 2068 686 ut
2111 632 2301 687 Festus
2341 631 2412 701 (j)
2442 641 2661 685 senatus
2706 631 2951 700 princeps
3001 631 3161 684 tiliam
3194 646 3343 685 suam
3394 630 3595 699 llelpen

2008 723 2206 780 Siciliae
2256 725 2524 777 alumnam
2568 724 2753 778 Boetio
2784 724 3049 794 propriam
3078 724 3355 790 dicaverit,
3388 723 3597 777 stabili-

2009 834 2114 887 que
2151 818 2389 886 junxerit
2439 818 2727 871 connubio.
2787 815 2866 869 Ea
2916 827 3085 870 autem
3137 817 3359 887 Ilelpes,
3422 816 3602 885 inquit

2010 911 2253 966 Vallintis
2275 910 2372 983 (lt),
2404 911 2603 964 dotibus
2632 911 2790 963 animi
2818 910 2965 980 longe
3016 911 3244 980 corporis
3278 910 3602 978 fortunaque

2011 1002 2140 1054 bona
2169 1002 2431 1067 superavit
2464 1015 2481 1051 :
2512 1000 2714 1068 scripsit
2743 1000 2876 1051 enim
2925 1014 3095 1051 versus
3126 998 3561 1051 emendatissimos
3583 1035 3599 1059 ,

2012 1092 2349 1157 scribentique
2378 1090 2561 1142 marito
2589 1090 2921 1143 suavissimus
2962 1091 3145 1157 genius
3184 1088 3403 1141 adsedit.
3453 1087 3601 1139 Desi-

2013 1182 2205 1236 deravit
2235 1192 2404 1235 autem
2448 1198 2510 1235 ex
2534 1197 2593 1234 ea
2623 1182 2804 1234 liberos
2836 1196 2855 1235 .'
2901 1196 3204 1251 quanquam
3254 1180 3495 1234 nonnulli
3523 1179 3605 1233 di-

2013 1282 2157 1336 cant,
2189 1272 2431 1327 Boetium
2475 1287 2539 1326 cx
2573 1287 2633 1325 ea
2681 1273 2815 1325 duos
2858 1270 2993 1325 ﬁlios
3024 1271 3299 1325 l’atiitium
3345 1279 3397 1324 et
3428 1268 3604 1339 llypa-

2013 1363 2145 1417 tium
2188 1364 2506 1431 suscepisse.
2554 1361 2769 1415 Addunt
2808 1363 3052 1415 eumdem
3099 1362 3341 1415 Boetium
3372 1370 3603 1414 amatam

2016 1453 2153 1507 hanc
2193 1469 2341 1507 suam
2374 1468 2598 1507 uxorem
2632 1453 2734 1506 hoc
2766 1452 2953 1505 ultimo
2990 1453 3227 1506 carmine
3266 1460 3602 1522 prosecutum

2016 1545 2181 1600 fuisse
2211 1564 2224 1599 :

2202 1633 2388 1700 Helpes
2409 1634 2533 1683 dicta
2560 1633 2644 1700 fui,
2669 1634 2845 1700 Sicula:
2869 1636 3088 1700 regionis
3112 1634 3321 1700 alumna,

2263 1699 2413 1753 Quam
2442 1710 2510 1756 pri
2531 1696 2607 1741 cnl
2632 1708 2657 1741 a
2683 1702 2777 1753 pati
2794 1698 2836 1741 ia
2862 1694 3078 1753 conjugis
3101 1697 3205 1749 egit
3226 1706 3359 1756 altior
3383 1708 3395 1742 :

2201 1758 2305 1814 Quo
2329 1755 2625 1804 sinc'mmsta
2647 1755 2774 1811 dies,
2800 1768 2893 1801 nox
2922 1769 3082 1809 anxm,
3109 1755 3286 1803 llebilis
3310 1755 3446 1815 hora,

2267 1818 2368 1864 Nec
2385 1817 2539 1865 solum
2560 1828 2689 1869 circ,
2716 1817 2804 1864 sed
2829 1818 3027 1877 Spiritus
3051 1829 3177 1863 unus
3198 1824 3321 1863 erat.

2205 1878 2306 1927 Lux
2330 1892 2438 1926 mea
2462 1892 2553 1925 uon
2577 1878 2735 1924 clausa
2761 1885 2852 1936 est,
2877 1879 2958 1924 tali
2984 1885 3271 1925 remanente
3298 1878 3485 1937 marito,

2269 1940 2538 2000 Majorique
2563 1940 2734 1985 anima:
2760 1945 2899 1998 parte
2925 1948 3177 1997 superstes
3200 1950 3302 1985 ero.

2206 2001 2477 2048 Porticihns
2493 2001 2643 2047 sacris
2662 2001 2757 2058 jam
2782 2013 2910 2046 nunc
2935 2000 3200 2059 peregrina
3218 1999 3418 2059 quiesco

2267 2062 2450 2109 Jttdicis
2474 2061 2644 2108 aeterni
2666 2060 2917 2107 testillcata
2946 2062 3188 2108 thronum.

2206 2122 2279 2170 Ne
2300 2136 2392 2179 qua
2416 2134 2584 2169 manus
2609 2122 2797 2169 bustum
2824 2122 2990 2179 violet,
3016 2123 3108 2169 nisi
3130 2121 3255 2169 forte
3275 2120 3452 2179 jngalis

2269 2182 2387 2231 Haec
2412 2183 2587 2230 iterum
2609 2185 2769 2240 cupiat
2787 2183 2999 2241 jungere
3021 2182 3239 2229 meinhra
3260 2188 3361 2229 suis
3376 2221 3389 2240 ,

2209 2244 2272 2293 L't
2299 2244 2488 2290 thalami
2508 2242 2779 2302 tumulique
2800 2256 2966 2291 comes
2986 2255 3078 2291 nec
3101 2250 3256 2291 morte
3283 2242 3512 2303 retellar,

2274 2305 2333 2352 Et.
2355 2308 2511 2352 socios
2535 2306 2643 2352 vitae
2667 2312 2832 2352 nectat
2856 2311 3067 2365 uterque
3091 2306 3233 2351 cinis.

2023 2387 2127 2442 Sel
2162 2387 2275 2440 haec
2298 2396 2571 2440 venustam
2606 2386 2774 2440 Boetii
2808 2388 3011 2455 poesim
3044 2403 3149 2440 non
3181 2386 3426 2441 redolent
3455 2402 3469 2438 :
3510 2386 3611 2440 sal-

2027 2488 2134 2531 tem
2168 2477 2453 2530 maximam
2494 2486 2720 2540 partem.

2095 2569 2320 2636 PrOpter
2339 2568 2524 2622 eadem
2558 2566 2817 2621 doctrinae
2842 2568 3158 2636 virtutisque
3190 2577 3504 2623 omamenta
3546 2565 3614 2637 (ι)

2027 2658 2401 2728 Symmachus,
2435 2659 2682 2727 princeps
2705 2673 2915 2726 quoque
2937 2668 3178 2723 senatus,
3212 2658 3462 2713 defuncta
3491 2659 3617 2714 Hel-
3706 2698 3723 2705 -

2026 2765 2129 2818 pe,
2172 2748 2534 2802 Rusticianam
2586 2749 2748 2801 tiliam
2804 2764 2954 2801 suam
3009 2749 3181 2802 eidem
3233 2751 3420 2805 Boetio
3469 2752 3619 2809 dedit

2028 2853 2271 2903 uxorem,
2305 2854 2371 2892 ex
2394 2853 2520 2907 qua,
2544 2837 2685 2892 inter
2709 2837 2845 2892 alios
2873 2838 3092 2903 liberos,
3120 2840 3256 2894 duos
3295 2842 3533 2911 suscepit
3556 2843 3619 2896 ll-

2028 2931 2148 2991 lios,
2192 2945 2419 2999 quorum
2464 2930 2599 2982 alter
2636 2929 2779 2983 avito
2809 2933 3024 2983 nomine
3063 2930 3439 3000 Symmachus,
3481 2933 3618 2988 alter

2031 3033 2254 3089 paterno
2276 3020 2490 3073 Boetius
2517 3018 2692 3072 dictus
2721 3018 2819 3072 fuit
2844 3036 2856 3084 ;
2889 3019 3086 3087 quique
3114 3020 3287 3075 adhuc
3330 3022 3479 3090 pueri
3520 3022 3614 3094 (m)

2033 3111 2280 3166 consules
2312 3110 2433 3163 lacti
2472 3120 2638 3164 sunt:
2678 3111 2801 3164 ideo
2846 3112 2986 3164 enim
3035 3111 3091 3164 hi
3134 3112 3227 3165 lilii
3273 3128 3302 3165 a
3342 3127 3440 3166 suo
3468 3124 3618 3182 patre

1957 3179 2006 3240 Ο
2036 3203 2286 3257 dicuntur
2309 3200 2384 3271 (η)
2410 3202 2501 3254 viri
2518 3202 2826 3270 consulares,
2850 3218 3065 3270 quorum
3078 3204 3191 3273 jam
3214 3214 3265 3256 ut
3295 3205 3347 3256 in
3374 3205 3427 3255 id
3455 3179 3619 3258 (etatis

2038 3294 2208 3364 pueris
2237 3294 2312 3346 vel
2339 3293 2539 3362 paterni
2566 3292 2642 3347 vel
2670 3294 2790 3345 aviti
2816 3293 3067 3363 specimen
3096 3295 3256 3347 elucet
3283 3296 3499 3364 ingenii.
3616 3278 3653 3319 ⁷

2789 3386 2878 3441 Vl.

2110 3481 2182 3534 At
2206 3495 2332 3533 vero
2362 3479 2619 3548 singulari
2642 3493 2765 3532 cum
2796 3477 3075 3544 doctrinae,
3108 3486 3217 3532 tum
3248 3479 3407 3533 etiam
3439 3480 3620 3536 virtuti

2042 3568 2211 3623 Boetii
2244 3569 2431 3623 referri
2458 3568 2617 3623 debet
2644 3577 2945 3636 acceptum,
2977 3569 3115 3635 quod
3145 3568 3233 3622 ille
3266 3570 3350 3622 Vel
3390 3572 3457 3623 ab
3486 3570 3621 3625 ado-

2042 3661 2297 3715 lescentia
2324 3661 2547 3715 summis
2567 3661 2913 3731 dignitatibus
2935 3671 3152 3715 ornatus
3180 3662 3360 3715 tuerit.
3386 3662 3621 3717 Primum

2042 3754 2257 3822 quidem
2292 3753 2467 3808 adhuc
2503 3754 2715 3822 juvenis
2748 3753 2824 3823 (o)
2866 3754 2918 3807 in
2962 3764 3167 3820 patrum
3208 3765 3623 3823 senatorumque

2044 3842 2232 3897 ordine
2259 3842 2487 3912 positus,
2521 3842 2772 3910 patricius
2802 3840 2919 3894 fuit.
2957 3841 3159 3896 Deinde
3188 3856 3329 3895 anno
3357 3858 3466 3895 sua;
3497 3851 3623 3899 tcta-

2046 3934 2115 3987 tis
2133 3933 2345 3988 circiter
2373 3934 2649 4003 trigesimo
2670 3933 2857 4001 quinto
2885 3931 2982 3985 fuit
3004 3932 3078 4003 (p)
3106 3933 3314 3987 consul.
3346 3932 3624 3987 Postremo

2046 4031 2203 4075 aetate
2236 4025 2535 4091 provectior
2583 4023 2834 4090 magister
2865 4023 2962 4075 ltiit
2990 4020 3063 4091 (q)
3108 4021 3405 4075 ciliciorum
3439 4041 3449 4075 :
3491 4037 3623 4090 quas

2046 4113 2259 4182 quidem
2300 4113 2583 4183 dignitates
2634 4121 2693 4166 ut
2741 4128 2844 4167 non
2892 4115 3146 4181 suscepit,
3173 4115 3251 4169 sic
3295 4130 3399 4167 non
3438 4117 3625 4183 gessit,

2048 4202 2150 4255 nisi
2196 4202 2267 4273 (r)
2316 4204 2587 4258 communi
2634 4201 2895 4258 bonorum
2944 4205 3181 4257 omnium
3233 4204 3454 4258 studio:
3504 4204 3627 4259 hinc

2050 4291 2246 4361 iniquis
2289 4294 2651 4363 improborum
2697 4294 2933 4347 omnium
2974 4295 3214 4348 consiliis
3254 4308 3373 4348 sese
3417 4310 3627 4363 semper

2049 4385 2299 4451 Opposuit
2331 4401 2344 4434 :
2380 4385 2502 4437 hinc
2533 4383 2606 4452 (δ)
2653 4383 2995 4452 Conigastum
3039 4392 3362 4442 exactorem.
3405 4386 3628 4437 misero-

2053 4490 2169 4529 rum
2199 4475 2393 4529 civium
2427 4475 2664 4529 lortunas
2693 4474 3052 4537 invadentem,
3092 4472 3290 4539 saepius
3331 4476 3624 4539 repressit:

2126 4652 2201 4722 Ut)
2244 4653 2299 4707 In
2330 4654 2443 4707 Vita
2499 4653 2689 4709 Boetii.
2731 4654 2926 4709 Eadem
2978 4653 3105 4707 dicit
3144 4651 3308 4706 Lilins
3339 4653 3628 4723 Gregorius

2047 4723 2310 4794 Gyraldns
2337 4724 2403 4777 de
2427 4726 2636 4778 Poetar.
2666 4726 2798 4779 Hist.
2825 4725 2951 4778 dial.
2983 4726 3035 4778 5.

2120 4793 2185 4861 (ι)
2223 4793 2438 4847 ConSoI.
2475 4796 2603 4862 phil.
2656 4798 2691 4849 l.
2734 4810 2773 4861 ι,
2820 4809 2963 4862 pro».
2996 4794 3028 4844 4
3063 4792 3260 4847 :Socer
3287 4793 3440 4846 etiam
3469 4794 3626 4863 Sym-

2048 4864 2258 4916 macltus
2288 4874 2510 4919 sanctus.

2121 4934 2216 5001 (in)
2257 4934 2415 4996 lhid.,
2464 4936 2553 4988 lib.
2594 4950 2654 4997 ιι,
2701 4950 2843 5001 prus.
2877 4935 2943 4988 5:
2982 4932 3125 4985 Duos
3165 4934 3356 5000 pariter
3398 4936 3628 4989 consules

2050 5001 2205 5075 libero
2271 5015 2383 5057 tuos
2425 5006 2575 5057 domo
2611 5004 2814 5071 provehi
2851 5008 2941 5058 sub
2969 5006 3254 5075 frequentia
3283 5016 3504 5073 patrum,
3536 5010 3628 5059 sub

2052 5071 2213 5141 plebis
2243 5075 2505 5128 alacritate
2528 5075 2719 5127 vidisti.

2127 5144 2209 5211 (η)
2248 5144 2402 5207 lhid.,
2436 5160 2578 5213 pros.
2614 5144 2664 5195 4.

2123 5216 2197 5279 (ο)
2238 5214 2463 5279 Consul.
2492 5216 2685 5283 philos.
2732 5214 2769 5266 l.
2811 5230 2865 5275 ll,
2901 5230 3040 5281 pros.
3078 5218 3110 5270 5
3144 5233 3156 5268 :
3203 5216 3457 5271 l’rtetereo
3495 5232 3632 5267 sum-

2054 5292 2166 5355 ptas
2195 5285 2615 5355 iniadolescentia
2646 5293 2854 5353 negatas
2885 5288 3084 5339 senibus
3118 5287 3411 5355 dignitates.
3695 5293 3704 5299 '

2126 5354 2203 5422 (p)
2250 5354 2523 5422 Ennodius
2555 5356 2590 5406 I.
2626 5370 2736 5416 \‘lll,
2769 5357 2923 5422 epist.
2953 5358 3004 5409 1.

2126 5421 2203 5490 (q)
2243 5421 2463 5478 Consul.
2504 5425 2699 5491 philos.
2744 5425 2778 5477 Ι.
2805 5420 2899 5490 in,
2942 5440 3081 5493 pros.
3110 5428 3141 5478 4
3174 5444 3183 5478 :
3215 5424 3343 5477 Cum
3387 5420 3631 5472 Decorato

2053 5507 2222 5563 gerere
2246 5496 2626 5563 magistratum.

2129 5512 2222 5544 "ere
2254 5512 2626 5547 mansti-arum.

2129 5562 2199 5629 (r)
2245 5512 2397 5625 lbidl.,
2431 5564 2523 5615 lib.
2555 5580 2590 5628 ι,
2624 5579 2767 5633 pros.
2802 5565 2834 5616 4
2869 5582 2880 5615 ;
2915 5562 3131 5615 Nullum
3164 5578 3241 5614 me
3268 5560 3335 5633 ad
3361 5560 3630 5633 magisfra-

2059 5641 2186 5695 tum,
2221 5632 2321 5683 nisi
2354 5629 2898 5688 commune-bonorum
2936 5633 3157 5686 omnium
3192 5632 3438 5696 studium,
3480 5629 3630 5682 detu-

2061 5703 2196 5755 lisse.

2130 5769 2203 5840 (δ)
2243 5769 2379 5826 Ibid.
