4292 6262
663 420 763 475 559

1826 400 1937 458 AN.
1980 394 2185 453 MANL.
2226 390 2378 448 θεν.
2424 387 2735 445 BOETIUS.

3809 368 3913 424 560

662 531 785 586 hinc
811 528 886 597 (τι)
916 524 1219 597 Triguiliam
1251 519 1415 590 regiae
1448 517 1641 573 domus
1675 510 2007 584 praefectum,
2045 506 2112 560 a'b
2140 503 2225 597 in-
2257 502 2301 562 Α

2342 520 2491 591 gione
2519 517 2801 582 catholica,
2824 512 3051 569 Romani
3074 509 3286 567 Justino
3313 504 3638 563 addictiores
3666 515 3789 559 cum
3816 514 3919 571 po-

662 629 809 689 cepta
846 595 1060 688 jamque
1099 619 1397 685 perpetrata
1440 622 1661 678 prorsus
1699 602 1893 673 injuria
1930 595 2234 655 revocavit:

663 711 785 764 hinc
824 723 920 779 pro
947 705 1020 775 (b)
1042 702 1328 772 Campania
1352 698 1703 760 contendens,
1731 707 1798 750 ne
1822 692 2017 761 injusta
2054 701 2235 743 coem-

663 805 771 870 ptio
799 802 1127 868 exigeretur,
1150 795 1327 851 eﬂ'ecit
1357 810 1370 846 :
1412 792 1537 846 hinc
1567 788 1639 861 (c)
1674 785 1955 842 Paulinum
1985 780 2242 837 consula-'

663 906 774 947 rem
803 891 999 955 virum,
1034 887 1307 951 Albinum,
1343 884 1628 954 pluresque
1656 879 1792 933 alios
1821 889 1943 931 cum
1976 871 2239 944 plebeios,

664 996 775 1040 tum
806 984 966 1038 etiam
1004 980 1253 1051 patricios
1283 980 1426 1033 viros
1467 989 1572 1029 non
1603 973 1719 1028 sine
1757 982 1949 1039 magno
1980 965 2062 1020 sui
2098 962 2240 1034 peri-

664 1079 782 1133 culo
810 1074 1060 1148 protexit.

1409 1157 1517 1212 VII.

736 1256 1091 1327 Quamobrem
1146 1252 1361 1308 Boetius
1409 1257 1616 1309 tantas,
1683 1241 2048 1312 improborum
2098 1251 2241 1307 prae-

668 1355 852 1421 .ipue,
884 1350 937 1404 in
972 1363 1029 1403 se
1058 1345 1345 1402 concitavit
1372 1339 1708 1403 inimicitias,
1740 1346 1828 1400 ut,
1857 1333 1998 1388 unde
2027 1331 2246 1385 laudan-

669 1448 767 1501 dus
806 1455 941 1510 erat,
981 1442 1105 1497 inde
1146 1446 1422 1497 accusatus
1460 1436 1616 1491 fuerit
1654 1432 1794 1502 apud
1834 1428 2243 1490 Theodericum,

669 1537 760 1606 qui
813 1532 1164 1589 immoderato
1213 1539 1317 1582 tam
1367 1538 1632 1595 suprema:
1675 1519 2037 1581 auctoritatis,
2089 1528 2247 1585 quam

672 1627 882 1683 Arianae
910 1622 1184 1692 religionis
1211 1633 1395 1673 amore
1422 1617 1662 1670 Boetium
1689 1613 1914 1682 perdere
1937 1609 2136 1663 statuit.

743 1716 959 1771 Boetius
978 1713 1195 1784 quidem
1223 1718 1440 1780 propter
1470 1708 1549 1779 (ά)
1577 1705 1855 1776 praedictas
1881 1700 2040 1755 animi
2073 1698 2248 1763 dotes,

671 1808 1015 1878 gravissimas
1043 1804 1097 1858 in
1121 1817 1182 1858 se
1207 1800 1513 1862 concitavit,
1542 1796 1904 1866 improborum
1930 1790 2250 1860 prmsertim,

675 1862 1017 1952 inimicitias:
1056 1893 1274 1964 quidam
1314 1892 1455 1945 enim
1487 1886 1558 1957 (θ)
1586 1862 1781 1949 Ᾰιιιίοἰ,
1810 1884 1898 1954 qui
1930 1898 2036 1953 quo
2066 1880 2252 1949 majori
2287 1862 2335 1922 Β

674 1988 943 2057 pollerent
981 1983 1330 2044 auctoritate,
1362 1994 1428 2035 eo
1466 1977 1654 2047 majori
1694 1990 1813 2029 sese
1850 1971 2139 2027 credebant
2171 1969 2253 2023 in-

677 2078 818 2150 juria
842 2078 960 2132 laedi
990 2091 1020 2130 a
1050 2075 1256 2153 Boetio,
1304 2087 1462 2143 quem
1515 2070 1581 2140 (f)
1615 2068 1716 2123 sibi
1760 2067 1955 2135 injusta
1985 2061 2255 2118 molienti-

677 2173 776 2226 bus
796 2185 1007 2240 semper
1027 2166 1436 2238 experiebantur
1458 2162 1750 2226 adversari,
1777 2173 1986 2215 summo
2006 2156 2251 2212 eumdem

677 2261 918 2317 Boetium
946 2258 1070 2314 odio
1100 2255 1593 2327 prosequebantur:
1626 2253 1750 2306 hinc
1781 2262 1887 2304 tres
1912 2247 2137 2318 improbi
2164 2247 2258 2301 de—

678 2354 876 2408 latores
905 2351 985 2423 (g)
1016 2347 1372 2411 Gaudentius,
1406 2344 1606 2414 Upilio,
1649 2352 1704 2398 et
1744 2341 1999 2401 Basilius,
2032 2352 2256 2408 quorum

681 2446 788 2500 duo
822 2443 1025 2513 priores
1056 2439 1145 2515 th)
1175 2440 1245 2493 ob
1273 2437 1490 2492 fraudes
1528 2437 1839 2489 innumeras
1867 2432 2058 2488 exsilio
2087 2431 2256 2486 desti-

681 2536 820 2603 nati;
852 2532 1040 2589 tertius
1069 2531 1218 2601 regio
1248 2526 1549 2584 ministerio
1577 2526 1854 2595 depulsus,
1888 2523 2260 2589 obmratusque

681 2627 991 2699 plurimum,
1015 2625 1128 2679 sive
1154 2637 1253 2676 suo
1277 2622 1390 2675 sive
1414 2618 1739 2688 perditorum
1763 2617 1962 2685 pariter
1985 2614 2259 2667 hominum

682 2717 911 2773 consilio
943 2715 1006 2786 (ἱ)
1028 2754 1044 2779 ,
1080 2713 1318 2768 Boetium
1364 2710 1502 2779 apud
1542 2722 1723 2777 regem
1753 2704 2138 2761 Theodericum
2168 2715 2261 2757 ac-

682 2818 952 2865 cusarunt.
2108 2810 2115 2813 '

758 2902 950 2956 Verum
998 2901 1137 2955 idem
1177 2899 1413 2964 Boetius,
1459 2898 1599 2953 unde
1641 2893 1935 2952 laudandus
1955 2899 2092 2959 erat,
2140 2890 2264 2946 inde

684 3003 964 3049 accusatur
996 3011 1008 3046 :
1044 2992 1184 3062 quod
1225 2994 1366 3047 enim
1398 3006 1502 3047 non
1534 2990 1773 3060 plebeios
1809 2988 2015 3051 solum,
2044 2985 2138 3040 sed
2168 2999 2263 3053 pa-

684 3088 868 3144 tricios
896 3088 1107 3158 quoque
1136 3086 1278 3141 viros
1307 3084 1442 3140 tueri
1473 3083 1784 3146 studuisset,
1817 3080 1941 3134 hinc
1967 3075 2268 3133 inferebant

685 3179 859 3250 ipsum
886 3178 1028 3233 13:53!
1061 3176 1358 3246 majestatis
1397 3191 1579 3239 reum,
1621 3175 1689 3245 (i)
1730 3186 1828 3242 pro
1865 3180 2051 3225 senatu
2081 3175 2265 3225 contra

2340 613 2520 683 pulum
2545 622 2653 666 tum
2680 609 3023 676 semetipsum
3049 605 3300 659 Arianum
3326 598 3680 669 expellerent,
3703 595 3767 648 ad
3795 593 3922 647 reli-

2339 719 2563 775 quorum
2610 712 2902 768 terrorem,
2944 697 3183 752 Boetium
3233 695 3335 749 sibi
3385 701 3691 761 suspectum
3741 687 3921 756 puniri

2340 794 2570 849 curavit.
2598 793 2883 860 Propterea
2913 789 3011 857 (m)
3043 802 3147 854 quo
3172 785 3259 839 die
3289 786 3400 853 ipse
3432 798 3525 835 rex
3555 777 3924 833 Theodericus

2342 885 2611 945 edixerat.
2643 892 2698 937 ut
2722 882 2931 950 Opilio,
2965 888 3017 934 et
3048 877 3397 939 Gaudentius,
3428 874 3483 927 ni
3514 872 3647 925 intra
3680 868 3927 938 praescri-
3948 920 3960 929 ,

2344 986 2490 1047 ptum
2523 975 2665 1029 diem
2692 974 2942 1027 Ravenna
2974 972 3105 1025 urbe
3130 968 3475 1028 decederent,
3508 971 3660 1016 notas
3691 957 3925 1027 insigniti

2345 1066 2609 1122 frontibus
2654 1064 2979 1133 pellerentur
3022 1060 3076 1114 ni
3123 1058 3403 1120 exsilium;
3454 1054 3556 1108 hoc
3604 1052 3720 1121 ipso
3763 1049 3925 1103 iidem

2344 1156 2572 1226 improbi
2641 1154 2942 1218 delatores,
3010 1151 3062 1203 in
3119 1148 3343 1219 gratiam
3403 1145 3601 1214 regiam
3658 1141 3924 1204 revocati,

2345 1248 2571 1302 Romam
2614 1246 2681 1300 ab
2712 1246 2829 1313 ipso
2859 1257 2982 1312 rege
3018 1241 3167 1296 missi
3198 1248 3344 1305 sunt,
3377 1238 3651 1292 absentem
3684 1233 3928 1289 Boetium

2347 1337 2595 1393 delaturi.
2627 1334 2890 1391 Delationi
2922 1333 3131 1402 injustas
3162 1330 3425 1399 acquievit
3456 1336 3695 1389 senatus,
3728 1338 3933 1392 suoque

2347 1428 2428 1500 (η)
2451 1428 2665 1482 decreto
2704 1426 3063 1489 innocentem,
3096 1421 3443 1485 nescientem,
3488 1418 3933 1483 indelensumque

2350 1533 2505 1573 suum
2552 1524 2831 1586 patronum
2874 1512 2950 1585 (0)
2990 1522 3047 1569 et
3093 1513 3249 1567 morti
3293 1508 3565 1565 damnavit
3606 1516 3661 1562 et
3703 1506 3932 1576 prosrri-

2351 1609 2542 1679 ptioni,
2568 1622 2698 1677 quas
2720 1605 3105 1668 Theodericus,
3129 1604 3227 1659 sibi
3251 1614 3492 1658 metuens
3517 1601 3583 1655 ab
3610 1601 3936 1669 imperatore

2353 1701 2584 1767 Justino,
2625 1699 2887 1767 bonisque
2928 1697 3205 1761 omnibus,
3244 1694 3456 1759 exsilio,
3485 1693 3676 1747 saltem
3714 1706 3809 1762 per
3836 1689 3936 1743 ali-

2358 1793 2496 1862 quod
2529 1802 2756 1861 tempus,
2790 1788 3167 1858 permutandas
3196 1784 3417 1855 putavit.

3082 1897 3218 1950 Vill.

2429 1995 2648 2050 Boetius
2676 2008 2828 2062 ergo,
2870 2004 3010 2044 anno
3036 1997 3296 2059 reparatae
3322 1985 3510 2040 salutis
3545 1983 3757 2039 circiter
3784 1981 3938 2051 quin«t

2359 2087 2656 2159 gentesimo
2705 2084 2962 2153 vigesimo
3005 2079 3278 2144 secundo,
3312 2076 3551 2147 adeoque
3611 2075 3781 2129 anatis
3826 2086 3941 2127 sum

2358 2180 2571 2235 circiter
2600 2174 3007 2247 quadragesimo
3037 2171 3281 2240 septimo,
3321 2168 3397 2239 (p)
3431 2170 3727 2236 imperante
3755 2165 3938 2219 Theo-

2359 2270 2563 2333 derico,
2591 2268 2643 2321 in
2664 2264 2909 2320 exsilium
2934 2263 3147 2327 missus,
3172 2262 3224 2315 iu
3251 2274 3433 2330 agrum
3462 2258 3938 2323 Mediolanensem,

2360 2360 2496 2425 sive,
2541 2367 2596 2413 ut
2624 2358 2710 2411 alii
2756 2356 2973 2419 volunt,
3015 2352 3259 2407 Ticinum
3307 2351 3575 2419 relegatus
3621 2358 3703 2404 est
3744 2364 3759 2401 :
3802 2346 3942 2417 quod

2361 2451 2577 2520 quidem
2608 2447 2783 2501 exsilii
2817 2457 3025 2513 tempus
3053 2443 3265 2497 videtur
3284 2456 3443 2512 posse
3471 2440 3651 2510 colligi
3678 2455 3741 2493 ex
3775 2439 3944 2507 primo

2362 2540 2759 2597 Consolationis
2803 2535 3186 2607 pbilosolzhicae
3224 2533 3459 2588 carmine
3505 2533 3576 2601 (q)
3619 2547 3633 2583 :
3682 2531 3751 2585 ibi
3800 2528 3943 2584 enim

2364 2634 2478 2703 ipse
2530 2631 2749 2686 Boetius
2783 2629 2858 2682 ait
2904 2641 3052 2681 suam
3090 2633 3454 2688 senectutem,
3483 2638 3642 2693 quam
3669 2630 3824 2676 vocat
3866 2620 3947 2674 in-

2364 2726 2601 2793 opinam,
2632 2720 2841 2777 veniSse
2875 2718 3027 2773 malis
3058 2725 3417 2786 properatam,
3465 2714 3822 2783 canitiemque
3866 2712 3947 2765 in-

2369 2815 2737 2884 tempestivam
2775 2824 2874 2866 suo
2902 2809 3073 2878 capite
3113 2807 3335 2862 diffundi
3368 2822 3383 2860 :
3415 2806 3511 2860 sed
3546 2805 3761 2873 iunpina
3791 2817 3947 2857 sene-

2375 2914 2491 2961 ctus
2520 2904 2849 2969 canitiesque
2880 2899 3253 2968 intempestiva
3284 2897 3483 2951 homini
3534 2911 3637 2950 non
3677 2895 3947 2958 accidunt,

2369 2998 2472 3053 nisi
2508 3008 2632 3051 ante
2667 3010 2863 3048 annum
2894 2992 3064 3048 aetatis
3099 3006 3212 3045 sua:
3247 2990 3761 3059 quinquagesimum.
3809 2988 3950 3053 Quo-

2368 3103 2576 3159 cunque
2602 3088 2838 3149 tandem,
2861 3091 2916 3139 et
2940 3081 3154 3151 quando
3179 3082 3503 3137 exsulaverit
3527 3078 3763 3142 Boetius,
3792 3077 3953 3145 hujus

2373 3180 2620 3236 exsilium
2667 3191 2776 3231 non
2831 3172 3130 3244 profugium
3179 3180 3470 3241 portusque
3517 3167 3802 3237 supplicii,
3854 3167 3953 3220 sed

687 3230 858 3250 'r"""
1346 3230 1351 3231 κ
1436 3230 1447 3231 κ
1565 3230 1578 3239 .
1730 3230 1745 3242 .

687 3288 868 3343 regem
900 3271 1131 3327 stetisse.
1167 3269 1271 3325 Sed
1300 3267 1444 3339 quod
1475 3268 1615 3322 idem
1646 3268 1699 3321 in
1729 3263 1874 3319 omni
1902 3263 2269 3318 doctrinarum
2298 3249 2301 3277 ⁴

2342 3268 2345 3292 ¹
2376 3272 2689 3342 supplicium
2722 3269 2795 3340 (r)
2837 3267 2935 3320 luit
2967 3282 2979 3319 :
3015 3264 3136 3320 huic
3164 3264 3361 3319 etenim
3391 3261 3823 3328 circumscriptus
3852 3257 3954 3315 fuit

687 3363 945 3426 omnium,
984 3358 1478 3415 mathematicarum
1505 3358 1774 3427 praecipue
1809 3368 2010 3424 genere
2050 3362 2273 3422 prmsta-

690 3460 788 3517 ret,
833 3451 959 3506 inde
998 3452 1139 3522 (qua:
1178 3450 1495 3503 saeculorum
1539 3448 1843 3516 ignarorum
1888 3458 2006 3499 sors
2045 3442 2163 3511 fuit)
2196 3440 2271 3510 (Ις)

688 3541 904 3612 magicis
930 3540 1134 3595 artibus
1172 3541 1313 3600 sive,
1353 3549 1410 3593 ut
1445 3537 1613 3591 nostri
1658 3536 1965 3604 loquuntur,
2008 3533 2269 3601 sortilegio

689 3641 920 3687 mentem
953 3631 1207 3699 polluisse
1237 3630 1649 3684 mentiebantur.

759 3727 998 3795 Denique
1018 3724 1379 3780 Theodericus
1406 3738 1502 3778 sua
1531 3721 1745 3791 partim,
1770 3722 1957 3789 partim
1992 3719 2263 3788 religionis

692 3824 902 3879 Arianae
921 3837 1111 3889 causa,
1143 3837 1206 3877 ex
1240 3820 1505 3889 praedictis
1533 3817 1857 3873 delatoribus
1886 3816 2118 3869 oblatam
2146 3829 2267 3883 per-

692 3914 849 3969 dendi
866 3914 1031 3969 Boetii
1049 3912 1381 3967 occasionem
1399 3911 1534 3964 ultro
1547 3909 1769 3979 accepit.
1787 3907 2001 3963 Audivit
2016 3906 2267 3961 nimirum

656 4028 659 4031 ·
694 4004 783 4059 ille
798 4004 1020 4058 Arianus
1037 4003 1302 4073 princeps,
1318 4000 1578 4054 Justinum
1596 3999 1969 4066 imperatorem
1986 3996 2268 4066 Optimum,

698 4112 803 4151 non
833 4097 1004 4150 solum
1043 4094 1105 4163 (ι)
1142 4091 1411 4159 subjectos
1447 4088 1549 4145 sibi
1577 4088 1805 4159 populos
1832 4095 2055 4157 paterno
2084 4096 2272 4139 amore

697 4187 981 4257 prosequi;
1022 4186 1115 4241 sed
1150 4185 1428 4239 haereticos
1457 4196 1644 4236 omnes
1672 4181 1870 4235 Ariana
1900 4178 1985 4232 lue
2015 4177 2270 4248 pollutos,

696 4281 931 4347 exceptis
997 4279 1183 4332 saltem
1248 4276 1467 4339 Gothis,
1524 4270 1985 4341 Constantinopoli
2054 4276 2276 4337 totoque

697 4370 912 4426 Oriente
940 4368 1120 4441 egredi
1146 4368 1387 4440 jussisse.
1421 4364 1517 4421 Hic
1548 4363 1748 4420 veritus
1780 4378 1868 4432 ne,
1907 4369 2115 4418 asserta
2152 4359 2277 4416 reli-

770 4530 848 4601 (a)
886 4533 1103 4588 Consol.
1132 4526 1325 4601 philos.
1354 4526 1391 4580 l.
1423 4540 1465 4590 ι,
1494 4539 1639 4596 pros.
1668 4526 1705 4580 4

770 4605 847 4667 (b)
888 4605 1025 4659 Ibid.

769 4675 849 4740 (c)
892 4675 1023 4729 Ibid.

700 4730 1049 4868 di‘lglrdlibtids
1087 4740 1211 4797 inde
1235 4754 1349 4791 cum
1374 4735 1617 4807 improbis
1640 4751 1813 4806 graves
1839 4730 2277 4799 inexorabilesque

737 4830 985 4868 ιεεοναιίε.

771 4884 841 4951 (e)
886 4884 1041 4939 lbid.:
1072 4880 1303 4935 Palatini
1332 4893 1503 4951 canes.

771 4887 822 4951 (ε
886 4887 1041 4939 lbid.:
1072 4887 1302 4935 Palatini
1332 4893 1503 4932 canes.

770 4887 852 5089 δέ)
1078 4951 1224 5006 Nihil
1252 4949 1394 5020 apud
1423 4946 1618 5001 aulicos
1644 4948 1918 5001 reservari.

799 5040 852 5092 g)
899 5040 1029 5077 tnta.

801 5091 855 5162 Ia)
904 5092 1035 5162 ibid.

778 5156 846 5233 (i)'
881 5160 1044 5233 lbid.:
1079 5160 1274 5233 Quibus
1305 5157 1640 5233 deferentibus
1660 5156 1885 5233 perculsi
1913 5169 2106 5233 sumus.

774 5225 849 5303 (ἶ)
887 5230 1053 5303 lbid.:
1084 5230 1345 5303 ¥Senntum
1369 5225 1600 5280 dicimur.
1618 5226 1785 5303 alvum
1810 5241 1916 5279 esse
1940 5225 2188 5303 noluisse.

781 5294 852 5376 (lt)
893 5299 1047 5357 Ihid.:
1072 5299 1353 5367 Sacrilegio
1384 5314 1460 5351 me
1485 5298 1836 5350 conscientiam
1866 5294 2106 5365 polluisse
2133 5307 2280 5345 men-

709 5376 784 5431 titi
813 5383 950 5427 sunt.

807 5447 855 5515 l)
892 5440 1210 5515 sabellicus,
1237 5436 1427 5515 _l_ib.__t_t,
1458 5436 1686 5492 ennead.

807 5447 855 5515 l)
892 5447 1208 5503 Sabellicus,
1243 5447 1334 5491 ιιι).
1365 5452 1427 5504 ιι,
1458 5447 1686 5492 enneao.
1718 5447 1773 5492 8.

782 5447 879 5586 im)
917 5510 1131 5586 Consol.
1163 5508 1316 5586 phil.,
1342 5508 1435 5586 lib.
1468 5522 1506 5571 ι,
1539 5522 1681 5573 pros.
1710 5507 1793 5586 ιμ’
1828 5504 2111 5586 Qpilionem
2133 5513 2283 5586 atque

713 5573 1050 5640 Gaudentium
1091 5573 1207 5634 cum
1242 5583 1300 5631 ob
1336 5579 1622 5628 innumeras
1650 5577 2047 5644 multiplicesque
2079 5573 2285 5642 fraudes

713 5662 765 5709 in
787 5657 1022 5709 exsilium
1050 5653 1189 5720 regia
1216 5661 1427 5701 censura
1454 5647 1981 5720 decrevisset,cumque
2002 5645 2077 5696 illi
2102 5657 2281 5714 parere

714 5728 939 5777 nolenies
984 5715 1245 5775 sacrarum
1287 5730 1393 5771 sese
1435 5715 1621 5769 mdium
1662 5716 1949 5782 defensione
2001 5720 2275 5782 tuerentur,

716 5804 1119 5859 compertumque
1146 5791 1197 5840 id
1229 5789 1337 5855 regi
1367 5784 1701 5859 foret,_edi.cit
1727 5781 1785 5835 ut
1816 5785 1866 5836 ni
1899 5784 2030 5835 intra
2052 5781 2284 5859 prtescrj-z

717 5848 859 5925 ptum
898 5848 1306 5917 diem'Ravennti
1340 5848 1461 5913 urbe
1501 5854 1819 5916 decederent,
1864 5862 2010 5906 notas
2058 5848 2284 5919 insigniti

2380 3362 2555 3418 brevis
2588 3360 2658 3432 (s)
2701 3356 2971 3413 habitandi
3018 3356 3171 3410 locus
3203 3373 3215 3408 :
3242 3355 3331 3409 ubi
3372 3354 3519 3407 nefas
3562 3352 3637 3406 illi
3667 3360 3801 3416 erat,
3835 3364 3955 3419 pro-

2378 3453 2635 3524 pinquos,
2673 3450 2894 3512 amicos,
2933 3446 3221 3501 familiares
3254 3448 3345 3515 (t),
3384 3445 3547 3499 libros
3577 3444 3720 3513 ipsos
3751 3442 3955 3495 videre.

2379 3544 2476 3597 llic
2500 3551 2679 3595 autem
2702 3539 2917 3593 Boetius
2939 3552 3088 3591 suam
3116 3536 3237 3590 vita:
3259 3549 3574 3604 morumque
3596 3533 3957 3602 integritatem

2377 3633 2607 3704 posteris
2635 3633 3098 3686 demonstraturus
3126 3627 3228 3697 (ιι),
3260 3627 3568 3694 tristemque
3584 3638 3730 3678 suam
3759 3624 3958 3693 cogita-

2374 3724 2573 3779 tionem
2601 3732 2748 3792 grata
2774 3736 2892 3775 cum
2920 3733 3031 3775 suae
3072 3718 3285 3781 mentis,
3315 3725 3424 3769 tum
3454 3715 3616 3769 etiam
3665 3713 3833 3781 ipsius
3863 3712 3957 3767 Dei

2373 3816 2696 3885 cogitatione
2739 3814 3032 3882 lugaturus,
3080 3808 3390 3864 admirabile
3438 3807 3539 3860 hoc
3573 3804 3961 3875 philosophica:

2377 3905 2757 3963 consolationis
2802 3918 2938 3971 opus
2984 3902 3264 3971 cogitavit,
3318 3899 3714 3969 cogitatumque
3743 3896 3962 3966 scriptis

2379 3995 2670 4050 mandavit.
2702 3993 2806 4048 Sed
2842 3992 2967 4047 dum
2998 3989 3332 4044 sanctiSsima
3368 3989 3457 4042 illa
3485 3989 3765 4042 distinetur
3794 4000 3963 4042 occu:

2378 4090 2594 4159 patione
2622 4087 2704 4141 vir
2730 4082 3145 4145 illustrissimus,
3179 4081 3406 4135 alterum
3435 4080 3612 4149 prodit
3641 4079 3836 4135 Justini
3865 4079 3965 4132 ima

2381 4179 2645 4252 peratoris
2684 4177 2939 4240 edictum,
2970 4188 3075 4242 quo
3106 4173 3335 4228 Arianos
3380 4188 3591 4237 omnes,
3631 4187 3699 4227 ne
3726 4173 3966 4241 exceptis

2382 4271 2598 4343 quidem
2642 4268 2862 4334 Gothis,
2909 4278 3215 4334 aggressus,
3263 4263 3412 4333 jubet
3454 4263 3734 4333 episcopos
3776 4278 3967 4317 omnes

2389 4362 2672 4422 haareticos
2701 4378 2733 4417 a
2765 4361 2876 4415 suis
2907 4356 3128 4413 sedibus
3152 4356 3433 4425 dimoveri,
3466 4369 3757 4424 eorumque
3784 4356 3969 4412 Eccle-

2381 4520 2635 4594 frontibus
2668 4519 3090 4594 pellerentur"...
3115 4523 3267 4594 Atqui
3310 4534 3483 4575 eoaern
3518 4516 3600 4569 die
3626 4513 3972 4585 deferentibus

2304 4595 2359 4656 D
2386 4592 2594 4653 eisdem,
2625 4590 2846 4644 nominis
2875 4596 3036 4647 nostri
3062 4590 3250 4647 delatio
3276 4598 3507 4657 suscepta
3532 4596 3624 4640 est.

2458 4660 2538 4730 (η)
2577 4659 2733 4730 Ibid:
2792 4662 2870 4713 An
2915 4674 3115 4730 Optasse
3148 4665 3289 4716 illius
3330 4653 3525 4715 ordinis
3568 4655 3782 4730 salutem
3825 4653 3972 4730 nefas

2386 4725 2608 4784 vocabo?
2637 4728 2735 4783 Ille
2764 4725 2968 4799 quidem
3002 4736 3106 4788 suis
3142 4735 3205 4787 de
3234 4748 3310 4785 me
3338 4730 3569 4791 decretis,
3598 4727 3672 4778 uti
3700 4725 3795 4777 hoc
3824 4728 3972 4794 nefas

2386 4811 2537 4863 esset,
2565 4799 2819 4867 effecerat.

2459 4872 2536 4938 (ο)
2573 4863 2840 4951 0b
2880 4872 3105 4951 studium
3135 4870 3437 4942 propensius
3467 4868 3520 4920 in
3552 4873 3783 4920 senatum
3816 4863 3971 4916 morti

2387 4942 2845 5010 proscriptionique
2880 4942 3203 4996 danmamur.

2462 5009 2539 5079 (p)
2579 5009 2653 5080 Id,
2680 5005 2863 5064 inferri
2901 5021 3078 5080 potest
3103 5029 3167 5067 ex
3204 5010 3371 5066 veteri
3412 5005 3581 5063 Boetii
3622 5012 3794 5059 statua
3826 5017 3971 5057 mar-

2393 5094 2596 5142 morea,
2626 5079 2693 5132 de
2715 5094 2819 5148 qua
2857 5082 3012 5137 infra.

2462 5148 2537 5219 (q)
2578 5144 2794 5202 Consol.
2831 5152 3021 5218 philos.
3056 5152 3093 5206 l.
3119 5167 3156 5216 t,
3187 5160 3379 5205 metro.
3411 5148 3466 5210 1,
3499 5162 3551 5199 v.
3581 5144 3647 5200 9:

2516 5227 2820 5292 Venitenim
2848 5236 3105 5292 properata
3128 5230 3266 5279 malis
3283 5228 3476 5289 inopina
3494 5231 3747 5284 senectus,

2583 5290 2639 5340 Et
2656 5289 2796 5338 dolor
2820 5289 3011 5340 aetatem
3032 5295 3172 5353 jussit
3197 5293 3360 5340 inesse
3385 5300 3520 5353 suam
3544 5299 3557 5333 :

2524 5354 2861 5411 Intempestivi
2886 5349 3151 5403 funduntur
3187 5353 3374 5401 vertice
3397 5349 3521 5397 cani.

2469 5429 2540 5495 (r)
2581 5410 2736 5495 Ibid},
2766 5436 2907 5487 pros.
2937 5423 2970 5475 4
3002 5440 3014 5474 :
3060 5422 3159 5475 Per
3188 5439 3240 5475 se
3269 5421 3391 5473 satis
3427 5419 3611 5470 eminet
3656 5416 3878 5483 fortuna:
3912 5410 3968 5463 in

2387 5490 2486 5553 nos
2500 5490 2747 5550 sievientis
2769 5495 3039 5559 asperitas.

2482 5568 2527 5632 s)
2568 5564 2723 5617 lbid.:
2760 5557 2910 5632 {Vibii
2935 5579 2998 5632 ne
3028 5572 3073 5614 te
3103 5562 3227 5632 ipsa
3247 5559 3346 5632 loci
3374 5558 3528 5627 facies
3549 5562 3731 5608 movet.

2482 5568 2527 5632 s)
2568 5568 2723 5617 lbid.:
2760 5568 2909 5613 Nihil
2936 5579 2998 5614 ne
3028 5572 3073 5614 te
3103 5568 3216 5626 ipsa
3247 5568 3345 5613 loci
3374 5568 3449 5627 fac

2458 5568 2532 5705 ξι)
2768 5626 3101 5705 ﬂmccineest
3129 5630 3449 5705 bibliotheca.

2457 5694 2537 5772 (ιι)
2582 5700 2734 5755 lbid.:
2768 5694 2928 5772 Cujus
2951 5701 3229 5772 rei‘seriem
3256 5710 3405 5772 atque
3430 5697 3710 5772 veritatem,
3727 5708 3788 5772 ne
3814 5694 3973 5746 latere

2387 5765 2608 5843 posteros
2631 5773 2779 5840 quem
2813 5770 2943 5837 stylo
2973 5770 3125 5824 etiam
3151 5767 3504 5835 memoriwque
3526 5765 3782 5819 mandavi.
