4292 6262
327 432 422 480 561

905 425 967 477 IN
1008 424 1253 480 LIBROS
1292 424 1380 478 DE
1420 423 1935 481 CONSOLATIONE
1974 422 2443 481 PHILOSOPHUS
2483 424 3014 482 I‘BOLEGOMENA.

3475 426 3579 483 562
3608 414 3630 426 ’

326 542 431 597 sizts
461 541 711 595 Romana:
738 539 1005 608 religionis
1029 540 1133 593 ritu
1164 538 1488 594 consecrari.
1541 538 1900 594 Theodericus
1928 541 1978 600 Α
2008 554 2193 595 venum
2242 539 2496 593 memoria
2536 538 2842 609 Symmachi
2896 538 3081 608 quinto
3120 536 3368 593 calendas
3406 537 3577 596 Junii;

326 636 539 691 Arianis
570 634 635 687 ad
666 648 721 687 se
750 632 1029 700 confugiet:
1058 633 1173 686 ibus
1204 632 1255 685 id
1286 632 1431 687 novit
1463 650 1477 685 :
1509 648 1675 703 quare
1719 633 1898 687 missis

326 724 841 793 Constantinopolim
873 722 947 794 (a)
981 724 1189 793 legalis,
1223 724 1429 778 Joanne
1469 738 1661 793 nempe
1689 724 1901 779 Thusco

324 821 577 888 episcopo
613 817 882 882 Romano,
923 823 978 870 et
1013 816 1263 884 episcopo
1302 815 1725 881 Ravennatensi;
1765 816 1903 885 Aga-

327 919 451 978 peto
491 917 545 962 et
578 907 809 962 Patricio
847 906 1157 961 consulibus
1194 907 1482 969 Romanis;
1542 893 1700 975 atque
1726 906 1902 961 Theo-

325 1000 456 1053 doro
477 1007 531 1053 et
556 998 862 1067 importuno
888 996 1245 1062 senatoribus,
1268 997 1397 1051 viris
1418 996 1900 1066 praestantissimis,

327 1090 602 1160 postulare
628 1089 694 1144 ab
733 1088 941 1145 Justino
965 1088 1144 1157 jussit,
1177 1097 1234 1143 ut
1262 1088 1439 1142 Ariani
1467 1088 1701 1157 episcopi
1731 1098 1783 1141 et
1812 1103 1901 1141 sa-

327 1180 575 1237 cerdotes
600 1179 717 1235 loco
738 1194 836 1233 suo
860 1178 988 1233 moti
1014 1179 1462 1234 restituerentur:
1491 1180 1630 1248 quod
1655 1180 1707 1233 ni
1731 1178 1898 1243 ﬁeret,

328 1273 440 1329 fore
462 1281 521 1328 ut
540 1272 687 1329 brevi
713 1272 878 1326 Roma
905 1278 959 1326 et
988 1279 1095 1325 tota
1118 1270 1265 1325 Italia
1290 1270 1523 1326 caedibus
1545 1281 1598 1327 et
1642 1270 1904 1326 incendiis

326 1383 539 1440 quoque
595 1368 877 1422 adversum
922 1365 1250 1421 orthodoxos
1306 1366 1592 1436 repleatur.
1647 1366 1722 1436 (ὁ)
1772 1367 1903 1421 Cum

325 1468 504 1514 autem
542 1458 703 1528 legati
730 1458 783 1512 in
821 1456 1011 1513 itinere
1041 1457 1289 1525 opinione
1320 1456 1516 1513 diutius
1547 1466 1902 1521 morarentur,

327 1549 690 1604 Theodericus
720 1546 868 1602 rabie
905 1545 1201 1616 iniquitatis
1242 1560 1355 1602 suae
1393 1546 1719 1610 stimulatus,
1748 1546 1906 1613 Sym-

326 1642 577 1696 machum
619 1650 673 1695 et
717 1639 959 1694 Boetium
1014 1639 1368 1705 exconsules,
1420 1640 1561 1694 viros
1612 1640 1905 1694 catholicos

326 1733 503 1803 gladio
532 1732 836 1787 trucidavit.
880 1730 952 1802 (c)
984 1731 1184 1786 Deinde
1218 1731 1477 1787 Joannem
1506 1747 1698 1802 papam
1729 1748 1792 1788 ex
1825 1733 1905 1787 le-

328 1824 541 1893 gatione
580 1837 886 1888 reversum,
918 1837 983 1887 eo
1010 1823 1151 1893 quod
1182 1824 1472 1880 honorifice
1504 1825 1572 1881 ab
1600 1825 1904 1880 orthodoxo

2003 630 2142 699 quod
2171 638 2393 699 uterque
2422 643 2519 699 pro
2548 629 2653 684 ﬁde
2680 638 2865 684 contra
2894 630 3121 684 Arianos
3147 638 3375 683 mortem
3410 641 3579 696 cppe-

2005 720 2168 775 tierit.

2076 811 2209 866 llinc
2246 811 2405 866 etiam
2439 812 2520 883 (g)
2549 811 2785 881 ejusdem
2817 810 2985 866 Boetii
3024 811 3396 882 sepulchrum,
3439 811 3580 879 quod

2004 903 2175 958 Ticini
2207 904 2262 957 in
2293 904 2407 958 aede
2436 903 2492 960 S.
2519 904 2819 972 Augustino
2846 917 3021 970 sacra,
3048 904 3339 958 etiamnum
3368 904 3577 965 visitur,

2006 995 2244 1064 pluribus
2272 995 2461 1064 elogiis
2491 995 2798 1051 decoratum
2828 995 2924 1048 fuit
2956 1011 2968 1047 :
2999 995 3124 1049 olim
3152 995 3367 1064 quidem
3395 992 3506 1049 sic:

2188 1104 2315 1155 Ecce
2338 1106 2552 1155 Boethus
2573 1106 2712 1155 adest
2728 1107 2775 1154 in
2802 1104 2926 1153 ccrlo
2948 1118 3169 1166 magnus,
3198 1114 3249 1153 et
3266 1104 3395 1153 omni

2254 1167 2547 1228 Perspectus
2567 1168 2763 1224 mundo,
2790 1168 2939 1228 mirus
2964 1166 3155 1214 habcnd
3189 1180 3214 1214 s
3231 1167 3387 1214 homo.

2188 1230 2278 1287 Qui
2297 1227 2598 1277 'l‘heodorico
2622 1230 2731 1289 regi
2755 1227 2947 1276 delatus
2969 1228 3136 1288 iniquo

2252 1290 2406 1339 Ticini
2427 1294 2616 1339 senium
2634 1288 2774 1337 duxit
2798 1290 2845 1337 in
2869 1288 3061 1337 exsilio.

2189 1350 2241 1399 In
2266 1365 2358 1411 qua
2383 1364 2438 1399 se
2461 1358 2683 1400 moestum
2706 1349 2866 1398 solans
2882 1349 3020 1400 dedit
3041 1350 3164 1399 urbe
3184 1348 3427 1409 libellum;

2251 1412 2371 1473 Post
2394 1414 2517 1461 ictus
2537 1411 2716 1475 gladio,
2742 1413 2867 1461 exiit
2890 1425 2918 1462 e
2944 1411 3118 1460 medio.

2006 1511 2155 1568 Nunc
2181 1528 2307 1568 vero
2331 1514 2441 1568 sic:

2193 1625 2394 1690 Maeonia
2423 1635 2477 1677 et
2496 1627 2632 1677 Latia
2655 1628 2818 1690 lingua
2836 1629 3144 1689 clarissimus,
3171 1633 3223 1678 et
3243 1629 3327 1685 qui

2251 1686 2426 1752 Consul
2448 1703 2600 1751 eram,
2623 1692 2701 1738 hic
2722 1686 2844 1752 perii
2877 1693 3053 1740 missus
3076 1686 3394 1741 lu'exsilium.

2189 1748 2379 1813 Et_quia
2404 1764 2533 1813 mors
2553 1748 2734 1813 rapuit,
2761 1754 2978 1813 probitas
2998 1766 3077 1801 me
3104 1754 3239 1803 vexit
3260 1753 3319 1801 ad
3338 1764 3499 1811 auras,

2253 1809 2325 1860 Ett
2351 1824 2477 1861 nunc
2500 1809 2622 1862 fama
2640 1809 2774 1875 viget
2796 1815 3021 1875 maxima,
3048 1816 3161 1865 vivit
3178 1827 3316 1876 opus.

329 1914 653 1978 imperatore
695 1923 970 1983 exceptus,
1003 1923 1057 1969 et
1085 1914 1398 1969 muneribus
1436 1915 1664 1969 donatus
1696 1915 1900 1984 fuisset,
1939 1908 1983 1969 Β
2079 1913 2200 1968 Suis
2234 1915 2397 1984 igitur
2427 1915 2642 1971 Boetius
2678 1916 2928 1971 notabilis
2956 1926 3040 1971 est
3064 1916 3379 1985 majoribus,
3410 1914 3583 1970 erudi~

329 2019 447 2059 cum
479 2004 662 2068 sociis,
684 2004 954 2060 Ravennae
999 2004 1052 2058 in
1092 2005 1305 2058 vincula
1334 2004 1635 2072 conjectum
1663 2007 1902 2075 paedore,

331 2096 417 2149 siti
459 2106 513 2150 et
560 2096 734 2150 inedia
782 2097 989 2149 necavit
1031 2113 1043 2149 :
1086 2097 1180 2150 sed
1211 2095 1290 2166 (ά)
1347 2112 1441 2151 rex
1472 2099 1665 2166 impius
1689 2100 1905 2169 dignum

330 2202 539 2257 quoque
580 2186 735 2241 factis
772 2188 885 2242 suis
929 2187 1136 2242 invenit
1166 2189 1286 2242 \ita:
1322 2190 1520 2244 exitum
1556 2209 1568 2243 :
1600 2206 1721 2246 nam
1751 2208 1816 2246 ex
1843 2208 1907 2245 en

334 2291 595 2348 tempore,
619 2294 723 2348 quo
746 2278 1145 2349 Symmachum,
1176 2280 1437 2347 Boetium,
1469 2281 1725 2338 Joannem
1756 2282 1906 2338 Thu-

332 2390 481 2431 srum
512 2377 821 2445 cpiscOpum
852 2377 1172 2443 Romanum,
1216 2389 1271 2434 et
1308 2379 1443 2434 alios
1475 2378 1667 2448 injuste
1694 2378 1909 2432 interfe-

331 2469 423 2531 cit,
456 2468 507 2521 in
530 2484 796 2523 summum
826 2471 984 2524 animi
1017 2485 1301 2526 niterorem
1331 2470 1539 2535 incidit,
1573 2471 1642 2525 ita
1673 2478 1729 2523 ut
1756 2469 1907 2523 obla-

333 2573 413 2618 tos
442 2562 496 2617 in
534 2578 715 2618 mensa
751 2565 924 2634 pisces
960 2565 1341 2636 imaginaretur
1382 2566 1786 2621 interfectorum
1822 2580 1909 2619 ca-

331 2657 439 2724 pita
478 2671 619 2710 esse.
671 2656 909 2711 Tandem
958 2673 1086 2712 vero
1133 2657 1479 2727 nonagesimo
1522 2656 1610 2713 die
1662 2673 1691 2711 a
1739 2667 1910 2711 morte

330 2746 555 2802 Joannis
581 2762 731 2817 papa:
761 2748 1037 2803 subitanea
1068 2759 1239 2805 morte
1266 2748 1443 2819 periit.

1077 2838 1169 2895 IX.

402 2928 594 2983 Modus
639 2944 802 2998 porro
846 2945 951 2999 quo
980 2930 1194 2986 Boetius
1222 2929 1535 2986 interfectus
1572 2936 1656 2984 est
1689 2944 1793 2983 non
1838 2928 1911 2983 ita

330 3029 542 3074 constat
580 3038 592 3072 :
631 3019 724 3074 sed
766 3020 837 3089 (e)
875 3020 1045 3074 Ticini
1088 3030 1416 3077 monstratur
1454 3020 1614 3076 turris
1662 3018 1907 3085 lateritia,

332 3108 499 3163 Boctii
553 3124 756 3171 carcer,
803 3124 911 3179 quo
954 3109 1124 3164 Ticini
1171 3110 1357 3164 incolae
1400 3126 1430 3163 a
1472 3110 1764 3179 majoribus
1801 3110 1913 3164 suis

329 3200 469 3255 docti
502 3211 749 3255 asserunt
784 3204 975 3255 missos
1004 3217 1031 3253 a
1062 3199 1396 3256 Theoderico
1435 3202 1701 3255 tribunum
1740 3210 1794 3254 et
1826 3214 1912 3254 sa-

2012 2004 2179 2069 tione,
2207 2006 2513 2071 virtutibus,
2546 2006 2826 2072 uxoribus,
2860 2008 3062 2074 liberis,
3088 2006 3456 2077 dignitatibus,
3488 2006 3585 2060 ini-

2012 2097 2165 2151 micis
2214 2107 2268 2152 et
2298 2108 2490 2153 morte.
2570 2099 2628 2152 1°
2654 2100 2884 2168 Majores
2912 2099 3049 2167 ejus,
3077 2100 3240 2154 Anitii
3272 2099 3506 2162 fuerunt,
3536 2109 3586 2155 et

2011 2187 2213 2257 Manlii,
2238 2189 2336 2243 viri
2366 2189 2506 2245 inter
2530 2190 2777 2260 antiquos
2808 2192 3121 2260 nobilesque
3146 2190 3414 2246 Romanos
3436 2192 3586 2254 tanti,

2011 2292 2209 2347 paucos
2246 2290 2303 2332 ut
2340 2278 2626 2334 habuerint
2664 2293 2843 2350 pares,
2876 2279 3177 2349 superiores
3209 2280 3355 2336 certe
3388 2280 3584 2334 nullos.

2010 2368 2073 2421 2°
2117 2369 2362 2424 Eruditio
2412 2370 2651 2439 ejusdem
2698 2372 3018 2441 singularis,
3084 2388 3185 2434 qua
3259 2383 3319 2427 ut
3374 2373 3589 2427 ultimus

2012 2460 2251 2515 omnium
2322 2477 2387 2516 ex
2448 2463 2681 2532 antiquis
2729 2462 2985 2518 Romanis
3046 2464 3245 2534 aliquid
3297 2465 3589 2519 litterarum

2014 2552 2377 2606 monumentis
2402 2553 2752 2619 consecravit,
2786 2554 2865 2609 sic
2891 2555 3093 2623 primus
3123 2553 3358 2607 omnium
3388 2554 3589 2608 Aristo-

2014 2642 2224 2696 telicam
2267 2643 2602 2712 disciplinam
2634 2644 2838 2699 Latinis
2869 2645 3058 2699 litteris
3102 2645 3369 2700 illustrare
3397 2646 3588 2714 cmpit:

2015 2743 2174 2789 luntre
2223 2745 2475 2790 caeterum
2526 2736 2664 2805 apud
2720 2746 2962 2805 posteros
3022 2738 3373 2803 auctoritatis,
3424 2746 3481 2791 ut
3526 2737 3589 2792 ab

2013 2827 2255 2895 ejusdem
2321 2828 2588 2883 sententia
2662 2828 2804 2882 nulla
2878 2828 3047 2884 ferme
3117 2830 3187 2883 sit
3264 2830 3589 2898 provocatio.

2013 2920 2069 2975 3⁸
2105 2919 2283 2973 Virtus
2324 2920 2464 2975 illius
2502 2921 2556 2973 in
2597 2929 2887 2990 ternpestate
2915 2922 3084 2991 quieta
3115 2921 3241 2990 fuit;
3278 2920 3405 2974 luxit
3437 2921 3489 2973 in
3522 2928 3593 2973 te-

2015 3011 2178 3063 nebris
2194 3025 2212 3071 ;
2240 3012 2391 3079 pulsa
2421 3010 2531 3064 loco
2560 3012 2745 3063 mansit
2772 3018 2943 3064 tamen
2971 3019 3120 3077 atque
3146 3010 3291 3063 Ita’sit
3316 3010 3371 3062 in
3394 3010 3591 3077 patria;

2014 3100 2269 3169 splenduit
2296 3116 2385 3171 per
2410 3116 2516 3153 sese
2544 3116 2756 3169 semper,
2784 3116 2875 3154 nec
2902 3100 3080 3153 alienis
3109 3115 3331 3167 unquam
3361 3099 3596 3152 sordibus

2016 3191 2273 3245 obsolevit.
2326 3189 2383 3244 4°
2432 3189 2659 3253 Uxores,
2709 3191 2912 3244 soceris
2954 3189 3114 3244 Festo
3160 3198 3213 3243 et
3252 3188 3593 3258 Symmacho,

332 3293 587 3355 tellitem;
620 3293 786 3359 illum,
814 3292 880 3347 ad
908 3293 1230 3348 monendum
1261 3293 1522 3355 Boetium,
1553 3301 1629 3357 ut,
1660 3292 1705 3345 si
1734 3293 1913 3345 salvus
1942 3279 1987 3342 C
2021 3282 2255 3351 DalriCiiS
2282 3284 2425 3336 οηιηῖ
2458 3283 2613 3336 laude
2644 3282 2953 3351 majoribus.
2988 3272 3218 3345 Similt'S;
3265 3295 3488 3349 quarum
3520 3280 3596 3332 ³1·

329 3399 452 3441 esse
498 3385 686 3450 vellet,
728 3385 983 3455 quidquid
1043 3395 1160 3441 erat
1200 3384 1589 3453 conjurationis
1644 3384 1904 3453 aperiret;

330 3475 473 3530 hunc
502 3475 569 3529 ad
600 3475 1049 3542 interﬁciendum,
1079 3476 1120 3530 si
1154 3484 1401 3529 rcnueret
1439 3476 1670 3543 aperire.
1702 3474 1914 3529 Addunt

328 3566 635 3629 satellitem,
663 3566 754 3620 ubi
784 3566 995 3621 Boetius
1023 3580 1081 3620 se
1111 3566 1306 3619 nullius
1335 3567 1387 3620 in
1414 3582 1593 3635 regem
1630 3566 1749 3619 facti
1786 3580 1913 3619 con-

328 3656 498 3710 scium
528 3670 651 3710 esse
677 3656 929 3724 dixisset,
958 3656 1200 3725 ejusdem
1231 3655 1397 3711 Boetii
1426 3657 1690 3717 cervicem
1722 3656 1793 3709 ita
1820 3655 1913 3709 de-

329 3753 630 3809 truncasse,
662 3744 797 3800 banc
824 3755 882 3799 ιιι
910 3747 1024 3815 ipse
1050 3746 1264 3801 Boetius
1297 3756 1522 3815 utraque
1549 3761 1708 3799 manu
1744 3747 1916 3799 divul-

328 3850 439 3889 sant
482 3836 822 3901 sustinuerit;
870 3837 1064 3892 deinde
1106 3838 1464 3897 interrOgatus
1506 3852 1535 3890 a
1576 3853 1809 3907 quonam
1854 3851 1914 3892 se

330 3941 641 3993 percussum
681 3930 1035 3994 existimaret,
1075 3930 1412 4000 responderit
1447 3931 1513 3985 ab
1551 3930 1757 4000 impiis;
1802 3939 1911 3984 tum

331 4017 603 4085 profectus
628 4020 677 4073 in
703 4020 934 4075 vicinum
962 4021 1237 4089 templum,
1266 4021 1417 4076 ﬂexis
1439 4021 1501 4075 ad
1524 4035 1644 4075 aras
1665 4021 1907 4090 genibus,

330 4121 477 4161 sacra
511 4110 841 4177 perceperit;
889 4109 1210 4179 tandemque
1236 4120 1490 4164 aeternam
1519 4109 1743 4180 gloriam
1782 4123 1913 4163 con-

330 4209 612 4253 secuturus
652 4201 1027 4268 exspiraverit.

398 4287 534 4342 llinc
574 4290 791 4344 Boetius
825 4290 890 4361 (ι’)
935 4293 984 4343 in
1023 4307 1246 4345 numero
1285 4301 1588 4346 sanctorum
1620 4300 1913 4360 martyrum

332 4374 569 4441 habitus,
615 4380 841 4448 ejusque
892 4383 1147 4436 memoria
1193 4384 1363 4437 Ticini
1407 4382 1616 4437 decimo
1663 4384 1914 4438 calendas

332 4463 650 4523 Novembris
679 4472 968 4538 quotannis
998 4471 1299 4528 celebratur
1333 4490 1343 4523 :
1402 4487 1506 4526 non
1538 4488 1693 4527 secus
1722 4487 1784 4527 ac
1809 4472 1914 4528 Ba-

399 4664 472 4733 (α)
514 4666 832 4735 Sabellicus,
868 4669 900 4721 l.
936 4684 991 4731 ll,
1020 4672 1260 4726 enneade
1289 4670 1345 4725 8.

402 4738 475 4801 (ιι)
521 4737 838 4809 Sabellicus,
877 4738 1014 4809 ibid.
1045 4740 1236 4801 Paulus
1264 4742 1548 4809 Diaconos,
1583 4743 1618 4793 l.
1653 4755 1741 4804 xv,
1769 4754 1817 4794 c.
1848 4740 1900 4796 5.

396 4810 471 4872 (ε)
528 4806 689 4859 Vetus
743 4807 907 4859 Boetii
954 4818 1124 4861 statua
1174 4826 1506 4870 marmorea.
1535 4806 1677 4877 qua:
1723 4811 1905 4864 Romae

328 4886 573 4927 servatur
619 4878 669 4927 iu
713 4876 917 4931 :Pdibus
954 4878 1234 4934 JuSIiniani
1264 4897 1314 4933 ν.
1349 4895 1400 4933 c.
1431 4876 1622 4933 indicat
1667 4879 1905 4934 Boetiurn

329 4943 588 4997 sublatum
633 4947 796 5000 fuisse
834 4949 972 5000 circa
1004 4964 1200 5003 annum
1234 4950 1357 5003 vita:
1395 4964 1505 5003 sua:
1535 4950 1906 5019 quinquagesi-

327 5026 466 5063 11111111
476 5051 490 5063 .

2016 3380 2126 3426 tera
2153 3370 2502 3425 versiﬁcando
2527 3370 2723 3425 imitata
2754 3378 2866 3436 est;
2892 3371 3055 3424 altera
3086 3368 3303 3438 pulchra
3330 3368 3480 3437 prole
3508 3384 3597 3436 pa-

2018 3471 2221 3517 rentem
2252 3460 2375 3515 fecit
2406 3460 2674 3515 maritum.
2705 3460 2771 3530 5⁸Δ
2792 3462 2904 3514 Duo
2926 3460 3041 3525 ﬁlii,
3068 3470 3307 3530 paterna:
3333 3459 3598 3527 avitaaque

2019 3556 2229 3609 virtutis
2261 3554 2532 3619 haeredes,
2576 3524 2851 3623 frequeitte
2893 3563 3104 3622 senatu,
3146 3554 3461 3622 populisque
3507 3553 3598 3606 lte-

2019 3647 2276 3709 tantibus,
2317 3645 2553 3714 prorecti
2598 3654 2722 3699 runt
2754 3645 2952 3714 pariter
2990 3645 3241 3699 consules
3287 3658 3353 3699 ex
3398 3643 3597 3698 aedibus

2020 3739 2257 3807 paternis
2297 3736 2609 3801 incuriam,
2650 3736 2737 3789 ubi
2776 3738 2946 3804 pater,
2985 3735 3173 3789 iisdem
3219 3734 3431 3789 curules
3474 3734 3599 3789 insi-

2016 3828 2289 3897 dentibus,
2320 3828 2478 3896 regiae
2507 3827 2680 3881 laudis
2707 3837 2909 3891 orator,
2939 3826 3134 3896 ingenii
3165 3825 3388 3896 gloriafn
3419 3825 3599 3880 facun—

2016 3919 2225 3989 dimque
2252 3919 2465 3975 meruit.
2515 3918 2577 3975 6°
2605 3919 2899 3989 Dignitates
2922 3918 3047 3973 huic
3067 3918 3281 3972 familiae
3306 3917 3599 3972 credideris

2017 4009 2225 4064 innatas
2256 4028 2269 4061 :
2303 4011 2397 4065 has
2423 4010 2640 4080 quippe,
2668 4011 2831 4065 etiam
2863 4009 3082 4064 senibus
3113 4019 3353 4075 negatas,
3384 4008 3599 4063 Boetius

2017 4101 2131 4169 ipse
2162 4100 2344 4155 habuit
2380 4100 2447 4154 ab
2478 4100 2859 4155 adolescentia.
2907 4099 2963 4153 7°
2999 4099 3107 4155 Nec
3151 4099 3351 4155 inimici
3391 4098 3599 4151 fuerunt

2018 4192 2121 4245 nisi
2160 4192 2410 4259 improbi,
2442 4206 2689 4261 maguum
2720 4191 2933 4247 eximia:
2963 4190 3173 4246 virtutis
3201 4198 3596 4259 argumentum.

2016 4281 2074 4336 8’
2100 4280 2339 4349 Denique
2375 4282 2589 4337 Boetius
2632 4282 2802 4337 Deum
2848 4282 3004 4336 unice
3027 4282 3273 4352 diligens,
3319 4296 3416 4349 pro
3460 4281 3599 4333 avita

2016 4374 2274 4444 religione
2306 4377 2620 4444 sanguinem
2648 4374 2819 4440 fudit;
2852 4376 2993 4431 circa
3024 4391 3221 4430 annum
3244 4374 3442 4431 Christi
3470 4368 3597 4436 5‘25,

2015 4471 2188 4526 aetatis
2218 4484 2330 4525 sua:
2362 4469 2451 4525 50.

2087 4668 2166 4740 (ά)
2210 4670 2404 4725 Paulus
2452 4669 2794 4740 diaconus].
2839 4683 2944 4733 xv;
2996 4666 3285 4736 Procopius
3326 4665 3421 4722 lib.
3471 4683 3486 4722 ι
3531 4669 3599 4726 de

2013 4739 2161 4796 Bello
2186 4740 2442 4803 Gothico;
2483 4739 2805 4808 anpOnius
2833 4740 3031 4800 'Lastus,
3065 4749 3170 4792 etc.

2089 4811 2165 4892 fe)
2201 4812 2369 4892 ._l_nli_us
2395 4806 2686 4865 Martiali—us
2713 4810 2866 4871 Buta,
2900 4810 2952 4863 in
2977 4809 3093 4862 Vita
3122 4806 3310 4862 Boetii.

2086 4882 2104 4949 (
2121 4883 2163 4947 ί)
2206 4881 2333 4934 Ibid.

2088 4954 2164 5021 (g)
2203 4951 2333 5003 nim.

2670 5092 2865 5103 ...-

1481 5154 1971 5216 TESTIMONIA
2010 5154 2114 5214 VA
2126 5152 2429 5213 BIOBUM

1089 5287 1244 5366 DE
1297 5284 1730 5366 BOETIO
1773 5286 1925 5368 ET
1970 5286 2099 5370 Ε]
2110 5288 2253 5369 US
2312 5286 2859 5379 SCRIPTIS,

444 5435 519 5476 ΔΒ
554 5435 689 5477 1Ρ3Α
724 5436 938 5478 ΒΟΕΤΙΙ
990 5437 1209 5479 ΕΤΔἹῈ

1273 5439 1351 5479 ΔΙ)
1383 5438 1627 5484 ΝοετιιΑ
1666 5441 1873 5493 USQUE
1905 5442 2231 5497 ΤΕΜΡΟΒΔ,
2264 5444 2385 5487 NON
2418 5443 2819 5486 INTERRUPTA
2855 5443 2968 5486 ΒΕ(

1795 5442 1873 5484 UE
1905 5442 2231 5497 ΤΕΜΡΟΒΔ,
2264 5444 2385 5487 NON
2418 5443 2819 5486 INTERRUPTA
2855 5443 3257 5486 SBGULORUM-
3284 5442 3490 5497 SERIE,

1738 5542 2163 5585 CONTINUATA.

387 5637 641 5702 Quamvis
668 5651 771 5689 non
804 5636 944 5690 idem
979 5638 1139 5694 fuerit
1158 5641 1496 5710 sreculorum,
1522 5661 1640 5713 quae
1665 5662 1694 5699 a
1720 5644 1907 5700 Boetio
1930 5663 1939 5673 ·

320 5726 386 5780 ad
421 5738 519 5780 nos
551 5740 720 5795 usque
742 5726 1035 5797 ﬂuxerunt,
1058 5730 1111 5785 in
1153 5732 1356 5789 litteras
1391 5749 1580 5803 amor,
1608 5737 1907 5805 saepiusque

319 5814 524 5873 idcirco
550 5816 847 5886 interrupta
865 5817 1025 5876 fuerit
1049 5821 1286 5880 virorum
1308 5825 1662 5882 litteratorum
1692 5839 1900 5880 memo-

2014 5645 2115 5708 ria,
2144 5644 2398 5713 singulari
2426 5654 2603 5699 tamen
2630 5647 2723 5699 Dei
2748 5642 3022 5714 privilegio
3046 5642 3262 5705 factum,
3290 5650 3347 5695 ut
3365 5654 3460 5695 sua
3488 5643 3593 5696 siut

2011 5734 2333 5804 quibuslibet
2383 5735 2465 5789 his
2498 5735 2709 5790 saeculis
2739 5735 2807 5791 de
2838 5734 3044 5790 meritis
3072 5732 3241 5789 Boetii
3270 5732 3589 5789 testimonia.

2014 5826 2284 5896 Praecipua
2325 5828 2631 5898 seligemus.
