4292 6262
622 400 726 454 565

1054 511 1360 581 QUINTUM
1398 507 1591 565 SIECU
1601 508 1683 563 LU
1693 507 1733 560 Μ
1755 548 1769 569 ,

622 619 889 660 κικιιιυιιλ
914 618 1053 658 uno
1074 617 1312 664 ueroque
1340 616 1529 655 BOETIO
1551 616 1615 653 AD
1642 613 1814 653 Ακκωι
1843 612 2049 651 cnnxsn
2074 596 2196 651 500.

693 695 994 749 Priscianus
1024 693 1439 757 Grammaticus,
1484 692 1653 759 patria
1702 688 2071 750 Cmsariensis,
2117 687 2201 740 vir

622 802 725 840 non
754 786 924 837 solum
949 784 1000 838 in
1031 781 1396 850 grammaticis
1419 790 1470 833 et
1494 779 1797 839 rhetoricis,
1828 793 2011 831 verum
2036 777 2197 831 etiam

622 879 673 931 in
698 874 1078 943 philosopliicis
1101 872 1599 937 mathematicisque
1629 868 2037 931 versatissimus,
2066 868 2202 921 libro

624 967 692 1018 de
716 964 1047 1019 Ponderibus
1075 972 1129 1016 et
1157 961 1436 1023 Mensuris,
1460 958 1686 1020 Boetius,
1717 958 1906 1026 inquit,
1937 957 2203 1023 probitatis

622 1063 666 1106 et
697 1054 919 1107 omnium
949 1052 1277 1105 scientiarum
1314 1052 1543 1102 verticem
1570 1050 1755 1119 attigit.

1066 1141 1345 1196 SEXTUM
1376 1140 1748 1204 S/ECULUM,

905 1250 1126 1289 mutaui
1168 1249 1231 1286 ΑΒ
1269 1247 1405 1285 uno
1433 1232 1534 1286 500
1563 1248 1628 1284 ΑΙ)
1668 1247 1754 1284 ΑΝ.
1797 1229 1920 1284 600.

697 1323 994 1388 Ennodius,
1052 1324 1165 1378 sive
1218 1333 1277 1377 ut
1322 1322 1636 1391 quibusdam
1687 1321 1897 1389 legitur,
1946 1319 2202 1387 Evodius,

625 1417 906 1487 episeopus
929 1414 1245 1479 Ticinensis,
1272 1413 1350 1466 vir
1370 1428 1489 1465 cum
1515 1412 1697 1465 stricta
1724 1420 1831 1464 tum
1855 1413 2011 1465 etiam
2033 1412 2204 1465 soluta

626 1506 868 1560 orationi:
896 1518 988 1557 sua
1012 1504 1356 1565 clarissimus,
1392 1501 1528 1555 libro
1570 1502 1797 1569 septimo
1834 1501 2201 1569 epistularum,

628 1597 853 1666 epistola
883 1595 1087 1649 decima
1118 1595 1273 1648 tertia
1302 1595 1503 1647 Boetio.
1538 1593 1632 1653 Tu,
1657 1594 1846 1661 inquit,
1875 1596 1925 1646 in
1942 1610 2018 1646 me
2038 1610 2206 1647 emen-

629 1686 887 1739 datissime
918 1684 1200 1748 hominum,
1234 1684 1467 1751 dignaris
1484 1683 1760 1747 prtedicare
1794 1684 2024 1743 virtutes,
2062 1699 2207 1750 quem

630 1776 685 1830 in
728 1777 874 1829 annis
918 1774 1197 1843 puerilibus
1229 1774 1336 1827 sine
1380 1774 1543 1829 aetatis
1591 1774 1914 1844 prwjudicio,
1951 1774 2205 1826 industria

1796 391 1908 446 AN.
1951 388 2163 443 MANL.
2203 386 2357 442 SEV.
2400 386 2713 444 BOETIUS.

2226 504 2275 562 Α
2304 502 2449 571 quasi
2473 501 2805 571 singulariter
2834 498 3031 552 videtur
3071 498 3298 566 palmata
3341 497 3593 566 conferre.
3632 495 3780 550 Venit
3820 498 3887 549 ad

3779 379 3883 439 56$

2305 609 2384 646 me
2403 594 2634 661 equidem
2661 592 2827 663 portio
2857 591 2921 644 de
2948 589 3147 653 curuli;
3202 590 3292 641 sed
3348 590 3392 641 si
3439 588 3565 641 mihi
3594 590 3885 654 conceditis,

2306 685 2421 755 plus
2459 686 2623 755 erigor
2653 686 2715 737 de
2746 683 2892 755 genio
2923 689 2967 735 et
2993 680 3175 734 studiis
3198 681 3477 734 sublimati.
3512 679 3778 732 Interdum
3802 698 3892 734 ac-

2306 785 2557 831 cesserunt
2600 777 2696 828 ista
2722 776 2783 827 de
2811 774 3031 836 casibus,
3064 773 3161 826 soli
3206 773 3524 840 contigerunt
3566 770 3658 824 illa
3694 773 3887 825 virtuti.

2306 865 2480 937 PrOpe
2504 868 2650 936 inaps
2683 866 2749 918 ad
2789 865 3069 932 scipionem
3097 863 3371 915 adducitur
3398 860 3630 928 suffragii
3659 863 3891 919 consula-

2305 959 2401 1023 ris,
2431 959 2522 1027 qui
2552 965 2751 1009 tantum
2774 957 2835 1007 de
2862 954 3152 1025 parentibus
3180 953 3449 1023 gloriatur.
3486 952 3601 1004 Tibi
3627 961 3894 1019 utrumque

2306 1050 2358 1103 in
2381 1048 2579 1119 peculio
2610 1056 2706 1112 est,
2732 1046 2957 1100 Latiaris
2990 1046 3223 1110 scientia,
3256 1054 3302 1097 et
3332 1060 3457 1096 vena
3490 1060 3851 1113 purpurarum.

3075 1136 3138 1190 ll.

2377 1228 2746 1295 Cassiodoms,
2773 1228 2863 1298 qui
2892 1228 3301 1296 intelligentiam
3338 1241 3615 1281 sacrorum
3644 1241 3764 1280 cum
3798 1241 3890 1281 no-

2307 1321 2456 1376 tione
2497 1322 2867 1390 profanorum,
2896 1327 3179 1389 utramque
3214 1334 3333 1373 cum
3366 1333 3575 1373 summa
3612 1320 3893 1373 sanctitate

2307 1413 2604 1482 conjunxit,
2636 1414 2852 1467 nomine
2893 1414 3038 1480 regis
3067 1411 3404 1475 Theoderici,
3448 1411 3601 1478 cujus
3638 1412 3891 1464 cancella-

2308 1508 2417 1560 rius
2440 1515 2577 1571 erat,
2612 1508 2791 1575 plures
2819 1505 2883 1559 ad
2915 1504 3159 1559 Boetium
3194 1504 3340 1558 misit
3375 1505 3649 1573 epistolas.
3681 1504 3790 1557 Una
3812 1513 3894 1559 est

2308 1598 2717 1667 quadragesima
2740 1598 2925 1666 quinta
2958 1597 3079 1652 libri
3118 1597 3273 1667 primi
3300 1596 3640 1666 epistolarum
3682 1594 3894 1650 Cassio-

2309 1688 2446 1753 dori,
2480 1690 2661 1757 sicque
2682 1687 2907 1743 effertur
2928 1703 2941 1738 :

2383 1779 2556 1833 Boetio
2580 1781 2689 1832 viro
2716 1778 2909 1832 illustri
2933 1776 3167 1829 Patricio
3192 1775 3532 1829 Theodericus
3560 1793 3681 1830 rex:

632 1870 750 1939 fecit
779 1870 1043 1937 antiquum
1074 1883 1093 1920 :
1122 1867 1208 1937 qui
1235 1884 1322 1935 per
1351 1868 1666 1939 diligentiam
1696 1868 1876 1935 imples
1904 1882 2050 1919 omne
2072 1869 2205 1935 quod
2235 1870 2283 1929 B
2380 1872 2683 1943 Spernenda
2713 1887 2813 1924 non
2842 1880 2982 1935 ειιηι,
3009 1886 3125 1938 qua:
3155 1887 3185 1921 a
3213 1870 3393 1921 vicinis
3411 1871 3609 1941 regibus
3648 1886 3895 1936 prmum-

632 1961 863 2030 cogitur;
894 1962 976 2013 cui
1003 1961 1134 2011 inter
1158 1959 1273 2012 vita:
1297 1959 1506 2011 exordia
1529 1958 1682 2011 ludus
1717 1968 1788 2011 est
1828 1958 2054 2011 lectionis
2085 1961 2212 2013 assi~

634 2050 825 2115 duitas,
862 2060 906 2103 et
929 2050 1125 2103 delicia:
1151 2050 1309 2102 sudor
1328 2049 1547 2103 alienus.
1584 2047 1644 2101 In
1668 2052 1815 2115 cujus
1858 2050 2089 2103 manibus
2120 2050 2216 2102 du-

633 2141 822 2210 plicato
855 2142 969 2211 igne
1006 2141 1205 2205 rutilat,
1239 2156 1339 2209 qua
1384 2151 1569 2193 veteres
1618 2140 1727 2206 face
1757 2139 2025 2206 fulserunt.
2078 2139 2216 2193 Nam

634 2235 772 2301 quod
816 2234 896 2288 vix
924 2234 1205 2305 majoribus
1246 2234 1381 2286 circa
1417 2232 1784 2286 extremitatem
1821 2233 1936 2285 vita:
1980 2233 2211 2302 contigit,

637 2327 732 2380 hoc
761 2327 847 2380 tibi
867 2328 1094 2381 abundat
1123 2330 1173 2381 in
1202 2327 1393 2380 limine.

712 2418 966 2486 Ejusdem
995 2419 1255 2486 episcOpi,
1288 2418 1426 2471 libro
1456 2426 1645 2472 octavo
1693 2418 2059 2486 epistolarnm,
2105 2419 2217 2485 epi-

636 2509 771 2564 stola
796 2510 963 2576 prima
986 2508 1157 2563 eidem
1190 2509 1376 2563 Boetio
1416 2510 1622 2563 consuli
1666 2509 1828 2563 facto.
1866 2510 2087 2579 Optima:
2109 2512 2218 2578 spei

640 2600 841 2670 plenus,
875 2601 1065 2669 inquit,
1090 2601 1171 2653 cui
1210 2606 1405 2669 fautum
1428 2602 1599 2670 cupio,
1630 2602 1698 2652 ad
1728 2618 1904 2655 curam
1932 2603 2081 2671 ofﬁcii
2112 2605 2219 2671 epi-

641 2692 844 2745 stolaris
867 2692 1060 2761 aspiro.
1095 2690 1247 2743 Decet
1269 2692 1402 2742 enim
1425 2692 1599 2744 vestris
1628 2692 1850 2761 fascibus
1890 2692 1987 2745 hac
2028 2694 2217 2763 praefa-

644 2781 781 2834 tione
809 2780 1022 2833 delibari
1044 2797 1063 2845 ;
1088 2790 1133 2833 et
1161 2782 1290 2833 inter
1315 2796 1571 2850 purpuras
1607 2782 1912 2849 possessoris
1957 2781 2065 2834 luce
2111 2798 2217 2835 cre-

641 2882 851 2937 scentes,
874 2872 1207 2941 qualicunque
1235 2889 1337 2925 non
1380 2870 1633 2923 abstinere
1664 2870 1937 2939 colloquio.
1968 2872 2219 2940 Nunquid

644 2966 801 3018 solius
824 2965 1067 3016 doctrina:
1093 2964 1347 3028 beneficiis
1378 2980 1523 3016 amor
1545 2965 1860 3034 agnoscitur,
1888 2981 1977 3017 nec
2009 2966 2088 3035 fas
2116 2981 2221 3019 esse

643 3054 951 3108 credendum
981 3063 1075 3118 est,
1108 3054 1313 3124 prodire
1342 3054 1394 3106 in
1425 3054 1647 3105 medium
1680 3054 1930 3107 desideria
1972 3056 2221 3107 rusticano

643 3146 753 3198 tis?
802 3144 1097 3215 Simplicius
1138 3145 1457 3197 innotescunt
1496 3155 1610 3197 vota
1656 3146 1799 3197 nullo
1828 3144 2022 3213 peritia:
2057 3145 2221 3199 velata

641 3236 921 3306 pra'stigio.
951 3233 1091 3304 Ergo
1114 3251 1205 3287 nos
1228 3234 1323 3287 hoc
1348 3251 1523 3289 sumus
1553 3251 1660 3300 ore,
1687 3236 1823 3305 quod
1846 3246 2065 3304 pectore.
2098 3236 2217 3290 Non
2245 3224 2291 3286 C

642 3346 818 3382 amara
845 3329 1241 3396 praecordiorum
1279 3328 1560 3393 deleniﬁcis
1593 3344 1860 3393 possumus
1889 3339 2084 3382 mutare
2111 3345 2221 3381 ser-

642 3419 894 3473 monibus.
952 3418 1159 3471 Pudens
1214 3418 1449 3469 laudator
1490 3428 1583 3481 est,
1627 3422 1710 3470 cui
1740 3421 1792 3470 in
1821 3420 2216 3473 concinnatione

642 3512 977 3564 blandimenti
1007 3510 1223 3562 dicenda
1252 3525 1388 3563 mens
1419 3510 1666 3581 suggerit.
1700 3509 1807 3563 Deo
1837 3527 1954 3579 ergo
1983 3513 2219 3581 omnipo-

644 3603 764 3657 tenti
789 3602 1003 3670 gratias,
1031 3599 1119 3668 qui
1147 3600 1199 3651 in
1228 3600 1387 3660 vobis,
1422 3600 1543 3651 dum
1588 3610 1752 3653 vetera
1801 3600 2015 3670 familia:
2046 3612 2223 3655 vestra:

643 3693 771 3746 bona
799 3692 1041 3753 custodit,
1074 3708 1202 3743 nova
1230 3690 1535 3760 multiplicat
1560 3707 1579 3753 ;
1602 3701 1647 3743 et
1675 3695 1809 3760 quod
1838 3694 1953 3762 plus
1979 3703 2053 3747 est
2078 3695 2223 3760 apice

644 3784 930 3854 dignitatis,
959 3783 1139 3851 dignos
1162 3782 1287 3851 facit
1310 3798 1414 3835 esse
1444 3784 1771 3840 culminibus.
1813 3784 2068 3837 Redditur
2104 3789 2219 3856 qui-

643 3877 756 3927 dem
785 3884 957 3927 vestra:
991 3875 1155 3943 gloria
1192 3874 1288 3925 ista
1336 3874 1546 3943 origini,
1600 3876 1686 3927 sed
1736 3877 1869 3943 quod
1902 3886 1975 3930 est
2005 3877 2217 3943 clarius,

642 3964 817 4017 merito
843 3964 1140 4033 impetrante
1160 3979 1404 4031 personis.
1445 3961 1627 4016 Fuerit
1658 3966 1709 4018 in
1738 3982 1925 4018 morem
1952 3968 2219 4033 veteribus,

641 4056 893 4110 curulium
915 4055 1263 4108 celsitudinem
1285 4055 1453 4123 campi
1466 4058 1649 4109 sudore
1667 4060 1898 4122 mercari,
1931 4068 1977 4111 et
1999 4071 2222 4112 contem-

644 4156 734 4215 ptu
763 4146 887 4198 lucis
917 4145 1170 4198 honorum
1200 4145 1311 4198 luce
1336 4146 1571 4216 fulgere;
1599 4147 1686 4199 sed
1714 4148 1859 4199 aliud
1883 4166 2037 4215 genus
2067 4152 2224 4202 virtu-

644 4239 707 4291 tis
736 4240 999 4307 quceritur,
1032 4248 1298 4307 postquam
1328 4239 1593 4305 prtemium
1621 4242 1757 4306 facta
1782 4249 1854 4292 est
1881 4241 2045 4293 Roma
2070 4242 2225 4295 victo-

646 4346 782 4384 rum.
800 4328 850 4380 Ν
854 4339 985 4381 aster
1002 4329 1308 4380 candidatus
1332 4339 1440 4395 post
1468 4330 1789 4399 manifes:am
1808 4333 2221 4400 deccrtatiouem,

644 4421 867 4473 debitum
896 4419 1227 4489 triumphum,
1258 4421 1380 4472 dum
1411 4437 1666 4485 nunquam
1695 4422 1873 4475 viderit
1916 4423 2068 4487 bella,
2110 4442 2224 4478 sor-

646 4513 785 4564 titur.
816 4510 1022 4563 Judicio
1052 4514 1209 4579 exigit
1237 4512 1463 4577 laureas,
1497 4520 1543 4565 et
1569 4514 1806 4582 congredi
1852 4531 1952 4567 non
1992 4531 2225 4569 necessa-

2317 1968 2503 2035 ptionis
2526 1966 2692 2035 gratia
2722 1964 3048 2030 postulantur
3072 1978 3089 2015 :
3134 1962 3260 2015 dum
3292 1963 3593 2033 plerumque
3621 1979 3700 2015 res
3728 1979 3896 2030 parvw

2316 2059 2432 2125 plus
2461 2056 2733 2125 prtevalent
2786 2064 3059 2123 prazstare,
3089 2070 3240 2122 quam
3288 2070 3486 2124 magna:
3531 2061 3739 2123 possunt
3768 2053 3897 2106 obti-

2315 2165 2432 2201 nere
2452 2148 2663 2200 diritiw.
2699 2143 3017 2214 Frequenter
3055 2146 3190 2197 enim
3218 2144 3354 2209 quod
3374 2160 3518 2197 arma
3564 2145 3767 2213 explere
3805 2159 3898 2196 ne-

2315 2249 2526 2307 queunt,
2565 2236 2898 2289 oblectamina
2925 2235 3185 2287 suavitatis
3228 2234 3519 2303 imponunt.
3548 2234 3631 2288 Sit
3660 2249 3772 2303 ergo
3805 2250 3898 2303 pro

2316 2330 2576 2399 republica
2605 2338 2651 2380 et
2677 2343 2791 2379 cum
2832 2327 3005 2379 ludere
3029 2327 3278 2379 videmur.
3313 2324 3453 2377 Nam
3468 2326 3581 2378 ideo
3602 2325 3899 2393 voluptuosa

2317 2420 2616 2489 qucrrimus,
2646 2426 2700 2470 ut
2729 2434 2817 2485 per
2843 2418 2976 2486 ipsa,
3008 2416 3143 2469 seria
3171 2416 3528 2482 rompleamus.
3570 2413 3899 2483 Burgundio-

2318 2525 2429 2560 rum
2454 2510 2619 2575 itaque
2641 2507 2877 2558 dominus
2906 2524 2934 2557 a
2967 2508 3109 2557 nobis
3149 2521 3456 2572 magnopere
3501 2506 3798 2570 postulavit,
3846 2515 3900 2557 ut

2320 2595 2662 2667 horologium,
2689 2596 2826 2664 quod
2853 2596 2997 2663 aquis
3053 2594 3143 2647 sub
3183 2596 3388 2647 modulo
3419 2596 3685 2663 fluentibus
3714 2605 3900 2664 tempe-

2317 2700 2484 2751 ratur,
2509 2696 2555 2740 et
2583 2687 2719 2755 quod
2748 2687 2869 2741 solis
2889 2687 3125 2740 immensi
3151 2687 3508 2756 comprehensa
3531 2687 3901 2740 illuminatione

2320 2780 2675 2849 distinguitur,
2702 2794 2817 2831 cum
2861 2778 3119 2847 magistris
3149 2794 3339 2843 rerum,
3370 2779 3416 2830 ei
3454 2780 3789 2831 transmittere
3821 2782 3901 2832 ds-

2321 2872 2569 2923 beremus.
2636 2870 2897 2934 Quatenus
2961 2869 3245 2936 impetratis
3303 2868 3724 2923 delectationibus
3787 2886 3902 2938 per-

2322 2961 2563 3030 fruendo,
2606 2961 2743 3027 quod
2769 2960 2909 3013 nobis
2930 2969 3001 3011 cst
3028 2960 3398 3027 quotidianum,
3423 2960 3522 3013 illis
3548 2962 3777 3014 videatur
3796 2978 3903 3015 esse

2322 3055 2649 3108 miraculum.
2698 3052 2879 3106 Merito
2906 3053 2948 3106 si
2977 3053 3179 3122 quidem
3208 3054 3454 3122 respicere
3490 3054 3729 3121 cupiunt,
3762 3055 3902 3121 quod

2325 3146 2604 3217 legatorum
2630 3160 2837 3198 suorum
2889 3144 3223 3197 relationibus
3268 3144 3641 3213 obstupescunt.
3680 3141 3797 3197 Hoc
3827 3155 3896 3207 te,

2324 3238 2485 3290 multa
2532 3235 2813 3288 eruditione
2841 3235 3167 3304 saginatum,
3195 3235 3266 3286 ita
3317 3251 3462 3289 nosse
3508 3235 3798 3296 didicimus.
3845 3244 3901 3289 ut

2324 3339 2477 3393 artes,
2500 3346 2626 3397 quas
2652 3336 2880 3381 exercent
2909 3328 3180 3398 uulgariter
3210 3328 3504 3392 nescientes,
3526 3328 3579 3381 in
3610 3329 3720 3398 ipso
3749 3328 3903 3381 disci-

2324 3422 2581 3491 plinarum
2610 3421 2747 3490 fonte
2774 3421 3040 3489 potaveris.
3071 3418 3158 3473 Sic
3180 3420 3313 3471 enim
3344 3420 3728 3473 Atheniensium
3749 3423 3900 3473 scho-

2324 3512 2402 3565 las
2428 3511 2577 3580 longe
2603 3510 2796 3580 po.\itus
2838 3510 3098 3573 introisti;
3126 3511 3199 3563 sic
3246 3510 3572 3577 palliatorum
3599 3513 3768 3565 choris
3802 3514 3900 3564 mi-

2324 3603 2497 3655 scuisti
2526 3610 2711 3670 tegam,
2748 3610 2800 3653 ut
2824 3600 3112 3653 Grazcorum
3138 3601 3378 3671 dogmata
3409 3601 3695 3653 doctrinam
3724 3602 3901 3670 feceris

2323 3707 2429 3744 esse
2455 3689 2759 3742 Rurnanam.
2813 3688 3055 3741 Didicisti
3084 3690 3241 3755 enim,
3270 3706 3368 3758 qua
3395 3692 3743 3759 profunditate
3790 3707 3903 3743 cum

2323 3782 2427 3835 suis
2466 3783 2692 3849 partibus
2732 3782 3041 3848 speculativa
3061 3782 3339 3851 cOgitetur:
3370 3796 3468 3848 qua
3500 3781 3699 3832 ratione
3738 3782 3906 3834 actim

2324 3890 2440 3927 cum
2471 3890 2563 3926 sua
2595 3874 2841 3926 divisione
2870 3873 3125 3938 discatur;
3149 3873 3400 3925 deducens
3416 3872 3483 3925 ad
3515 3872 3786 3925 Romuleos
3822 3888 3905 3925 se-

2326 3974 2546 4027 natores,
2572 3963 2809 4031 quicquid
2839 3960 3133 4031 Cecropides
3153 3962 3341 4014 mundo
3371 3962 3595 4031 fecerant
3622 3962 3901 4031 singulare.

2329 4054 2768 4108 Translationibus
2799 4054 2933 4105 enim
2960 4054 3060 4106 tuis
3093 4052 3419 4123 Pythagoras
3448 4058 3692 4121 musicus,
3727 4054 3906 4109 Ptolo-

2325 4161 2481 4197 mteus
2504 4154 2821 4197 astronomus
2846 4142 3077 4212 leguntur
3100 4142 3125 4194 Ι
3134 4146 3271 4196 talis.
3299 4143 3645 4198 Nicomachus
3666 4146 3907 4198 arithme-

2328 4236 2477 4295 ticus,
2505 4239 2833 4305 geometricas
2863 4232 3104 4287 Euclides
3127 4235 3410 4287 audiuntur
3446 4236 3704 4289 Ausoniis.
3752 4235 3903 4290 Plato

2328 4326 2612 4396 theologus,
2634 4326 2921 4379 Aristoteles
2949 4328 3141 4396 logicu‘s
3172 4326 3428 4391 Quirinali
3454 4345 3572 4381 voce
3601 4330 3908 4399 disceptant:

2326 4417 2677 4470 mechanicum
2706 4418 2853 4470 etiam
2876 4416 3224 4470 Archimedem
3246 4416 3492 4472 Latialem
3520 4417 3709 4471 Siculis
3737 4419 3910 4471 reddi-

2329 4510 2473 4565 disti.
2499 4509 2563 4561 Et
2594 4510 3237 4579 quascunquedisciplinas
3254 4511 3330 4563 vel
3357 4518 3492 4563 artes
3518 4509 3735 4578 fecunda
3765 4510 3911 4563 Grie-

647 4604 779 4655 rium
801 4603 947 4655 duxit
979 4604 1209 4655 armatis.
1233 4602 1377 4655 Inter
1417 4600 1677 4657 Ciceronis
1706 4605 1904 4672 gladios
1950 4616 1998 4659 et
2039 4606 2228 4659 Demo-
2254 4589 2307 4649 ἶ)
2332 4604 2411 4655 cia
2432 4618 2520 4670 per
2543 4602 2770 4670 singulos
2797 4602 2926 4654 viros
2956 4601 3136 4667 edidit,
3168 4614 3214 4655 te
3234 4618 3335 4655 uno
3361 4610 3569 4654 auctore
3611 4602 3778 4669 patrio
3813 4618 3912 4654 ser-

646 4692 837 4745 sthenis
880 4693 1085 4759 enituit,
1128 4702 1173 4745 et
1203 4694 1465 4761 utriusque
1489 4695 1739 4763 prapositi
1776 4696 2035 4760 acumina,
2082 4698 2230 4766 quasi

646 4790 799 4833 natus
825 4780 878 4831 in
901 4782 1011 4846 ipsa
1039 4782 1229 4834 artium
1257 4782 1641 4851 pace,collegit.
1664 4783 1830 4837 Nemo
1860 4785 2227 4839 dissonantium

649 4871 829 4922 Attica:
867 4872 1187 4939 perfectionis
1218 4881 1405 4924 metuat
1452 4879 1497 4924 et
1544 4872 1818 4936 Romante;
1850 4890 1941 4927 nec
1970 4877 2227 4943 prwcipua

648 4962 873 5030 gentium
896 4962 1025 5013 bona
1052 4964 1105 5014 in
1135 4964 1420 5015 societatem
1459 4962 1650 5015 dubitet
1680 4965 1960 5017 convenire.
2011 4964 2152 5018 Unus
2176 4982 2226 5018 es

646 5051 735 5117 qui
764 5060 1029 5119 utrumque
1058 5052 1425 5118 complecteris,
1470 5059 1515 5103 et
1539 5052 1784 5121 quidquid
1813 5054 1999 5106 viritim
2044 5055 2223 5107 distri-

650 5143 821 5193 butum
852 5149 1042 5207 poterat
1065 5142 1189 5194 sa‘is
1216 5158 1341 5206 esse,
1364 5144 1541 5194 avidus
1564 5144 1901 5194 maximarum
1921 5158 2091 5196 rerum
2111 5160 2228 5212 pos-

649 5245 816 5284 sessor
869 5229 1112 5283 includis.
1163 5231 1522 5298 Eloquentiam
1568 5241 1813 5293 veterum,
1842 5233 1966 5284 dum
1991 5233 2225 5300 imitaris,

648 5338 945 5391 exsuperas.
989 5321 1206 5374 Dicendi
1237 5326 1457 5391 formam
1505 5323 1808 5376 doctissimis
1863 5322 2061 5387 tribuis,
2103 5325 2227 5376 dum

650 5414 885 5477 requiris.
926 5404 1017 5465 Est
1044 5412 1181 5481 apud
1206 5428 1283 5464 me
1320 5414 1546 5482 epistolae
1572 5422 1769 5478 vestrae,
1798 5430 1911 5484 quae
1958 5415 2112 5486 hujus
2155 5417 2227 5470 rei

652 5506 804 5571 fidem
837 5507 1016 5575 faciat,
1042 5506 1326 5557 veneranda
1364 5508 1678 5573 compositio.
1716 5506 1921 5560 Utinam
1943 5524 2054 5575 quw
2080 5524 2112 5558 a
2136 5525 2228 5561 vo-

652 5596 725 5647 bis
747 5596 1059 5666 diriguntur,
1094 5606 1194 5649 tam
1216 5606 1373 5649 essent
1398 5595 1572 5647 crebra
1598 5613 1748 5663 quam
1762 5599 1937 5650 suavia
1964 5599 1983 5650 .'
2038 5598 2231 5651 DicaIis

655 5688 891 5752 forsitan,
928 5685 1031 5739 Par
1078 5688 1173 5755 fuit
1225 5689 1565 5757 propinquum
1612 5688 1850 5753 laudare,
1879 5692 1931 5742 in
1968 5705 2234 5741 commune

655 5788 980 5845 augmentum
1017 5780 1361 5842 laborantem:
1392 5781 1514 5850 quia
1556 5796 1654 5832 non
1684 5790 1753 5833 est
1784 5784 2070 5853 proprium,
2098 5782 2235 5852 quod

2335 4711 2485 4747 mone
2518 4695 2677 4748 Roma
2708 4697 2946 4765 suscepit.
2989 4695 3127 4759 Quos
3149 4706 3291 4749 tanta
3323 4695 3587 4748 verborum
3631 4694 3914 4747 luculentia

2335 4786 2603 4839 reddidisti
2634 4787 2819 4853 claros,
2866 4795 3011 4838 tanta
3046 4787 3232 4853 lingua:
3256 4787 3567 4855 proprietate
3587 4785 3909 4849 conspicuos,

2336 4886 2391 4930 ut
2419 4878 2698 4947 potuissent
2726 4886 2771 4930 et
2801 4876 2879 4930 illi
2909 4891 3036 4945 opus
3059 4888 3199 4930 tuum
3238 4877 3499 4945 prwferre,
3549 4876 3594 4929 si
3642 4884 3914 4943 utrumque

2334 4968 2739 5022 didicissent.Tu
2761 4978 2921 5022 artem
2942 4969 3335 5037 prtedictam,ea:
3356 4968 3641 5035 disciplinis
3666 4967 3916 5020 nobilibus

2332 5068 2530 5123 natam,
2578 5075 2667 5126 per
2690 5060 3038 5128 quadrifarias
3066 5059 3313 5113 Mathesis
3339 5060 3530 5127 januas
3563 5058 3805 5110 introisti.
3838 5056 3916 5111 Tu

2334 5149 2478 5201 illam
2533 5149 2585 5201 in
2638 5157 2837 5202 natura:
2884 5148 3227 5215 penetralibus
3253 5149 3619 5215 considentem,
3647 5156 3915 5199 auctorum

2338 5240 2482 5291 libris
2514 5240 2842 5292 invitantibus
2869 5240 3037 5292 cordis
3079 5240 3268 5292 lumine
3310 5241 3615 5309 cognovisti:
3644 5241 3725 5291 cui
3751 5240 3919 5292 ardua

2338 5347 2486 5385 nosse
2512 5347 2629 5384 usus
2655 5333 2922 5397 miracula,
2946 5341 3227 5385 monstrare
3253 5332 3566 5398 propositum
3591 5341 3685 5395 est,
3710 5331 3919 5383 molitur

2340 5419 2627 5481 ostendere,
2652 5422 2789 5487 quod
2832 5420 3185 5488 obstupescunt
3212 5419 3441 5473 homines
3468 5420 3687 5472 evenisse
3714 5434 3734 5471 :
3763 5419 3917 5470 miro-

2340 5528 2434 5580 que
2462 5513 2609 5562 modo
2658 5512 2854 5564 naturis
2896 5514 3146 5564 conversis
3185 5512 3309 5581 facti
3356 5510 3574 5563 detrahit
3597 5510 3778 5577 fidem,
3804 5524 3920 5560 cum

2340 5612 2547 5657 ostentet
2569 5618 2631 5655 ea:
2660 5602 2816 5653 oculis
2843 5602 3103 5656 visionem.
3132 5602 3281 5654 Facit
3309 5619 3465 5668 aquas
3486 5618 3547 5654 es:
3577 5601 3679 5653 imo
3703 5616 3919 5669 surgen-

2342 5704 2437 5757 tes,
2469 5692 2752 5761 prrecipites
2787 5693 2989 5757 cadere,
3036 5694 3201 5763 ignem
3243 5692 3553 5761 ponder.bus
3583 5707 3804 5755 currere,
3837 5703 3921 5741 or-

2346 5799 2481 5854 gana
2502 5799 2563 5838 ea:
2587 5784 2752 5837 raneis
2790 5784 2992 5838 vocibus
3037 5785 3302 5849 insonare;
3335 5792 3381 5839 et
3408 5784 3685 5856 peregrinis
3713 5782 3929 5851 flatibus.
