4292 6262
382 368 487 424 565

972 358 1035 413 ΙΝ
1081 358 1318 413 LIBROS
1359 358 1444 412 DE
1481 347 2001 411 CONSOLATIONE
2054 345 2531 404 PHILOSOPHUS
2568 345 3097 400 PROLEGOMENA.

3520 343 3628 401 566

370 482 591 537 “fama,
617 476 861 548 εοηιριεε,
887 477 1144 531 υιηιιηῑεα
1163 477 1359 546 pauiu:
1383 487 1495 529 arte
1518 483 1744 527 cantare.
1785 471 1945 525 Vide-
1974 471 2023 529 Α
2060 466 2237 520 tabunt
2259 467 2282 520 ?
2310 475 2358 520 et
2383 466 2587 533 quando
2613 465 2803 533 fuerint
2830 480 2863 515 a
2890 472 3093 532 stupore
3131 464 3378 528 conversi,
3409 481 3507 518 non
3537 484 3629 519 au.

372 590 484 626 mus
507 587 598 641 per
620 586 731 624 eam
760 568 1076 638 defensiones
1092 571 1207 637 jam
1235 568 1520 620 nutantium
1544 567 1802 619 civitatum
1818 606 1833 629 ,
1862 580 1950 618 su-

373 664 475 717 bito
526 659 619 714 tali
666 659 906 728 firmitate
956 672 1281 727 consurgere,
1330 667 1386 709 ut
1431 656 1951 731 machinamentorum

372 752 579 806 auxiliis
604 749 837 814 superior
857 747 1121 810 reddatur,
1153 748 1241 814 qui
1270 746 1570 815 desperatus
1595 745 1785 799 viribus
1814 744 1951 796 inve-

374 843 533 894 nitur.
575 839 839 892 Madentes
888 837 1093 905 fabricat
1149 837 1201 889 in
1245 853 1379 905 aqua
1422 836 1623 889 marina
1658 835 1951 888 siccantur:

376 933 508 984 dura
532 946 645 983 cum
677 930 861 998 fuerint
888 928 1149 998 ingeniosa
1178 926 1513 996 dispositione
1533 928 1793 980 solvuntur
1812 941 1831 989 ;
1850 941 1953 978 me-

377 1022 503 1074 talla
522 1020 753 1088 mugiunt
777 1035 794 1071 :
817 1017 1084 1072 Diomedis
1108 1018 1161 1070 in
1183 1010 1283 1071 tere
1299 1033 1446 1088 grues
1464 1017 1763 1085 buccinant:
1786 1032 1955 1070 wneus

377 1112 563 1185 anguis
590 1109 812 1164 insibilat
836 1125 854 1162 :
877 1124 991 1162 aves
1010 1107 1250 1161 simulate
1281 1108 1533 1178 fritiniunt
1561 1125 1579 1173 ;
1610 1115 1658 1160 et
1698 1123 1811 1177 qua:
1837 1123 1957 1177 pro-

380 1203 548 1271 priam
584 1217 755 1255 vocem
779 1201 1027 1265 nesciunt,
1068 1200 1131 1252 ab
1159 1214 1259 1252 tere
1308 1198 1632 1252 dulcedinem
1679 1197 1958 1268 probantur

378 1295 605 1347 emittere
633 1290 920 1345 cantilenae.
945 1288 1112 1342 Parva
1143 1290 1205 1342 de
1234 1289 1323 1341 illa
1353 1289 1646 1357 referimus,
1674 1289 1755 1339 cui
1781 1286 1959 1340 ccelum

380 1384 572 1436 imitari
591 1387 672 1452 fas
703 1392 774 1437 est
799 1399 819 1436 :
842 1380 953 1433 haec
978 1381 1109 1434 enim
1138 1381 1255 1448 fecit
1283 1380 1563 1433 secundum
1589 1378 1747 1431 solem
1783 1379 1838 1430 in
1862 1377 1959 1431 Ar-

380 1473 626 1529 chimedis
669 1474 873 1542 sphtera
923 1472 1188 1524 decurrere
1239 1486 1258 1523 :
1303 1469 1410 1523 hwc
1438 1468 1657 1522 alterum
1697 1470 1961 1523 zodiacum

382 1565 632 1619 circulum
654 1566 872 1617 humano
902 1562 1116 1616 consilio
1144 1562 1431 1632 fabricavit.
1462 1560 1592 1614 Hatc
1622 1559 1797 1614 lunam
1818 1560 1960 1628 defe-

384 1668 471 1710 ctu
497 1672 591 1709 suo
636 1654 973 1724 reparabilem
1021 1655 1147 1706 artis
1199 1653 1575 1706 illuminatione
1627 1650 1962 1704 monstravit:

386 1763 696 1818 parvamque
722 1745 1028 1809 machinam,
1052 1734 1318 1815 gravidam
1339 1743 1554 1809 mundo,
1584 1741 1765 1796 caelum
1792 1750 1963 1811 gesta-

2053 556 2241 610 debunt
2258 573 2311 609 se
2339 556 2558 623 tequales
2602 554 2749 608 nobis
2778 553 2967 618 dicere,
3016 555 3155 621 apud
3189 572 3316 624 quos
3363 556 3527 610 sciunt
3556 574 3633 609 sa-

2055 649 2244 718 pientes
2265 648 2391 700 talia
2418 648 2684 717 cogitasse.

2126 740 2309 792 Altera
2340 737 2563 805 epistola
2608 735 2848 805 ejusdem
2881 734 3188 789 Cassiodori
3219 747 3300 789 est
3342 738 3631 809 quadriga

2055 831 2187 885 sima
2210 830 2331 883 libri
2364 828 2609 893 secundi,
2639 843 2758 895 qua:
2789 828 2867 880 sic
2889 841 2949 880 se
2979 826 3139 880 habet
3165 842 3178 880 :

2125 921 2303 979 Boetio
2331 920 2546 991 patricio
2573 918 2913 971 Theodericus
2939 936 3047 972 rex.

2130 1014 2259 1067 Cum
2302 1029 2393 1065 rex.
2424 1011 2761 1075 Francorum,
2791 1012 3001 1065 convivii
3030 1013 3188 1064 nostri
3215 1015 3350 1081 fama
3375 1013 3635 1075 pellectus,

2056 1120 2089 1157 a
2125 1103 2270 1157 nobis
2308 1104 2641 1156 citharazdunt
2682 1103 2877 1172 magnis
2910 1102 3142 1170 precibus
3180 1104 3479 1172 expetisset,
3527 1105 3637 1157 sola

2057 1195 2255 1246 ratione
2293 1192 2650 1259 complendum
2691 1207 2799 1244 esse
2836 1192 3184 1261 promisimus,
3224 1193 3363 1259 quod
3393 1202 3439 1245 te
3468 1195 3639 1245 erudi-

2060 1286 2210 1339 tionis
2244 1286 2452 1339 musica:
2496 1286 2711 1350 peritum
2744 1300 2848 1337 esse
2883 1298 3204 1336 noveramus.
3252 1283 3468 1353 Adjacet
3509 1288 3640 1337 enim

2059 1376 2195 1429 vobis
2217 1378 2419 1428 doctum
2448 1375 2653 1443 eligere,
2681 1375 2766 1442 qui
2803 1373 3130 1441 disciplinam
3159 1375 3325 1442 ipsam
3378 1375 3434 1426 in
3480 1377 3640 1428 arduo

2062 1469 2386 1533 collocatam,
2420 1467 2656 1537 potuistis
2678 1468 2944 1535 attingere.
2968 1464 3101 1530 Quid
3115 1467 3248 1519 enim
3278 1467 3370 1520 illa
3397 1477 3638 1535 praestari.

2063 1561 2181 1622 tius,
2214 1576 2329 1630 quae
2356 1560 2467 1613 caeli
2504 1558 2798 1611 machinam
2824 1574 3011 1611 sont-ra
3033 1559 3300 1613 dulcedine
3324 1559 3641 1623 modulatur,

2062 1660 2109 1704 et
2138 1659 2333 1704 natura:
2361 1649 2759 1703 convenientiam
2780 1648 2965 1716 ubique
2985 1646 3271 1717 dispersam
3300 1650 3498 1703 virtutis
3538 1667 3642 1704 sua

2066 1744 2234 1815 gratia
2249 1741 2649 1811 comprehendit.
2677 1740 2743 1793 Et
2762 1740 2918 1808 paulo
2935 1752 3051 1807 post
3075 1757 3088 1792 :
3118 1740 3224 1795 Sed
3239 1744 3479 1811 quoniam
3502 1746 3642 1797 nobis

384 1843 503 1909 bile,
530 1840 884 1908 compendium
904 1854 1091 1899 rerum,
1127 1836 1390 1906 speculum
1412 1845 1628 1897 naturae,
1658 1835 1725 1887 ad
1749 1835 1967 1901 speciem
1995 1830 2043 1891 B
2070 1836 2205 1903 facta
2232 1841 2305 1887 est
2326 1832 2628 1901 voluptuosa
2649 1829 2893 1901 digressio
2919 1830 3061 1899 (quia
3105 1849 3302 1901 semper
3340 1843 3540 1904 gratum
3571 1844 3642 1887 est

384 1933 529 1986 tether
543 1934 583 1985 is
601 1928 1091 1997 incomprehensibili
1113 1928 1389 1981 mobilitate
1407 1927 1661 1979 volutavit.
1695 1925 1786 1979 Sic
1800 1935 1961 1993 astra,

385 2037 603 2090 quorum
627 2022 743 2073 licet
770 2035 974 2071 cursum
995 2019 1240 2081 sciamus,
1267 2016 1557 2087 fallentibus
1581 2026 1747 2070 tamen
1778 2016 1962 2083 oculis,

388 2110 593 2178 prodire
623 2125 724 2161 non
755 2124 1037 2162 cernemus.
1074 2108 1233 2160 Stans
1256 2108 1464 2175 quidam
1501 2108 1553 2159 in
1584 2106 1688 2160 illis
1725 2107 1967 2159 transitus

389 2210 461 2254 est
486 2216 502 2252 :
530 2211 574 2253 et
590 2216 704 2269 qute
738 2199 972 2251 velociter
996 2214 1197 2250 currere
1223 2214 1337 2250 vera
1365 2197 1560 2251 ratione
1591 2197 1867 2267 cognoscis,
1915 2212 1969 2249 se

388 2309 580 2345 movere
607 2309 707 2344 non
739 2292 973 2361 respicis.
1028 2290 1192 2352 Quale
1221 2298 1315 2352 est,
1344 2291 1439 2342 hoc
1475 2290 1669 2341 homini
1706 2291 1860 2341 etiam
1886 2289 1967 2357 fa-

388 2397 519 2442 cere,
551 2381 689 2449 quod
717 2382 790 2432 vel
823 2380 1131 2431 intellexisse
1153 2389 1311 2447 potest
1343 2395 1450 2431 esse
1501 2378 1769 2431 mirabile?
1801 2378 1968 2443 Quare

388 2489 501 2525 cum
529 2486 613 2524 vos
641 2480 781 2523 ornet
812 2472 991 2522 talium
1019 2485 1190 2525 rerum
1219 2470 1549 2539 prmdicanda
1588 2470 1789 2533 notitia,
1820 2470 1969 2521 horo-

389 2564 526 2632 logia
554 2561 717 2625 nobis,
743 2560 955 2628 publicis
975 2562 1225 2629 expensis,
1258 2561 1366 2614 sine
1385 2570 1546 2613 vestro
1568 2561 1857 2628 dispendio,
1883 2562 1968 2614 de-

389 2655 591 2707 stinate.
616 2650 848 2704 Primum
878 2652 963 2717 sit,
987 2651 1071 2703 ubi
1098 2655 1257 2721 stylus
1298 2653 1397 2705 tliei
1443 2653 1597 2705 index
1626 2669 1714 2721 per
1742 2656 1970 2705 umbram

390 2748 629 2814 exiguam
654 2744 806 2797 horas
835 2744 1091 2796 consuevit
1116 2745 1400 2797 ostendere.
1432 2744 1631 2798 Radius
1669 2746 1840 2813 itaque
1870 2746 1969 2796 im-

391 2835 593 2887 mobilis
616 2843 659 2886 et
687 2849 892 2902 parvus,
926 2848 1172 2905 peragens
1206 2835 1342 2903 quod
1373 2844 1477 2887 tam
1509 2836 1742 2888 miranda
1771 2835 1971 2904 magni-

392 2928 517 2981 tudo
546 2928 669 2981 solis
700 2928 965 2992 discurrit,
1016 2937 1064 2979 et
1110 2928 1286 2997 fugam
1330 2928 1454 2981 solis
1481 2929 1784 2997 tequiparat.
1834 2926 1970 2996 quod

392 3029 588 3072 motum
617 3033 815 3088 semper
835 3019 1061 3087 ignorat.
1092 3017 1384 3072 lnviderent
1406 3018 1594 3070 talibus
1618 3018 1662 3071 si
1691 3027 1830 3069 astra
1856 3034 1971 3070 sen-

393 3110 562 3172 tirent,
592 3117 641 3161 et
666 3116 888 3161 meatum
913 3124 1060 3161 suum
1084 3110 1299 3176 fortasse
1319 3108 1659 3176 deﬂecterent,
1690 3124 1752 3159 ne
1776 3110 1865 3159 tali
1892 3108 1972 3160 lu-

2070 1923 2133 1977 de
2160 1923 2394 1976 doctrina
2441 1923 2660 1990 colloqui
2681 1940 2795 1976 cum
2824 1924 3016 1993 peritis)
3062 1926 3417 1990 citharoedum,
3448 1945 3593 1997 quem
3612 1946 3643 1984 α

2068 2016 2211 2070 nobis
2235 2016 2457 2069 diximus
2506 2017 2815 2087 postulatum
2848 2020 3098 2089 sapientia
3134 2030 3296 2073 vestra
3336 2021 3490 2089 eligat
3518 2039 3644 2087 prce-

2069 2109 2197 2160 senti
2216 2116 2443 2176 tempore
2462 2108 2734 2167 meliorem.
2766 2110 2995 2179 facturus
3034 2112 3231 2180 aliquid
3279 2111 3488 2174 Orphei,
3531 2130 3643 2169 cum

2070 2196 2207 2248 dulci
2251 2212 2374 2249 sono
2399 2195 2657 2265 gentilium
2687 2197 2798 2263 fera
2841 2197 2997 2249 corda
3026 2198 3295 2253 domuerit.
3327 2198 3393 2250 Et
3442 2212 3644 2268 quanta:

2072 2288 2213 2338 nobis
2241 2287 2419 2356 gratice
2448 2285 2640 2352 fuerint
2662 2296 2807 2352 actw,
2842 2296 2995 2340 tantm
3024 2288 3162 2341 vobis
3193 2306 3255 2342 ea:
3282 2301 3455 2342 nostra
3477 2307 3644 2359 (equa-

2071 2376 2160 2429 bili
2184 2381 2592 2445 compensatione
2614 2380 2916 2444 referentur,
2944 2379 3030 2447 qui
3050 2391 3094 2430 et
3114 2381 3327 2449 imperio
3350 2391 3521 2435 nostro
3550 2400 3642 2451 pa-

2070 2468 2215 2533 retis,
2253 2476 2300 2520 et
2325 2467 2459 2534 quod
2480 2482 2565 2519 vos
2585 2466 2869 2535 clariﬁcare
2890 2468 3077 2537 possit,
3104 2469 3326 2537 efficitis.

2144 2560 2285 2612 Ideni
2308 2558 2666 2612 Cassiodorus
2698 2560 2762 2612 ad
2792 2560 2949 2614 linem
2977 2561 3094 2615 libri
3143 2562 3437 2618 Dialecticm
3460 2563 3528 2619 de
3557 2548 3647 2617 eo.

2071 2650 2192 2704 dem
2241 2648 2423 2702 Btretio
2453 2649 2524 2700 ita
2566 2648 2800 2718 loquitur
2848 2668 2859 2703 :
2919 2649 3084 2714 Illud,
3131 2653 3323 2721 inquit,
3362 2666 3646 2725 competens

2062 2740 2411 2811 judicavimus
2454 2742 2798 2810 recapitulare
2846 2742 3077 2810 breviter,
3111 2760 3326 2811 quarunt
3373 2748 3545 2801 labore
3590 2750 3644 2802 in

2072 2833 2277 2886 Latium
2304 2834 2557 2902 eloquium
2592 2849 2671 2885 res
2698 2834 2809 2886 ista:
2836 2836 3184 2901 pervenerint:
3210 2846 3264 2888 ut
3293 2854 3381 2890 nec
3422 2841 3644 2892 auctori-

2075 2923 2165 2975 bus
2191 2922 2357 2992 gloria
2379 2940 2473 2976 sua
2494 2933 2702 2991 pereat:
2731 2922 2871 2977 nobis
2916 2924 3205 2993 plenissime
3250 2930 3322 2977 rei
3361 2929 3542 2981 veritas
3569 2932 3647 2980 in-

2074 3023 2314 3065 notescat.
2336 3011 2521 3083 IsagOg
2529 3030 2585 3064 en
2609 3011 2864 3065 transtulit
2885 3012 3131 3082 patricius
3144 3013 3370 3078 Boetius,
3395 3031 3649 3070 commen-

2077 3113 2223 3171 taque
2242 3106 2353 3173 ejus
2375 3104 2571 3173 gemina
2611 3102 2983 3169 derelinquens.
3009 3103 3450 3173 Categoriasidem
3475 3116 3646 3161 trans-

393 3201 557 3253 dibrio
592 3201 929 3271 subiacerent.
970 3198 1068 3252 Ubi
1120 3209 1191 3253 est
1227 3200 1360 3253 illud
1380 3200 1623 3252 horarum
1674 3199 1737 3251 de
1786 3200 1973 3254 lumine
2000 3196 2045 3257 C
2077 3204 2088 3247 ι

1954 3218 1973 3254 ε
2000 3196 2045 3257 C
2077 3194 2189 3247 tulit
2222 3194 2463 3261 patricius
2494 3192 2721 3257 Boetius,
2748 3195 2893 3263 cujus
2911 3206 3191 3249 commenta
3214 3196 3649 3267 tribuslibrisipse

393 3292 720 3353 venientium,
750 3287 1012 3359 singulare
1050 3289 1377 3352 miraculum,
1417 3290 1460 3342 si
1488 3288 1578 3341 has
1616 3299 1661 3340 et
1691 3292 1865 3341 umbra
1890 3290 1976 3343 de-

394 3389 643 3433 monstrat
662 3381 687 3432 !
718 3376 815 3432 Ubi
842 3376 1182 3445 praedicabilis
1211 3378 1469 3445 indefecta
1498 3379 1702 3445 rotatio,
1733 3379 1777 3430 si
1807 3381 1900 3430 hoc
1929 3389 1976 3432 et

396 3472 601 3524 metalla
639 3480 917 3539 peragunt,
958 3485 1071 3538 quia
1119 3470 1220 3523 situ
1251 3481 1494 3538 perpetuo
1542 3472 1904 3524 continentur?
1933 3471 1977 3523 Ο

397 3565 520 3615 artis
548 3562 913 3613 inaestimabilis
943 3560 1127 3622 virtus,
1152 3575 1265 3627 qua:
1302 3563 1424 3612 dum
1448 3576 1498 3614 se
1523 3561 1644 3613 dicit
1667 3560 1861 3624 ludere,
1882 3578 1978 3612 na-

399 3662 527 3705 tura:
555 3653 793 3719 prazvulet
824 3659 1017 3704 secreta
1056 3654 1278 3718 vulgare.
1306 3650 1600 3704 Secundum
1622 3653 1705 3711 sit,
1730 3650 1816 3703 ubi
1844 3665 1979 3717 pra?-

399 3751 473 3792 ter
494 3743 618 3795 solis
656 3742 828 3793 radios
857 3742 983 3793 hora
1004 3741 1340 3810 dignoscitur,
1371 3749 1540 3794 noctes
1563 3740 1615 3793 in
1646 3750 1812 3810 partes
1848 3740 1978 3793 divi-

400 3839 522 3890 dens
544 3853 564 3891 :
592 3836 731 3905 quod
776 3844 829 3887 ut
863 3833 992 3888 nihil
1030 3835 1229 3888 deberet
1274 3836 1445 3900 astris,
1492 3836 1739 3888 rationent
1769 3835 1881 3889 caeli
1910 3836 1979 3889 ad

401 3943 652 3995 aquarum
700 3926 863 3995 potius
908 3928 1101 3992 fluenta
1148 3926 1392 3977 convertit
1430 3939 1447 3977 :
1497 3941 1711 3992 quorum
1765 3927 1979 3980 motibus

402 4021 639 4081 ostendit,
670 4020 806 4087 quod
832 4019 955 4071 caelo
979 4018 1195 4071 volvitur
1227 4033 1245 4070 :
1274 4028 1320 4070 et
1356 4017 1540 4069 audaci
1589 4022 1978 4085 prtesumptione

399 4120 641 4176 concepta
667 4125 753 4161 ars
780 4108 1039 4161 elementis
1087 4108 1301 4175 confert,
1351 4107 1487 4174 quod
1521 4108 1728 4177 originis
1758 4108 1978 4160 conditio

400 4202 686 4270 denegavit,
715 4201 963 4252 universa:
984 4198 1267 4265 disciplima
1294 4207 1503 4249 cunctus
1529 4198 1857 4266 prudentium
1904 4198 1981 4249 la-

404 4294 493 4345 bor
515 4302 712 4345 natura:
736 4291 1033 4361 potentiam,
1068 4298 1121 4341 ut
1148 4296 1342 4341 tantum
1370 4290 1559 4355 possint
1587 4305 1751 4353 nosse,
1774 4291 1982 4357 perqui-

402 4383 488 4433 rit.
524 4381 876 4433 Mechanisma
925 4379 1095 4432 solum
1139 4387 1230 4444 est,
1273 4380 1408 4443 quod
1440 4378 1667 4430 illamea:
1708 4379 1981 4430 contrariis

401 4473 592 4540 appetit
619 4471 809 4522 imitari
832 4482 852 4521 :
880 4478 926 4521 et
943 4469 987 4520 si
1010 4472 1090 4535 fas
1117 4477 1189 4520 est
1230 4469 1395 4520 dicere
1423 4468 1475 4518 in
1502 4468 1803 4535 quibusdam
1823 4469 1979 4521 etiant

400 4562 581 4614 nititur
608 4559 741 4612 velle
788 4574 1053 4628 superare.
1108 4556 1226 4609 Hoc
1283 4558 1414 4609 enim
1440 4558 1621 4624 fecisse
1663 4559 1980 4626 dignoscitur

402 4649 682 4703 Dredalum
720 4650 909 4701 volare.
946 4646 1060 4700 Hoc
1104 4652 1323 4715 ferreum
1372 4646 1673 4714 Cupidinem
1714 4649 1766 4698 in
1798 4648 1979 4701 Biante

400 4742 591 4808 templo
619 4744 726 4796 sine
746 4743 920 4811 aliqua
949 4743 1245 4811 alligatione
1275 4744 1513 4810 pendere.
1545 4742 1655 4794 Iloc
1681 4744 1831 4797 hodie
1857 4744 1979 4811 facit

401 4845 546 4884 muta
574 4845 800 4896 cantare,
825 4836 1084 4886 insensata
1107 4834 1287 4894 vivere,
1316 4832 1595 4884 immobilia
1621 4832 1826 4886 moveri.
1864 4832 1977 4884 lle-

402 4923 666 4987 chanicus,
704 4924 748 4975 si
793 4923 873 4991 fas
901 4931 975 4976 est
1003 4923 1189 4987 dicere,
1240 4938 1365 4988 pene
1410 4923 1577 4975 socius
1622 4928 1694 4974 est
1736 4930 1978 4975 naturte:

403 5014 602 5065 occulta
640 5029 898 5077 reserans,
943 5014 1212 5082 mnifesto
1264 5024 1577 5079 convertens,
1613 5015 1870 5066 miraculis
1905 5017 1983 5066 lu-

404 5103 561 5167 dens;
589 5103 663 5154 ita
693 5103 902 5170 pulchre
937 5102 1206 5168 simulans,
1241 5113 1296 5155 ut
1340 5104 1477 5172 quod
1516 5105 1848 5172 compositum
1880 5120 1983 5157 non

405 5192 701 5262 ambigitur,
726 5193 908 5245 veritas
954 5193 1252 5246 aestimetur.
1301 5192 1427 5245 Ilwc
1474 5194 1592 5260 quia
1626 5195 1899 5248 studiosius
1938 5208 1986 5247 te

407 5281 585 5349 legisse
613 5281 948 5346 comperimus
967 5322 981 5345 ,
1016 5283 1262 5351 prwdicta
1291 5283 1432 5333 nobis
1476 5283 1739 5351 horologia
1770 5291 1985 5350 quanto-

407 5370 515 5421 cius
538 5370 872 5422 transmittere
893 5371 1191 5423 maturabis.
1232 5370 1298 5423 Ut
1336 5380 1381 5421 te
1430 5380 1604 5422 notum
1635 5372 1687 5422 in
1717 5371 1809 5423 illa
1829 5381 1983 5436 ,partc

407 5460 582 5511 mundi
600 5459 785 5528 facias,
815 5459 900 5511 ubi
927 5461 1077 5513 aliter
1115 5461 1370 5529 pervenire
1416 5475 1514 5512 non
1560 5468 1778 5529 poteras.
1811 5459 1984 5530 Agno-

406 5562 548 5605 scant
576 5566 665 5617 per
699 5561 744 5603 te
769 5560 951 5605 extera
997 5560 1192 5623 gentes;
1226 5554 1348 5605 tales
1401 5568 1495 5605 nos
1550 5552 1729 5606 habere
1767 5554 1982 5618 nobiles,

408 5644 580 5708 quales
622 5643 859 5712 leguntur
889 5653 1142 5697 auctores.
1197 5643 1405 5710 Quoties
1453 5659 1553 5696 non
1594 5654 1709 5696 sunt
1747 5646 1985 5698 credituri

409 5733 495 5797 qui
520 5734 776 5785 viderint?
804 5735 990 5801 quoties
1024 5735 1154 5787 hanc
1183 5735 1436 5787 veritatem
1467 5734 1655 5786 lusoria
1671 5736 1866 5787 somnia
1888 5752 1982 5803 pu-

2079 3306 2274 3358 quoque
2301 3290 2575 3359 formavit:
2606 3287 2726 3342 Peri
2746 3288 3028 3343 hermenias
3055 3307 3210 3360 supra
3236 3302 3544 3347 memoratus
3567 3310 3651 3362 pa-

2082 3381 2257 3432 tricius
2289 3379 2495 3433 Boetius
2522 3380 2781 3433 transtulit
2819 3381 2873 3433 in
2914 3379 3174 3447 Latinum,
3207 3385 3355 3455 cujus
3374 3394 3652 3439 commenta

2079 3470 2185 3537 ipse
2209 3468 2436 3538 duplicia
2451 3470 2789 3523 minutissima
2811 3470 3156 3540 disputatione
3172 3474 3653 3541 tractavit...Supra

2080 3572 2384 3614 memoratus
2412 3562 2662 3631 patricius
2684 3560 2892 3615 Boetius
2921 3562 2984 3616 de
3002 3564 3309 3635 syllogismis
3320 3565 3654 3638 hypotheticis

2081 3654 2391 3707 lucidissime
2419 3654 2758 3723 pertractavit,
2781 3663 2885 3708 etc.

2829 3747 2912 3800 ΙΙΙ.

2152 3837 2465 3904 Procopius,
2489 3836 2832 3891 Caesariensis
2854 3853 2925 3891 ex
2949 3838 3247 3905 Palaestina,
3278 3839 3461 3895 rhetor
3488 3850 3542 3896 et
3568 3858 3656 3897 so-

2082 3931 2250 3998 phista
2285 3932 2423 3982 inter
2455 3931 2628 3983 varias
2674 3945 2799 3983 suns
2843 3930 3095 3984 historias
3139 3931 3352 3999 scripsit
3398 3932 3466 3986 de
3510 3934 3655 3989 Bello

2083 4020 2376 4073 Gothorum
2410 4019 2576 4072 libras
2608 4029 2733 4083 tres,
2769 4020 2820 4073 in
2851 4034 3074 4086 quorum
3104 4021 3275 4088 primo
3302 4022 3442 4090 quod
3473 4020 3656 4081 Graeco

2082 4111 2302 4164 dixitde
2334 4110 2540 4173 Boctio,
2574 4110 2650 4163 sic
2689 4110 2875 4163 Latine
2920 4110 3196 4163 redditur:

2155 4199 2493 4268 Symmachus
2545 4209 2587 4251 et
2620 4200 2730 4268 ejus
2758 4215 2909 4267 gener
2938 4198 3146 4252 Boetius
3164 4202 3385 4267 patricii,
3412 4200 3518 4253 alto
3549 4218 3657 4255 ma-

2074 4294 2251 4361 jorum
2293 4291 2557 4358 sanguine,
2608 4290 2860 4356 principes
2909 4306 3023 4342 vero
3078 4299 3287 4343 senatus
3336 4292 3572 4356 Romani,
3612 4311 3657 4347 et

2083 4378 2314 4431 consules
2349 4380 2505 4445 fuere,
2541 4379 2877 4445 philosophia:
2915 4389 2964 4432 et
3008 4381 3237 4446 aequitati
3266 4397 3421 4448 supra
3456 4392 3657 4436 ca’teros

2084 4468 2319 4520 mortales
2346 4469 2658 4531 studuerant,
2683 4468 2953 4537 multisque
2969 4472 3137 4541 egenis
3160 4480 3265 4523 tum
3291 4469 3655 4536 Romanorum,

2010 4546 2061 4605 D
2088 4569 2193 4612 tum
2223 4570 2537 4612 externorum
2569 4560 2746 4624 apibus
2762 4562 2868 4614 suis
2894 4562 3178 4615 subvenere.
3211 4562 3284 4614 Ili
3311 4562 3379 4612 ad
3410 4562 3658 4628 ingentem

2086 4650 2301 4721 gloriam
2326 4652 2496 4714 evecti,
2538 4653 2829 4705 deterrimos
2851 4669 3072 4721 quosque
3093 4654 3146 4706 in
3179 4656 3257 4707 sui
3287 4654 3525 4705 invidiam
3540 4669 3661 4705 con-

2087 4743 2332 4794 citarunt:
2354 4742 2531 4809 quibus
2554 4740 2864 4795 delatOribus
2888 4742 3227 4796 Theodericus
3253 4758 3341 4796 rex
3361 4760 3659 4813 persuasus,

2085 4835 2215 4885 viros
2241 4833 2548 4885 clarissimos
2576 4834 2785 4901 perinde
2812 4850 2871 4886 ac
2891 4851 2967 4886 res
2996 4848 3149 4887 novas
3172 4832 3431 4888 molientes
3453 4838 3656 4904 occidit,

2086 4938 2357 4991 eorumque
2378 4924 2506 4974 bona
2530 4923 2700 4976 omnia
2737 4924 3027 4987 publicavit.
3054 4923 3159 4977 Sed
3187 4926 3365 4994 pa'ucis
3400 4940 3508 4992 post
3559 4928 3660 4982 die-

2088 5011 2180 5065 bus
2209 5012 2424 5064 coenanti
2454 5010 2532 5064 illi
2562 5027 2674 5064 cum
2719 5013 2935 5081 ingentis
2962 5013 3114 5081 piscis
3135 5023 3286 5083 caput
3316 5015 3538 5069 ministri
3558 5033 3661 5088 ap-

2087 5103 2395 5171 posuissent,
2444 5104 2576 5156 illud
2644 5102 2957 5157 Theoderico
3012 5107 3171 5158 visum
3242 5115 3313 5159 est
3363 5117 3516 5175 caput
3555 5125 3662 5163 esse

2088 5192 2385 5259 Symmachi
2430 5209 2591 5262 nuper
2632 5194 2803 5257 occisi,
2858 5194 3090 5248 dentibus
3118 5196 3319 5263 quidem
3363 5198 3417 5250 in
3450 5198 3661 5263 inferius

2087 5283 2281 5336 labrum
2306 5285 2556 5351 impastis,
2589 5284 2749 5337 oculis
2771 5299 2885 5338 vero
2916 5294 3051 5340 torve
3074 5296 3121 5340 et
3161 5288 3433 5354 furibunde
3459 5289 3660 5340 intuen-

2095 5370 2223 5423 tibus
2273 5372 2455 5423 minari
2491 5371 2585 5424 sibi
2610 5372 2887 5441 plurimum
2929 5375 3209 5429 videbatur.
3245 5377 3392 5431 Unde
3443 5377 3663 5446 prodigi

2093 5464 2309 5512 novitate
2332 5461 2646 5528 perterritus,
2678 5462 3008 5532 membrisque
3025 5475 3207 5535 prceter
3244 5466 3449 5517 modum
3482 5475 3663 5516 treme~

2092 5550 2290 5603 bundus
2316 5561 2364 5605 et
2398 5550 2629 5617 horrens,
2661 5554 2715 5607 in
2746 5557 2929 5609 lectum
2984 5561 3138 5610 citato
3183 5558 3347 5628 gradu
3383 5573 3435 5611 se
3478 5560 3683 5628 recepit

2090 5644 2460 5712 identidemque
2486 5646 2582 5699 sibi
2605 5656 2841 5720 togarum
2874 5651 2970 5702 vim
2996 5665 3232 5719 magnam
3255 5650 3414 5718 ingeri
3434 5650 3664 5720 jubendo

2091 5736 2303 5803 paulum
2320 5738 2520 5806 quievit.
2552 5736 2765 5811 Elpedio
2787 5741 2967 5795 deinde
2993 5743 3184 5797 medico
3214 5743 3464 5809 omnibus,
3494 5759 3664 5811 querna
