4292 6262
625 358 724 413 567

1793 360 1898 415 ΑΝ.
1946 359 2151 416 MANL.
2195 357 2347 414 SEV.
2394 360 2700 416 BOETIUS.

3784 359 3890 411 508

624 471 898 525 admodum
915 470 1234 536 accidissent,
1263 469 1549 537 explicatis,
1580 469 1629 521 in
1664 468 2030 539 Symmachum
2067 467 2194 523 Boe-
2223 471 2273 528 A
2301 467 2697 539 Thessalonicen)
2722 470 2871 541 positi
2884 478 3041 523 essent
3068 467 3526 538 Constantinopoli,
3544 469 3889 526 Theodoricus

562 599 566 603 ‹
623 564 847 632 tiumque
876 572 1127 633 patratum
1151 578 1182 615 a
1206 577 1258 614 se
1282 564 1445 615 scelus
1473 560 1688 630 deﬂebat
1714 579 1725 613 :
1748 577 1846 631 quo
1869 561 2082 623 denique
2109 562 2198 612 de-

623 658 824 724 plorato
853 670 916 708 ea:
942 662 1147 723 accepta
1189 653 1478 705 calamitate
1516 653 1691 706 dolore
1737 654 1934 724 ingenti
1962 653 2195 718 affectus,

627 746 765 799 haud
791 747 940 813 longe
969 753 1079 813 post
1099 744 1314 795 moritur
1336 758 1356 796 :
1383 759 1497 796 cum
1527 744 1746 811 primum
1777 730 1872 795 hac
1896 753 1942 795 et
1966 744 2197 794 ultimum

621 840 826 909 injuriis
853 837 1137 905 exemplum
1176 839 1228 890 in
1254 837 1350 890 sibi
1378 838 1623 907 subjectos
1655 838 1847 889 idcirco
1872 837 2193 900 exercuisset,

620 930 741 998 quia
763 945 882 995 non,
917 929 990 980 uti
1020 937 1362 991 consueverat,
1384 928 1650 996 diligenter
1670 927 2001 998 pervestigata
2021 942 2195 991 causa,

618 1020 672 1072 in
704 1026 869 1071 tantos
890 1020 1018 1071 viros
1051 1020 1489 1073 animadverterat.

690 1108 832 1163 Idem
891 1119 1078 1163 auctor
1123 1110 1263 1164 libro
1314 1111 1472 1164 tertio
1525 1110 1796 1178 praedictm
1854 1109 2091 1163 historia:
2129 1108 2195 1163 de

620 1214 787 1253 uxore
816 1200 980 1254 BOeIii
1013 1202 1300 1268 superstite
1322 1203 1527 1256 locutus
1552 1202 1665 1257 ha'c
1695 1204 1785 1255 ait.
1813 1201 1957 1256 Unde
1982 1201 2058 1254 vel
2081 1198 2193 1252 Ru-

617 1292 845 1344 sticiana:
875 1289 1038 1344 Boetii
1065 1293 1319 1361 quondam
1349 1296 1497 1347 uxori
1535 1304 1579 1347 et
1631 1295 1926 1364 Symmachi
1955 1294 2108 1362 ﬁliae,
2140 1291 2194 1345 id

617 1385 868 1450 reliquum
898 1384 997 1451 fuit
1029 1384 1097 1436 ad
1123 1385 1274 1437 vitam
1320 1396 1367 1439 et
1398 1387 1469 1438 ad
1495 1388 1810 1441 miseriarum
1852 1388 2110 1441 cumulum
2139 1394 2194 1440 ut

617 1474 785 1526 serrili
811 1484 855 1526 et
879 1473 1068 1526 rustico
1091 1474 1267 1526 habitu
1288 1475 1490 1537 induta,
1519 1492 1630 1543 qua:
1649 1478 1905 1546 egentibus
1925 1478 2193 1545 facultates

617 1585 735 1622 suas
764 1580 1074 1639 erogauerat,
1106 1585 1288 1637 panem
1309 1578 1586 1638 cwteraque
1605 1570 1673 1623 ad
1703 1572 1880 1623 victum
1908 1572 2203 1624 necessaria-

614 1660 678 1712 ab
706 1660 934 1714 hostibus
981 1660 1288 1714 mendicaret
1313 1677 1329 1713 :
1358 1660 1533 1713 domos
1560 1660 1694 1714 enim
1737 1661 2094 1714 circumeundo
2122 1662 2191 1728 fo-

614 1765 794 1819 resque
820 1750 1160 1820 oppulsando,
1194 1751 1359 1804 cibum
1406 1752 1520 1805 dari
1565 1751 1659 1804 sibi
1689 1752 1988 1820 suppliciter
2015 1766 2188 1819 preca-

613 1840 759 1894 batur
784 1839 856 1893 nil
885 1857 1091 1909 prorsus
1136 1840 1254 1894 huic
1294 1842 1585 1912 ignominiis
1612 1857 1672 1895 ea
1716 1857 1771 1894 re
1816 1840 2079 1908 aﬂ‘erente.
2122 1838 2187 1894 Et
2217 1827 2275 1886 Β

614 1942 749 1984 certe
780 1931 931 1984 Gothi
959 1933 1011 1985 in
1044 1931 1354 1986 Rusticiana:
1396 1943 1607 1985 mortem
1652 1932 2077 1998 conspiraverant,
2109 1931 2189 1986 illi

614 2021 900 2090 objicientes
923 2022 1059 2090 quod
1080 2023 1327 2076 exercitus
1353 2023 1571 2076 Romani
1593 2023 1806 2074 ducibus
1826 2023 2060 2086 pecunias
2087 2022 2189 2075 lar-

613 2113 771 2181 giens,
802 2112 1101 2166 Theoderici
1130 2124 1325 2168 statuas
1347 2115 1701 2178 disturbasset,
1735 2115 1921 2169 ctedem
1947 2114 2193 2183 Symma-

612 2204 695 2257 chi
724 2206 882 2274 patris
907 2204 1170 2269 Bcetiique
1200 2207 1370 2259 mariti
1405 2208 1531 2259 ulta.
1580 2205 1779 2259 Totilas
1830 2216 1995 2259 tamen
2044 2207 2187 2258 nulla

613 2295 744 2347 hanc
765 2297 907 2366 afﬁci
933 2297 1125 2366 injuria
1147 2298 1394 2363 permisit,
1424 2297 1512 2351 sed
1541 2312 1651 2351 eam
1680 2298 1907 2366 aliasque
1926 2313 2095 2351 omnes
2126 2298 2187 2349 ab

613 2386 915 2440 contumelia
939 2386 1186 2440 immunes
1212 2389 1537 2442 conservavit.

1039 2474 1378 2533 SEPTIMUM
1408 2476 1776 2546 smacwn,

905 2582 1126 2622 Ntsnauu
1159 2583 1223 2622 Au
1250 2583 1384 2622 ANNO
1414 2567 1516 2623 600
1548 2585 1614 2622 Au
1635 2584 1721 2623 AN.
1757 2568 1879 2624 700.

686 2657 846 2724 Beda,
875 2660 1195 2715 venerabilis
1226 2661 1400 2715 dictus
1444 2668 1660 2731 propter
1683 2662 1805 2716 vita).
1844 2661 2183 2718 sanctitatem

611 2765 923 2821 morumque
966 2751 1301 2820 gravitatem,
1342 2753 1474 2807 tanti
1510 2753 1634 2809 fecit
1681 2755 1922 2810 Boetium
1967 2756 2189 2826 ejusque

612 2843 937 2910 doctrinam,
979 2854 1036 2897 ut
1078 2845 1498 2899 commentarios
1544 2847 1896 2916 scripseritin
1926 2849 2098 2904 Boetii
2126 2849 2190 2903 li-

612 2933 761 2987 brum
792 2933 858 2988 de
881 2934 1160 2989 Trinitate.
1184 2935 1260 2989 De
1285 2936 1471 2991 eodem
1501 2938 1684 2993 Boetio
1728 2938 1987 2994 honorate
2010 2949 2063 2995 et
2094 2938 2190 2992 ho-

612 3024 830 3080 noriﬁce
852 3026 1013 3079 multa
1046 3027 1240 3094 passim
1261 3027 1344 3082 hic
1366 3037 1550 3082 auctor
1563 3030 1834 3097 prmdicat.

1033 3116 1356 3173 OCTAVUM
1398 3118 1758 3188 SJECULUM,

901 3222 1125 3262 NIMIRUM
1162 3224 1226 3261 Au
1263 3225 1399 3263 ANNO
1439 3212 1540 3266 700
1569 3229 1636 3266 Au
1662 3228 1749 3266 AN.
1778 3212 1904 3268 800.

684 3298 876 3353 Paulus
898 3300 1175 3367 diaconus,
1207 3303 1296 3371 qui
1328 3312 1511 3373 rogatu
1542 3306 1855 3375 Adelburgae
1887 3305 2008 3359 tilia:
2039 3306 2187 3360 Desi-

612 3396 744 3451 derii
766 3397 908 3465 regis
935 3400 1096 3451 multa
1130 3398 1194 3451 ad
1225 3384 1463 3468 EutrOpii
1497 3400 1770 3455 historiam
1796 3402 2028 3465 addidit,
2052 3402 2185 3456 libro

612 3487 837 3554 septimo
882 3488 1041 3556 hujus
1090 3489 1417 3557 appendicis,
1464 3501 1741 3560 postquam
1787 3493 2008 3546 dixisset
2036 3491 2187 3545 Joan-

614 3592 736 3632 nem
768 3593 976 3647 papam,
1000 3562 1365 3646 Theodorum,
1414 3580 1777 3650 Importunum
1810 3590 1864 3637 et
1904 3583 2183 3651 Agapitum

611 3666 919 3721 consulares
949 3670 1123 3733 viros,
1176 3671 1446 3740 aliumque
1474 3671 1755 3740 Agapitum
1799 3672 2075 3739 patricium
2118 3673 2183 3725 ad

610 3754 871 3809 Iustinum
914 3758 1115 3827 legatos
1143 3760 1195 3813 iu
1226 3760 1414 3816 itinere
1460 3762 1762 3816 demoratos
1786 3763 1971 3829 fuisse,
1999 3763 2182 3817 addit:

613 3846 946 3901 Theodericus
970 3850 1106 3904 rabie
1129 3867 1236 3905 sua:
1280 3853 1560 3921 iniquitatis
1597 3855 1886 3907 stimulatus
1905 3895 1919 3920 ,
1954 3855 2185 3924 Symma-

609 3940 761 3991 chum
781 3940 1101 3995 exconsulem
1125 3959 1186 3995 ac
1212 3947 1504 4010 patricium,
1537 3954 1584 3999 et
1624 3945 1856 3999 Boetium
1874 3947 2117 4002 seniorem
2139 3956 2186 4001 et

608 4034 927 4088 exconsulem
956 4034 1232 4089 catholicos
1259 4037 1392 4089 viras
1414 4038 1587 4104 gladio
1614 4039 1901 4092 trucidavit.

1080 4125 1314 4180 NONUM
1353 4127 1716 4193 SECULUM,

928 4230 1149 4269 multum
1173 4233 1236 4270 Ae
1258 4233 1392 4271 ANNO
1415 4218 1518 4273 800
1541 4235 1605 4272 Au
1627 4236 1713 4272 AN.
1739 4219 1863 4275 900.

1369 4309 1408 4363 l.

675 4394 813 4460 Ado,
861 4394 1178 4450 Viennensis
1215 4397 1670 4469 archiepiscopus,
1704 4402 1807 4470 ‘qni
1862 4401 2180 4458 breviarium

603 4487 973 4543 chronicorum
1004 4489 1071 4543 ab
1099 4489 1301 4558 origine
1331 4492 1510 4545 mundi
1539 4493 1604 4545 ad
1633 4506 1725 4546 sua
1758 4508 1923 4563 usque
1941 4504 2179 4564 tempora

2301 579 2391 617 rex
2416 565 2676 619 luereticus
2705 565 2860 616 tenuit
2874 563 3002 615 duos
3016 564 3558 629 senatores‘prwclaros
3585 573 3629 617 et
3643 580 3887 618 exconsu-

2300 655 2391 720 (es,
2412 655 2777 725 Symmachum
2792 665 2836 706 et
2854 653 3156 716 Boetium,et
3173 654 3353 705 occidit
3366 655 3668 723 interﬁciens
3688 654 3882 728 gladio.

2692 742 3032 799 'uucmun
3076 742 3447 813 gszecuwn,

2578 853 2796 891 Nimium
2824 854 2888 890 AB
2908 851 3045 891 ANNO
3080 835 3184 891 900
3209 836 3275 891 ad
3306 853 3394 891 AN.
3428 837 3585 892 1000.

2368 931 2499 984 Cum
2529 943 2648 983 ossa
2679 930 2845 983 Boetii
2876 930 3054 983 multis
3078 930 3274 985 abhinc
3296 932 3762 1000 sacculisjacerent
3790 951 3880 988 nc-

2296 1022 2472 1090 glectu
2502 1029 2803 1090 temporum
2836 1019 3011 1075 minus
3041 1020 3323 1084 honorata,
3375 1023 3516 1092 Otho
3548 1026 3739 1080 tertius
3784 1026 3880 1079 im-

2298 1120 2512 1181 perator
2536 1111 2721 1166 eadem
2746 1126 3016 1165 marmore
3040 1111 3239 1166 includi
3266 1111 3423 1181 jussit
3449 1130 3461 1166 :
3488 1114 3745 1183 inscripto
3771 1120 3883 1169 elo-

2294 1206 2400 1273 gio,
2432 1204 2574 1273 quod
2612 1205 2911 1272 composuit
2952 1205 3245 1260 Gerbertus
3294 1206 3574 1262 Ravennas
3614 1209 3879 1278 archiepi-

2296 1310 2509 1365 scopus,
2552 1296 2803 1364 magister
2829 1295 2959 1350 olim
2990 1296 3236 1365 Augusti,
3271 1296 3314 1350 is
3341 1298 3430 1365 qui
3479 1311 3721 1353 summus
3746 1315 3879 1368 pou-

2296 1385 2427 1442 til'ex
2448 1397 2682 1450 creatus,
2726 1386 3007 1456 Sylvester
3034 1386 3302 1441 secundus
3329 1387 3502 1441 dictus
3531 1399 3634 1453 est,
3682 1391 3879 1458 quique
3924 1392 3925 1397 “

2296 1494 2401 1533 non
2429 1492 2585 1533 secus
2606 1492 2668 1530 ac
2697 1476 2911 1530 Boetius
2937 1476 3006 1530 ob
3029 1476 3346 1545 exquisitam
3370 1479 3760 1532 reconditarqu
3793 1494 3878 1535 te-

2295 1584 2411 1626 rum
2437 1568 2714 1623 scientiam
2743 1581 2931 1635 magus
2961 1566 3095 1620 falso
3120 1576 3204 1620 est
3254 1565 3464 1621 habitus
3498 1568 3566 1623 ab
3596 1569 3874 1637 imperitis.

2295 1659 2533 1728 Elogium
2558 1667 2739 1712 autem
2770 1657 2903 1711 illud
2938 1657 3021 1711 his
3051 1657 3293 1711 versibus
3329 1660 3626 1726 expressit:

2441 1749 2600 1803 Roma
2622 1757 2797 1817 potens
2819 1748 2940 1801 dum
2952 1750 3079 1817 jura
3093 1764 3184 1801 suo
3205 1748 3429 1802 declarat
3450 1750 3501 1801 in
3522 1751 3658 1815 orbe,

2430 1840 2509 1895 Tu
2535 1852 2676 1910 pater
2699 1851 2745 1895 et
2774 1843 2953 1911 patria:
2982 1840 3174 1908 lumen,
3211 1841 3450 1895 Severius
3492 1841 3659 1909 Boeti,

2432 1934 2664 1989 Consulis
2688 1934 2848 2003 ofﬁcio
2887 1949 3056 1987 rerum
3088 1933 3310 2004 disponis
3333 1933 3575 2001 habenas,

2434 2024 2680 2094 Infundis
2702 2026 2870 2078 lumen
2893 2024 3075 2078 studiis
3100 2034 3145 2078 et
3170 2024 3346 2078 cedere
3369 2026 3531 2079 nescis

2432 2117 2725 2172 ercorum
2752 2118 2988 2187 ingeniis.
3021 2117 3110 2171 sed
3134 2133 3269 2171 mens
3294 2118 3464 2171 divina
3486 2126 3675 2171 coercet

2433 2207 2715 2277 Imperium
2737 2209 2930 2261 mundi.
2960 2206 3147 2262 Gladio
3188 2208 3461 2261 bacchante
3485 2207 3767 2263 Gothorum

2431 2298 2657 2352 Libertas
2681 2299 2912 2352 Romana
2937 2300 3065 2368 perit
3088 2315 3108 2352 :
3130 2309 3184 2351 tu
3209 2299 3384 2351 consul
3405 2308 3451 2352 et
3484 2298 3629 2353 exsul

2435 2389 2668 2462 lnsignes
2688 2391 2863 2444 titulos
2878 2391 3127 2458 prwclara
3147 2400 3303 2443 morte
3324 2390 3583 2457 relinquis.

2436 2480 2589 2535 Nunc
2610 2482 2762 2534 decus
2782 2481 3003 2548 imperii,
3017 2466 3241 2534 summas
3262 2481 3349 2549 qui
3370 2490 3652 2549 prtegravat
3667 2490 3798 2534 artes

2431 2570 2632 2625 Tertius
2658 2571 2780 2625 Otto
2809 2587 2905 2625 sua
2933 2572 3145 2641 dignum
3171 2580 3216 2623 te
3236 2570 3436 2641 judicat
3467 2571 3617 2633 aula;

2440 2661 2809 2728 Eternumque
2840 2662 2913 2714 tui
2939 2664 3112 2714 statuit
3150 2662 3456 2714 monimenta
3481 2659 3689 2724 laboris,

2437 2748 2503 2801 Et
2529 2749 2649 2804 bene
2670 2752 2997 2817 promeritum
3026 2751 3219 2803 meritis
3248 2759 3462 2802 exornat
3492 2750 3734 2803 honestis.

2683 2840 3084 2896 UNDECIMUM
3112 2838 3478 2907 SIECULUM,

2538 2946 2761 2986 ΝικίειοΜ
2800 2949 2863 2986 AB
2893 2946 3028 2985 ANNO
3061 2931 3197 2985 1000
3234 2949 3300 2986 Au
3339 2948 3427 2987 AN.
3460 2930 3618 2987 “00.

2366 3023 2673 3093 Sigebertus
2726 3024 3020 3076 monachus
3071 3019 3493 3085 Gemblacensis,
3547 3021 3749 3076 ordinis
3805 3020 3866 3078 S.

2295 3114 2591 3182 Benedicti,
2637 3115 2726 3182 qui
2776 3114 2916 3167 inter
2966 3114 3251 3168 historicos
3286 3126 3392 3165 non
3420 3113 3661 3167 ultimum
3691 3112 3865 3167 locum

2213 3191 2260 3253 Ο
2293 3206 2452 3261 habet
2480 3207 2531 3259 in
2554 3220 2655 3260 suo
2685 3205 2752 3260 de
2778 3205 3132 3274 scriptoribus
3164 3204 3461 3259 illustribus
3487 3218 3649 3273 Opere
3669 3244 3683 3269 ,
3708 3203 3864 3256 dubi-

2294 3309 2369 3353 tat
2422 3316 2548 3355 num
2582 3299 2795 3355 Boetius
2817 3298 3192 3365 conterendus,
3248 3313 3314 3351 an
3362 3295 3722 3365 praeferendus
3752 3295 3865 3363 phi-

2292 3390 2528 3457 lOsOphis
2570 3402 2624 3445 et
2679 3389 3025 3444 saecularibus
3076 3399 3129 3443 et
3174 3385 3570 3443 ecclesiasticis.
3620 3383 3865 3450 Boetius,

2293 3481 2464 3550 inquit
2493 3496 2611 3550 cap.
2631 3482 2719 3547 57,
2760 3482 2837 3535 vir
2866 3480 3151 3534 consularis
3178 3480 3532 3549 conferendas,
3563 3478 3638 3531 rel
3680 3481 3868 3548 prtere-

2291 3576 2478 3628 rendus
2500 3575 2817 3644 philosophis
2843 3585 2890 3629 et
2911 3574 3237 3630 sa'cularibus
3263 3584 3309 3628 et
3337 3573 3719 3637 ecclesiasticis;
3747 3571 3865 3640 quia

2291 3682 2381 3717 nos
2430 3666 2691 3736 ambiguos
2733 3682 2839 3719 esse
2869 3667 3014 3734 facit,
3050 3682 3117 3718 an
3142 3667 3271 3718 inter
3306 3663 3595 3725 steculares,
3628 3679 3695 3715 an
3735 3662 3865 3715 inter

2290 3759 2651 3813 ecclesiasticos
2699 3759 2967 3825 scriptores
2990 3757 3141 3826 fuerit
3180 3756 3428 3809 illustrior
3455 3754 3729 3809 ?Laudent
3753 3768 3866 3807 eum

2289 3851 2580 3915 sa'culares,
2606 3848 2742 3917 quod
2782 3848 3062 3919 lsagogas,
3099 3849 3232 3916 quod
3264 3846 3683 3909 Perihermenias,
3726 3845 3865 3913 quod

2290 3942 2582 4013 Categorias
2612 3939 2925 3995 transtulerit
2949 3940 3011 3991 de
3037 3938 3212 3992 Graco
3258 3939 3310 3990 in
3355 3936 3613 3998 Latinum,
3646 3943 3691 3988 et
3716 3949 3864 4003 expo-

2287 4037 2440 4089 suerit
2458 4052 2475 4101 ;
2491 4034 2628 4106 quod
2643 4033 2833 4097 Topica
2856 4032 3111 4086 Ciceronis
3125 4030 3429 4099 exposuerit,
3447 4028 3581 4097 quod
3598 4028 3864 4089 Anteprtv-

2288 4134 2596 4200 dicatnenta,
2626 4131 2763 4200 quod
2811 4130 2961 4183 libros
2992 4129 3054 4181 de
3083 4126 3287 4193 Topicis
3320 4123 3649 4188 Di/ferentiis,
3677 4121 3739 4174 de
3766 4120 3865 4173 Co~

2288 4224 2806 4297 gnitionedialecticte
2827 4232 2874 4274 et
2896 4218 3180 4278 rhetoricte,
3204 4225 3249 4270 et
3284 4214 3619 4267 Distinctione
3648 4210 3865 4264 rhetori-

2289 4332 2463 4369 corum
2490 4316 2739 4375 locorum,
2769 4311 2833 4363 de
2857 4306 3123 4361 Communi
3139 4302 3517 4359 Praedicatione
3538 4299 3793 4366 potrstatis
3817 4306 3865 4349 et

2286 4405 2654 4478 possibilitatis,
2679 4402 2741 4454 de
2765 4397 3071 4467 Categoricis
3089 4404 3133 4450 et
3166 4392 3520 4464 Hypotheticis
3538 4388 3864 4459 Syllogismis

2289 4498 2441 4552 libros
2489 4505 2535 4551 et
2557 4496 2660 4549 alia
2698 4492 2858 4546 multa
2905 4488 3185 4556 scripserit,
3215 4485 3349 4553 quod
3400 4481 3778 4536 Aritlmtclieam
3813 4485 3863 4529 et

604 4582 915 4645 productum
977 4582 1301 4649 composuit,
1340 4583 1563 4651 loquens
1606 4585 1674 4638 de
1722 4584 1926 4641 Joanne
1972 4601 2179 4640 summo
2207 4557 2260 4617 Β
2286 4588 2543 4642 Musicam
2573 4585 2771 4639 Latinis
2797 4582 3075 4652 scripserit.
3100 4577 3213 4632 Nos
3247 4573 3568 4630 ecclesiastici
3589 4571 3861 4623 laudamus

602 4670 853 4738 pontifice
879 4672 983 4725 ait:
1020 4671 1148 4725 Cum
1190 4673 1391 4726 rediens
1423 4674 1713 4728 Ravennam
1746 4677 1974 4739 venisset,
2022 4677 2181 4731 Theo-

599 4762 798 4815 dericus
830 4780 943 4817 eum
973 4779 1087 4816 cum
1122 4764 1387 4817 comitibus
1416 4767 1611 4820 cwteris
1659 4769 1874 4821 carceris
1914 4770 2179 4838 a/ﬂictione

600 4852 831 4917 peremit,
860 4853 1051 4904 invidia
1081 4854 1282 4919 ductus,
1313 4855 1432 4921 quia
1459 4856 1725 4910 catholica!
1765 4858 1964 4923 pietatis
1999 4859 2177 4928 defen-

598 4957 683 4992 sor
709 4941 941 4994 Justinus
970 4959 1084 4994 eum
1107 4945 1382 5012 honoriﬁce
1424 4948 1744 5015 suscepisset.
1798 4948 1909 5011 Quo
1955 4958 2175 5018 tempore

600 5029 963 5097 Symmachum
987 5042 1135 5099 atque
1166 5032 1399 5087 Boetium
1426 5038 1715 5089 consulares
1741 5037 1873 5090 viros
1892 5054 1984 5106 pro
2005 5038 2175 5091 catho-

597 5121 695 5171 lica
721 5121 903 5188 pietate
926 5123 1055 5189 idem
1085 5122 1429 5178 Theodoricus
1458 5127 1661 5179 occidit.

665 5302 980 5357 Anastasius
1000 5306 1307 5373 apostolicae
1330 5306 1666 5361 bibliouiecae
1690 5316 1873 5362 custos
1899 5316 1952 5360 et
1972 5294 2175 5363 instau-

594 5406 760 5459 πων,
792 5394 881 5464 qui
923 5406 1202 5464 prOpterea
1236 5397 1430 5451 dicitur
1465 5398 1931 5465 Bibliothecarius,
1982 5400 2033 5452 in
2076 5416 2172 5455 sua

593 5490 902 5556 pontiﬁcum
921 5490 1149 5543 Historia
1168 5489 1231 5542 ad
1246 5490 1503 5544 Joannem
1522 5492 1535 5543 l
1557 5491 1669 5544 haec
1682 5491 1747 5545 de
1768 5491 1951 5545 Boetio
1966 5492 2170 5547 scribit:

598 5580 805 5641 Eodem.
827 5581 1018 5649 inquit,
1043 5592 1280 5649 tempore,
1310 5598 1422 5632 cum
1442 5580 1494 5632 hi
1510 5584 1866 5650 suprascripti,
1885 5584 1938 5635 id
1954 5596 2026 5637 est
2042 5603 2173 5654 papa

592 5672 816 5723 Joannes
830 5689 942 5724 cum
960 5674 1274 5725 senatoribus
1293 5672 1561 5726 Theodoro
1574 5675 1859 5737 exconsule,
1872 5673 2171 5743 [inportuno

597 5764 885 5833 exconsule,
910 5767 1129 5834 Agapito
1153 5763 1677 5835 eaconsule(Agapito
1702 5766 2168 5833 patriciodefuncw

2281 4695 2398 4733 eum
2445 4678 2578 4747 quod
2607 4677 2791 4729 librum
2818 4672 2880 4725 de
2903 4673 3095 4726 Sancta
3123 4668 3376 4721 Trinitate
3418 4662 3695 4728 scripserit,
3720 4659 3861 4728 quod

2281 4770 2544 4825 cxsiliatus
2592 4785 2621 4820 a
2666 4765 2982 4819 Theodorico
3011 4762 3293 4815 Gothorum
3335 4768 3381 4811 et
3429 4755 3680 4807 Italorum
3721 4768 3856 4821 rege,

2281 4878 2373 4930 pro
2417 4875 2475 4912 eo
2507 4859 2642 4922 quod
2691 4857 2819 4911 tueri
2854 4856 3049 4909 volebat
3092 4854 3372 4907 libertatem
3425 4850 3668 4902 Romana:
3695 4847 3855 4909 urbis,

2278 4950 2479 5017 scripsit
2507 4948 2689 5001 librum
2712 4948 2772 4999 de
2795 4944 3149 4998 Consolatione
3168 4940 3523 5012 philosOphiw.
3553 4937 3655 4991 Hic
3685 4937 3745 4990 ab
3770 4952 3859 4989 eo-

2285 5042 2399 5095 dem
2428 5054 2542 5109 regc
2562 5036 2876 5091 Theodorico
2899 5037 3092 5088 occisus
3111 5042 3205 5086 est.

2359 5221 2624 5275 Honorius
2654 5215 3153 5287 Augustodunensis
3184 5211 3439 5269 Ecclesiae
3482 5209 3763 5278 presbyter
3804 5208 3856 5259 in

2283 5312 2484 5367 Chron.
2525 5329 2535 5362 :
2570 5310 2795 5370 Boetius,
2848 5308 2943 5373 ait,
2975 5305 3216 5376 patricius
3246 5303 3323 5356 vel
3361 5300 3541 5355 consul
3568 5298 3769 5366 scripsit
3796 5296 3861 5349 li-

2286 5405 2431 5458 brum
2452 5402 2515 5455 de
2538 5401 2729 5456 Sancta
2756 5398 3021 5463 Trinitate,
3054 5404 3102 5448 et
3128 5396 3288 5447 alium
3317 5392 3381 5446 de
3406 5388 3781 5449 Consolatione,
3812 5394 3860 5437 et

2278 5492 2603 5562 quadrivium
2627 5490 2690 5541 de
2710 5487 2890 5541 Gra’co
2914 5482 3197 5541 transtulit.
3227 5483 3281 5534 id
3327 5488 3400 5533 est
3430 5476 3815 5531 Arithmeticam
3841 5513 3858 5537 ,

2279 5583 2551 5640 Musicani,
2581 5577 2939 5639 Gcometriam,
2964 5573 3360 5627 Astronomiam.
3386 5567 3717 5621 Dialecticam
3744 5580 3859 5618 vero

2275 5671 2583 5740 explanavit.
2619 5671 2661 5721 Α
2689 5666 3005 5721 Theodorico
3026 5664 3309 5719 Gothorum
3333 5676 3449 5731 rege
3474 5658 3755 5713 Mediolani
3781 5656 3853 5707 in-

2278 5761 2543 5828 terﬁcitur.
