4254 6250
658 313 755 366 571

656 519 809 572 llunc
836 519 1045 588 quidam
1092 518 1360 571 Manilium
1390 528 1591 586 vocant,
1653 534 1710 572 eo
1751 521 1886 588 quod
1932 535 1963 570 a
2013 518 2230 573 Manilio

656 608 915 671 Torquato
941 609 1188 678 originem
1221 610 1427 662 duxisse
1454 609 1682 663 tradant.
1718 611 1816 674 Qui
1847 625 1961 662 cum
1995 626 2107 663 vere
2146 626 2232 662 ca-

656 701 875 753 tholicus
902 709 1047 762 esset,
1080 717 1171 753 nec
1212 702 1416 755 Arionis
1455 688 1607 754 etiam
1646 719 1868 772 perswpe
1902 718 2113 773 raga'us
2142 704 2231 757 ob-

656 803 935 858 temperare
963 791 1131 854 vellet,
1165 799 1212 843 et
1262 792 1372 859 ipse
1406 809 1436 843 a
1478 790 1794 846 Theoderico
1823 810 1938 863 rege
1966 796 2055 847 sub
2094 796 2230 847 vela-

657 892 823 935 mento
868 880 1117 947 a/fectatte
1153 881 1398 935 libertatis
1447 894 1559 949 post
1602 900 1832 939 socerum
1867 902 2017 936 suum
2065 884 2235 937 Ticini

632 974 889 1031 ,exsulare
905 973 1135 1043 jubetur,
1165 982 1213 1027 et
1235 974 1551 1043 postmodum
1580 974 1938 1043 instigantibus
1982 976 2230 1029 luereticis

658 1071 897 1131 perpetuo
924 1065 1112 1117 carceri
1151 1065 1424 1117 damnatur
1445 1079 1465 1118 :
1492 1065 1544 1118 in
1572 1082 1671 1134 qua
1705 1066 1909 1134 quidem
1939 1066 2231 1119 calamitate

657 1160 979 1223 constitutus,
1006 1160 1075 1212 ad
1097 1161 1424 1213 recreandum
1445 1163 1671 1213 animum
1696 1178 1865 1228 suum,
1898 1179 2012 1214 cum
2034 1163 2088 1215 in
2125 1180 2235 1214 ma-

658 1251 938 1303 thematicis
967 1251 1283 1304 doctissimus
1307 1260 1453 1314 esset,
1478 1251 1779 1304 chiterinum
1811 1269 1837 1304 e
1861 1268 2008 1305 nervo
2037 1253 2233 1321 primus

658 1341 958 1411 excogitavit
988 1351 1034 1393 et
1062 1343 1269 1405 excidit,
1298 1343 1432 1408 quod
1463 1343 1665 1410 quidem
1706 1346 1960 1398 modernis
1991 1348 2234 1412 tempori-

659 1432 771 1498 bus,
788 1434 988 1486 musicis
1009 1434 1197 1487 celebre
1226 1435 1616 1487 instrumentum
1635 1435 1870 1492 ltabetur.
1890 1436 2089 1491 lbident
2106 1456 2233 1508 quo-

658 1538 754 1588 que
774 1526 1072 1577 constitutus
1110 1525 1176 1577 ad
1205 1526 1483 1578 multorum
1528 1526 1800 1579 utilitatem
1840 1529 2236 1597 praeclarissima

658 1624 807 1682 atque
848 1615 1235 1669 innumerabilia
1263 1617 1407 1684 quasi
1432 1616 1593 1669 edidit
1627 1619 1893 1687 apuscula,
1922 1630 1969 1673 et
2014 1637 2129 1690 qua:
2167 1623 2236 1674 ad

659 1720 835 1757 manus
865 1704 1103 1758 devenere
1127 1705 1237 1758 hazc
1264 1706 1375 1775 ipsa
1415 1717 1556 1760 sunt.
1604 1708 1667 1761 Et
1696 1719 1879 1777 postea
1912 1727 1926 1765 2
1958 1711 2111 1764 Hunc
2144 1714 2233 1764 dc-

1826 311 1935 365 AN.
1977 310 2180 364 MA-NL.
2222 308 2373 363 SEV'.
2417 310 2721 369 BDETIUS.

656 425 858 499 patricii
877 441 1028 497 gener
1048 425 1224 479 iisdem
1245 423 1550 491 temporibus
1574 421 1748 476 Romi:
1774 424 2084 477 clarissimus
2106 426 2225 492 fuit.
2256 425 2309 484 Α
2334 448 2532 515 doctus,
2568 458 2617 503 ει
2642 452 2693 503 in
2720 451 3047 508 “eumn-bus
3088 455 3270 511 ιεηενί,

3801 328 3907 382 572

3299 460 3522 513 omnium
3563 478 3656 517 suo
3686 473 3911 537 tempore

2335 542 2725 606 eruditissimus,
2746 560 2897 613 gener
2927 544 3224 615 Symmachi
3247 551 3449 618 patricii
3474 554 3592 621 fuit.
3621 554 3707 608 Vir
3728 556 3908 613 Greco

2332 641 2379 684 et
2429 631 2611 685 Latino
2665 636 3009 699 capiosissime
3050 638 3271 692 imbutus
3318 642 3541 710 eloquio,
3585 646 3773 714 quippe
3819 653 3910 719 qui

2333 724 2492 775 multa
2519 724 2777 778 volumina
2807 737 2912 778 tam
2940 729 3223 782 Aristotelis
3261 747 3412 799 quam
3438 734 3656 787 aliorum
3682 739 3913 805 philoso-

2335 813 2549 881 phorum
2577 815 2640 867 de
2667 816 2831 868 Attica
2857 817 3030 886 lingua
3060 820 3373 873 transtulerit
3393 822 3446 873 in
3468 822 3705 877 Latinam
3730 843 3747 879 :
3770 829 3914 900 inge-

2336 905 2419 955 nio
2444 904 2662 968 subtilis,
2691 922 2838 959 sensu
2858 918 3138 977 promptus,
3163 919 3312 978 atque
3330 911 3611 966 catholicus
3634 932 3651 977 ;
3680 932 3912 972 sermone

2336 1011 2427 1047 nec
2459 994 2627 1048 Tullio
2656 998 2890 1067 inferior.
2919 1015 3068 1066 quem
3088 1003 3251 1053 sancti
3279 1000 3541 1057 Benedicti
3557 1018 3754 1060 constat
3780 1013 3912 1063 ami-

2334 1088 2504 1139 citiam
2553 1088 2816 1153 habuisse,
2862 1100 2910 1142 et
2954 1092 3010 1143 in
3049 1102 3215 1146 monte
3256 1091 3467 1149 Cassino
3508 1114 3623 1151 cum
3661 1100 3915 1156 Tertullio

2336 1180 2543 1234 Placidi
2568 1182 2800 1234 monachi
2826 1193 2968 1249 patre
2992 1195 3225 1238 senatore
3246 1186 3300 1238 in
3325 1190 3438 1257 ejus
3464 1205 3636 1242 mensa
3663 1196 3912 1247 comedis~

2335 1289 2407 1327 se.
2443 1274 2661 1339 Scripsit
2692 1277 2851 1328 multa
2878 1277 3125 1345 pra'clara
3176 1281 3465 1353 volumina,
3512 1286 3576 1338 de
3598 1288 3775 1355 quibus
3816 1306 3911 1360 ego

2334 1365 2499 1431 reperi
2520 1365 2763 1433 subjecta.

2410 1453 2488 1506 Ad
2530 1454 2893 1524 Symmachum
2921 1473 3149 1511 socerum
3173 1477 3323 1514 suum
3349 1461 3596 1515 Romana:
3638 1468 3774 1520 urbis
3813 1487 3910 1537 pa-

2338 1546 2534 1598 tricium
2557 1548 2619 1600 de
2640 1547 2831 1602 Sancta
2856 1549 3097 1605 Trinitate
3122 1552 3211 1607 lib.
3234 1570 3274 1620 l,
3299 1556 3478 1625 incipit
3501 1574 3520 1610 .·
3539 1558 3911 1631 Investigatam

2338 1636 2575 1703 diutiss.,
2617 1648 2710 1692 etc.

2410 1727 2487 1781 De
2520 1728 2562 1782 ιι
2569 1730 2726 1782 nitate
2754 1730 3018 1787 Trinitatis
3039 1734 3129 1789 lib.
3154 1750 3191 1801 ι,
3220 1737 3432 1807 incipit:
3454 1738 3644 1803 Quer
3662 1756 3731 1796 an
3757 1742 3913 1798 Pater

658 1794 811 1863 nique
835 1796 998 1848 virum
1020 1797 1263 1866 optimum
1292 1806 1337 1849 et
1360 1810 1592 1851 sanctum
1625 1797 1970 1855 Theodoricus
1993 1818 2085 1855 rex
2114 1820 2231 1855 cum
2262 1786 2308 1845 Β
2336 1826 2391 1872 ει
2422 1816 2602 1885 Filius,
2634 1829 2731 1872 εις,

660 1887 711 1937 in
736 1888 1033 1939 sententiam
1050 1904 1195 1941 suant
1212 1890 1418 1942 omnino
1438 1891 1572 1955 [lecti
1595 1907 1694 1943 non
1715 1902 1902 1960 posset,
1924 1894 2234 1947 Arianorum

659 1977 796 2029 rabie
819 1980 1119 2045 concitatus,
1164 1989 1277 2047 post
1316 1981 1519 2050 longum
1551 1984 1765 2035 carceris
1803 1985 2111 2052 squalorem,
2141 1986 2235 2037 im-

660 2077 867 2137 perante
895 2067 1099 2122 Iustino
1131 2071 1325 2124 seniore
1349 2073 1596 2142 Angusto,
1639 2092 1774 2127 anno
1799 2074 1988 2128 scilicet
2032 2076 2235 2131 Domini

660 2160 818 2211 nostri
840 2158 943 2214 520
964 2162 1104 2226 apud
1146 2160 1361 2231 Papiam
1392 2181 1484 2231 pro
1520 2166 1768 2218 catholica
1800 2168 1898 2232 ﬁde
1929 2169 2094 2219 occidi
2116 2172 2236 2239 jus-

661 2251 722 2303 sit
745 2266 763 2302 :
780 2252 926 2320 cujus
947 2270 1128 2322 corpus
1150 2255 1335 2307 ibidem
1358 2258 1407 2308 in
1439 2258 1538 2309 divi
1563 2260 1833 2326 Augustini
1855 2261 2044 2326 templo
2065 2261 2233 2313 adhuc

661 2337 872 2391 habetur
902 2342 1182 2397 conditum.
1215 2343 1279 2401 Et
1302 2355 1421 2398 sunt
1447 2348 1534 2415 qui
1568 2348 1737 2400 dicant
1766 2366 1877 2402 eum
1908 2352 1959 2403 in
2003 2351 2232 2421 catalogo

662 2438 948 2483 sanctorum
974 2448 1085 2484 eam
1109 2434 1168 2485 ob
1190 2451 1295 2487 rem
1330 2437 1486 2503 fuisse
1516 2440 1755 2505 relatum,
1787 2450 1833 2493 et
1870 2452 2100 2494 sanctum
2132 2442 2231 2496 Se-

662 2521 885 2575 verinum
904 2523 1196 2578 vocitatum.

1405 2618 1494 2671 IV.

732 2702 1054 2759 Hermolaus
1085 2707 1367 2775 Barbarus,
1400 2713 1657 2779 patricius
1688 2713 1939 2774 Venetus,
1970 2714 2235 2782 archiepi-

663 2804 855 2858 scopus
878 2803 931 2846 et
961 2796 1254 2861 patriarcha
1282 2801 1695 2869 Aquilegiensis,
1727 2803 1775 2855 in
1801 2818 1892 2856 sua
1924 2803 2236 2869 pra-latione

664 2895 818 2948 quam
848 2882 1050 2947 habuit,
1074 2900 1194 2939 cum
1224 2887 1388 2942 libros
1414 2874 1591 2944 Aristo
1618 2892 1715 2945 olis
1746 2894 1887 2946 domi
1919 2895 2079 2958 cauit
2102 2910 2236 2963 prte-

664 2970 857 3040 legerc.
886 2974 1005 3040 Qui,
1033 2976 1222 3047 inquit,
1239 2990 1440 3049 putant,
1464 2982 1597 3035 hunc
1618 2984 1813 3036 aditum
1836 2995 2007 3052 patere
2026 2988 2236 3052 nemini,

663 3066 747 3130 qui
790 3066 989 3123 scholas
1020 3070 1134 3123 illas
1174 3074 1512 3145 philosophia:
1558 3092 1814 3143 nunquam
1860 3078 2141 3141 intraverit,
2184 3080 2238 3131 in

664 3174 845 3229 magno
886 3172 1149 3215 versantur
1183 3180 1352 3217 errore
1373 3182 1391 3219 :
1422 3168 1831 3236 quandoquidem
1870 3171 1996 3221 tales
2034 3168 2236 3223 scholas

664 3263 752 3303 nec
796 3250 1004 3306 Marcus
1056 3253 1254 3320 Varro,
1308 3274 1396 3309 nec
1442 3257 1663 3320 Brutus,
1715 3275 1806 3311 nec
1849 3260 2112 3326 Plancius,
2150 3277 2238 3314 nec

665 3338 977 3407 Chalcidiur,
1014 3360 1102 3396 nec
1135 3343 1339 3399 Boetius
1379 3350 1633 3417 ingressi:
1660 3366 1763 3402 non
1791 3351 2096 3417 Alexander,
2136 3369 2239 3405 non

667 3427 987 3495 l'hemistius,
1012 3448 1113 3485 non
1141 3432 1478 3504 Porphyrius,
1499 3453 1597 3490 non
1614 3436 1956 3504 Jamblichus,
1976 3458 2075 3493 non
2099 3440 2238 3495 Sim-

665 3517 865 3581 vlicius,
911 3520 1200 3589 philosophi
1229 3534 1394 3578 tamen
1424 3528 1826 3594 eminentissimi,
1871 3538 1917 3582 et
1950 3531 2236 3585 Aristotelis

666 3609 952 3678 interpre'es
973 3615 1285 3682 juratissinti
1310 3619 1467 3688 fuere.

1419 3707 1483 3761 V.

734 3794 965 3862 Angelus
996 3796 1310 3863 Politianus,
1336 3801 1425 3868 qui
1467 3801 1736 3855 excellens
1763 3816 1881 3856 cum
1911 3812 2088 3871 poeta,
2124 3813 2231 3859 tum

666 3895 862 3949 orator,
894 3888 1056 3941 multa
1086 3897 1191 3942 tam
1226 3888 1410 3945 Graece
1437 3908 1592 3958 quam
1632 3893 1816 3946 Latine
1852 3894 2019 3947 edidit
2047 3909 2231 3963 opera,

666 3972 715 4026 in
744 3977 854 4028 suis
892 3976 1264 4042 Miscellaneis,
1302 3994 1419 4047 cap.
1457 3978 1506 4044 1,
1541 3981 1607 4034 de
1639 3981 1823 4034 Boetio
1852 3984 1929 4037 sic
1960 3984 2231 4051 loquitur:

668 4064 793 4126 Quis
838 4062 1015 4117 Boetio
1044 4067 1120 4118 vel
1146 4067 1199 4118 in
1236 4069 1517 4122 dialecticis
1547 4073 1790 4126 acutior?
1816 4074 1889 4125 vel
1921 4074 2152 4126 subtilior
2180 4075 2234 4127 in

668 4155 1074 4210 mathematicis?
1112 4159 1189 4210 vel
1227 4160 1281 4211 in
1315 4160 1637 4230 philosophia
1679 4163 2021 4229 locupletior?
2064 4167 2138 4218 vel
2181 4166 2233 4219 in

669 4243 920 4312 theologia
949 4246 1251 4301 sublimior?
1288 4250 1447 4313 Quem
1484 4253 1608 4303 tanti
1632 4254 1865 4321 juniores
1885 4256 2037 4306 etiam
2072 4255 2238 4322 philo—

669 4332 812 4403 sophi
835 4334 983 4405 longe
1010 4338 1277 4408 (arbitror)
1305 4342 1528 4393 omnium
1553 4344 1976 4411 perspicacissimi
1996 4346 2238 4413 fecerunt,

670 4436 722 4475 ut
751 4426 1046 4491 Aquinatem
1073 4428 1345 4493 Thomam,
1378 4433 1549 4485 divum
1590 4434 1868 4499 hominem,
1901 4452 2241 4506 magnumque

670 4490 816 4565 illum
860 4514 1071 4569 Thamar
1101 4490 1457 4586 prazceptorem
1491 4520 1651 4581 (Deus
1693 4490 2011 4591 bone,'quus
2048 4490 2182 4579 viros
2203 4524 2244 4596 Ι)
2270 4490 2367 4565 ΠΙ

673 4606 853 4660 habere
895 4612 1131 4663 meruerit
1172 4623 1487 4666 enarratores
1516 4630 1535 4667 .'
1566 4616 1816 4668 nimirum
1846 4618 1897 4670 in
1931 4618 2042 4683 his,
2078 4619 2248 4674 inquit

675 4693 936 4761 Vallinus,
953 4714 1069 4765 qua:
1091 4708 1309 4754 sanctus
1326 4701 1554 4756 Thomas
1568 4704 1619 4757 in
1640 4704 1805 4759 Boetii
1825 4707 2066 4761 librosde
2080 4708 2248 4762 Trini-

676 4793 784 4839 tate
810 4797 864 4840 et
889 4787 956 4842 de
979 4789 1407 4845 Hebdomadibus
1432 4794 1670 4860 scripsit;
1695 4798 1834 4864 quod
1864 4801 2244 4854 commentaria

676 4872 730 4925 in
778 4874 941 4929 libros
972 4877 1138 4931 Boetii
1171 4881 1237 4934 de
1284 4881 1661 4938 Consolatione
1709 4886 2083 4955 ριιὶιοεοριιὶαξ,
2126 4905 2244 4958 quae

679 4962 835 5029 vulgo
874 4975 1060 5019 sancto
1115 4969 1334 5024 Thomm
1364 4973 1685 5039 tribuuntur,
1739 4975 1896 5046 hujus
1926 4980 2248 5035 sanctissimi

679 5052 911 5110 duetoris
938 5074 1042 5111 non
1082 5062 1208 5114 sint.

961 5149 1266 5209 DECIMUM
1296 5155 1570 5212 SEXTUM
1606 5159 1967 5224 SIECULUM,

943 5258 1160 5299 multum
1186 5264 1251 5301 Αιι
1278 5265 1415 5304 ΑΝκο
1450 5254 1583 5307 1500
1607 5272 1673 5308 ΑΙ)
1700 5271 1785 5309 ΑΝ.
1822 5257 1979 5311 1600.

749 5421 982 5478 Joannes
1005 5422 1398 5483 Trilcnhemius
1419 5431 1582 5485 abbas
1604 5434 2041 5502 Spanheimensis
2067 5438 2119 5491 in
2146 5439 2243 5494 Ca-

684 5512 857 5580 talogo
896 5515 1215 5583 scriptorum
1248 5518 1754 5580 ecclesiasticorum.
1795 5525 2018 5595 Boetius,
2053 5530 2242 5597 inquit,

683 5600 911 5658 Manlius
941 5605 1236 5675 Severinus,
1258 5612 1437 5664 consul
1468 5612 1758 5669 ordinarius
1791 5617 1984 5682 Romaz,
2017 5620 2243 5685 philoso-

686 5696 836 5764 phus,
871 5708 1039 5754 orator
1080 5710 1125 5755 et
1171 5712 1317 5771 poeta
1357 5704 1587 5774 ins’gnis,
1631 5706 1685 5760 in
1724 5708 1906 5763 divinis
1962 5710 2244 5779 Scripturis

2413 1907 2485 1961 De
2506 1907 2720 1963 Duabus
2749 1910 2965 1965 Naturis
3012 1914 3067 1965 in
3102 1912 3299 1969 Christo
3326 1918 3415 1973 lib.
3450 1934 3488 1984 ι,
3523 1921 3693 1976 Anxie
3720 1930 3771 1977 te
3798 1926 3913 1993 qu?-

2336 1999 2481 2063 dem,
2509 2008 2607 2053 etc.

2412 2091 2487 2143 De
2522 2089 2650 2146 Fide
2678 2092 2744 2145 ad
2764 2090 2921 2149 Joan.
2957 2095 3227 2152 diaconum
3268 2100 3358 2155 lib.
3393 2118 3429 2166 ι,
3462 2101 3821 2158 Christianam
3855 2106 3913 2158 ῦς

2335 2185 2453 2239 dem
2483 2186 2627 2239 novi.

2407 2275 2486 2329 De
2514 2275 2719 2329 Unitate
2739 2287 2784 2331 et
2817 2278 2931 2333 Uno
2961 2281 3047 2334 lb.
3082 2297 3119 2344 ι,
3155 2281 3338 2338 Unitas
3357 2294 3439 2338 est
3462 2299 3589 2353 qua,
3612 2295 3715 2338 etc.

2410 2365 2487 2418 De
2541 2365 2808 2439 EisagOgis
2873 2368 3153 2440 Porphyrii
3199 2374 3288 2425 lib.
3338 2390 3405 2440 ιι,
3454 2376 3747 2429 lliemantis
3786 2378 3915 2431 anni

2337 2465 2503 2525 temp.

2414 2545 2475 2599 1η
2496 2548 2766 2600 secundant
2791 2550 3018 2621 ejusdem
3034 2552 3305 2605 editionem
3321 2553 3407 2609 lib.
3428 2571 3465 2619 ι,
3502 2555 3779 2609 Secundus
3805 2557 3912 2610 hic.

2409 2636 2475 2689 In
2508 2638 2798 2708 Categorias
2824 2641 3107 2694 Aristotelis
3137 2642 3226 2696 lib.
3253 2659 3311 2708 ιι,
3341 2645 3613 2713 Espeditis
3643 2646 3745 2707 his,
3778 2658 3877 2699 etc.

2410 2727 2477 2780 In
2530 2727 2937 2784 Perihermenias
2979 2733 3206 2800 ejusdem
3251 2734 3339 2787 lib.
3376 2751 3421 2801 ι,
3465 2736 3645 2805 Magna
3696 2738 3912 2804 quidem

2338 2819 2479 2874 libri.

2410 2914 2478 2966 In
2492 2915 2761 2968 editionem
2786 2916 3011 2987 ejusdem
3026 2918 3298 2971 secundam
3318 2918 3487 2982 lib.v1,
3511 2920 3814 2974 Alexander
3837 2922 3913 2975 in.

2412 3006 2489 3059 De
2516 3006 2857 3061 Divisionibus
2883 3009 2971 3062 lib.
3003 3026 3036 3072 t,
3070 3011 3237 3077 Quam
3266 3027 3486 3081 magnos
3526 3013 3823 3083 studiosos.

2414 3096 2492 3151 De
2525 3099 2913 3166 Deﬁnitionibus
2944 3102 3032 3154 lib.
3063 3118 3100 3167 t,
3130 3101 3347 3157 Dicendi
3368 3118 3429 3156 ac
3456 3105 3779 3172 disputandi.

2414 3190 2493 3242 Ad
2524 3190 2843 3259 Categoricos
2875 3190 3212 3260 Syllogismos
3243 3193 3518 3245 introduct.
3552 3194 3638 3245 lib.
3672 3210 3717 3259 ι,
3752 3193 3914 3247 Multa

2343 3292 2553 3338 veteres
2581 3283 2904 3353 philosophi.

2416 3373 2483 3427 In
2516 3374 2705 3443 Topica
2735 3376 2986 3429 Ciceronis
3012 3377 3100 3429 lib.
3132 3392 3203 3441 γι,
3237 3377 3618 3431 Exhortatione
3646 3388 3753 3441 tuo,
3778 3388 3878 3429 etc.

2415 3464 2496 3519 De
2539 3465 2851 3531 Di/fereutiis
2891 3469 3071 3537 topicis
3102 3469 3191 3522 lib.
3238 3484 3308 3534 tv,
3356 3470 3542 3523 Omnis
3581 3469 3717 3522 ratio
3745 3468 3918 3523 disse-

2343 3557 2516 3612 randi.

2420 3648 2494 3702 De
2521 3649 2833 3722 Syllogismo
2857 3650 3139 3722 categorico
3163 3652 3251 3705 lib.
3287 3667 3343 3717 ιι,
3377 3651 3534 3705 Multa
3570 3651 3741 3706 δι’ωοὶ
3770 3659 3916 3706 vetc-

2342 3755 2454 3795 1'88.

2420 3831 2497 3884 De
2521 3832 2833 3901 Sylloqismo
2862 3832 3184 3903 hypothetico
3208 3833 3295 3886 lib.
3321 3849 3375 3897 ιι,
3408 3832 3541 3886 Cum
3570 3834 3622 3886 in
3645 3832 3918 3887 omnibus.

2419 3920 2496 3974 De
2528 3920 2942 3976 Hebdomadibus
2972 3924 3062 3976 lib.
3095 3940 3130 3987 I,
3166 3924 3409 3977 Poslulas
3438 3934 3496 3977 ut
3527 3940 3589 3977 ex
3626 3922 3880 3976 hebdom.

2418 4009 2493 4063 De
2515 4012 2846 4064 Arithmetica
2877 4014 2966 4066 lib.
2992 4029 3048 4077 II,
3078 4014 3218 4067 Inter
3238 4028 3426 4067 omnes
3453 4014 3664 4081 priscae.

2418 4102 2496 4153 De
2529 4103 2723 4154 Musica
2748 4104 2834 4157 lib.
2867 4120 2918 4169 v,
2942 4105 3188 4156 Omnium
3220 4104 3432 4170 quidem
3464 4102 3753 4171 perceptio.

2416 4191 2494 4245 De
2536 4191 2901 4262 PhilosOphica
2938 4194 3291 4248 Consolatione
3326 4192 3415 4245 lib.
3452 4209 3503 4256 ν,
3536 4190 3785 4246 Carmina
3831 4192 3921 4260 qui

2346 4283 2634 4354 quondam.

2420 4388 2485 4441 In
2515 4388 2876 4441 Grometricam
2910 4386 3136 4439 Euclidis
3166 4385 3254 4437 lib.
3284 4399 3360 4447 nl,
3401 4382 3498 4449 Qui
3532 4394 3679 4445 vero,
3712 4380 3786 4433 mi
3821 4380 3918 4433 Pa-

2368 4480 2478 4534 riti.

2420 4582 2499 4636 De
2534 4580 2807 4647 disciplina
2849 4578 3179 4639 scholarium,
3225 4586 3279 4629 ut
3315 4576 3475 4641 aliqui
3500 4574 3690 4633 volunt,
3735 4569 3827 4622 lib.
3884 4587 3923 4629 t.

2348 4672 2557 4726 Vestra.
2587 4668 2843 4740 Indignus
2862 4678 2933 4721 est
2954 4668 3041 4720 ille
3064 4667 3210 4731 liber,
3238 4667 3328 4735 qui
3348 4675 3487 4717 tanto
3508 4665 3615 4716 viro
3642 4662 3922 4718 tribuatur,

2348 4789 2438 4827 nec
2467 4774 2621 4826 etiam
2650 4770 2786 4823 docti
2814 4770 2948 4821 hunc
2978 4768 3151 4821 Boetio
3182 4768 3428 4820 tribuunt.

2419 4873 2499 4927 De
2527 4873 2672 4925 Locis
2695 4871 2957 4924 rhetoricis
2985 4870 3071 4922 lib.
3106 4885 3139 4920 ι.

2426 4973 2500 5026 De
2530 4970 2903 5025 Prtedicatione
2932 4969 3190 5040 potestatis
3220 4967 3307 5021 lib.
3332 4982 3369 5020 ι.

2425 5071 2774 5142 Epistolarum
2795 5071 2862 5121 ad
2883 5070 3103 5121 diversos
3131 5066 3220 5120 lib.
3252 5084 3285 5119 ι.

2424 5175 2538 5226 Alia
2562 5190 2761 5241 quoque
2788 5173 3036 5225 nonnulla
3063 5171 3327 5240 scripsisse
3368 5168 3557 5221 dicitur
3589 5167 3715 5219 :sed
3744 5165 3811 5216 ad
3839 5181 3926 5214 na-

2356 5266 2519 5317 titiam
2552 5279 2711 5315 nteant
2752 5279 2851 5315 non
2887 5273 3143 5315 venerunt.
3185 5259 3407 5313 Moritur
3447 5263 3618 5312 eodem
3654 5273 3788 5307 anno
3829 5272 3927 5321 quo

2352 5352 2692 5420 Symmachus
2722 5353 2987 5419 patricius,
3039 5363 3083 5404 et
3113 5350 3337 5404 Joannes
3368 5366 3501 5423 papa
3532 5346 3625 5400 sub
3657 5346 3929 5399 Anastasio

2350 5444 2673 5511 imperatore,
2694 5442 2848 5511 jussu
2880 5439 3183 5493 Theudorici
3213 5439 3344 5509 regis
3382 5437 3450 5490 ad
3482 5437 3777 5489 Ravennam
3816 5443 3929 5498 post

2350 5533 2645 5585 d.uturnum
2674 5532 2908 5584 exsiliunt
2941 5532 2994 5584 in
3024 5546 3220 5583 carcere
3236 5528 3525 5600 jugulatus,
3559 5543 3694 5578 anno
3721 5524 3928 5577 Domini

2349 5624 2474 5686 52.5;
2507 5624 2680 5676 indict.
2707 5622 2761 5688 2,
2793 5634 2838 5675 et
2866 5622 2957 5676 sub
2983 5623 3182 5677 nomine
3210 5619 3439 5677 Severini
3462 5618 3699 5687 catalogo
3724 5623 3927 5669 sanctoo

2348 5729 2459 5765 rum
2488 5714 2701 5767 insertus
2728 5714 2929 5765 dicitur.
