4292 6262
327 389 436 447 573

399 595 571 653 Julius
597 592 781 647 Caesar
823 585 1084 652 Scaliger,
1128 581 1212 636 vir
1252 583 1304 635 iu
1337 575 1610 646 republica
1653 571 1911 626 Iitteraria

329 686 740 745 celeberrimus,
772 678 1009 734 Boetium
1042 672 1339 743 scepissime
1368 669 1548 724 laudat
1575 683 1588 720 :
1619 675 1680 720 ut
1713 665 1766 717 in
1800 663 1911 732 lly-

333 777 639 852 percritit-o.
667 771 829 825 Boetii
856 765 1109 826 Severini,
1134 763 1328 832 inquit,
1356 758 1639 831 ingenium,
1668 753 1912 815 eruditio,

333 843 440 935 ars,
465 866 720 934 sapientia
752 862 902 933 facile
927 863 1164 931 provocat
1193 869 1364 908 omnes
1392 861 1644 913 auctores,
1693 847 1795 900 sive
1836 843 1914 897 illi

335 965 502 1021 Graeci
527 962 651 1026 sint,
683 958 785 1012 sive
809 952 1004 1008 Latini.
1037 948 1228 1006 Steculi
1257 944 1486 1000 barbarie
1507 946 1616 1013 ejus
1639 938 1804 994 oratio
1832 952 1915 990 so-

335 1059 448 1111 luta
475 1052 695 1106 deterior
720 1045 976 1102 invenitur
997 1059 1017 1098 :
1044 1051 1097 1096 at
1140 1054 1253 1106 qute
1289 1037 1435 1092 libuit
1470 1035 1644 1087 ludere
1671 1033 1724 1086 in
1750 1028 1912 1098 poesi,

335 1146 511 1200 divina
531 1157 655 1196 sane
676 1147 816 1202 sunt,
837 1135 967 1189 nihil
988 1134 1092 1188 illis
1108 1130 1316 1194 cultius,
1338 1127 1467 1181 nihil
1488 1124 1692 1195 gravius
1717 1137 1736 1174 :
1758 1135 1918 1188 neque

337 1236 560 1292 densitas
598 1230 964 1286 sententiarum
993 1239 1243 1284 venerem,
1275 1235 1433 1287 neque
1457 1231 1672 1270 acumen
1709 1211 1918 1265 abstulit

339 1329 637 1384 candorem.
668 1320 928 1391 Equidem
965 1329 1163 1373 censeo
1191 1327 1388 1382 paucos
1418 1325 1540 1362 cum
1574 1308 1667 1362 illo
1696 1318 1916 1372 compa-

341 1420 449 1476 rari
478 1431 657 1489 posse.
686 1411 838 1466 Valla
861 1409 1019 1464 docet
1041 1407 1188 1460 illum
1210 1404 1398 1457 Latine
1429 1400 1569 1468 loqui
1597 1415 1608 1448 ε
1633 1406 1688 1450 at
1717 1395 1917 1447 Vallum

344 1485 563 1564 Boetius
606 1506 745 1560 bene
773 1513 986 1569 sapere.
1019 1495 1155 1550 llinc
1191 1493 1332 1548 idem
1371 1490 1608 1558 Scaliger
1635 1487 1702 1542 de
1730 1485 1918 1542 eodem

345 1601 529 1656 Boetio
549 1596 690 1654 canit
717 1595 770 1650 in
801 1592 949 1648 Divis
979 1605 997 1645 :

422 1691 618 1745 Divina:
641 1701 900 1742 enumeres
926 1680 1154 1751 ingentia
1180 1675 1373 1731 semina
1401 1672 1579 1726 mentis
1604 1685 1620 1724 :

488 1782 708 1838 Dotibus
729 1779 974 1833 accedant
1003 1772 1180 1836 Curia,
1211 1769 1408 1838 lingua,
1441 1765 1592 1818 lares.

423 1876 564 1931 Haut
588 1874 715 1929 satis
735 1881 808 1926 est
833 1886 852 1925 :
884 1869 1084 1936 adpone
1115 1863 1306 1933 polum,
1334 1874 1452 1928 pars
1477 1872 1584 1910 esse
1610 1851 1756 1906 Boeti

491 1967 710 2038 Caperit
740 1979 760 2018 :
789 1971 843 2015 at
869 1959 1094 2014 nondum
1119 1969 1332 2008 munera
1357 1959 1464 2004 tota
1486 1947 1642 2017 capis.

427 2196 593 2253 Lilius
621 2189 913 2260 Gregorius
942 2182 1204 2255 Gyraltlus
1233 2175 1390 2232 etiam
1423 2174 1560 2227 inter
1599 2169 1785 2224 doctos
1829 2182 1928 2220 no-

359 2289 600 2344 tissimus
627 2258 867 2336 Boeiium
887 2275 1087 2346 pariter
1108 2267 1330 2324 summis
1354 2262 1596 2316 laudibus
1617 2259 1844 2319 extollit,
1865 2258 1930 2308 tle

358 2379 575 2434 Poetar.
605 2375 808 2429 l'listor.
837 2367 963 2422 dial.
987 2365 1039 2419 5.
1067 2362 1192 2427 Sed,
1223 2358 1414 2426 inquit,
1440 2355 1590 2424 hujus
1613 2363 1775 2406 (etatis
1804 2353 1932 2403 alios

359 2471 657 2540 offeramus,
688 2481 812 2534 quos
840 2464 970 2516 inter
1005 2455 1212 2510 Boetius
1238 2450 1445 2504 Anicius
1476 2447 1702 2500 Manlius
1734 2445 1934 2500 Severi-

359 2580 474 2628 nus,
511 2561 775 2614 Romanus
807 2551 1046 2623 patricius
1075 2556 1120 2600 et
1151 2542 1412 2605 exconsul,
1445 2540 1528 2606 qui
1556 2555 1587 2590 a
1615 2538 1798 2592 ttOslris
1827 2537 1935 2604 ple-

358 2658 531 2725 risque
556 2653 610 2704 in
637 2659 918 2717 martyrum
936 2641 1166 2710 catalogo
1187 2638 1478 2692 ascribitur.
1507 2633 1611 2687 Hic
1642 2648 1756 2684 cum
1781 2631 1934 2699 Sym-

361 2747 542 2802 macho
571 2752 617 2797 et
645 2742 754 2810 ipso
778 2737 1012 2808 patricio,
1061 2731 1249 2798 Boetii,
1278 2738 1332 2782 ut
1365 2727 1588 2798 plerique
1618 2740 1793 2777 omnes
1834 2733 1939 2774 tra-

362 2839 512 2903 dun',
563 2849 737 2889 socero
783 2848 814 2883 a
862 2825 1177 2882 Theoderico
1224 2820 1508 2875 Gothorum
1555 2832 1671 2887 rege
1718 2815 1939 2882 primum

364 2930 599 2986 Ticinum
621 2924 854 2994 relegati,
882 2917 1060 2972 deinde
1076 2915 1238 2968 necati
1264 2921 1400 2975 sunt,
1426 2909 1561 2977 quod
1585 2910 1635 2960 in
1662 2903 1941 2959 Iib‘ertatem

362 3019 609 3091 pOpulum
661 3016 947 3070 Romanum
985 3007 1272 3060 uiderentur
1320 3000 1448 3056 velle
1483 2999 1762 3054 vindicare.
1818 2994 1942 3047 Fuit

365 3113 597 3172 Boetius,
629 3118 680 3160 ut
721 3105 883 3167 stilis,
914 3102 968 3154 in
1007 3101 1143 3152 omni
1184 3096 1458 3164 disciplina
1503 3094 1700 3161 egregie
1742 3092 1940 3152 doctus,

903 379 967 434 IN
1006 375 1248 434 LIBROS
1285 373 1372 430 DE
1410 357 1938 426 CONSOLATIONE
1980 354 2455 415 PlllLOSOPllUE
2498 349 3028 409 I‘ROLEGOMENA.

1087 492 1148 545 ll.
1935 477 1985 536 Α

3493 343 3596 398 57b

2772 469 2836 520 \'.

2090 563 2277 618 Justus
2305 561 2542 632 Lipsius,
2569 561 2800 630 quicum
2846 561 2912 611 ob
2941 555 3188 612 eximiam
3225 567 3375 608 suam
3401 550 3601 603 doctri-

2017 672 2160 716 nam,
2217 663 2326 708 tum
2370 654 2606 707 maxime
2651 653 2721 706 ob
2769 652 3054 719 ingenuum
3101 646 3264 700 animi
3312 643 3600 696 candorem

2017 749 2192 802 doct‘s
2239 747 2439 815 pariter
2466 761 2528 799 ac
2556 746 2739 815 probis
2767 741 3016 795 omnibus
3046 737 3259 800 colitur,
3293 751 3396 787 non
3427 733 3600 787 solum

2017 839 2197 893 laudat
2248 838 2484 890 Boelinm
2533 838 2583 889 in
2617 835 2756 888 civili
2799 850 2892 884 sua
2939 829 3179 883 doctrina
3228 825 3450 893 aliisque
3489 823 3602 876 suis

2017 929 2294 998 operibus,
2331 928 2426 981 sed
2457 928 2699 980 scribens
2729 923 2793 975 ad
2821 923 3010 977 Junnm
3045 917 3378 972 Ileinartium
3402 929 3602 981 cogna-

2021 1031 2130 1076 tum
2161 1035 2340 1082 suum,
2363 1019 2429 1074 de
2447 1017 2824 1072 Consolatione
2845 1015 2912 1067 ab
2936 1016 3035 1066 boc
3053 1012 3313 1066 illustrata
3339 1016 3391 1062 et
3414 1020 3602 1060 cmen-

2020 1115 2162 1180 data,
2198 1116 2295 1168 bos
2330 1112 2549 1184 protulit
2578 1111 2871 1165 Plialeucos
2901 1125 2914 1159 :

2163 1207 2246 1260 En
2273 1206 2483 1259 Boetius
2505 1204 2613 1268 ille,
2645 1204 2730 1272 qui
2759 1201 3036 1270 sapltormn

2162 1298 2228 1351 In
2258 1297 2432 1367 primis
2454 1297 2645 1362 saplius
2669 1309 2775 1345 esse
2794 1291 3082 1361 gloriatur:

2169 1392 2270 1453 Qui
2301 1390 2506 1442 doctum
2541 1388 2712 1447 nimis,
2745 1395 2790 1436 et
2821 1385 2943 1437 satis
2973 1383 3217 1434 disertum

2170 1482 2432 1551 Scriptum
2460 1480 2555 1530 hoc
2580 1477 2757 1539 edidit,
2789 1476 3015 1528 omnium
3044 1473 3287 1525 bonorum

2170 1571 2367 1624 Bonum
2385 1569 2611 1640 judicio.
2646 1568 2751 1622 Sed
2775 1568 2825 1617 id
2847 1565 3073 1617 tenebras

2172 1664 2308 1718 [Eoo
2339 1671 2427 1714 aut
2458 1661 2661 1730 ingenio
2691 1668 2888 1726 suopte,
2918 1656 3161 1716 habebat;

2175 1758 2314 1821 Quas
2343 1755 2640 1808 Bernartius
2671 1751 2780 1815 ille,
2821 1752 2917 1818 ﬂos
2938 1762 3167 1799 meorum

2174 1847 2445 1914 Belgarum
2468 1843 2682 1913 pepulit,
2715 1841 2974 1910 facemque
3008 1839 3200 1888 claram

2175 1946 2216 1994 Α
2240 1957 2291 1992 se
2311 1937 2534 2008 prwlulit
2563 1953 2580 1990 .'
2612 1935 2744 1986 hanc
2772 1947 2998 2000 sequere,
3027 1929 3250 1998 quisquis

2178 2031 2433 2083 Doctrina'
2454 2025 2809 2096 sapientiaque
2828 2024 2990 2074 cul'or

2177 2121 2296 2175 Non
2327 2119 2525 2179 audire,
2559 2116 2646 2168 sed
2670 2130 2794 2176 esse,
2826 2111 3155 2181 concupiscis.

2285 2207 2590 2264 llEClMUM
2618 2203 2965 2260 SEPTIMUM
2995 2193 3361 2261 SECULUH,

2035 2319 2257 2360 NIMIRUH
2283 2318 2346 2356 ΑΒ
2374 2315 2508 2354 ANNO
2535 2299 2672 2353 l600
2690 2310 2906 2350 unusne
2928 2306 3164 2347 nosrnsu
3194 2301 3419 2343 ETATIIH
3449 2282 3610 2338 1779.

2110 2395 2366 2450 lnlinitior
2394 2392 2516 2454 sim,
2550 2390 2596 2444 si
2617 2403 2736 2457 qua:
2765 2387 2865 2440 boc
2889 2393 3074 2439 nostro
3100 2380 3295 2435 smcnlo
3323 2378 3374 2430 in
3404 2373 3612 2428 laudent

2040 2489 2207 2543 Boetii
2240 2485 2380 2539 dicta
2412 2492 2558 2550 sunt,
2593 2483 2704 2532 lure
2733 2477 2910 2531 omnia
2943 2470 3272 2527 recensendo
3299 2479 3616 2522 enumerare

2038 2580 2228 2640 velim;
2256 2573 2435 2628 nullus
2459 2573 2598 2625 enim
2626 2579 2706 2622 est
2737 2561 3324 2631 autbistoriographus,
3353 2569 3443 2610 aut
3464 2554 3617 2607 tbeo-

2042 2672 2211 2738 logns,
2242 2666 2331 2735 qui
2365 2666 2432 2718 de
2458 2660 2823 2716 illustrissimo
2855 2657 2945 2710 illo
2971 2665 3188 2708 auctore
3211 2665 3314 2704 non
3344 2647 3501 2701 fuerit
3527 2660 3617 2697 or-

2044 2737 2162 2814 nate
2191 2767 2246 2813 et
2285 2753 2582 2810 honorifice
2624 2752 2854 2805 locutus.
2902 2746 3134 2800 Consule
3178 2743 3221 2795 si
3253 2741 3425 2810 placet
3452 2737 3614 2813 Baro-

2049 2853 2216 2916 niutn,
2264 2848 2459 2904 Annal.
2502 2845 2802 2900 ecclesiast.
2851 2852 2980 2894 tom.
3017 2837 3123 2904 VII,
3176 2835 3240 2888 ad
3265 2849 3353 2886 an.
3385 2830 3517 2893 522;
3557 2830 3620 2881 Ι).

2048 2948 2264 3000 Petrum
2286 2957 2314 2994 a
2340 2942 2536 2995 Sancto
2551 2934 2848 2990 Romualdo
2865 2933 2916 2985 in
2932 2931 3203 2984 Thesauro
3219 2922 3621 2990 cbronologico,

2049 3048 2182 3092 tom.
2204 3039 2270 3100 ll,
2296 3035 2361 3089 ad
2385 3049 2474 3087 an.
2502 3033 2635 3094 510;
2659 3029 2898 3096 aliosque
2922 3038 3111 3077 omnes
3133 3014 3620 3084 lilstoriograpbos;

2052 3131 2172 3184 vide
2221 3123 2576 3183 reverendam
2617 3122 2830 3176 Patrem
2859 3117 3174 3172 Caussinum
3208 3114 3258 3166 in
3299 3111 3436 3164 libro
3465 3122 3622 3176 quem

363 3205 500 3273 quad
524 3199 660 3254 wh“
690 3196 881 3264 hquldo
902 3209 965 3246 ex
997 3206 1108 3258 ejus
1131 3195 1470 3288 moﬁumemi‘
1500 3194 1732 3288 (enimn
1756 3189 1940 3288 pate?
1971 3213 2016 3274 C
2051 3217 2322 3288 inseripsit
2351 3217 2400 3270 la
2431 3215 2568 3268 Cour
2596 3212 2780 3274 sainte,
2808 3209 2894 3262 ubi
2947 3203 3292 3274 proponendo
3322 3200 3492 3254 ide-am
3522 3199 3623 3250 viri

365 3292 473 3348 Sed
497 3289 631 3359 quod
651 3289 719 3339 ad
744 3294 1040 3356 praesentem
1061 3281 1325 3334 materiam
1353 3279 1548 3337 attinet,
1581 3275 1630 3326 in
1659 3275 1940 3343 pangendis

365 3381 589 3437 versibus
607 3379 735 3431 mira
756 3393 876 3430 usus
905 3385 976 3429 est
1002 3373 1265 3443 facilitate.
1288 3369 1361 3422 De
1385 3370 1476 3422 illo
1502 3367 1651 3428 plura
1681 3365 1934 3434 colligere,

366 3485 809 3544 supervacaneum,
841 3463 1048 3533 quando
1071 3465 1182 3534 ejus
1210 3458 1469 3514 volumina
1491 3466 1610 3509 nota
1636 3466 1753 3508 sunt
1783 3455 1942 3508 omni-

368 3564 480 3619 bus.
511 3561 640 3632 Ejus
669 3566 800 3611 certe
827 3555 1085 3624 ingenium
1111 3553 1178 3605 ad
1197 3568 1282 3604 eas
1311 3557 1464 3615 artes,
1493 3564 1606 3618 qua:
1627 3563 1783 3615 supra
1808 3547 1943 3601 litte-

366 3669 454 3704 ras
480 3659 618 3715 sunt,
654 3647 838 3699 mirum
866 3645 918 3697 in
949 3642 1156 3697 modunt
1188 3640 1472 3694 celebratur
1493 3637 1554 3691 ab
1583 3639 1692 3707 ejus
1720 3638 1943 3690 occisore

370 3741 684 3797 Theodorico
710 3753 845 3808 rege.

1114 3843 1204 3898 lV.

444 3964 948 4034 Magdeburgenses,
986 3957 1226 4012 centuria
1249 3956 1438 4024 6,cap.
1470 3953 1537 4009 l0
1567 3951 1634 4008 de
1671 3952 1950 4022 Episcopis

372 4067 428 4112 et
451 4055 789 4118 Doctoribus,
816 4051 1053 4119 Boetius,
1085 4049 1362 4118 inquiunt,
1385 4047 1546 4101 Anius
1584 4046 1830 4100 Manilius
1857 4046 1950 4099 Se-

372 4150 594 4212 verinus,
626 4146 869 4214 patricius
885 4151 930 4195 et
956 4141 1155 4203 consul,
1184 4140 1260 4192 vir
1279 4137 1452 4192 Greece
1478 4146 1526 4190 et
1554 4137 1738 4190 Latine
1765 4138 1954 4191 doctis—

374 4241 531 4293 simus
555 4238 676 4307 fuit,
707 4245 754 4290 et
777 4237 961 4288 multos
988 4234 1039 4286 in
1063 4231 1387 4301 philosOphia
1407 4231 1619 4298 aliisque
1644 4230 1950 4299 disciplinis,

375 4338 480 4383 tum
507 4329 680 4381 soluta
701 4336 809 4379 tum
838 4325 996 4394 ligata
1023 4323 1250 4376 oratione
1278 4323 1589 4390 conscriptos
1611 4321 1766 4376 libros
1789 4333 1955 4393 poste-

378 4419 449 4472 ris
475 4419 698 4485 reliquit.

2049 3329 2208 3386 quem
2236 3318 2389 3367 vocat
2411 3310 2612 3367 homine
2635 3303 2832 3364 d’Etat,
2853 3298 3091 3368 pluribus
3112 3295 3219 3364 agit
3237 3294 3300 3347 dc
3327 3290 3622 3350 nobilitate,

2050 3410 2118 3464 de
2133 3406 2396 3468 doctrina,
2422 3403 2488 3456 de
2511 3398 2771 3465 consiliis,
2787 3396 2852 3451 de
2876 3403 3046 3448 morte
3071 3391 3259 3444 Boelii.
3278 3388 3416 3452 Lege
3439 3395 3624 3446 etiarn,

2051 3501 2094 3554 si
2130 3498 2295 3560 lubet,
2328 3491 2622 3547 Gerardutu
2653 3488 2914 3542 Joannem
2943 3483 3190 3540 Vossintu
3218 3482 3284 3534 de
3316 3479 3495 3533 Poetis
3525 3477 3627 3528 La-

2052 3591 2175 3645 tinis
2217 3604 2338 3658 cap.
2369 3590 2438 3643 5:
2475 3585 2692 3650 Quibus,
2743 3581 2934 3650 inquit,
2969 3577 3276 3647 temporibus
3318 3574 3370 3625 in
3421 3570 3629 3623 Oriente

2052 3683 2189 3737 Zeno
2211 3693 2482 3753 posteaque
2495 3677 2819 3741 Anastasius,
2844 3678 2894 3726 in
2922 3671 3080 3725 Italia
3109 3670 3356 3731 Udoacer,
3379 3673 3426 3720 et
3448 3663 3630 3718 exinde

2054 3775 2394 3831 Theodericus
2421 3775 2572 3837 rexit,
2599 3769 2780 3824 claruit
2810 3766 3012 3820 Anitius
3047 3762 3274 3817 Manlius
3299 3759 3505 3812 Boetius
3537 3756 3632 3809 Se-

2051 3870 2274 3932 verinus,
2320 3869 2394 3920 vir
2421 3865 2604 3918 Latine
2632 3871 2680 3915 et
2714 3858 2890 3914 Graece
2926 3857 3272 3920 doctissimus,
3303 3854 3356 3905 in
3386 3849 3521 3903 omni
3547 3849 3632 3900 di-

2051 3959 2386 4028 sciplinarunt
2425 3970 2606 4027 genere
2635 3951 2888 4008 excellens
2911 3965 3108 4019 quoque
3141 3947 3303 4000 Roma
3327 3960 3357 3995 (ι
3389 3939 3634 3995 Varronis

2056 4048 2362 4120 temporibus
2390 4062 2490 4100 non
2512 4045 2747 4098 habuerit
2771 4043 3105 4108 undi-cunque
3123 4037 3420 4089 doctiorent.
3452 4031 3632 4097 Quan-

2056 4150 2165 4194 tum
2191 4141 2324 4192 idem
2353 4138 2574 4190 carmine
2604 4134 2840 4196 valuerit,
2883 4131 3153 4184 ostendunt
3186 4125 3302 4178 libri
3330 4125 3548 4194 quinque
3576 4119 3651 4172 de.

2057 4228 2417 4285 Consolatione
2457 4225 2817 4296 philosOphite,
2868 4237 2997 4292 quos
3035 4219 3175 4273 exsul
3204 4215 3372 4269 Ticini
3415 4211 3649 4278 scripsit.

2062 4325 2280 4379 Omnino
2311 4323 2440 4376 nihil
2467 4324 2518 4375 in
2543 4321 2680 4388 poesi
2710 4320 2962 4372 venustius
2988 4313 3164 4368 habuit
3191 4308 3322 4364 illud
3349 4323 3532 4373 aevum,
3565 4304 3651 4365 rel.

1980 4411 2034 4471 Ι)
2058 4416 2207 4469 etiam
2235 4416 2368 4483 quod
2398 4413 2624 4480 proxime
2645 4408 2930 4463 antecessit.

378 4517 3628 4548 ___________________________________________________________..

1524 4614 1716 4678 IDEA
1757 4617 2166 4681 LIBRORUM
2209 4615 2479 4678 ΒΟΕΤΠ

1007 4747 1168 4832 DE
1226 4747 2122 4834 CONSOLATIONE
2199 4740 3030 4830 PHILOSOPHLE.

454 4891 600 4961 Opus
641 4889 774 4953 hoc,
823 4886 965 4943 mole
995 4899 1237 4955 parvum,
1271 4884 1511 4938 doctrina
1538 4885 1850 4948 maximum,
1881 4893 1966 4940 est

384 4983 556 5040 series
589 4985 1027 5051 argumentorum
1082 4976 1307 5030 naturali
1353 4975 1552 5030 lumine
1596 4977 1960 5044 cognitorum,

387 5073 578 5143 quibus
604 5084 756 5125 ruens
793 5069 1024 5124 humana
1055 5065 1295 5120 adversis
1340 5066 1556 5120 casibus
1593 5067 1867 5131 suscitata,
1899 5066 1968 5120 ad

389 5165 610 5245 primam
638 5174 851 5216 causam
883 5160 1232 5226 ultimumque
1259 5158 1417 5213 tinem
1444 5161 1739 5214 attentione
1767 5159 1846 5213 sic
1863 5159 1971 5212 eri-

390 5242 551 5321 gitur,
580 5260 644 5305 ut
683 5251 798 5304 hac
824 5250 997 5305 exutis
1027 5241 1351 5318 prmjudiciis
1378 5249 1591 5303 veritati
1625 5248 1972 5318 assequendte

393 5343 683 5411 virtutique
725 5341 967 5395 colendas
1005 5341 1181 5410 aptior
1223 5339 1505 5395 efﬁciatur.
1556 5339 1844 5407 Propterea
1871 5336 1974 5394 hoc

393 5449 529 5504 opus
549 5433 861 5488 inscribitur
883 5433 1200 5487 Consolatio
1225 5432 1599 5501 philosOphiaa,
1617 5430 1977 5486 distribuitur-

395 5539 503 5594 que
531 5525 583 5579 in
621 5530 732 5578 tres
760 5532 960 5592 partes,
987 5535 1209 5590 quarum
1242 5520 1407 5589 prima
1444 5520 1816 5588 complectitur
1841 5519 1979 5574 afﬂi-

400 5615 632 5670 ctionetn
663 5612 860 5674 Boetii;
885 5610 1116 5665 secunda
1135 5609 1567 5664 Consolationem
1590 5608 1971 5679 philosOpbite;

401 5703 557 5758 tertia
583 5701 874 5763 contraria,
899 5713 1017 5769 qua;
1045 5699 1190 5754 illius
1211 5698 1588 5753 consolationis
1607 5701 1714 5754 vim
1735 5700 1976 5755 minuere

399 5791 671 5855 videntur,
696 5797 1007 5857 argumenta
1037 5803 1158 5846 cum
1188 5789 1644 5858 responsionibus.

2547 4875 2904 4934 AFFLICTIO
2943 4872 3188 4929 BOETII.

2141 4973 2256 5028 LIB.
2293 4986 2328 5025 I.
2363 4999 2432 5011 —-
2469 4969 2686 5024 Boetius
2724 4982 2936 5022 suarum
2982 4966 3314 5019 miseriarum
3367 4960 3557 5031 (Metro
3595 4961 3658 5032 i)

2073 5071 2130 5115 ut
2151 5062 2422 5125 conscius,
2437 5061 2516 5114 sic
2537 5057 2836 5129 impatiens,
2853 5055 3148 5110 contrarias
3169 5053 3402 5123 undique
3421 5053 3662 5122 exquirit

2075 5151 2460 5220 cogitationes,
2511 5149 2704 5218 quibus
2762 5159 2963 5200 mceror
3010 5145 3178 5213 possit
3220 5145 3263 5197 si
3307 5158 3414 5197 non
3463 5142 3658 5210 fugari,

2078 5245 2270 5299 saltem
2294 5240 2459 5295 minui
2497 5256 2510 5292 :
2553 5239 2676 5293 hinc
2711 5239 2944 5290 animum
2976 5234 3240 5289 convertit
3275 5232 3468 5303 (Prosa
3508 5232 3556 5299 l)
3588 5229 3657 5283 ad

2083 5333 2344 5405 praesides
2371 5331 2668 5386 carminum
2697 5341 2876 5382 musas
2902 5325 3005 5381 sibi
3033 5325 3301 5395 quondam
3331 5322 3656 5377 familiares:

2082 5426 2178 5482 sed
2213 5427 2397 5480 harum
2441 5419 2708 5484 remedia,
2747 5431 2846 5472 ceu
2875 5431 3018 5472 nova
3050 5415 3278 5472 tristitia:
3305 5414 3656 5472 irritamenta,

2085 5515 2283 5580 excipit
2326 5513 2576 5583 fugatque
2617 5507 2867 5579 cogitatio
2900 5505 3311 5576 philosophica;
3362 5501 3515 5569 cujus
3559 5513 3661 5568 0pc

2086 5607 2302 5660 Boetius
2339 5603 2712 5660 animadvertit
2773 5615 2832 5657 se
2875 5601 2928 5654 in
2951 5611 3161 5654 summa
3188 5608 3365 5650 rerum
3397 5593 3660 5657 omnium,

2084 5711 2192 5752 non
2219 5693 2408 5766 (Μεινο
2425 5695 2483 5765 2)
2513 5694 2846 5764 ignoratione
2873 5689 3054 5752 modo,
3074 5691 3167 5743 sed
3199 5685 3359 5742 etiam
3394 5685 3584 5754 \Prosa
3601 5681 3664 5752 2)

2085 5788 2275 5844 inertia
2304 5789 2526 5844 versari.
2559 5787 2693 5842 Tum
2723 5793 2884 5840 aucto
2909 5783 3107 5842 sensim
3137 5780 3497 5850 PhilosOphiat
3525 5777 3664 5846 (ills-
