4292 6262
613 355 715 411 575

1794 343 1898 395 ΛΝ.
1944 340 2149 393 MANL.
2192 336 2343 392 sev.
2389 325 2694 390 BOETIUS.

3759 335 3865 392 576

614 503 693 545 tro
717 490 771 558 5)
815 488 1040 556 lumine,
1100 485 1435 555 recognoscit
1486 481 1713 547 primum
1759 480 1970 549 quidem
2014 478 2181 546 ipsam
2214 474 2259 529 Α
2291 482 2347 525 ut
2375 474 2439 526 ad
2470 476 2749 553 veritatem
2775 482 2829 529 et
2850 473 3117 539 virtutem,
3147 471 3385 543 adeoque
3408 473 3596 543 (Metro
3628 473 3684 547 8)
3714 491 3858 534 amo«

616 578 807 649 (Prosa
839 580 893 645 5)
929 577 1355 645 Philosophiam;
1388 572 1584 628 deinde
1609 587 1726 627 cum
1759 572 2039 640 antiquos,
2078 578 2187 622 tum

615 671 943 725 recentiores
988 666 1332 735 philosophos
1363 664 1624 718 similibus
1653 662 1885 716 miseriis
1915 662 2190 728 impugna-

615 770 699 814 tos
724 759 959 828 quidem,
984 756 1077 810 sed
1110 771 1213 809 non
1244 754 1433 825 (Metro
1462 753 1517 823 4)
1545 762 1872 821 expugnatos
1896 769 1906 801 :
1940 751 2011 804 ita
2038 758 2092 801 ut
2114 758 2193 801 ta-

616 865 737 904 men
770 849 934 903 veteri
977 847 1290 916 prmjudicio
1312 845 1521 907 ductus,
1548 860 1651 897 non
1680 842 1900 896 desistat
1926 856 2044 894 cum
2068 838 2193 892 Phi-

617 940 855 1006 l050phia
890 939 1077 1008 (Prosa
1106 937 1163 1007 4)
1193 938 1260 991 de
1294 950 1391 990 suo
1420 936 1608 989 exsilio
1637 933 1915 1002 cenqueri,
1945 940 2193 984 causatus

617 1030 785 1084 solum
814 1028 1004 1101 (Metro
1034 1028 1089 1097 5)
1122 1028 1389 1081 hominem
1429 1024 1596 1078 videri
1628 1024 1823 1077 divinis
1874 1022 2080 1089 legibus
2106 1033 2193 1071 50-,

618 1120 805 1184 lutum,
826 1129 879 1173 et
909 1126 1235 1187 prmpostero
1261 1115 1419 1170 veluti
1450 1114 1639 1167 ordine
1666 1127 1848 1181 punias
1874 1113 2194 1180 praemiaque

619 1209 880 1278 accipere.

926 1296 1353 1354 CONSOLATIO
1393 1292 1885 1350 PHILOSOPHIIE.

691 1391 978 1460 Postquam
1028 1389 1371 1458 Philosophia
1423 1388 1777 1458 prmmoouit,
1824 1386 1881 1439 1ο
1910 1382 2100 1455 (I’rosa
2141 1384 2195 1452 5)

621 1482 869 1537 exsilium
906 1482 1291 1548 adversamque
1324 1480 1590 1533 fortunam
1622 1476 1787 1531 Boetii
1829 1475 1968 1530 male
2000 1474 2075 1528 sic
2105 1490 2194 1527 vo-

622 1575 769 1639 cari;
800 1576 864 1627 2°
896 1572 1085 1644 (Metro
1113 1572 1170 1642 6)
1204 1581 1438 1625 mentem
1472 1570 1638 1624 Boetii
1664 1568 1895 1622 nondum
1922 1581 2079 1636 posse
2108 1581 2198 1618 va-

625 1665 907 1721 lidioribus
937 1665 1185 1719 remediis
1226 1664 1398 1718 curari
1433 1680 1448 1728 ;
1478 1663 1535 1717 5'
1567 1660 1758 1733 (Prosa
1787 1660 1842 1730 6)
1864 1674 1922 1713 se
1943 1658 2198 1725 deinceps

624 1774 839 1815 usuram
870 1757 988 1827 illa,
1018 1771 1134 1827 quae
1164 1766 1246 1813 est
1270 1756 1323 1811 in
1353 1754 1555 1821 Boetio,
1585 1768 1705 1809 cum
1733 1754 1813 1807 sui
1846 1761 1954 1806 tum
1980 1752 2072 1805 Dei
2104 1764 2201 1803 no-

2294 579 2405 618 rem
2433 565 2670 619 divinum
2696 566 2910 621 excitet.

2364 658 2476 712 Lm.
2510 674 2586 712 ιιι.
2615 689 2686 700 --
2713 660 2782 712 At
2810 660 2910 713 nisi
2940 659 3053 713 hare
3080 658 3414 713 concesseris
3452 672 3572 714 esse
3598 661 3757 724 mala,
3791 662 3867 715 fa-

2298 750 2461 804 tearis
2486 764 2705 805 necesse
2736 760 2838 813 est,
2870 750 2921 803 in
2953 750 3035 803 his
3065 764 3170 803 non
3201 765 3321 804 esse
3356 750 3456 804 nisi
3485 751 3671 805 falsam
3701 752 3867 808 felici-

2298 853 2459 898 tatem
2495 842 2685 912 (Prosa
2717 841 2739 893 1
2776 852 2823 895 et
2852 841 3016 896 Metro
3044 840 3133 911 1),
3165 857 3283 910 qua:
3318 852 3443 897 ante
3479 843 3721 912 pellenda
3759 854 3864 909 est,

2295 950 2452 1005 quam
2487 950 2609 988 vera
2643 934 2894 989 felicitate
2924 933 3151 988 fruaris:
3187 934 3326 989 unde

2367 1026 2571 1094 Tertio,
2603 1026 2805 1093 inquit,
2850 1043 2957 1080 non
2998 1026 3157 1081 etiam
3190 1027 3331 1094 juste
3370 1028 3715 1097 conqueritur
3752 1028 3862 1093 ille,

2298 1120 2386 1188 qui
2415 1119 2625 1172 amissis
2652 1118 2715 1172 iis
2741 1118 3016 1184 duntaxat,
3046 1118 3098 1173 in
3127 1119 3318 1188 quibus
3348 1118 3477 1174 falsa
3505 1120 3869 1188 assumptione

2296 1211 2521 1264 felicitas
2536 1214 2733 1263 versari
2752 1210 3006 1275 creditur,
3024 1218 3170 1263 tanto
3188 1210 3363 1278 aptior
3383 1219 3466 1263 est
3492 1210 3557 1263 ad
3579 1224 3870 1278 assequen-

2298 1302 2419 1356 dam
2437 1316 2617 1357 veram
2644 1301 2951 1357 felicitatem
2980 1319 2991 1353 :
3029 1301 3113 1355 hic
3151 1303 3294 1356 enim
3324 1311 3470 1356 tanto
3497 1303 3713 1357 liberior
3730 1318 3805 1358 est
3837 1321 3865 1355 ει

2301 1394 2551 1457 miseriis,
2584 1408 2704 1462 quae
2742 1392 2897 1447 unica
2929 1392 3328 1462 conquestionis
3357 1407 3536 1448 causa.

2373 1484 2534 1552 Atqui
2572 1492 2648 1547 tu,
2679 1498 2712 1537 ο
2742 1483 2921 1551 Manli,
2953 1483 3161 1539 amissis
3190 1483 3256 1538 iis
3299 1483 3573 1551 duntaxat,
3599 1483 3652 1538 in
3680 1484 3870 1555 quibus

2302 1575 2434 1630 falsa
2485 1576 2850 1644 a~sumplione
2896 1576 3123 1630 felicitas
3166 1578 3368 1630 versari
3410 1576 3670 1643 creditur,
3724 1587 3871 1632 tanto

2303 1669 2476 1739 aptior
2505 1685 2563 1724 es
2590 1669 2655 1722 ad
2687 1670 3078 1738 assequendam
3110 1684 3289 1724 veram
3321 1668 3646 1725 felicitatem.

2375 1762 2609 1815 Primum
2654 1761 2867 1831 quidem
2902 1776 2963 1816 ea
2998 1762 3254 1818 duntaxat
3296 1763 3542 1829 amisisti,
3589 1764 3642 1817 in
3679 1761 3871 1833 quibus

624 1849 789 1915 tione,
822 1863 1121 1918 quanquam
1171 1846 1363 1916 (Metro
1396 1844 1449 1913 7)
1486 1841 1978 1913 perturbationibus
2004 1839 2196 1893 obscu-
2227 1835 2272 1895 Β
2301 1851 2319 1906 ι

2175 1867 2196 1878 ·
2227 1835 2272 1895 Β
2301 1851 2434 1906 falsa
2479 1854 2842 1921 assumptione
2870 1852 3109 1907 creditur
3143 1867 3263 1907 esse
3302 1852 3528 1907 felicitas
3554 1869 3567 1905 :
3603 1853 3706 1907 tale
3728 1854 3870 1909 enim

624 1950 772 2005 rata;
804 1941 989 1996 eadem
1024 1938 1368 2015 Philosophia
1390 1937 1489 1992 tria
1519 1936 1788 2006 proponit,
1816 1933 1883 1988 ad
1909 1932 2199 1988 consolan-

624 2032 749 2086 dum
793 2033 1055 2098 Boetium,
1098 2040 1530 2101 argumentorum
1565 2043 1759 2098 genera
1788 2044 1803 2093 ;
1836 2041 2063 2097 quorum
2094 2025 2203 2090 pri-

626 2138 769 2176 mum
804 2123 1025 2177 minoris
1059 2138 1072 2186 ;
1105 2122 1397 2177 secundum
1439 2120 1685 2191 majoris;
1720 2119 1936 2174 tertium
1979 2114 2201 2172 maximi

625 2215 752 2270 dicit
774 2230 893 2270 esse
925 2216 1194 2285 ponderis.

699 2306 897 2370 Primo,
929 2307 1124 2376 inquit,
1148 2307 1235 2376 qui
1266 2321 1387 2361 sese
1411 2304 1679 2361 commisit
1700 2304 1921 2359 arbitrio
1948 2302 2198 2367 dominae,

626 2412 784 2465 quam
814 2399 966 2451 novit
1005 2408 1110 2451 tam
1142 2399 1557 2459 inconstantem,
1587 2410 1747 2464 quam
1774 2395 2119 2456 allicientem,
2150 2402 2204 2447 et

626 2487 749 2541 mali
774 2503 876 2541 non
909 2489 1080 2541 rarius
1114 2503 1271 2558 quam
1299 2488 1425 2542 boni
1462 2494 1759 2557 parentem,
1786 2486 1832 2540 is
1855 2500 1975 2538 cum
2005 2499 2068 2539 ea
2096 2498 2203 2537 non

626 2576 783 2631 debet
806 2578 1060 2647 cenqueri
1087 2578 1153 2633 de
1185 2579 1325 2631 malo
1358 2579 1459 2631 sibi
1490 2578 1657 2641 illato,
1686 2576 1978 2646 praesertim
2009 2576 2054 2630 si
2083 2575 2203 2644 plus

626 2666 752 2721 boni
780 2682 936 2736 quam
970 2668 1094 2720 mali
1120 2668 1188 2722 ab
1228 2669 1414 2722 eadem
1448 2667 1713 2735 acceperit
1746 2683 1757 2717 :
1787 2665 2034 2719 dominus
2059 2663 2202 2717 enim

627 2769 682 2815 et
711 2758 925 2814 domina
959 2758 1158 2827 absque
1189 2760 1294 2812 ulla
1326 2758 1575 2827 mancipii
1624 2757 1815 2827 injuria
1847 2771 1945 2812 suo
1970 2756 2091 2825 jure
2127 2756 2203 2808 uti

626 2860 887 2927 possunt:
924 2867 1022 2906 nec
1052 2852 1400 2921 mancipium,
1436 2852 1574 2922 quod
1608 2852 1743 2907 male
1770 2851 1941 2920 excipi
1974 2859 2201 2921 poterat,

626 2949 881 3016 conqueri
908 2956 1018 3003 tum
1043 2956 1238 3018 potest,
1263 2964 1382 3002 cum
1416 2948 1551 3001 bene
1576 2948 1860 3015 excipitur.

699 3041 812 3095 Lm.
845 3056 901 3094 ιι.
922 3070 989 3080 -—
1014 3043 1169 3109 Atqui
1202 3051 1278 3107 tu,
1303 3056 1334 3094 ο
1367 3040 1535 3106 Boeti,
1562 3048 1613 3094 te
1643 3038 1954 3093 comm'sisti
1979 3036 2203 3090 arbitrio

629 3129 819 3199 (Prosa
851 3130 901 3198 1)
932 3130 1158 3184 fortunae
1197 3146 1354 3199 quam
1392 3131 1530 3184 nosti
1574 3128 1762 3199 (Metro
1798 3128 1850 3196 1)
1891 3128 2203 3182 naturaliter

2302 1953 2385 2000 est
2414 1945 2707 2014 generatim
2751 1944 2941 2017 (Prata
2974 1944 3034 2014 2)
3064 1960 3224 1999 omne
3262 1944 3458 1999 bonum
3502 1952 3775 2011 creatum,
3808 1946 3873 1997 ad

2303 2036 2443 2106 quod
2468 2035 2606 2090 male
2633 2036 2932 2105 applicatur
2954 2034 3143 2103 (Metro
3166 2035 3222 2104 2)
3256 2035 3485 2103 ingenita
3510 2034 3662 2088 nobis
3682 2034 3873 2088 summi

2303 2128 2429 2183 boni
2472 2128 2742 2197 cogitatio.
2775 2126 2931 2182 Tales
2959 2137 3084 2181 sunt
3117 2126 3309 2197 (Prosa
3331 2128 3364 2181 5
3388 2135 3436 2180 et
3464 2125 3628 2180 .lletro
3656 2126 3710 2194 5)
3741 2126 3874 2179 divi—

2306 2222 2415 2274 tite.
2449 2219 2605 2273 Tales
2647 2216 2848 2288 (Prosa
2886 2217 2919 2270 4
2963 2224 3007 2271 et
3036 2216 3203 2271 Mctro
3240 2216 3296 2286 4)
3344 2217 3699 2287 magistratus.
3733 2216 3873 2270 Talis

2305 2308 2492 2380 (Prosa
2519 2311 2552 2363 5
2584 2319 2631 2363 et
2659 2309 2822 2363 Melro
2844 2308 2898 2379 5)
2928 2317 3181 2377 potestas.
3210 2309 3350 2361 Talis
3377 2312 3394 2376 (
3405 2307 3565 2361 Prom
3588 2310 3620 2360 6
3642 2318 3685 2361 et
3712 2308 3873 2360 Metro

2306 2400 2360 2469 6)
2397 2401 2585 2471 gloria.
2628 2400 2773 2454 Talis
2816 2398 3015 2471 (Prosa
3051 2401 3081 2454 7
3110 2409 3155 2453 et
3184 2399 3347 2453 Mclro
3375 2401 3428 2469 7)
3458 2400 3702 2469 voluptas
3749 2415 3875 2454 cor-

2304 2491 2471 2561 poris.
2515 2492 2663 2546 Talia
2705 2490 2910 2561 (Prosa
2945 2492 2978 2547 8
3021 2501 3067 2546 et
3109 2490 3275 2545 Metro
3302 2491 3369 2561 8)
3398 2492 3576 2546 omnia
3624 2491 3759 2546 bona
3790 2506 3874 2545 ca-

2306 2583 2461 2639 duca.

2377 2673 2580 2729 Deinde
2604 2675 2779 2745 aptior
2801 2674 2992 2747 (Prosa
3014 2674 3069 2748 9)
3091 2692 3149 2731 es
3181 2686 3460 2746 propterea
3491 2678 3554 2731 ad
3585 2692 3873 2747 assequen-

2306 2766 2430 2822 dam
2464 2781 2643 2823 veram
2677 2766 3005 2832 felicitatem,
3036 2769 3283 2824 nimirum
3316 2786 3495 2825 veram
3536 2774 3727 2825 summi
3753 2771 3876 2825 boni

2307 2859 2708 2930 cogitationem,
2733 2861 3002 2930 aspirante
3031 2870 3206 2915 tamen
3240 2860 3367 2926 Deo,
3400 2864 3489 2930 qui
3514 2863 3714 2917 idcirco
3744 2861 3876 2934 (Me-

2309 2965 2388 3007 tro
2415 2954 2469 3023 9)
2502 2955 2830 3009 invocandus
2860 2966 2943 3011 est
2976 2974 2987 3008 :
3031 2956 3244 3024 aliquod
3273 2956 3413 3010 enim
3443 2968 3525 3013 est
3564 2956 3753 3029 (Proca
3788 2958 3876 3027 10)

2308 3059 2575 3099 summum
2604 3045 2824 3112 bonum,
2844 3045 3091 3100 videlicet
3112 3048 3269 3111 Deus,
3288 3048 3371 3101 cui
3397 3048 3676 3116 Cogitando
3702 3049 3875 3102 omnis

2311 3136 2471 3191 homo
2505 3135 2694 3206 (Merra
2724 3135 2811 3204 10)
2841 3150 3030 3190 vacare
3064 3136 3244 3204 debet,
3277 3148 3521 3207 tanquam
3553 3136 3744 3207 (Prosa
3786 3138 3874 3204 11)

628 3231 734 3275 tam
764 3220 955 3293 (Prosa
976 3221 1033 3291 2)
1056 3222 1468 3289 inconstantem,
1493 3236 1651 3292 quam
1677 3220 1864 3289 (Melro
1888 3222 1943 3289 2)
1975 3219 2206 3274 allicien-
2230 3195 2277 3257 (ἶ
2310 3226 2496 3281 ultimo
2534 3242 2710 3280 rerum
2742 3229 2979 3281 omnium
3011 3228 3099 3280 fini
3132 3245 3146 3281 :
3175 3229 3313 3296 quod
3354 3195 3411 3281 ιιί
3440 3195 3690 3282 doceatur
3717 3230 3877 3282 homo

630 3323 734 3368 tem
761 3314 827 3366 ho
852 3313 881 3365 si
903 3312 1132 3382 malique
1155 3312 1445 3378 dominam,
1471 3321 1524 3366 et
1544 3327 1573 3365 a
1601 3327 1700 3380 qua
1720 3312 1835 3381 plus
1862 3312 1986 3367 boni
2016 3312 2207 3382 (Prom

628 3403 660 3457 5
684 3412 731 3455 et
766 3401 929 3455 Metro
961 3402 1017 3469 5)
1047 3403 1298 3470 accepisti
1328 3418 1486 3470 quam
1519 3402 1644 3455 mali
1673 3418 1684 3453 :
1715 3417 1859 3468 cum,
1893 3403 2078 3457 eadem
2101 3403 2206 3457 for-

628 3503 753 3548 tuna
784 3493 952 3559 dnce,
995 3494 1297 3562 acceperis,
1341 3508 1474 3562 puer
1509 3496 1765 3563 optimam
1808 3494 2202 3559 educationem,

628 3585 941 3639 adofescens
980 3599 1219 3640 summos
1258 3586 1510 3649 honores,
1539 3586 1620 3640 vir
1648 3587 1904 3653 optimum
1937 3601 2202 3652 socerum,

629 3674 881 3743 Optimam
907 3690 1149 3739 uxorem,
1178 3678 1409 3745 optimos
1430 3677 1652 3739 liberos,
1676 3685 1752 3741 et,
1777 3679 1916 3746 quod
1951 3687 2207 3746 praestau-

630 3764 892 3819 tissimum
922 3773 1031 3828 est,
1063 3766 1322 3835 Optimum
1359 3781 1572 3835 semper
1604 3767 1864 3835 animum,
1892 3768 2087 3836 quibus
2127 3768 2208 3823 di-

629 3870 781 3910 scere
812 3858 1059 3924 potuisti,
1091 3857 1205 3927 pari
1253 3858 1532 3928 prudentia
1572 3869 1625 3913 et
1652 3874 1887 3915 summas
1913 3867 1969 3915 et
1999 3858 2208 3914 infimas

630 3948 964 4004 conditiones
994 3950 1195 4005 homini
1223 3966 1343 4005 esse
1370 3952 1672 4021 fugiendas.

701 4042 968 4108 Secundo,
997 4043 1187 4113 inquit,
1206 4058 1306 4098 nec
1327 4053 1410 4098 est
1430 4044 1571 4112 justa
1597 4043 1957 4112 conquerendi
1984 4045 2122 4098 ratio
2141 4044 2207 4099 de

629 4132 840 4187 amissis
870 4133 955 4195 iis,
979 4149 1098 4201 qua:
1127 4143 1326 4187 tantum
1354 4135 1525 4199 abest,
1552 4144 1608 4187 ut
1632 4134 1769 4188 bona
1795 4134 1923 4199 sint,
1952 4145 2005 4188 ut
2036 4135 2209 4203 potius

631 4220 740 4276 sint
787 4223 923 4276 mala
977 4222 1221 4276 humana:
1270 4226 1462 4277 mentis
1508 4243 1519 4276 :
1588 4224 1787 4278 bonum
1832 4224 2028 4292 quippe
2078 4233 2158 4277 est
2188 4268 2203 4293 ,

630 4312 873 4381 adeoque
900 4313 1084 4382 gratia:
1114 4313 1311 4381 potius,
1344 4328 1501 4382 quam
1540 4315 1771 4383 querelae
1793 4328 1978 4379 causa,
2009 4313 2207 4382 privari

629 4405 803 4458 malis.

698 4496 857 4565 Atqui
889 4510 1007 4566 quae
1033 4495 1280 4561 amisisti,
1306 4510 1339 4550 o
1367 4496 1646 4565 Severine,
1675 4496 1890 4550 divitias
1934 4496 2203 4561 nimirum,

2314 3316 2502 3389 (Μεινο
2542 3315 2659 3387 11),
2688 3333 2836 3371 suam
2875 3327 3107 3372 mentem
3137 3321 3388 3372 attentius
3418 3321 3703 3373 meditetur
3731 3337 3745 3373 :
3778 3319 3879 3373 liae

2311 3407 2503 3475 (Prosa
2544 3408 2635 3471 i2)
2677 3409 2871 3477 quippe
2920 3402 3262 3465 meditatione
3291 3411 3488 3475 discet,
3538 3412 3714 3464 omnia
3761 3426 3878 3465 esse

2311 3496 2450 3551 facta
2482 3512 2510 3550 a
2536 3498 2665 3563 Deo,
2691 3512 2719 3550 a
2750 3498 2858 3551 Deo
2887 3500 3020 3567 regi,
3050 3510 3102 3553 et
3133 3499 3199 3552 ad
3229 3501 3389 3552 Deum
3418 3514 3536 3554 esse
3571 3501 3877 3555 referenda:

2310 3588 2410 3643 hac
2439 3591 2761 3658 cogitatione
2788 3588 2977 3660 (Melro
3008 3588 3095 3659 i2)
3128 3590 3306 3644 felices
3346 3605 3552 3656 sumus,
3580 3606 3677 3645 nec
3707 3590 3880 3645 infeli-

2309 3695 2422 3743 ces,
2454 3681 2555 3734 nisi
2588 3681 2839 3749 inspectis
2868 3680 3025 3734 rebus
3055 3681 3267 3735 caducis
3292 3681 3475 3735 eadem
3517 3682 3771 3750 cogitatio
3794 3690 3878 3740 aut

2309 3772 2570 3835 deleatur,
2600 3780 2691 3825 ant
2718 3772 2907 3826 saltem
2933 3770 3268 3826 obscuretur.

2345 3862 2769 3919 ARGUMENTA
2808 3860 3297 3917 CONSOLATIONI
3334 3860 3846 3916 Ριιιιοδοριιιωε

2633 3969 2929 4009 CONTRARIA
2972 3970 3071 4008 εωι
3111 3966 3563 4007 RESPONSIONIBUS.

2382 4046 2499 4113 Quo
2526 4045 2825 4114 antiquiora
2854 4052 2979 4099 sunt
3008 4044 3332 4113 prmjudicia,
3376 4060 3440 4097 eo
3471 4042 3740 4098 difficilius
3771 4042 3881 4099 hau!

2312 4148 2611 4201 exuuntur;
2639 4144 2917 4205 propterea
2943 4135 3124 4188 Boctio
3153 4132 3419 4201 prmdictis
3442 4143 3709 4186 commoto
3733 4133 3881 4200 plura

2311 4235 2621 4296 suppetunt,
2662 4241 2779 4295 quae
2807 4226 3063 4279 adversus
3104 4224 3247 4277 illam
3294 4221 3645 4291 philosophia:
3684 4221 3883 4275 doctri-

2313 4333 2434 4373 nam
2466 4324 2737 4386 opponat;
2767 4315 2861 4372 sed
2908 4330 3017 4369 sua:
3050 4330 3154 4368 non
3189 4315 3384 4368 desunt
3412 4312 3771 4379 Philosophiae
3802 4326 3882 4365 τες

2312 4407 2649 4477 sponsiones.

2384 4497 2497 4550 LII.
2526 4494 2714 4549 tv.—-l.
2732 4495 2789 4548 Si
2814 4492 3002 4563 (Prosa
3030 4492 3082 4560 1)
3109 4492 3269 4556 Deus,
3295 4492 3459 4555 inquit
3484 4489 3709 4557 Boetius,
3730 4503 3881 4542 mun-

627 4597 682 4640 et
710 4596 903 4640 extera
936 4585 986 4639 id
1024 4600 1190 4653 genus
1229 4601 1349 4655 qua:
1394 4602 1553 4640 vocas
1581 4587 1738 4653 bona,
1774 4588 1888 4641 hzec
1931 4586 2123 4656 (Prosa
2149 4586 2205 4657 5)
2236 4557 2284 4616 ι)
2310 4588 2435 4643 dum
2473 4593 2702 4655 regeret,
2751 4599 2849 4638 nec
2894 4586 3064 4638 virtus
3117 4582 3337 4651 praemio
3360 4622 3377 4645 ,
3430 4594 3529 4635 nec
3571 4580 3755 4633 vitium
3787 4594 3884 4636 sua

628 4676 766 4730 inala
799 4678 972 4744 potius
1002 4684 1127 4730 sunt
1153 4678 1341 4743 animi,
1376 4692 1532 4746 quam
1565 4677 1735 4742 bona;
1770 4679 2003 4732 miserim
2034 4679 2207 4746 potius

626 4783 785 4835 quam
830 4766 1101 4821 felicitatis
1150 4780 1373 4821 causre:
1428 4776 1708 4836 propterea
1748 4767 1888 4819 enim
1931 4764 2119 4836 (Μαι-ο
2149 4769 2206 4835 5)

626 4868 754 4911 aetas~
782 4860 1042 4928 majorum
1087 4868 1268 4914 nostra
1300 4858 1399 4912 fuit
1428 4858 1672 4923 felicior;
1719 4860 1859 4928 quod
1893 4858 1965 4912 illi
1993 4858 2205 4923 minori,

626 4962 783 5013 quam
825 4964 951 5014 nos,
984 4949 1175 5003 horum
1203 4950 1494 5017 cupiditate
1536 4958 1850 5004 tenerentur
1882 4963 1898 5003 :
1929 4956 2207 5015 propterea

628 5033 820 5104 (Pi-osa
856 5037 911 5104 6)
960 5041 1193 5105 potentia
1246 5039 1299 5091 in
1358 5039 1601 5106 improbo
1657 5041 1968 5106 Iiiagistratu
2016 5036 2199 5089 sedem

626 5137 781 5180 nacta
804 5127 1057 5194 plurimas
1086 5130 1197 5182 edit
1228 5138 1460 5199 strages,
1492 5129 1632 5198 quod
1664 5128 1823 5182 nimis
1853 5135 1997 5195 patet
2017 5142 2205 5181 exem-

626 5214 714 5284 plo
736 5213 922 5287 (Metro
940 5217 973 5271 6
982 5227 996 5285 )
1018 5217 1271 5273 Neronis:
1305 5230 1586 5288 propterea
1610 5218 1799 5290 (Prom
1823 5217 1877 5285 7)
1904 5216 2041 5270 fama
2065 5218 2203 5285 ipsa,

624 5322 729 5377 qua
760 5308 992 5376 optimus
1028 5309 1253 5377 quisque
1298 5309 1513 5364 videtur
1551 5308 1701 5373 duci,
1736 5316 1988 5376 tanquam
2035 5306 2202 5361 altera

624 5401 752 5465 vita,
786 5400 976 5469 (Metro
1008 5400 1063 5471 7)
1097 5409 1325 5455 mortem
1375 5402 1610 5469 geminat
1657 5399 1869 5454 tandem
1914 5401 2202 5472 aliquando

624 5490 877 5546 fatiscens
911 5510 922 5543 :
965 5499 1246 5561 propterea
1285 5490 1477 5560 (Prom
1517 5490 1572 5558 8)
1612 5490 1843 5558 fortuna,
1888 5506 2008 5560 quae
2042 5494 2200 5563 vulgo

624 5580 815 5635 dicitur
835 5596 1109 5652 prospera,
1131 5590 1364 5635 mentem
1386 5580 1661 5635 involvens
1678 5579 1935 5645 tenebris,
1952 5582 2198 5637 eamdem

624 5669 826 5724 lnducit
868 5686 991 5731 cum
1032 5673 1084 5739 ip
1115 5687 1392 5739 errorem,
1445 5679 1555 5725 tum
1600 5671 1653 5724 in
1694 5672 1902 5737 vitium,
1932 5687 1961 5726 a
2007 5675 2200 5743 quibus

623 5757 851 5825 fortuna,
885 5775 1004 5829 quin
1033 5761 1190 5828 vulgo
1220 5762 1443 5817 habetur
1465 5761 1713 5827 adversa,
1739 5761 1816 5814 sic
1847 5761 2055 5828 liberat,
2084 5763 2197 5817 haec

2310 4688 2519 4734 careret
2550 4691 2702 4746 pmna
2730 4694 2742 4728 :
2774 4691 2894 4730 cum
2927 4685 3100 4729 tamen
3132 4673 3463 4729 contrarium
3487 4672 3846 4740 experiamur.

2382 4770 2490 4823 Nec
2513 4766 2705 4837 (Ibid.)
2731 4768 2896 4820 virtus
2929 4767 3183 4835 przemiis,
3215 4766 3379 4833 inquit
3399 4762 3757 4832 Philowphia,
3786 4776 3886 4816 nec

2308 4861 2424 4925 suis
2452 4869 2598 4915 caret
2618 4860 2804 4913 vitium
2833 4857 3127 4927 suppliciis.
3162 4857 3221 4909 1ο
3250 4857 3404 4910 Enim
3437 4854 3626 4925 (Matio
3654 4853 3707 4923 1)
3732 4854 3884 4922 probi

2315 4953 2426 5007 Deo
2455 4952 2792 5006 adhaerentes
2817 4950 3159 5019 cogitatione,
3193 4949 3420 5001 humana
3450 4955 3575 5002 sunt
3605 4949 3657 5000 in
3692 4946 3881 5015 patria,

2316 5058 2346 5097 a
2373 5057 2476 5112 qua
2510 5041 2736 5111 improbi
2766 5040 3029 5094 exsulant.
3059 5039 3121 5091 2°
3146 5038 3336 5108 (Prosa
3363 5038 3420 5107 2)
3449 5037 3609 5092 Probi
3638 5046 3763 5090 sunt
3791 5050 3885 5105 po-

2313 5142 2511 5199 tentes,
2537 5131 2763 5202 improbi
2792 5132 3134 5199 impotentes,
3166 5144 3230 5183 ex
3258 5143 3324 5182 eo
3352 5127 3544 5196 (Matre
3565 5125 3621 5195 2)
3651 5139 3886 5194 pwsero

2314 5223 2434 5288 tim,
2463 5223 2604 5292 quod
2636 5222 2709 5276 illi
2739 5222 3101 5282 moderentur,
3135 5218 3186 5271 hi
3215 5219 3326 5271 suis
3351 5218 3713 5285 obsequantur
3764 5230 3901 5282 per-.

2314 5311 2721 5367 turbationibus.
2753 5311 2815 5364 5°
2862 5308 3051 5379 (Prosa
3078 5306 3135 5375 5)
3166 5307 3323 5361 Probi
3371 5307 3422 5361 in
3458 5305 3611 5370 deos,
3654 5302 3882 5371 improbi

2309 5402 2364 5456 in
2397 5401 2585 5471 (Metro
2614 5398 2668 5468 5)
2703 5399 2901 5453 bestias
2944 5407 3120 5452 mente
3149 5405 3531 5451 convertuntur
3564 5412 3576 5446 :
3633 5393 3757 5447 hinc
3784 5393 3885 5449 im-

2305 5490 2458 5560 probi
2490 5490 2681 5559 (Prosa
2702 5491 2761 5559 «1)
2785 5488 3063 5542 miserrimi
3087 5496 3231 5553 sunt,
3262 5501 3485 5557 quorum
3518 5485 3719 5540 idcirco
3746 5484 3883 5552 (Με-

2303 5594 2379 5635 tro
2404 5580 2461 5650 4)
2492 5588 2706 5648 praestat
2726 5579 2987 5633 misereri.

2376 5673 2439 5727 ιι.
2475 5672 2578 5727 Sua
2619 5672 2687 5724 sit
2724 5669 2905 5739 probis
2946 5650 3200 5735 felicitas,
3230 5683 3325 5723 sua
3358 5667 3614 5735 improbis
3642 5665 3878 5730 miseria,

2306 5764 2425 5817 dicit
2460 5760 2661 5815 Boetius
2686 5799 2700 5823 ,
2744 5775 2841 5814 cur
2885 5766 3143 5828 praeterea
3165 5796 3178 5822 ,
3233 5758 3338 5813 Deo
3367 5756 3622 5811 mundum
3660 5762 3881 5823 regente
