4292 6262
404 353 510 405 577

405 466 600 537 (Prosa
627 468 704 535 ii),
729 477 780 521 et
806 469 953 536 probi
986 470 1359 538 incommodis,
1387 480 1440 525 et
1467 473 1759 527 commodis
1781 472 1979 541 impro-

402 560 452 612 Ιιί
485 559 821 614 afﬁciantur?

473 649 652 711 Plura.
685 653 809 704 dicit
846 651 1207 720 Philosophia,
1242 653 1555 722 reSponderi
1587 661 1827 722 possunt.
1871 653 1986 707 Pri-

400 756 546 794 mmn
575 743 719 795 enim
741 744 987 812 quamvis
1020 744 1207 813 (Ibid.)
1230 760 1480 814 germana
1506 755 1662 799 tantae
1680 745 1986 814 dispositio-

401 833 487 887 nis
518 849 677 887 causa
709 837 776 889 ab
808 836 1020 891 homine
1065 837 1420 905 ignoraretur,
1452 838 1624 892 eidem
1670 846 1847 891 tamen
1889 838 1985 890 ho-

401 926 531 980 mini
582 944 687 980 non
742 937 1017 995 propterea
1050 928 1431 994 dubitandum,
1464 931 1589 997 quin
1624 929 1798 983 omnia
1840 938 1983 982 recte

402 1016 592 1069 ﬁerent
620 1016 812 1086 (Metro
834 1018 920 1085 5):
949 1019 1201 1071 admirari
1236 1018 1285 1071 id
1319 1019 1478 1071 honm
1505 1027 1697 1086 potest,
1716 1027 1770 1070 ut
1795 1016 1983 1085 vulgus

402 1106 627 1159 miratur
652 1106 841 1161 ell‘ecta
882 1108 1140 1163 ctelestia.
1176 1108 1377 1162 Deinde
1409 1110 1488 1160 Ine
1532 1107 1723 1178 (Prosa
1751 1106 1807 1176 6)
1837 1109 1983 1162 vices

400 1210 505 1249 non
537 1198 713 1251 minus
732 1198 1082 1265 providentia:
1108 1198 1303 1252 divinas
1324 1204 1640 1265 sunt,qu'am
1668 1198 1785 1262 fati;
1815 1211 1984 1266 quare

402 1296 462 1341 ut
488 1287 507 1357 (
534 1287 698 1341 Metro
721 1289 784 1355 6)
816 1299 1011 1343 caatera
1043 1290 1094 1343 in
1136 1290 1366 1359 quodam
1407 1288 1631 1343 circuitu
1665 1298 1979 1342 versantur:

402 1378 481 1433 sic
511 1377 529 1448 (
562 1377 728 1431 Prosa
759 1380 814 1450 7)
856 1382 1088 1445 fortuna,
1121 1380 1278 1434 etiam
1322 1379 1567 1443 adversa,
1601 1389 1781 1447 utpote
1807 1395 1924 1449 qua:
1953 1394 1982 1431 a

402 1467 512 1522 Deo
551 1469 747 1534 oritur,
780 1469 843 1523 ad
880 1470 1047 1523 Deum
1091 1470 1389 1535 referenda,
1422 1482 1476 1525 ut
1506 1470 1695 1540 (Metro
1727 1471 1780 1539 7)
1825 1473 1984 1527 homo

401 1577 509 1614 non
535 1562 635 1614 nisi
670 1570 790 1627 post
817 1570 1098 1629 susceptos
1128 1562 1337 1616 labores
1370 1562 1575 1616 fruatur
1598 1562 1817 1629 optatis.

476 1652 587 1705 Lte.
621 1669 672 1705 v.
693 1653 858 1707 -ΙΙΙ,
890 1653 1038 1719 Quod
1069 1652 1255 1721 (Prosa
1281 1653 1334 1721 i)
1364 1654 1538 1706 omnia
1563 1653 1884 1721 providenti,
1907 1653 1986 1706 in-

404 1743 509 1810 quit
530 1741 760 1806 Boetius,
786 1743 915 1796 nihil
948 1743 1115 1811 possit
1134 1756 1254 1795 esse
1278 1743 1634 1809 inopinatum,
1659 1742 1855 1804 nullus,
1875 1743 1984 1796 Deo

984 353 1048 407 IN
1090 354 1330 412 LIBROS
1373 359 1457 413 DE
1495 358 2013 413 CUNSOLATIONE
2054 358 2525 415 PillLOSOPlil/E
2565 359 3093 418 PROLEGUMENA.

3553 361 3657 414 578

2082 483 2158 525 tro
2188 471 2243 541 2)
2273 471 2433 533 Deus,
2460 471 2610 540 cujus
2639 481 2721 526 est
2751 474 2928 526 omnia
2967 486 3207 539 cernere,
3240 472 3387 526 novit
3415 472 3653 538 modum,

2089 578 2195 631 quo
2224 562 2453 615 humana
2487 562 2704 617 libertas
2740 576 2862 617 cum
2909 561 3086 615 divina
3129 563 3461 632 providentia
3493 563 3662 630 possit

2088 653 2383 707 conciliari.

2162 743 2222 794 V.
2250 742 2441 813 (Pi-osa
2466 742 2521 811 3)
2548 741 2847 807 Quomodo,
2878 743 3056 811 quierit
3080 740 3297 803 Baetim,
3327 742 3661 811 providentia

2088 833 2290 898 divina,
2325 843 2508 902 utpote
2532 835 2851 899 certissima,
2881 834 3155 888 conciliari
3184 836 3378 902 poterit
3407 850 3526 889 cum
3560 836 3662 889 hu-

2088 939 2244 978 mana
2274 924 2543 985 libertate.
2585 925 2781 994 quippe
2806 940 2922 992 quae
2953 934 3032 977 cst
3062 939 3254 993 expers
3290 926 3663 980 necessitatis?

2090 1013 2283 1083 (Metro
2312 1015 2369 1083 5)
2402 1029 2465 1066 an
2493 1014 2614 1082 quia
2648 1023 2701 1067 ut
2738 1016 2790 1068 in
2821 1016 3051 1079 caneris,
3078 1014 3227 1068 sicin
3252 1014 3354 1068 hoc
3381 1029 3531 1069 mens
3563 1015 3663 1068 hu-

2089 1121 2243 1161 mana
2288 1123 2386 1162 nec
2417 1108 2593 1161 omnia
2622 1108 2812 1176 nescit,
2848 1124 2947 1163 nee
2975 1110 3152 1163 omnia
3176 1108 3345 1175 novit,
3376 1118 3435 1164 ut
3462 1126 3491 1164 a
3520 1111 3663 1165 notis
3692 1094 3695 1095 ν

2090 1199 2331 1267 progredi
2360 1199 2558 1251 nitatur
2589 1199 2654 1252 ad
2687 1198 2906 1267 ignota?
3448 1250 3451 1253 ,

2160 1287 2284 1341 Ηωε
2324 1287 2517 1356 (Prosa
2543 1286 2608 1356 4)
2660 1287 2893 1342 concord
2917 1303 2945 1340 a
2964 1329 2978 1353 ,
3013 1287 3349 1359 Philowphia
3377 1295 3551 1359 refert,
3586 1290 3665 1343 id~

2087 1378 2229 1434 circo
2259 1379 2468 1433 videtur
2498 1378 2734 1432 difﬁcilis
2758 1418 2773 1443 ,
2818 1379 2939 1447 quia
2963 1378 3145 1433 divina
3185 1381 3446 1448 prtenotio
3479 1381 3663 1434 Imma-

2088 1486 2208 1524 nam
2256 1471 2459 1525 infinite
2489 1486 2768 1539 superans,
2801 1479 2982 1526 mente
3024 1473 3252 1525 humana
3285 1487 3390 1525 non
3431 1473 3661 1540 capitur.

2088 1562 2199 1627 Sic,
2225 1561 2480 1631 quidquid
2507 1561 2672 1617 Stoici
2706 1560 2898 1632 (Metro
2924 1564 2977 1631 4)
3014 1572 3219 1631 putent,
3252 1563 3431 1631 plures
3460 1571 3586 1616 sunt
3611 1563 3664 1616 in

2089 1652 2278 1707 eodem
2328 1651 2543 1707 homine
2576 1652 2935 1721 cognoscendi
2970 1653 3132 1716 modi,
3161 1668 3386 1721 quorum
3415 1653 3501 1707 alii
3533 1654 3665 1707 alios

2091 1743 2162 1796 ita
2184 1743 2591 1809 transcendunt,
2622 1754 2679 1797 ut
2709 1746 2848 1813 quod
2882 1745 3179 1812 intelligere
3203 1759 3505 1813 possumus,
3536 1744 3663 1798 illud

406 1835 662 1889 mundum
694 1846 934 1905 regente,
968 1836 1021 1889 in
1055 1837 1255 1890 mundo
1284 1839 1383 1890 erit
1416 1851 1609 1890 casus:
1642 1834 1897 1905 quidquid
1930 1834 1984 1888 in
2016 1857 2063 1916 Β
2091 1848 2195 1888 non
2228 1848 2505 1904 propterea
2549 1836 2814 1904 possimus
2862 1835 3159 1907 imaginari.
3192 1836 3340 1892 Sicut
3387 1837 3576 1906 (Prom
3605 1838 3662 1907 5)

404 1928 732 1980 contrarimn
756 1928 946 1982 doceat
965 1930 1315 1997 exper'cntia.

471 2016 685 2084 Nullus,
713 2019 913 2086 reponit
941 2018 1273 2087 Philosophia
1291 2018 1502 2090 (lbid.),
1528 2019 1630 2073 erit
1656 2030 1810 2071 casus
1837 2017 1979 2072 Deo:

403 2106 492 2160 sed
516 2122 675 2160 casus
703 2109 804 2160 erit
834 2108 1138 2162 homilubus
1164 2127 1176 2162 :
1208 2111 1338 2164 sicut
1375 2110 1494 2163 dua:
1526 2108 1713 2178 (Metro
1742 2108 1793 2178 1)
1823 2122 1983 2162 naves

403 2200 665 2253 constanti
694 2200 918 2254 duorum
949 2201 1220 2254 ilumimun
1249 2216 1407 2256 cursu
1431 2201 1687 2267 abreptae,
1711 2214 1809 2254 suo
1836 2213 1984 2269 qua:-

404 2289 530 2343 libet
580 2304 709 2344 casu
738 2291 841 2345 sibi
871 2292 1097 2345 invicem
1124 2306 1407 2345 occurrere
1435 2300 1677 2359 possunt.

473 2381 559 2434 IV.
605 2381 778 2436 Posita
832 2381 1122 2453 (Ριοεαὲ)
1179 2383 1355 2437 divina
1412 2382 1779 2451 providentia,
1826 2382 1985 2433 instat

406 2469 638 2537 Boetius,
672 2487 775 2525 non
828 2474 989 2526 Stabit
1036 2473 1265 2528 humana
1322 2473 1574 2541 libertas,
1626 2472 1780 2541 cujus
1808 2482 1983 2525 tamen

405 2563 765 2629 unusquisque
790 2564 951 2617 homo
979 2566 1227 2618 conscius
1258 2574 1358 2619 est.

473 2653 536 2707 Ut
561 2668 658 2707 sua
688 2651 1110 2720 (Ibid._ienilibet
1132 2657 1296 2710 menti
1325 2664 1430 2709 Stat
1454 2656 1689 2718 libertas,
1715 2653 1984 2721 respondet

407 2742 762 2811 Philosophia,
794 2746 872 2799 sic
896 2760 991 2799 sua
1022 2745 1269 2798 humanm
1299 2744 1492 2798 stabit:
1525 2746 1819 2812 saltemqne
1841 2741 1981 2814 (Me-

2092 1941 2217 1996 ergo
2242 1941 2307 1981 ex
2341 1926 2706 1982 imbecillitate
2728 1938 2924 1983 nostra:
2947 1928 3342 1998 imaginationis
3386 1944 3493 1981 non
3509 1928 3665 1982 debet

2091 2020 2271 2087 negari
2299 2026 2479 2073 nostra
2502 2018 2870 2088 intelligentia,
2898 2021 2976 2075 sic
2997 2035 3060 2074 ex
3088 2020 3447 2074 imbecillitate
3470 2019 3665 2073 intelli-

2089 2110 2283 2177 gentiae
2307 2108 2574 2173 humanzc,
2602 2109 2781 2164 divina
2807 2110 3103 2165 futurorum
3127 2110 3415 2164 liberorum
3447 2125 3661 2180 pramo-

2093 2201 2165 2254 tio
2201 2199 2439 2269 neganda
2467 2216 2573 2254 non
2599 2210 2700 2255 est.
2744 2202 2882 2265 Non,
2914 2203 3151 2272 inquam,
3185 2213 3461 2272 propterea
3485 2204 3665 2272 negari

2091 2291 2253 2347 debet
2285 2295 2632 2363 intelligentia
2656 2298 2912 2359 humana,
2938 2312 3056 2363 quae
3079 2296 3276 2351 idcirco
3306 2298 3425 2351 data
3457 2299 3666 2352 videtur

2092 2383 2311 2449 homini,
2344 2383 2535 2454 (Metro
2566 2385 2619 2453 5)
2651 2400 2761 2453 pra:
2789 2386 3000 2440 caateris
3026 2387 3407 2451 animantibus,
3430 2387 3667 2442 hicutad

2091 2472 2210 2527 caeli
2231 2483 2574 2541 conspectum
2597 2475 2875 2529 excitetur.
2892 2474 3078 2545 (Prosa
3096 2474 3149 2544 6)
3162 2475 3301 2530 Deus
3315 2475 3470 2544 ig'tur
3490 2486 3668 2545 utpote

2092 2574 2349 2630 aeternus,
2374 2564 2544 2619 futura
2576 2566 2763 2633 libera,
2792 2581 2890 2622 ceu
2918 2568 3221 2637 praesentia.
3246 2568 3408 2623 illaesa
3438 2570 3667 2625 hominis

2092 2654 2359 2724 libertate,
2398 2656 2571 2710 novit.

1515 2899 1875 2960 CENSURA
1924 2898 2330 2958 LIBRORUM
2374 2898 2647 2957 BOETII

1030 3011 1188 3092 DE
1266 3007 2160 3093 CONSOLATIONE
2213 3008 3058 3092 PHILOSOPHI/E.

474 3128 611 3184 Suos
642 3128 694 3182 hi
726 3127 847 3183 libri
875 3127 1179 3183 habuerunt
1224 3129 1583 3193 adversarios,
1634 3144 1857 3197 quorum
1892 3127 1983 3179 alii
2010 3130 2054 3189 C
2088 3128 2464 3195 perturbatione
2511 3138 2783 3197 conquesta
2827 3140 2900 3183 est

407 3222 651 3277 adiuncta
680 3236 801 3275 esse
822 3262 836 3285 ,
863 3220 951 3273 alii
976 3220 1173 3273 omissa
1208 3219 1308 3274 hoc
1327 3220 1378 3273 in
1402 3234 1565 3288 opere
1593 3221 1833 3288 quaedam
1859 3234 1988 3273 eon-

406 3319 720 3380 queruntur.
760 3312 1007 3380 Utrisque
1039 3312 1366 3380 respondere
1406 3311 1517 3379 jam
1549 3310 1880 3363 conabimur.

1168 3423 1207 3477 1.

477 3537 742 3591 Henricus
788 3535 1124 3599 Glareanus,
1181 3532 1266 3589 cui
1318 3534 1557 3589 nonnulli
1611 3533 1989 3603 astipulantur,

408 3632 698 3694 existimat,
736 3628 1049 3697 Prcefatione
1072 3629 1123 3680 in
1149 3644 1304 3693 opera
1341 3626 1531 3694 Boetii,
1564 3628 1792 3681 solutam
1836 3626 1993 3695 hujus

409 3723 580 3790 aperis-
603 3721 897 3773 orationem
921 3761 934 3782 ,
960 3720 1100 3788 quod
1129 3719 1244 3774 htnc
1275 3719 1557 3774 barbarior
1587 3721 1691 3781 sit,
1730 3733 1759 3771 a
1809 3718 1993 3771 Boetio

408 3827 510 3864 non
546 3810 713 3864 fuisse
741 3810 997 3877 scriptam
1033 3825 1046 3861 :
1077 3824 1140 3863 ex
1163 3825 1268 3877 quo
1292 3824 1397 3864 non
1431 3808 1604 3861 solum
1635 3807 1861 3871 dubitat,
1896 3805 1991 3860 sed

408 3901 702 3964 inficiatur,
752 3900 1039 3969 quidquam
1090 3898 1246 3968 hujus
1294 3900 1474 3967 Operis
1503 3912 1812 3968 germanum
1870 3911 1993 3953 esse

410 3991 578 4046 Bnetii
602 3989 790 4045 fetum.

478 4083 556 4135 Ad
581 4081 723 4151 quod
754 4078 1079 4148 respondeo,
1114 4080 1341 4147 primum
1385 4080 1615 4133 solutam
1646 4079 1994 4149 strictamque

412 4175 565 4245 hujus
586 4174 765 4243 operis
784 4172 1081 4227 orationem
1104 4171 1343 4239 ejusdem
1361 4184 1481 4225 esse
1501 4171 1733 4225 auctoris
1756 4187 1770 4233 ;
1802 4170 1994 4227 deinde

412 4274 681 4319 auctorem
710 4262 849 4315 hunc
870 4274 987 4315 esse
1020 4261 1297 4321 Boetium;
1324 4269 1599 4327 postremo
1623 4259 1862 4314 Boetium
1886 4274 1993 4313 non

412 4356 504 4408 abs
524 4370 581 4409 re
610 4353 827 4423 gemino
868 4350 1222 4420 pbilosophici
1248 4350 1501 4415 oratoris,
1533 4359 1587 4404 et
1619 4358 1790 4419 poeta:
1815 4349 1996 4404 officio

411 4448 680 4510 functum,
738 4444 897 4499 modo
953 4443 1213 4507 barbare,
1277 4442 1438 4497 modo
1500 4440 1690 4497 Latine
1757 4442 1991 4496 locutum

412 4536 597 4592 fuisse.

482 4630 718 4683 Primum
757 4627 971 4698 quidem
1030 4625 1211 4681 stricta
1258 4626 1542 4697 solutaque
1599 4624 1995 4679 Consolationis

414 4718 797 4788 philosOphicae
831 4718 1003 4771 oratio
1047 4716 1287 4784 ejusdem
1317 4717 1553 4770 auctoris
1582 4724 1662 4769 est
1697 4730 1711 4767 :
1746 4714 1994 4782 quando-

413 4810 625 4879 quidem
650 4850 666 4875 ,
699 4810 912 4877 dempta
941 4810 1195 4862 alterutra
1228 4808 1327 4862 hac
1371 4808 1615 4863 Oratione
1640 4848 1654 4871 ,
1705 4808 1885 4861 nullus
1911 4817 1997 4861 est

414 4901 716 4969 superstitis
746 4914 913 4953 nexus
945 4914 960 4951 :
992 4899 1112 4952 vide
1141 4899 1284 4952 enim
1315 4896 1405 4969 (ne
1426 4898 1572 4967 plura
1603 4898 1688 4951 hic
1715 4896 1994 4950 describa-

414 4994 553 5063 mus)
596 4991 864 5061 quomodo
906 4990 1023 5045 sine
1052 5004 1209 5059 prosa
1268 4989 1425 5059 primi
1474 4988 1730 5044 carminis
1774 4988 1991 5044 ultimus

416 5084 501 5139 hic
526 5096 738 5148 versus,

566 5196 659 5254 Qui
677 5195 872 5255 cecidit,
893 5192 1055 5243 stabili
1073 5205 1168 5242 non
1189 5198 1298 5241 erat
1319 5192 1404 5241 ille
1428 5193 1579 5255 gradu

415 5309 680 5356 couazreat
704 5314 826 5355 cum
858 5299 959 5353 hoc
983 5298 1204 5354 secundi
1228 5297 1484 5352 carminis
1508 5298 1678 5367 primo
1704 5313 1881 5363 versu,

566 5410 678 5459 Heu
704 5422 848 5472 quam
872 5409 1108 5472 praecipiti
1130 5420 1290 5457 mersa
1313 5407 1549 5469 profundo

569 5472 710 5520 Mens
723 5470 910 5520 hebeti

415 5576 549 5631 Vide
578 5576 736 5631 etiam
767 5583 1021 5645 quantum
1071 5573 1440 5642 disjungantur
1478 5573 1597 5626 sine
1631 5572 1880 5626 versibus
1910 5573 1991 5626 in-

415 5668 648 5738 terjectis
674 5679 938 5737 postrema
971 5668 1187 5734 primae,
1216 5674 1272 5719 et:
1316 5665 1481 5733 prima
1526 5663 1776 5717 secundat
1826 5679 1991 5733 prosa:

416 5761 530 5816 haec
552 5760 711 5814 verba
744 5774 758 5811 :
788 5755 1125 5825 Philosophia
1160 5756 1237 5809 his
1262 5755 1481 5815 versibus
1508 5755 1573 5809 de
1597 5764 1783 5809 nostra:
1809 5756 1987 5809 mentis

2946 3147 2966 3184 :
3011 3132 3100 3185 sed
3151 3134 3438 3201 medicinae,
3480 3138 3668 3210 inquit,

2093 3226 2291 3283 tempus
2319 3227 2387 3270 est
2410 3259 2425 3281 ,
2454 3234 2552 3271 non
2580 3222 2817 3287 querelw,
2846 3232 2952 3277 etc.

2167 3308 2370 3363 Deinde
2398 3319 2583 3363 auctor
2612 3310 2702 3366 ille
2729 3321 2811 3365 est
2841 3312 3054 3366 Boetius
3084 3331 3097 3366 :
3127 3328 3248 3369 cum
3299 3330 3488 3373 omnes
3533 3320 3670 3374 scri-

2094 3409 2297 3467 ptores,
2324 3414 2549 3469 quorum
2581 3402 2738 3467 supra
2789 3404 3115 3457 mentionem
3148 3404 3390 3472 fecimus,
3438 3407 3671 3479 quinque

2100 3490 2267 3545 libros
2292 3492 2684 3549 Consolationis
2724 3494 3067 3565 philosophiae
3099 3497 3237 3553 inter
3262 3515 3511 3566 germana
3543 3502 3670 3558 Boe-

2095 3581 2154 3635 tii
2201 3597 2364 3650 opera
2416 3596 2737 3640 recenseant
2788 3603 2801 3639 :
2848 3587 2992 3643 nullo
3036 3590 3179 3644 enim
3236 3592 3342 3645 alio
3392 3606 3671 3662 argumen-

2093 3682 2151 3729 to
2212 3676 2586 3747 convinceris,
2651 3678 2874 3734 [Eneida
2929 3679 3223 3751 legitimum
3285 3698 3405 3738 esse
3468 3683 3672 3755 Virgilii

2094 3778 2252 3835 Opus.

2169 3859 2449 3913 Postremo
2486 3875 2592 3914 non
2621 3861 2714 3914 abs
2738 3876 2795 3916 re
2844 3861 3058 3917 Boetius
3109 3864 3160 3918 in
3201 3875 3313 3919 toto
3362 3866 3463 3922 hoc
3514 3856 3672 3937 opera

2070 3949 2319 4029 barbara
2367 3952 2528 4004 verba
2564 3952 2775 4005 miscuit
2808 3948 3031 4007 Latinis.
3066 3954 3241 4008 Voluit
3270 3957 3469 4026 quippe
3500 3958 3673 4027 philo-

2095 4040 2299 4110 50phici
2352 4042 2581 4094 oratoris
2608 4042 2787 4097 ofﬁcio
2815 4043 3059 4109 functus,
3106 4044 3286 4100 verbis
3336 4046 3404 4101 ad
3454 4062 3673 4103 sensum

2096 4133 2238 4202 vulgi
2273 4142 2397 4187 tunc
2432 4133 2643 4188 barbari
2674 4137 3090 4191 accommodatis
3116 4138 3223 4204 uti,
3256 4148 3309 4193 ut
3342 4140 3674 4210 phil050phi-

2096 4238 2160 4280 ca
2187 4224 2304 4292 ejus
2334 4224 2588 4293 cogitatio
2616 4225 2824 4280 facilius
2846 4229 3146 4282 auditorum
3197 4229 3388 4285 animis
3429 4247 3673 4301 compre~

2100 4316 2458 4370 henderetur:
2493 4317 2544 4370 in
2572 4316 2905 4385 phil050phia
2928 4320 3072 4373 enim
3090 4360 3104 4381 ,
3129 4320 3267 4389 quod
3292 4323 3492 4389 Optime
3524 4332 3673 4376 notat

2100 4406 2305 4461 Tullius
2325 4448 2340 4473 ,
2387 4424 2468 4462 res
2511 4419 2822 4477 spectantur,
2853 4426 2952 4462 non
2980 4412 3131 4463 verba
3160 4414 3466 4477 penduntur.
3497 4413 3674 4470 Voluit

2022 4502 2076 4561 1)
2102 4512 2231 4550 vero
2282 4509 2450 4565 poetae
2488 4512 2770 4566 personam
2809 4500 3079 4555 sustinens
3122 4500 3331 4570 lingua,
3383 4512 3440 4556 ut
3487 4504 3672 4571 aiunt,

2099 4586 2318 4641 deorum
2365 4588 2551 4657 loqui:
2581 4604 2686 4643 non
2733 4589 2903 4645 solum
2930 4601 2987 4645 ut
3016 4592 3329 4646 eorumdem
3368 4593 3671 4648 auditorum

2097 4675 2258 4730 animi
2310 4678 2645 4746 gravioribus
2699 4682 2980 4735 sententiis
3027 4682 3205 4735 lassati
3258 4694 3669 4738 recrearentur:

2098 4765 2233 4820 hanc
2269 4766 2465 4820 etenim
2511 4768 2581 4821 ob
2636 4784 2852 4823 causam
2907 4771 3047 4825 idem
3105 4771 3337 4837 Boetius,
3396 4773 3669 4831 Platonem

2097 4857 2380 4925 pluresque
2403 4857 2536 4911 alios
2563 4866 2773 4913 veteres
2800 4860 3059 4925 imitatus,
3086 4862 3390 4917 suoslibros
3409 4865 3462 4919 in
3488 4864 3671 4933 dispu-

2098 4951 2295 5003 tatione
2323 4957 2376 5003 et
2401 4950 2611 5021 dialogo
2640 4952 2888 5021 scripsit:
2921 4968 3105 5008 verum
3136 4953 3296 5007 etiam
3329 4965 3386 5011 ut
3418 4957 3671 5013 Latinita-

2099 5046 2205 5092 te-m
2236 5039 2434 5095 rudiori
2459 5055 2555 5097 suo
2581 5042 2777 5097 saeculo
2798 5042 2907 5110 jam
2954 5055 3322 5099 senescentem
3363 5057 3415 5102 et
3438 5049 3501 5101 ad
3532 5051 3671 5104 inte-

2098 5130 2256 5181 ritum
2285 5142 2656 5199 properantem
2687 5132 2848 5187 veluti
2870 5148 2901 5187 e
2928 5134 3167 5188 faucibus
3192 5139 3379 5192 mortis
3398 5140 3664 5208 eriperet;

2098 5225 2157 5270 ut
2200 5232 2318 5271 cum
2370 5218 2623 5273 barbaros
2663 5223 2825 5275 armis
2871 5223 2939 5276 ab
2988 5225 3130 5279 italia
3162 5228 3446 5296 prohibv‘rc
3474 5232 3664 5285 consul

2098 5324 2203 5363 non
2228 5320 2440 5378 posset,
2476 5310 2767 5365 barbariem
2798 5313 2865 5367 ab
2902 5314 3114 5385 Europa
3146 5319 3256 5371 suis
3290 5321 3476 5373 saltem
3500 5323 3669 5375 versi-

2099 5398 2198 5452 bus
2224 5400 2413 5452 doetor
2441 5399 2636 5466 ejicere
2662 5414 2965 5458 conaretur.
2998 5405 3289 5473 Propterea
3314 5407 3365 5459 in
3395 5408 3513 5461 aliis
3554 5409 3669 5477 ejus

2098 5488 2348 5553 operibus
2378 5503 2497 5542 cum
2538 5489 2940 5564 philosophicis,
3001 5504 3111 5549 tum
3155 5498 3315 5549 etiam
3360 5497 3667 5567 theologicis

2098 5578 2349 5646 praedicta
2390 5579 2663 5637 barbaries
2704 5583 2986 5653 aliquando
3026 5585 3259 5639 occurrit
3291 5602 3304 5637 :
3341 5597 3392 5640 at
3422 5587 3663 5655 ejusdem

2095 5682 2281 5721 versus
2319 5668 2447 5722 tersi
2477 5682 2626 5739 sunt,
2683 5672 2949 5743 elegantes
2990 5683 3043 5730 et
3075 5689 3239 5745 prope
3268 5676 3430 5730 divini
3456 5694 3468 5706 ·
3496 5690 3553 5733 ιιι
3587 5680 3661 5733 fa-

2097 5768 2235 5815 tetur
2256 5759 2369 5828 ipse
2393 5759 2703 5817 Glareanus.
