4292 6262
631 370 733 423 579

700 572 887 628 Petrus
914 572 1139 637 Bertius,
1169 574 1253 628 cui
1296 575 1458 629 etiam
1489 576 1645 629 video
1694 577 1869 644 plures
1913 580 2201 646 assentiri,

625 666 931 728 arbitratur,
968 666 1276 733 lâ€™raefatione
1320 666 1372 718 in
1409 665 1501 719 hos
1531 665 1696 721 Boetii
1731 668 1917 732 libros,
1953 670 2196 724 Boetium

626 764 793 807 totum
835 754 935 808 hoc
960 756 1353 809 Consolationis
1391 758 1776 826 philosophica:
1822 776 1979 829 opus,
2034 773 2194 830 prout

624 842 953 906 inslituerat,
986 860 1091 897 non
1122 845 1435 911 absolvisse,
1486 848 1766 919 eideznqtte
1796 850 1961 905 fuisse
1995 869 2196 920 propo-

623 937 785 987 situm
814 951 880 989 ex
910 937 1152 991 doctrina
1191 954 1400 1007 quoque
1448 940 1771 1010 Christiana,
1815 959 1876 996 ea
1908 946 2199 1012 superiori-

626 1026 725 1079 bus
756 1026 974 1092 addere,
1004 1028 1194 1097 quibus
1224 1031 1287 1081 ad
1320 1032 1803 1085 considerationem
1832 1045 2048 1089 aeternae
2081 1038 2203 1091 vita:

624 1118 834 1170 animus
866 1118 1128 1173 humanus
1147 1120 1313 1173 attolli
1338 1121 1504 1188 possit
1535 1140 1545 1172 :
1575 1132 1684 1175 tum
1716 1125 1836 1191 quia
1868 1124 1987 1178 Non
2021 1137 2094 1180 est
2122 1144 2206 1180 ve-

625 1207 857 1270 risimile,
918 1209 1120 1277 inquit,
1179 1220 1371 1279 partem
1400 1211 1542 1264 illam
1593 1229 1625 1264 a
1674 1212 1963 1267 Christiano
2003 1218 2206 1271 homine

630 1306 840 1350 mortem
869 1300 930 1351 ob
959 1300 1134 1353 oculos
1174 1302 1384 1355 habente
1429 1304 1587 1371 fuisse
1612 1308 1918 1373 praeteritam
1961 1324 2200 1377 eumque,

625 1388 710 1455 qui
737 1388 799 1440 de
830 1397 1005 1442 sancta
1027 1389 1272 1443 Trinitate
1300 1392 1352 1443 in
1403 1408 1604 1447 carcere
1646 1396 1869 1465 scripsit,
1894 1399 2203 1451 consolatio-

625 1493 741 1529 nem
766 1478 818 1530 in
858 1479 1085 1532 adversis
1137 1496 1236 1533 non
1265 1482 1468 1551 petiisse
1497 1500 1560 1537 ea:
1604 1484 1873 1555 disciplina
1920 1486 2109 1541 Christi
2157 1501 2204 1542 et

626 1569 857 1622 doctrina
905 1586 1075 1622 rerum
1119 1573 1487 1626 credendarum
1532 1591 1593 1626 ac
1639 1578 2008 1645 sperandarum
2037 1577 2205 1633 Libris

626 1661 784 1711 sacris
813 1660 1084 1728 explicata.
1120 1662 1244 1715 Tum
1288 1666 1435 1717 etiam
1480 1668 1599 1735 quia
1649 1668 1779 1719 idem
1824 1668 2029 1722 Boetius
2080 1689 2202 1739 pas-

624 1750 720 1802 sim
765 1752 1015 1821 promisit,
1072 1755 1291 1822 inccepit,
1347 1756 1605 1824 festinavit
1660 1759 1917 1812 absolvere
1966 1762 2200 1828 maiora,

624 1842 853 1910 viamque
882 1860 982 1913 qua
1012 1862 1150 1898 mens
1178 1847 1227 1898 in
1254 1850 1473 1915 patriam
1502 1849 1756 1914 eve/tatur,
1784 1854 2009 1921 aperire.

696 1934 765 1986 At
795 1943 935 1987 tanta
964 1937 1179 2005 quidem
1215 1940 1311 1992 luit
1337 1940 1506 1995 Boctii
1540 1944 1725 2008 pietas,
1771 1954 1826 1998 ut
1876 1946 2075 2000 nemini
2103 1947 2201 1999 du-

624 2023 769 2076 bium
812 2040 931 2079 esse
964 2028 1165 2096 possit,
1192 2032 1315 2096 quin
1341 2032 1420 2084 vir
1448 2032 1538 2086 ille
1570 2037 1959 2102 sanetissimus,
1984 2038 2123 2092 sicut
2148 2041 2201 2093 in

624 2117 923 2184 prosperis,
958 2118 1037 2172 sic
1068 2121 1119 2172 in
1152 2122 1390 2176 adversis
1420 2122 1687 2177 Christum
1732 2128 2060 2196 cogitaverit.
2095 2130 2199 2184 Sed

623 2204 921 2273 quicunque
949 2211 1128 2264 animo
1156 2216 1469 2275 complexus
1504 2213 1659 2266 fuerit
1682 2231 1833 2279 eatu,
1882 2232 2039 2285 quam
2080 2236 2201 2287 pro-

623 2294 931 2364 posuimus,
966 2296 1123 2365 ltujus
1156 2300 1338 2367 operis
1386 2301 1579 2366 ideam,
1631 2303 1716 2357 hic
1741 2315 1887 2359 certe
1924 2322 2056 2374 opus
2101 2308 2201 2363 hoc

622 2384 921 2439 absolutum
971 2402 1091 2442 esse
1119 2389 1365 2443 fatebitur
1393 2407 1405 2443 :
1431 2395 1534 2444 huc
1580 2394 1720 2446 enim
1768 2395 2051 2450 deductum
2082 2410 2198 2466 est,

621 2489 729 2543 quo
767 2477 946 2531 lumen
975 2481 1219 2534 naturale
1264 2480 1376 2535 sive
1426 2483 1793 2552 philosOphia,
1826 2502 1964 2555 qua-,
2000 2499 2054 2541 ut
2078 2504 2199 2543 cum

622 2567 960 2623 Tertulliano
1006 2570 1209 2641 loquar,
1245 2588 1395 2643 mens
1437 2583 1522 2628 est
1550 2576 1852 2631 naturaliter
1881 2578 2194 2649 Christiana,

623 2668 835 2726 poterat
867 2661 1106 2715 tendere.
1149 2662 1437 2729 Proltterea
1486 2668 1730 2733 quamvis
1783 2669 1835 2722 in
1885 2678 1997 2724 toto
2036 2685 2200 2741 opere

623 2750 903 2817 multiplex
932 2766 1053 2804 sese
1084 2752 1338 2807 obtulerit
1364 2757 1499 2809 sacri
1532 2765 1705 2812 textus
1732 2759 1931 2818 citandi
1962 2764 2193 2830 occasio,

622 2841 677 2894 id
721 2856 825 2895 non
858 2842 980 2895 fecit
1028 2843 1243 2897 Boetius
1296 2846 1394 2899 nisi
1438 2851 1624 2915 semel,
1655 2866 1782 2905 usus
1808 2852 1891 2907 his
1916 2855 2197 2923 sapientia:

622 2933 798 2987 verbis
829 2952 842 2985 :
868 2932 1103 3005 Disponit
1126 2941 1295 2989 omnia
1324 2942 1563 2995 suaviter.

692 3022 961 3079 Potuisset
985 3043 1113 3095 ergo
1138 3030 1354 3083 Boetius
1394 3031 1461 3085 de
1489 3048 1579 3086 sua
1612 3032 1989 3093 Consolatione
2021 3039 2192 3107 philo-

622 3118 839 3185 sopltica
881 3118 1088 3172 locutus
1116 3121 1317 3185 dicere,
1347 3124 1492 3192 quod
1523 3125 1705 3180 Justus
1729 3127 1936 3196 Lipsius
1964 3140 2198 3197 postmo-

624 3207 747 3258 dum
769 3207 834 3259 do
862 3223 954 3261 sua
982 3208 1277 3264 Constantia
1303 3212 1451 3266 dixit.
1484 3214 1544 3269 Si
1589 3218 1737 3282 mihi,
1764 3219 1954 3287 inquit,
1982 3220 2199 3276 Theolo-

623 3312 743 3366 gum
770 3312 920 3366 agere
945 3303 1284 3367 propositam,
1331 3303 1591 3379 aberravi;
1622 3308 1667 3358 si
1703 3308 2077 3379 philosOphum,
2110 3328 2201 3367 cur

622 3387 829 3456 culpant
853 3389 877 3440 .9
913 3387 1191 3443 Haurimus
1220 3393 1354 3445 enim
1377 3410 1403 3446 e
1431 3396 1646 3460 lacunis,
1672 3399 1931 3467 inquiunt,
1954 3420 2069 3471 quin
2086 3406 2199 3460 licet

632 3493 659 3527 e
680 3477 951 3545 purissimo
983 3479 1265 3533 divinarum
1287 3480 1590 3536 Litterarum
1614 3487 1772 3555 fonte.
1804 3489 1987 3544 Hucne
2016 3510 2095 3547 me
2116 3511 2195 3547 voc

622 3576 737 3616 cunt
757 3567 779 3618 ?
803 3569 868 3618 At
895 3582 985 3635 ego
1016 3584 1077 3620 ex
1097 3571 1268 3622 animo
1291 3580 1445 3624 testor
1473 3587 1519 3625 et
1565 3578 1847 3643 respondeo
1896 3596 1997 3633 non
2042 3584 2199 3635 aliam

622 3670 702 3705 me
736 3656 865 3707 viam
912 3658 1089 3709 salutis
1132 3676 1309 3725 nosse,
1362 3678 1514 3728 quant
1561 3662 1711 3731 hanc,
1766 3684 1880 3736 qua:
1914 3687 2002 3739 per
2043 3688 2200 3725 unum

621 3742 768 3794 illum
807 3753 852 3795 ct
881 3744 1129 3797 directum
1180 3747 1391 3801 limitem
1416 3751 1567 3804 ducat
1592 3771 1605 3807 :
1631 3754 1699 3805 ad
1723 3772 1869 3824 quem
1893 3768 2059 3813 tamen
2086 3778 2201 3829 per-

620 3837 928 3889 currendum
964 3844 1209 3892 humanas
1237 3842 1393 3893 etiam
1435 3844 1630 3898 litteras
1680 3847 1956 3903 laxamenti
2004 3853 2201 3922 aliquid

620 3924 807 3992 a/ferre
835 3941 1097 3991 censeam,
1152 3930 1252 3981 into
1290 3934 1593 4001 adjumenti.
1624 3937 1894 4007 Augustini
1930 3943 2199 3996 consilium

621 4030 730 4067 esse
756 4017 859 4068 scio
890 4032 1018 4086 'qute
1042 4034 1072 4068 a
1097 4019 1411 4089 pltilosOphis
1440 4024 1630 4093 scripta
1654 4037 1792 4093 sunt,
1826 4029 2080 4101 colligere,
2107 4052 2124 4083 Îµ
2154 4042 2200 4087 et

619 4107 674 4158 in
703 4122 853 4159 usum
880 4118 1109 4162 nostrum
1138 4111 1413 4178 vindicare,
1454 4119 1828 4185 possessoribus
1855 4121 1960 4174 illis
1990 4123 2198 4195 injustis

617 4197 967 4265 erepta.sHoc
989 4201 1128 4268 sequi
1156 4204 1311 4266 volui,
1338 4212 1386 4257 et
1411 4210 1631 4275 peccavi.
1666 4207 1983 4279 P'eccassem,
2009 4216 2195 4284 fateor,

616 4290 663 4341 si
686 4305 872 4359 purum
894 4289 1030 4342 hunc
1054 4300 1101 4344 et
1146 4294 1421 4362 mysticum
1449 4295 1708 4365 religionis
1738 4313 1925 4355 nostra:
1957 4306 2201 4372 liquorem

616 4383 955 4447 corrupissem
975 4384 1126 4435 veteri
1146 4384 1316 4452 aliqua
1342 4395 1388 4437 et
1416 4385 1570 4440 olenti
1590 4389 1732 4456 flere.
1766 4390 1831 4444 At
1856 4404 2030 4446 contra
2056 4398 2200 4450 insti-

619 4471 657 4521 ti
681 4485 702 4524 :
730 4480 777 4522 et
799 4472 1082 4525 sordentem
1126 4491 1215 4541 per
1243 4492 1295 4529 se
1321 4492 1598 4547 parumque
1641 4489 1882 4535 mundam
1914 4484 2197 4541 doctrinam

615 4561 898 4634 depurgare
925 4574 1073 4634 atque
1104 4566 1367 4622 illustrare
1396 4586 1665 4642 aggressus
1689 4590 1800 4626 sum
1830 4593 1956 4631 novo
1984 4580 2081 4633 ista
2110 4598 2192 4634 so-

617 4653 685 4703 le.
710 4651 803 4706 Cui
834 4653 960 4707 bono
992 4665 1158 4709 autem
1180 4657 1235 4708 id
1265 4674 1367 4710 non
1399 4659 1585 4712 bonum
1607 4663 1710 4715 sit?
1739 4663 1804 4716 In
1831 4682 2022 4736 pugna,
2053 4672 2193 4739 equi-

617 4748 723 4793 tum
747 4755 831 4794 aut
860 4747 1058 4797 statarii
1079 4746 1253 4800 militis
1279 4750 1587 4815 prmcipttam
1611 4768 1815 4819 cperam
1836 4773 1940 4810 esse
1964 4762 2148 4813 scimus
2173 4780 2192 4816 :

1842 374 1943 427 Î‘Î.
1988 373 2190 428 ÎœÎ‘ÎÎ¹.
2232 376 2381 430 SEV.
2424 378 2669 433 BOET".

2227 491 2275 548 Î‘
2305 491 2498 558 spernis
2521 490 2633 544 ideo
2655 492 2948 560 sagittarios
2973 501 3021 546 et
3046 493 3365 561 [turditores?
3384 491 3447 546 In
3470 494 3619 547 domo
3647 504 3891 549 extruen-

3783 382 3892 438 580

2307 584 2375 634 da
2399 582 2661 635 architecti
2691 586 2967 637 maximam
3002 586 3204 637 laudent
3235 594 3278 638 et
3305 602 3451 638 usmn
3483 602 3501 638 :
3522 585 3734 639 tollesne
3764 604 3888 656 ope-

2306 690 2390 727 ras
2416 675 2572 743 igitur
2610 684 2655 727 et
2683 676 3057 730 administros?
3082 676 3224 730 Ideni
3264 677 3344 729 hic
3371 693 3536 729 cense.
3565 678 3761 730 Divina:
3783 678 3889 732 illa:

2306 763 2514 817 Littera'
2534 767 2638 818 veri
2666 766 2886 829 roboris,
2915 783 3046 820 vera:
3086 768 3285 820 virtutis
3312 777 3358 819 et
3388 769 3684 820 constantia:
3708 767 3888 822 solida:

2307 851 2622 917 effectrices:
2650 871 2738 907 nec
2778 870 2943 907 tamen
2991 856 3269 908 humanam
3321 874 3529 921 prorsus
3580 860 3889 923 sapientiam

2306 958 2503 1012 sperne.
2536 944 2667 995 Eam
2692 946 2825 1011 dico,
2859 961 2970 1012 qua:
3003 961 3104 998 non
3130 963 3183 999 se
3206 945 3370 1011 e/fert,
3402 949 3489 999 sed
3514 949 3663 1000 servit
3689 950 3886 1014 placide

2306 1045 2353 1088 et
2377 1036 2665 1089 ancillatur.
2694 1036 2935 1100 Lapides,
2955 1048 3217 1103 crementa,
3251 1039 3439 1089 calcem
3460 1054 3521 1090 ea:
3544 1038 3691 1091 veteri
3720 1051 3766 1089 et
3793 1039 3883 1090 diu

2306 1128 2450 1196 lapso
2473 1130 2690 1193 wdiï¬cio
2723 1127 2810 1180 illo
2838 1128 3175 1196 philosophia:
3199 1142 3569 1195 comportamus
3594 1145 3611 1181 :
3635 1145 3697 1180 ne
3719 1131 3887 1181 invide

2307 1217 2545 1270 lucellum
2573 1220 2667 1270 hoc
2702 1219 2996 1285 architecto,
3028 1227 3075 1271 et
3104 1220 3300 1288 patiare
3323 1221 3585 1271 materiam
3608 1220 3737 1271 hanc
3760 1224 3884 1271 sub-

2305 1309 2463 1360 sterni
2487 1309 2667 1361 saltem
2693 1309 2742 1360 in
2774 1309 3142 1376 fundamentis.
3172 1309 3236 1361 At
3262 1310 3391 1361 enim
3421 1325 3566 1361 sacra
3593 1308 3685 1360 illa
3708 1310 3884 1361 melio-

2304 1414 2382 1461 ra,
2411 1416 2498 1451 nec
2543 1399 2701 1451 verbis
2730 1398 3081 1451 abstinendum
3129 1400 3269 1468 fuit?
3303 1398 3516 1451 Meliora
3553 1403 3717 1467 fateor
3748 1412 3765 1450 :
3792 1402 3881 1451 sed

2304 1489 2437 1541 adde
2465 1489 2617 1541 etiam
2658 1490 2909 1557 graviora.
2942 1488 3181 1542 Lacertos
3226 1506 3360 1541 meos
3395 1489 3622 1555 expende
3648 1498 3694 1540 et
3736 1502 3882 1540 artus

2304 1588 2535 1647 artesque
2561 1578 2688 1631 libro
2716 1593 2735 1631 :
2763 1594 2853 1631 cur
2883 1595 3010 1631 onus
3055 1579 3177 1631 mihi
3214 1580 3402 1648 imponi
3435 1578 3621 1645 patiar,
3652 1578 3733 1629 cui
3780 1593 3878 1629 non

2302 1668 2399 1719 sim
2428 1669 2634 1736 ferendo
2653 1668 2676 1720 ?
2698 1667 2988 1737 Theologis,
3014 1668 3069 1720 id
3094 1680 3162 1720 est
3189 1670 3385 1739 magnis
3414 1670 3629 1738 altisque
3658 1669 3777 1721 viris
3811 1669 3880 1736 (ct

2303 1761 2511 1812 eximios
2543 1760 2728 1812 multos
2757 1760 2866 1813 Ittec
2886 1769 3009 1813 tetas
3030 1761 3167 1825 tulit)
3199 1777 3383 1828 magna
3411 1761 3509 1812 ista
3533 1771 3580 1811 et
3609 1761 3717 1812 alta
3732 1759 3881 1811 relin-

2234 1850 2281 1909 B
2306 1864 2444 1917 quo:
2472 1865 2582 1901 mea
2603 1851 2778 1917 cgmba
2818 1850 2944 1919 leget
2973 1851 3137 1902 littus.
3184 1849 3552 1916 Philosophum
3577 1865 3668 1918 ego
3692 1865 3874 1917 agam,

2304 1942 2391 1993 sed
2429 1940 2791 1993 Christianum.

2375 2029 2639 2100 Quidquid
2674 2046 2799 2084 vero
2828 2031 3038 2098 Lipsius
3083 2031 3400 2097 intenderit,
3440 2044 3620 2084 noster
3662 2031 3875 2084 Boetius

2304 2121 2406 2177 hac
2433 2138 2527 2176 sua
2560 2123 2915 2191 philosophia:
2939 2125 3335 2187 Consolatione,
3378 2124 3485 2176 suis
3520 2140 3623 2177 non
3666 2126 3835 2177 solum
3857 2164 3871 2186 ,

2302 2215 2399 2270 sed
2428 2215 2619 2269 alienis
2646 2216 2806 2268 etiam
2834 2225 3151 2269 cieterorum
3182 2216 3455 2269 hominum
3496 2214 3720 2278 morbis,
3752 2228 3877 2282 per-

2302 2307 2698 2362 turbationibus
2741 2307 3010 2371 nimirum,
3043 2316 3163 2375 apta
3206 2306 3394 2375 quaerit
3443 2304 3698 2359 remedia.
3745 2304 3876 2370 Qua:

2300 2412 2479 2454 autem
2506 2400 2630 2457 duci
2658 2402 2955 2465 potuissent
2994 2407 3305 2467 argumenta
3334 2412 3401 2451 ex
3428 2411 3578 2449 sacra
3609 2397 3873 2459 doctrina,

2302 2502 2357 2545 ct
2389 2494 2652 2561 exemplis
2682 2508 2801 2546 cum
2841 2490 3073 2553 Christi,
3130 2497 3240 2541 tum
3280 2496 3585 2542 sanctorum
3618 2485 3830 2539 Patrum
3857 2524 3874 2550 ,

2303 2583 2419 2637 Itarc
2450 2583 2763 2639 Christiani~
2787 2583 3028 2652 quidem,
3056 2589 3146 2634 aut
3171 2579 3308 2633 forte
3332 2580 3492 2633 etiam
3523 2577 3742 2641 .Iudzcis,
3775 2593 3875 2631 ne-

2301 2688 2563 2741 quaquam
2628 2688 2757 2727 vero
2809 2672 3025 2741 paganis
3068 2670 3321 2739 prodesse
3362 2669 3657 2737 potuissent
3696 2685 3710 2718 :
3752 2680 3874 2719 cum

2301 2763 2691 2832 philosttphica,
2724 2763 2916 2832 quibus
2946 2761 3130 2826 utitur,
3162 2767 3475 2827 argumenta
3508 2765 3687 2825 utpote
3722 2766 3871 2808 natu-

2302 2856 2399 2910 rali
2432 2857 2629 2909 lumine
2659 2856 2907 2909 omnibus
2928 2853 3233 2907 hominibus
3259 2852 3416 2906 insito
3438 2849 3675 2915 fundata,
3703 2850 3874 2902 omni-

2302 2948 2399 3000 bus
2432 2949 2652 3001 omnino
2683 2946 2985 2999 hominibus
3014 2945 3080 2998 ad
3108 2943 3373 2999 curandos
3418 2940 3872 3011 perturbationum

2302 3040 2518 3093 morbos
2544 3041 2774 3093 maximo
2804 3038 2919 3090 usui
2948 3052 3067 3091 esse
3094 3037 3321 3105 possint.

2371 3132 2648 3187 Neminem
2675 3146 2832 3197 porro
2864 3144 3080 3183 movere
3119 3128 3311 3191 debet,
3351 3125 3489 3195 quod
3519 3123 3731 3178 Boetius
3752 3139 3871 3191 pas-

2299 3222 2397 3275 sim
2417 3221 2720 3291 promiserit,
2744 3220 3023 3289 incaeperit,
3040 3219 3347 3288 festinaverit
3368 3215 3621 3269 absolvere
3642 3215 3871 3282 majora:

2300 3328 2421 3366 cum
2455 3313 2597 3367 enim
2629 3312 2935 3380 prmdictunt
2984 3311 3160 3363 lumen
3207 3308 3446 3363 naturale
3476 3306 3605 3360 nihil
3635 3304 3779 3358 aliud
3805 3304 3873 3358 sit

2302 3419 2461 3470 quam
2509 3404 2655 3456 notio
2683 3406 2845 3456 menti
2876 3401 3123 3455 humana:
3147 3400 3398 3454 divinitus
3437 3398 3728 3467 impressa,
3760 3396 3874 3450 sive

2301 3493 2585 3562 cogitatio,
2632 3508 2734 3560 qua
2787 3494 2952 3550 Deus.
3024 3501 3206 3560 utpote
3251 3490 3505 3559 magister
3552 3503 3656 3541 non
3699 3487 3874 3540 minus

2300 3601 2457 3653 quam
2508 3585 2821 3653 principium
2853 3592 2906 3637 et
2930 3582 3052 3637 ï¬nis
3081 3585 3328 3636 humana:
3365 3581 3581 3647 mentis,
3631 3579 3870 3633 eamdem

2302 3687 2537 3730 mentem
2588 3678 2746 3728 docet
2788 3677 2928 3728 viam
2978 3674 3165 3728 salutis
3207 3682 3452 3735 teternte;
3503 3684 3733 3739 cumque
3762 3670 3873 3732 ipsa

2301 3767 2540 3838 ejusdem
2592 3768 2785 3820 mestis
2823 3766 3068 3827 attentio,
3119 3762 3357 3832 quaidam
3412 3761 3482 3813 sit
3528 3758 3874 3827 interrogatio

2301 3859 2421 3912 sive
2454 3859 2708 3925 precatio,
2737 3871 2838 3925 qua
2872 3858 2983 3919 ipsa
3014 3869 3165 3908 mens
3196 3855 3286 3906 Dei
3318 3851 3574 3919 discipula
3614 3849 3872 3918 majorem

2298 3950 2657 4004 eruditionem
2719 3948 2889 4017 poscit
2951 3955 3209 4015 rogatque
3268 3958 3423 3999 suum
3487 3953 3872 4011 praaceptorem

2303 4041 2501 4097 Deum.
2558 4038 2727 4107 magis
2779 4037 3046 4091 illustrare
3102 4032 3534 4104 paratissimum;
3591 4044 3724 4099 prop
3749 4042 3872 4083 erea

2301 4142 2453 4185 aucta
2484 4140 2665 4184 nostra
2696 4128 2761 4182 ad
2791 4128 2929 4181 hanc
2968 4128 3192 4195 primam
3230 4125 3507 4179 veritatem
3546 4121 3873 4185 attentione,

2302 4221 2615 4290 prtedictum
2658 4219 2831 4272 lumen
2860 4217 2929 4269 ita
2961 4228 3217 4269 crescere
3235 4222 3440 4281 potest,
3492 4222 3551 4265 ut
3595 4213 3728 4264 viam
3772 4222 3873 4277 qua

2303 4327 2457 4366 mens
2490 4311 2540 4363 in
2568 4309 2791 4378 patriam
2820 4307 3122 4373 revehatur,
3150 4305 3328 4372 aliquo
3358 4303 3516 4358 modo
3553 4303 3721 4371 possit
3743 4314 3873 4368 ape-

2303 4407 2447 4458 rire:
2482 4408 2891 4471 quanquam,nt
2937 4400 3122 4468 religio
3165 4396 3455 4450 Â«hristiana
3505 4394 3691 4456 doct-t,
3737 4392 3874 4446 hanc

2303 4493 2442 4547 viam
2475 4493 2699 4548 feliciter
2719 4492 2869 4546 obire
2900 4506 3006 4543 non
3054 4489 3340 4557 possimus,
3374 4486 3474 4540 nisi
3508 4497 3872 4549 monstrante,

2306 4599 2575 4653 prmennte
2605 4595 2659 4638 et
2697 4584 2980 4651 adjuvante
3025 4581 3268 4645 Christo,
3321 4583 3409 4649 qui
3450 4588 3531 4633 est
3558 4578 3636 4630 via
3666 4578 3868 4638 veritas,

2299 4684 2344 4727 et
2369 4675 2490 4727 vita.

1524 4992 1679 5091 Î‘.
1757 4991 1924 5096 Îœ.
2007 4995 2362 5101 SEV.
2438 4997 2972 5101 BOETII

674 5192 911 5313 DE
1003 5192 2419 5333 CONSOLATIONE
2512 5203 3811 5333 PHILOSOPHIZE

1720 5383 2697 5552 LIBEIjiâ€”Elâ€™tâ€”IMUS.

1016 5571 1058 5637 Î¹
1100 5567 1391 5625 METRUM
1430 5577 1447 5593 Î‡
1489 5572 1772 5629 PRIMUM.

607 5655 996 5711 Ancumsmuu.
1014 5687 1083 5699 â€”
1100 5659 1305 5714 Boetius
1335 5661 1589 5716 observato
1612 5664 1927 5732 discrimine,
1954 5670 2013 5722 Î¹Î¿
2055 5671 2184 5723 inter

678 5765 698 5785 â€˜
728 5765 877 5830 Quod
902 5775 1123 5822 vocatur
1138 5768 1434 5840 elegiacum.
1457 5772 1550 5826 Est
1569 5781 1745 5828 autem
1769 5775 1933 5843 elegia
1954 5790 2173 5833 carmen

2362 5602 2554 5674 priores
2579 5614 2625 5654 et
2656 5613 2922 5670 prtesettles
2949 5620 3068 5657 suos
3089 5622 3296 5667 versus;
3324 5605 3388 5658 2Â°
3416 5608 3549 5659 inter
3574 5618 3869 5674 prosperam

2365 5681 2413 5724 et
2453 5671 2719 5724 adversam
2759 5690 2901 5726 suam
2940 5674 3238 5739 fortunam;
3269 5678 3324 5730 5Â°
3354 5679 3483 5729 inter
3521 5671 3780 5745 ï¬‚orentem
3823 5682 3870 5724 et

2283 5789 2535 5835 constans
2562 5794 2625 5836 ex
2648 5780 2847 5850 duplici
2865 5797 3063 5849 genere
3088 5799 3335 5841 versuum
3358 5787 3547 5842 altern;
3572 5800 3710 5852 rum,
3736 5798 3867 5853 quo-
