  <div class='ocr_page' id='page_1' title='image "/cluster/home/n/w/nwhite01/storage/ocr_20150623/63/hvd.32044073498792/296.png"; bbox 0 0 4292 6262; ppageno 0'>
   <div class='ocr_carea' id='block_1_1' title="bbox 409 312 504 369">
    <p class='ocr_par' dir='ltr' id='par_1_1' title="bbox 409 312 504 369">
     <span class='ocr_line' id='line_1_1' title="bbox 409 312 504 369; baseline 0 -1"><span class='ocrx_word' id='word_1_1' title='bbox 409 312 504 369; x_wconf 70' lang='grc'><strong>581</strong></span> 
     </span>
    </p>
   </div>
   <div class='ocr_carea' id='block_1_2' title="bbox 474 424 2048 492">
    <p class='ocr_par' dir='ltr' id='par_1_2' title="bbox 474 424 2048 492">
     <span class='ocr_line' id='line_1_2' title="bbox 474 424 2048 492; baseline 0.001 -14"><span class='ocrx_word' id='word_1_2' title='bbox 474 424 718 478; x_wconf 77' lang='lat' dir='ltr'><strong>caducam</strong></span> <span class='ocrx_word' id='word_1_3' title='bbox 750 441 893 478; x_wconf 87' lang='lat' dir='ltr'><strong>suam</strong></span> <span class='ocrx_word' id='word_1_4' title='bbox 929 435 1159 490; x_wconf 69' lang='lat' dir='ltr'><strong>aetatem;</strong></span> <span class='ocrx_word' id='word_1_5' title='bbox 1191 428 1252 480; x_wconf 69' lang='grc'><strong>1⁸</strong></span> <span class='ocrx_word' id='word_1_6' title='bbox 1285 428 1414 479; x_wconf 71' lang='lat' dir='ltr'><strong>inter</strong></span> <span class='ocrx_word' id='word_1_7' title='bbox 1447 444 1704 480; x_wconf 86' lang='lat' dir='ltr'><strong>accessum</strong></span> <span class='ocrx_word' id='word_1_8' title='bbox 1734 441 1782 482; x_wconf 87' lang='lat' dir='ltr'><strong>et</strong></span> <span class='ocrx_word' id='word_1_9' title='bbox 1809 445 1973 482; x_wconf 65' lang='lat' dir='ltr'><strong>rexes-</strong></span> <span class='ocrx_word' id='word_1_10' title='bbox 2002 437 2048 492; x_wconf 76' lang='grc' dir='ltr'>Α</span> 
     </span>
    </p>
   </div>
   <div class='ocr_carea' id='block_1_3' title="bbox 472 498 1968 567">
    <p class='ocr_par' dir='ltr' id='par_1_3' title="bbox 472 498 1968 567">
     <span class='ocr_line' id='line_1_3' title="bbox 472 498 1968 567; baseline 0.001 -19"><span class='ocrx_word' id='word_1_11' title='bbox 472 512 584 548; x_wconf 88' lang='lat' dir='ltr'><strong>sum</strong></span> <span class='ocrx_word' id='word_1_12' title='bbox 611 512 720 550; x_wconf 74' lang='lat' dir='ltr'><strong>sua:</strong></span> <span class='ocrx_word' id='word_1_13' title='bbox 751 498 956 559; x_wconf 86' lang='lat' dir='ltr'><strong>mortis;</strong></span> <span class='ocrx_word' id='word_1_14' title='bbox 997 513 1058 549; x_wconf 72' lang='lat' dir='ltr'><strong>ea:</strong></span> <span class='ocrx_word' id='word_1_15' title='bbox 1087 499 1429 549; x_wconf 67' lang='lat' dir='ltr'><strong>inconstantia</strong></span> <span class='ocrx_word' id='word_1_16' title='bbox 1459 499 1564 550; x_wconf 90' lang='lat' dir='ltr'><strong>suis</strong></span> <span class='ocrx_word' id='word_1_17' title='bbox 1590 499 1762 552; x_wconf 86' lang='lat' dir='ltr'><strong>amicis</strong></span> <span class='ocrx_word' id='word_1_18' title='bbox 1789 500 1968 567; x_wconf 87' lang='lat' dir='ltr'><strong>probat</strong></span> 
     </span>
    </p>
   </div>
   <div class='ocr_carea' id='block_1_4' title="bbox 474 567 1648 634">
    <p class='ocr_par' dir='ltr' id='par_1_4' title="bbox 474 567 1648 634">
     <span class='ocr_line' id='line_1_4' title="bbox 474 567 1648 634; baseline 0.005 -18"><span class='ocrx_word' id='word_1_19' title='bbox 474 583 570 617; x_wconf 87' lang='lat' dir='ltr'><strong>non</strong></span> <span class='ocrx_word' id='word_1_20' title='bbox 603 568 759 633; x_wconf 77' lang='lat' dir='ltr'><strong>fuisse</strong></span> <span class='ocrx_word' id='word_1_21' title='bbox 790 567 986 634; x_wconf 78' lang='lat' dir='ltr'><strong>felicem</strong></span> <span class='ocrx_word' id='word_1_22' title='bbox 1013 582 1180 618; x_wconf 85' lang='lat' dir='ltr'><strong>rerum</strong></span> <span class='ocrx_word' id='word_1_23' title='bbox 1206 583 1414 619; x_wconf 85' lang='lat' dir='ltr'><strong>suarum</strong></span> <span class='ocrx_word' id='word_1_24' title='bbox 1440 575 1648 622; x_wconf 85' lang='lat' dir='ltr'><strong>statum.</strong></span> 
     </span>
    </p>
   </div>
   <div class='ocr_carea' id='block_1_5' title="bbox 507 655 1929 724">
    <p class='ocr_par' dir='ltr' id='par_1_5' title="bbox 507 655 1929 724">
     <span class='ocr_line' id='line_1_5' title="bbox 507 655 1929 724; baseline 0.004 -17"><span class='ocrx_word' id='word_1_25' title='bbox 507 656 557 724; x_wconf 83' lang='lat'><strong>2</strong></span> <span class='ocrx_word' id='word_1_26' title='bbox 587 655 833 708; x_wconf 65' lang='lat' dir='ltr'><strong>Carmina</strong></span> <span class='ocrx_word' id='word_1_27' title='bbox 858 655 947 722; x_wconf 87' lang='lat' dir='ltr'><strong>qui</strong></span> <span class='ocrx_word' id='word_1_28' title='bbox 977 655 1240 724; x_wconf 89' lang='lat' dir='ltr'><strong>quondam</strong></span> <span class='ocrx_word' id='word_1_29' title='bbox 1271 656 1445 709; x_wconf 87' lang='lat' dir='ltr'><strong>studio</strong></span> <span class='ocrx_word' id='word_1_30' title='bbox 1476 655 1699 710; x_wconf 90' lang='lat' dir='ltr'><strong>ﬂorente</strong></span> <span class='ocrx_word' id='word_1_31' title='bbox 1730 657 1929 724; x_wconf 80' lang='lat' dir='ltr'><strong>peregi.</strong></span> 
     </span>
    </p>
   </div>
   <div class='ocr_carea' id='block_1_6' title="bbox 578 745 1825 814">
    <p class='ocr_par' dir='ltr' id='par_1_6' title="bbox 578 745 1825 814">
     <span class='ocr_line' id='line_1_6' title="bbox 578 745 1825 814; baseline 0.001 -16"><span class='ocrx_word' id='word_1_32' title='bbox 578 745 814 809; x_wconf 78' lang='lat' dir='ltr'><strong>Flebilis,</strong></span> <span class='ocrx_word' id='word_1_33' title='bbox 847 746 977 798; x_wconf 88' lang='lat' dir='ltr'><strong>heu!</strong></span> <span class='ocrx_word' id='word_1_34' title='bbox 1010 754 1232 799; x_wconf 66' lang='lat' dir='ltr'><strong>maestos</strong></span> <span class='ocrx_word' id='word_1_35' title='bbox 1259 760 1421 814; x_wconf 86' lang='lat' dir='ltr'><strong>cogor</strong></span> <span class='ocrx_word' id='word_1_36' title='bbox 1451 745 1586 799; x_wconf 91' lang='lat' dir='ltr'><strong>inire</strong></span> <span class='ocrx_word' id='word_1_37' title='bbox 1616 746 1825 799; x_wconf 90' lang='lat' dir='ltr'><strong>modos.</strong></span> 
     </span>
    </p>
   </div>
   <div class='ocr_carea' id='block_1_7' title="bbox 1329 316 2734 378">
    <p class='ocr_par' dir='ltr' id='par_1_7' title="bbox 1329 316 2734 378">
     <span class='ocr_line' id='line_1_7' title="bbox 1329 316 2734 378; baseline 0.006 -9"><span class='ocrx_word' id='word_1_38' title='bbox 1329 316 1413 369; x_wconf 80' lang='lat' dir='ltr'><strong>DE</strong></span> <span class='ocrx_word' id='word_1_39' title='bbox 1456 316 1970 371; x_wconf 71' lang='lat' dir='ltr'><strong>CONSOLATIONE</strong></span> <span class='ocrx_word' id='word_1_40' title='bbox 2010 317 2485 376; x_wconf 77' lang='lat' dir='ltr'><strong>PIIILOSOPHUE</strong></span> <span class='ocrx_word' id='word_1_41' title='bbox 2525 321 2652 377; x_wconf 80' lang='lat' dir='ltr'><strong>LIB.</strong></span> <span class='ocrx_word' id='word_1_42' title='bbox 2693 323 2734 378; x_wconf 86' lang='lat' dir='ltr'><strong>l.</strong></span> 
     </span>
    </p>
   </div>
   <div class='ocr_carea' id='block_1_8' title="bbox 3549 333 3653 389">
    <p class='ocr_par' dir='ltr' id='par_1_8' title="bbox 3549 333 3653 389">
     <span class='ocr_line' id='line_1_8' title="bbox 3549 333 3653 389; baseline 0.029 -3"><span class='ocrx_word' id='word_1_43' title='bbox 3549 333 3653 389; x_wconf 75' lang='grc'><strong>582</strong></span> 
     </span>
    </p>
   </div>
   <div class='ocr_carea' id='block_1_9' title="bbox 2187 432 3544 506">
    <p class='ocr_par' dir='ltr' id='par_1_9' title="bbox 2187 432 3544 506">
     <span class='ocr_line' id='line_1_9' title="bbox 2187 432 3544 506; baseline 0.008 -22"><span class='ocrx_word' id='word_1_44' title='bbox 2187 432 2323 484; x_wconf 81' lang='lat' dir='ltr'><strong>Ecce</strong></span> <span class='ocrx_word' id='word_1_45' title='bbox 2352 433 2486 487; x_wconf 92' lang='lat' dir='ltr'><strong>mihi</strong></span> <span class='ocrx_word' id='word_1_46' title='bbox 2519 434 2706 488; x_wconf 68' lang='lat' dir='ltr'><strong>lacerat</strong></span> <span class='ocrx_word' id='word_1_47' title='bbox 2735 434 2936 488; x_wconf 90' lang='lat' dir='ltr'><strong>dictant</strong></span> <span class='ocrx_word' id='word_1_48' title='bbox 2962 435 3242 493; x_wconf 81' lang='lat' dir='ltr'><strong>scribenda</strong></span> <span class='ocrx_word' id='word_1_49' title='bbox 3275 438 3544 506; x_wconf 68' lang='lat' dir='ltr'><strong>Camenae,</strong></span> 
     </span>
    </p>
   </div>
   <div class='ocr_carea' id='block_1_10' title="bbox 2251 531 3300 607">
    <p class='ocr_par' dir='ltr' id='par_1_10' title="bbox 2251 531 3300 607">
     <span class='ocr_line' id='line_1_10' title="bbox 2251 531 3300 607; baseline 0.01 -24"><span class='ocrx_word' id='word_1_50' title='bbox 2251 531 2301 599; x_wconf 85' lang='lat'><strong>3</strong></span> <span class='ocrx_word' id='word_1_51' title='bbox 2332 531 2394 584; x_wconf 86' lang='lat' dir='ltr'><strong>Et</strong></span> <span class='ocrx_word' id='word_1_52' title='bbox 2423 533 2563 586; x_wconf 77' lang='lat' dir='ltr'><strong>veris</strong></span> <span class='ocrx_word' id='word_1_53' title='bbox 2589 535 2724 602; x_wconf 83' lang='lat' dir='ltr'><strong>elegi</strong></span> <span class='ocrx_word' id='word_1_54' title='bbox 2753 533 2963 588; x_wconf 89' lang='lat' dir='ltr'><strong>ﬂetibus</strong></span> <span class='ocrx_word' id='word_1_55' title='bbox 2986 551 3075 590; x_wconf 86' lang='lat' dir='ltr'><strong>ora</strong></span> <span class='ocrx_word' id='word_1_56' title='bbox 3109 538 3300 607; x_wconf 77' lang='lat' dir='ltr'><strong>rigant.</strong></span> 
     </span>
    </p>
   </div>
   <div class='ocr_carea' id='block_1_11' title="bbox 2075 631 3482 710">
    <p class='ocr_par' dir='ltr' id='par_1_11' title="bbox 2075 631 3482 710">
     <span class='ocr_line' id='line_1_11' title="bbox 2075 631 3482 710; baseline 0.009 -26"><span class='ocrx_word' id='word_1_57' title='bbox 2075 633 2109 685; x_wconf 87' lang='grc'><strong>5</strong></span> <span class='ocrx_word' id='word_1_58' title='bbox 2185 631 2290 686; x_wconf 87' lang='lat' dir='ltr'><strong>llas</strong></span> <span class='ocrx_word' id='word_1_59' title='bbox 2320 635 2506 687; x_wconf 85' lang='lat' dir='ltr'><strong>saltem</strong></span> <span class='ocrx_word' id='word_1_60' title='bbox 2540 635 2716 688; x_wconf 89' lang='lat' dir='ltr'><strong>nullus</strong></span> <span class='ocrx_word' id='word_1_61' title='bbox 2749 637 2917 702; x_wconf 81' lang='lat' dir='ltr'><strong>potuit</strong></span> <span class='ocrx_word' id='word_1_62' title='bbox 2949 639 3261 705; x_wconf 81' lang='lat' dir='ltr'><strong>pervincere</strong></span> <span class='ocrx_word' id='word_1_63' title='bbox 3291 653 3482 710; x_wconf 83' lang='lat' dir='ltr'><strong>terror,</strong></span> 
     </span>
    </p>
   </div>
   <div class='ocr_carea' id='block_1_12' title="bbox 2253 732 3466 806">
    <p class='ocr_par' dir='ltr' id='par_1_12' title="bbox 2253 732 3466 806">
     <span class='ocr_line' id='line_1_12' title="bbox 2253 732 3466 806; baseline 0.007 -20"><span class='ocrx_word' id='word_1_64' title='bbox 2253 732 2329 786; x_wconf 87' lang='lat' dir='ltr'><strong>Ne</strong></span> <span class='ocrx_word' id='word_1_65' title='bbox 2359 741 2598 787; x_wconf 90' lang='lat' dir='ltr'><strong>nostrum</strong></span> <span class='ocrx_word' id='word_1_66' title='bbox 2625 735 2849 790; x_wconf 83' lang='lat' dir='ltr'><strong>comites</strong></span> <span class='ocrx_word' id='word_1_67' title='bbox 2870 751 3324 806; x_wconf 84' lang='lat' dir='ltr'><strong>prosequerentur</strong></span> <span class='ocrx_word' id='word_1_68' title='bbox 3349 742 3466 796; x_wconf 90' lang='lat' dir='ltr'><strong>iter.</strong></span> 
     </span>
    </p>
   </div>
   <div class='ocr_carea' id='block_1_13' title="bbox 1733 844 2307 902">
    <p class='ocr_par' dir='ltr' id='par_1_13' title="bbox 1733 844 2307 902">
     <span class='ocr_line' id='line_1_13' title="bbox 1733 844 2307 902; baseline -0.005 -1"><span class='ocrx_word' id='word_1_69' title='bbox 1733 844 2307 902; x_wconf 79' lang='lat' dir='ltr'><strong>INTERPRETATlO.</strong></span> 
     </span>
    </p>
   </div>
   <div class='ocr_carea' id='block_1_14' title="bbox 473 942 1965 1014">
    <p class='ocr_par' dir='ltr' id='par_1_14' title="bbox 473 942 1965 1014">
     <span class='ocr_line' id='line_1_14' title="bbox 473 942 1965 1014; baseline -0.003 -19"><span class='ocrx_word' id='word_1_70' title='bbox 473 943 599 1009; x_wconf 71' lang='lat' dir='ltr'><strong>Ego.</strong></span> <span class='ocrx_word' id='word_1_71' title='bbox 631 946 720 1014; x_wconf 62' lang='lat' dir='ltr'><strong>Qui</strong></span> <span class='ocrx_word' id='word_1_72' title='bbox 749 944 869 996; x_wconf 89' lang='lat' dir='ltr'><strong>olint</strong></span> <span class='ocrx_word' id='word_1_73' title='bbox 893 942 1075 1010; x_wconf 75' lang='lat' dir='ltr'><strong>perfeci</strong></span> <span class='ocrx_word' id='word_1_74' title='bbox 1103 954 1354 1014; x_wconf 82' lang='lat' dir='ltr'><strong>paemata,</strong></span> <span class='ocrx_word' id='word_1_75' title='bbox 1378 945 1499 996; x_wconf 84' lang='lat' dir='ltr'><strong>dum</strong></span> <span class='ocrx_word' id='word_1_76' title='bbox 1521 943 1686 995; x_wconf 80' lang='lat' dir='ltr'><strong>studia</strong></span> <span class='ocrx_word' id='word_1_77' title='bbox 1718 957 1832 994; x_wconf 87' lang='lat' dir='ltr'><strong>mea</strong></span> <span class='ocrx_word' id='word_1_78' title='bbox 1864 943 1965 1014; x_wconf 77' lang='lat' dir='ltr'><strong>ﬂo-</strong></span> 
     </span>
    </p>
   </div>
   <div class='ocr_carea' id='block_1_15' title="bbox 391 1011 1973 1084">
    <p class='ocr_par' dir='ltr' id='par_1_15' title="bbox 391 1011 1973 1084">
     <span class='ocr_line' id='line_1_15' title="bbox 391 1011 1973 1084; baseline -0.004 -19"><span class='ocrx_word' id='word_1_79' title='bbox 391 1025 585 1067; x_wconf 74' lang='lat' dir='ltr'><strong>rerent.</strong></span> <span class='ocrx_word' id='word_1_80' title='bbox 617 1012 730 1065; x_wconf 56' lang='lat' dir='ltr'><strong>Heu</strong></span> <span class='ocrx_word' id='word_1_81' title='bbox 759 1014 871 1082; x_wconf 87' lang='lat' dir='ltr'><strong>ipse</strong></span> <span class='ocrx_word' id='word_1_82' title='bbox 897 1011 1123 1084; x_wconf 72' lang='lat' dir='ltr'><strong>afflictus</strong></span> <span class='ocrx_word' id='word_1_83' title='bbox 1151 1015 1427 1082; x_wconf 87' lang='lat' dir='ltr'><strong>compellor</strong></span> <span class='ocrx_word' id='word_1_84' title='bbox 1449 1016 1653 1084; x_wconf 82' lang='lat' dir='ltr'><strong>aggredi</strong></span> <span class='ocrx_word' id='word_1_85' title='bbox 1684 1027 1850 1065; x_wconf 86' lang='lat' dir='ltr'><strong>versus</strong></span> <span class='ocrx_word' id='word_1_86' title='bbox 1881 1011 1973 1061; x_wconf 87' lang='lat' dir='ltr'><strong>tri-</strong></span> 
     </span>
    </p>
   </div>
   <div class='ocr_carea' id='block_1_16' title="bbox 399 1192 1964 1266">
    <p class='ocr_par' dir='ltr' id='par_1_16' title="bbox 399 1192 1964 1266">
     <span class='ocr_line' id='line_1_16' title="bbox 399 1192 1964 1266; baseline -0.001 -20"><span class='ocrx_word' id='word_1_87' title='bbox 399 1213 512 1252; x_wconf 76' lang='lat' dir='ltr'><strong>rum</strong></span> <span class='ocrx_word' id='word_1_88' title='bbox 545 1199 690 1266; x_wconf 91' lang='lat' dir='ltr'><strong>prior</strong></span> <span class='ocrx_word' id='word_1_89' title='bbox 715 1197 1025 1252; x_wconf 79' lang='lat' dir='ltr'><strong>hexameter</strong></span> <span class='ocrx_word' id='word_1_90' title='bbox 1050 1197 1482 1266; x_wconf 82' lang='lat' dir='ltr'><strong>heroicus,sexto</strong></span> <span class='ocrx_word' id='word_1_91' title='bbox 1508 1193 1626 1266; x_wconf 81' lang='lat' dir='ltr'><strong>loco</strong></span> <span class='ocrx_word' id='word_1_92' title='bbox 1646 1192 1964 1266; x_wconf 78' lang='lat' dir='ltr'><strong>spondeum,</strong></span> 
     </span>
    </p>
   </div>
   <div class='ocr_carea' id='block_1_17' title="bbox 397 1261 1966 1337">
    <p class='ocr_par' dir='ltr' id='par_1_17' title="bbox 397 1261 1966 1337">
     <span class='ocr_line' id='line_1_17' title="bbox 397 1261 1966 1337; baseline -0.006 -18"><span class='ocrx_word' id='word_1_93' title='bbox 397 1261 582 1337; x_wconf 67' lang='lat' dir='ltr'><strong>quinto</strong></span> <span class='ocrx_word' id='word_1_94' title='bbox 623 1267 924 1337; x_wconf 80' lang='lat' dir='ltr'><strong>dactylum,</strong></span> <span class='ocrx_word' id='word_1_95' title='bbox 974 1277 1200 1337; x_wconf 79' lang='lat' dir='ltr'><strong>quatuor</strong></span> <span class='ocrx_word' id='word_1_96' title='bbox 1244 1264 1459 1330; x_wconf 79' lang='lat' dir='ltr'><strong>reliquis</strong></span> <span class='ocrx_word' id='word_1_97' title='bbox 1507 1261 1966 1337; x_wconf 85' lang='lat' dir='ltr'><strong>indiscriminatim</strong></span> 
     </span>
    </p>
   </div>
   <div class='ocr_carea' id='block_1_18' title="bbox 395 1334 1968 1406">
    <p class='ocr_par' dir='ltr' id='par_1_18' title="bbox 395 1334 1968 1406">
     <span class='ocr_line' id='line_1_18' title="bbox 395 1334 1968 1406; baseline -0.006 -16"><span class='ocrx_word' id='word_1_98' title='bbox 395 1334 693 1402; x_wconf 81' lang='lat' dir='ltr'><strong>spondeum</strong></span> <span class='ocrx_word' id='word_1_99' title='bbox 716 1334 797 1390; x_wconf 78' lang='lat' dir='ltr'><strong>vel</strong></span> <span class='ocrx_word' id='word_1_100' title='bbox 819 1337 1087 1406; x_wconf 85' lang='lat' dir='ltr'><strong>dactylum</strong></span> <span class='ocrx_word' id='word_1_101' title='bbox 1114 1336 1303 1398; x_wconf 87' lang='lat' dir='ltr'><strong>habet;</strong></span> <span class='ocrx_word' id='word_1_102' title='bbox 1356 1334 1614 1402; x_wconf 86' lang='lat' dir='ltr'><strong>posterior</strong></span> <span class='ocrx_word' id='word_1_103' title='bbox 1638 1339 1968 1406; x_wconf 74' lang='lat' dir='ltr'><strong>pentametcr</strong></span> 
     </span>
    </p>
   </div>
   <div class='ocr_carea' id='block_1_19' title="bbox 396 1399 1968 1476">
    <p class='ocr_par' dir='ltr' id='par_1_19' title="bbox 396 1399 1968 1476">
     <span class='ocr_line' id='line_1_19' title="bbox 396 1399 1968 1476; baseline -0.006 -17"><span class='ocrx_word' id='word_1_104' title='bbox 396 1399 663 1474; x_wconf 82' lang='lat' dir='ltr'><strong>elegiacus</strong></span> <span class='ocrx_word' id='word_1_105' title='bbox 706 1407 889 1476; x_wconf 86' lang='lat' dir='ltr'><strong>quinto</strong></span> <span class='ocrx_word' id='word_1_106' title='bbox 927 1399 1220 1474; x_wconf 80' lang='lat' dir='ltr'><strong>quartaque</strong></span> <span class='ocrx_word' id='word_1_107' title='bbox 1267 1399 1382 1476; x_wconf 79' lang='lat' dir='ltr'><strong>loco</strong></span> <span class='ocrx_word' id='word_1_108' title='bbox 1429 1412 1762 1476; x_wconf 75' lang='lat' dir='ltr'><strong>anapu-stos;</strong></span> <span class='ocrx_word' id='word_1_109' title='bbox 1810 1399 1968 1454; x_wconf 86' lang='lat' dir='ltr'><strong>tertio</strong></span> 
     </span>
    </p>
   </div>
   <div class='ocr_carea' id='block_1_20' title="bbox 397 1473 1963 1544">
    <p class='ocr_par' dir='ltr' id='par_1_20' title="bbox 397 1473 1963 1544">
     <span class='ocr_line' id='line_1_20' title="bbox 397 1473 1963 1544; baseline -0.005 -16"><span class='ocrx_word' id='word_1_110' title='bbox 397 1473 737 1541; x_wconf 72' lang='lat' dir='ltr'><strong>spondeum;</strong></span> <span class='ocrx_word' id='word_1_111' title='bbox 767 1473 974 1530; x_wconf 89' lang='lat' dir='ltr'><strong>duobus</strong></span> <span class='ocrx_word' id='word_1_112' title='bbox 1004 1473 1185 1544; x_wconf 90' lang='lat' dir='ltr'><strong>primis</strong></span> <span class='ocrx_word' id='word_1_113' title='bbox 1215 1473 1514 1543; x_wconf 86' lang='lat' dir='ltr'><strong>promiscue</strong></span> <span class='ocrx_word' id='word_1_114' title='bbox 1545 1473 1842 1540; x_wconf 87' lang='lat' dir='ltr'><strong>spondeum</strong></span> <span class='ocrx_word' id='word_1_115' title='bbox 1872 1477 1963 1521; x_wconf 87' lang='lat' dir='ltr'><strong>aut</strong></span> 
     </span>
    </p>
   </div>
   <div class='ocr_carea' id='block_1_21' title="bbox 399 1547 917 1614">
    <p class='ocr_par' dir='ltr' id='par_1_21' title="bbox 399 1547 917 1614">
     <span class='ocr_line' id='line_1_21' title="bbox 399 1547 917 1614; baseline 0 -14"><span class='ocrx_word' id='word_1_116' title='bbox 399 1547 665 1614; x_wconf 79' lang='lat' dir='ltr'><strong>dactylum</strong></span> <span class='ocrx_word' id='word_1_117' title='bbox 693 1547 917 1600; x_wconf 88' lang='lat' dir='ltr'><strong>obtinet.</strong></span> 
     </span>
    </p>
   </div>
   <div class='ocr_carea' id='block_1_22' title="bbox 474 1631 1959 1706">
    <p class='ocr_par' dir='ltr' id='par_1_22' title="bbox 474 1631 1959 1706">
     <span class='ocr_line' id='line_1_22' title="bbox 474 1631 1959 1706; baseline -0.003 -18"><span class='ocrx_word' id='word_1_118' title='bbox 474 1638 523 1688; x_wconf 92' lang='grc'><strong>1.</strong></span> <span class='ocrx_word' id='word_1_119' title='bbox 553 1635 833 1706; x_wconf 66' lang='lat' dir='ltr'><strong>Cerrinium]</strong></span> <span class='ocrx_word' id='word_1_120' title='bbox 871 1635 1093 1690; x_wconf 90' lang='lat' dir='ltr'><strong>Carmen</strong></span> <span class='ocrx_word' id='word_1_121' title='bbox 1135 1650 1166 1688; x_wconf 92' lang='lat' dir='ltr'><strong>a</strong></span> <span class='ocrx_word' id='word_1_122' title='bbox 1202 1634 1442 1689; x_wconf 89' lang='lat' dir='ltr'><strong>canendo</strong></span> <span class='ocrx_word' id='word_1_123' title='bbox 1468 1633 1689 1706; x_wconf 81' lang='lat' dir='ltr'><strong>dictum,</strong></span> <span class='ocrx_word' id='word_1_124' title='bbox 1720 1639 1779 1685; x_wconf 90' lang='lat' dir='ltr'><strong>ut</strong></span> <span class='ocrx_word' id='word_1_125' title='bbox 1804 1631 1959 1706; x_wconf 83' lang='lat' dir='ltr'><strong>sicut,</strong></span> 
     </span>
    </p>
   </div>
   <div class='ocr_carea' id='block_1_23' title="bbox 399 1702 1962 1776">
    <p class='ocr_par' dir='ltr' id='par_1_23' title="bbox 399 1702 1962 1776">
     <span class='ocr_line' id='line_1_23' title="bbox 399 1702 1962 1776; baseline -0.004 -18"><span class='ocrx_word' id='word_1_126' title='bbox 399 1716 615 1761; x_wconf 88' lang='lat' dir='ltr'><strong>auctore</strong></span> <span class='ocrx_word' id='word_1_127' title='bbox 649 1702 855 1770; x_wconf 74' lang='lat' dir='ltr'><strong>Vossio,</strong></span> <span class='ocrx_word' id='word_1_128' title='bbox 896 1721 925 1758; x_wconf 88' lang='lat' dir='ltr'><strong>a</strong></span> <span class='ocrx_word' id='word_1_129' title='bbox 951 1706 1178 1776; x_wconf 88' lang='lat' dir='ltr'><strong>genimen</strong></span> <span class='ocrx_word' id='word_1_130' title='bbox 1206 1717 1286 1760; x_wconf 88' lang='lat' dir='ltr'><strong>est</strong></span> <span class='ocrx_word' id='word_1_131' title='bbox 1307 1719 1546 1774; x_wconf 80' lang='lat' dir='ltr'><strong>germen;</strong></span> <span class='ocrx_word' id='word_1_132' title='bbox 1573 1704 1649 1776; x_wconf 81' lang='lat' dir='ltr'><strong>sic</strong></span> <span class='ocrx_word' id='word_1_133' title='bbox 1672 1717 1700 1754; x_wconf 90' lang='lat' dir='ltr'><strong>a</strong></span> <span class='ocrx_word' id='word_1_134' title='bbox 1730 1702 1962 1776; x_wconf 78' lang='lat' dir='ltr'><strong>canimen</strong></span> 
     </span>
    </p>
   </div>
   <div class='ocr_carea' id='block_1_24' title="bbox 398 1771 2039 1853">
    <p class='ocr_par' dir='ltr' id='par_1_24' title="bbox 398 1771 2039 1853">
     <span class='ocr_line' id='line_1_24' title="bbox 398 1771 2039 1853; baseline -0.004 -25"><span class='ocrx_word' id='word_1_135' title='bbox 398 1778 468 1853; x_wconf 76' lang='lat' dir='ltr'><strong>sit</strong></span> <span class='ocrx_word' id='word_1_136' title='bbox 488 1792 711 1853; x_wconf 74' lang='lat' dir='ltr'><strong>carmen,</strong></span> <span class='ocrx_word' id='word_1_137' title='bbox 749 1777 866 1853; x_wconf 76' lang='lat' dir='ltr'><strong>n__in</strong></span> <span class='ocrx_word' id='word_1_138' title='bbox 894 1791 922 1828; x_wconf 86' lang='lat' dir='ltr'><strong>r</strong></span> <span class='ocrx_word' id='word_1_139' title='bbox 949 1771 1242 1836; x_wconf 78' lang='lat' dir='ltr'><strong>converso,</strong></span> <span class='ocrx_word' id='word_1_140' title='bbox 1286 1771 1729 1853; x_wconf 75' lang='lat' dir='ltr'><strong>quemadmodum</strong></span> <span class='ocrx_word' id='word_1_141' title='bbox 1761 1771 1960 1853; x_wconf 70' lang='lat' dir='ltr'><strong>inplu-</strong></span> <span class='ocrx_word' id='word_1_142' title='bbox 1993 1794 2039 1853; x_wconf 79' lang='grc' dir='ltr'>Β</span> 
     </span>
    </p>
   </div>
   <div class='ocr_carea' id='block_1_25' title="bbox 399 1840 1962 1907">
    <p class='ocr_par' dir='ltr' id='par_1_25' title="bbox 399 1840 1962 1907">
     <span class='ocr_line' id='line_1_25' title="bbox 399 1840 1962 1907; baseline -0.003 -9"><span class='ocrx_word' id='word_1_143' title='bbox 399 1847 546 1899; x_wconf 90' lang='lat' dir='ltr'><strong>ribus</strong></span> <span class='ocrx_word' id='word_1_144' title='bbox 573 1846 712 1900; x_wconf 81' lang='lat' dir='ltr'><strong>aliis.</strong></span> <span class='ocrx_word' id='word_1_145' title='bbox 749 1846 882 1899; x_wconf 89' lang='lat' dir='ltr'><strong>llinc</strong></span> <span class='ocrx_word' id='word_1_146' title='bbox 905 1860 1117 1899; x_wconf 86' lang='lat' dir='ltr'><strong>carmen</strong></span> <span class='ocrx_word' id='word_1_147' title='bbox 1147 1855 1229 1898; x_wconf 87' lang='lat' dir='ltr'><strong>est</strong></span> <span class='ocrx_word' id='word_1_148' title='bbox 1268 1840 1448 1898; x_wconf 88' lang='lat' dir='ltr'><strong>stricta</strong></span> <span class='ocrx_word' id='word_1_149' title='bbox 1475 1844 1672 1903; x_wconf 82' lang='lat' dir='ltr'><strong>oratio.</strong></span> <span class='ocrx_word' id='word_1_150' title='bbox 1699 1855 1763 1894; x_wconf 78' lang='lat' dir='ltr'><strong>ex</strong></span> <span class='ocrx_word' id='word_1_151' title='bbox 1793 1840 1962 1907; x_wconf 86' lang='lat' dir='ltr'><strong>pluri-</strong></span> 
     </span>
    </p>
   </div>
   <div class='ocr_carea' id='block_1_26' title="bbox 398 1912 1961 1981">
    <p class='ocr_par' dir='ltr' id='par_1_26' title="bbox 398 1912 1961 1981">
     <span class='ocr_line' id='line_1_26' title="bbox 398 1912 1961 1981; baseline -0.004 -13"><span class='ocrx_word' id='word_1_152' title='bbox 398 1916 494 1968; x_wconf 89' lang='lat' dir='ltr'><strong>bus</strong></span> <span class='ocrx_word' id='word_1_153' title='bbox 519 1916 756 1968; x_wconf 81' lang='lat' dir='ltr'><strong>versibus</strong></span> <span class='ocrx_word' id='word_1_154' title='bbox 776 1917 1088 1980; x_wconf 86' lang='lat' dir='ltr'><strong>composita,</strong></span> <span class='ocrx_word' id='word_1_155' title='bbox 1104 1930 1260 1981; x_wconf 88' lang='lat' dir='ltr'><strong>quam</strong></span> <span class='ocrx_word' id='word_1_156' title='bbox 1281 1923 1449 1980; x_wconf 63' lang='lat' dir='ltr'><strong>poetic</strong></span> <span class='ocrx_word' id='word_1_157' title='bbox 1469 1927 1663 1967; x_wconf 88' lang='lat' dir='ltr'><strong>canere</strong></span> <span class='ocrx_word' id='word_1_158' title='bbox 1685 1912 1961 1964; x_wconf 90' lang='lat' dir='ltr'><strong>dicuntur:</strong></span> 
     </span>
    </p>
   </div>
   <div class='ocr_carea' id='block_1_27' title="bbox 397 1983 1967 2052">
    <p class='ocr_par' dir='ltr' id='par_1_27' title="bbox 397 1983 1967 2052">
     <span class='ocr_line' id='line_1_27' title="bbox 397 1983 1967 2052; baseline -0.003 -15"><span class='ocrx_word' id='word_1_159' title='bbox 397 1989 534 2037; x_wconf 82' lang='lat' dir='ltr'><strong>sicut</strong></span> <span class='ocrx_word' id='word_1_160' title='bbox 572 1985 816 2052; x_wconf 77' lang='lat' dir='ltr'><strong>Virgilius</strong></span> <span class='ocrx_word' id='word_1_161' title='bbox 844 1984 1069 2038; x_wconf 65' lang='lat' dir='ltr'><strong>IEneida</strong></span> <span class='ocrx_word' id='word_1_162' title='bbox 1109 1985 1367 2051; x_wconf 87' lang='lat' dir='ltr'><strong>incipiens</strong></span> <span class='ocrx_word' id='word_1_163' title='bbox 1396 1983 1488 2047; x_wconf 89' lang='lat' dir='ltr'><strong>ait,</strong></span> <span class='ocrx_word' id='word_1_164' title='bbox 1521 1985 1678 2035; x_wconf 81' lang='lat' dir='ltr'><strong>Arma</strong></span> <span class='ocrx_word' id='word_1_165' title='bbox 1693 1983 1967 2052; x_wconf 71' lang='lat' dir='ltr'><strong>uirumque</strong></span> 
     </span>
    </p>
   </div>
   <div class='ocr_carea' id='block_1_28' title="bbox 394 2051 1966 2121">
    <p class='ocr_par' dir='ltr' id='par_1_28' title="bbox 394 2051 1966 2121">
     <span class='ocr_line' id='line_1_28' title="bbox 394 2051 1966 2121; baseline -0.002 -15"><span class='ocrx_word' id='word_1_166' title='bbox 394 2071 524 2107; x_wconf 80' lang='lat' dir='ltr'><strong>cano</strong></span> <span class='ocrx_word' id='word_1_167' title='bbox 548 2071 564 2106; x_wconf 93' lang='lat'><em>:</em></span> <span class='ocrx_word' id='word_1_168' title='bbox 594 2069 808 2108; x_wconf 80' lang='lat' dir='ltr'><strong>carmen</strong></span> <span class='ocrx_word' id='word_1_169' title='bbox 849 2056 989 2108; x_wconf 91' lang='lat' dir='ltr'><strong>enim</strong></span> <span class='ocrx_word' id='word_1_170' title='bbox 1029 2065 1244 2107; x_wconf 79' lang='lat' dir='ltr'><strong>vocatur</strong></span> <span class='ocrx_word' id='word_1_171' title='bbox 1289 2053 1494 2119; x_wconf 83' lang='lat' dir='ltr'><strong>longius</strong></span> <span class='ocrx_word' id='word_1_172' title='bbox 1529 2051 1792 2121; x_wconf 83' lang='lat' dir='ltr'><strong>quoddam</strong></span> <span class='ocrx_word' id='word_1_173' title='bbox 1830 2051 1966 2103; x_wconf 86' lang='lat' dir='ltr'><strong>vatis</strong></span> 
     </span>
    </p>
   </div>
   <div class='ocr_carea' id='block_1_29' title="bbox 393 2121 1965 2192">
    <p class='ocr_par' dir='ltr' id='par_1_29' title="bbox 393 2121 1965 2192">
     <span class='ocr_line' id='line_1_29' title="bbox 393 2121 1965 2192; baseline -0.003 -16"><span class='ocrx_word' id='word_1_174' title='bbox 393 2139 527 2191; x_wconf 81' lang='lat' dir='ltr'><strong>Opus</strong></span> <span class='ocrx_word' id='word_1_175' title='bbox 554 2141 567 2176; x_wconf 94' lang='lat'><em>:</em></span> <span class='ocrx_word' id='word_1_176' title='bbox 600 2133 657 2177; x_wconf 91' lang='lat' dir='ltr'><strong>ut</strong></span> <span class='ocrx_word' id='word_1_177' title='bbox 679 2124 997 2191; x_wconf 80' lang='lat' dir='ltr'><strong>epigramma</strong></span> <span class='ocrx_word' id='word_1_178' title='bbox 1019 2140 1034 2187; x_wconf 94' lang='lat'><strong>;</strong></span> <span class='ocrx_word' id='word_1_179' title='bbox 1056 2125 1132 2177; x_wconf 91' lang='lat' dir='ltr'><strong>sic</strong></span> <span class='ocrx_word' id='word_1_180' title='bbox 1153 2122 1344 2176; x_wconf 85' lang='lat' dir='ltr'><strong>Catulli</strong></span> <span class='ocrx_word' id='word_1_181' title='bbox 1370 2121 1965 2192; x_wconf 86' lang='lat' dir='ltr'><strong>epigrammata_inscri-</strong></span> 
     </span>
    </p>
   </div>
   <div class='ocr_carea' id='block_1_30' title="bbox 398 2189 1960 2259">
    <p class='ocr_par' dir='ltr' id='par_1_30' title="bbox 398 2189 1960 2259">
     <span class='ocr_line' id='line_1_30' title="bbox 398 2189 1960 2259; baseline -0.002 -15"><span class='ocrx_word' id='word_1_182' title='bbox 398 2189 590 2246; x_wconf 83' lang='lat' dir='ltr'><strong>buntur</strong></span> <span class='ocrx_word' id='word_1_183' title='bbox 619 2189 881 2258; x_wconf 75' lang='lat' dir='ltr'><strong>carmina;</strong></span> <span class='ocrx_word' id='word_1_184' title='bbox 909 2201 960 2246; x_wconf 88' lang='lat' dir='ltr'><strong>ul</strong></span> <span class='ocrx_word' id='word_1_185' title='bbox 991 2193 1090 2246; x_wconf 90' lang='lat' dir='ltr'><strong>ode</strong></span> <span class='ocrx_word' id='word_1_186' title='bbox 1113 2211 1125 2253; x_wconf 89' lang='lat'><strong>;</strong></span> <span class='ocrx_word' id='word_1_187' title='bbox 1151 2195 1225 2245; x_wconf 92' lang='lat' dir='ltr'><strong>sic</strong></span> <span class='ocrx_word' id='word_1_188' title='bbox 1252 2193 1367 2246; x_wconf 78' lang='lat' dir='ltr'><strong>odae</strong></span> <span class='ocrx_word' id='word_1_189' title='bbox 1399 2189 1598 2245; x_wconf 72' lang='lat' dir='ltr'><strong>lldratii</strong></span> <span class='ocrx_word' id='word_1_190' title='bbox 1623 2189 1960 2259; x_wconf 81' lang='lat' dir='ltr'><strong>appellantur</strong></span> 
     </span>
    </p>
   </div>
   <div class='ocr_carea' id='block_1_31' title="bbox 394 2261 1964 2332">
    <p class='ocr_par' dir='ltr' id='par_1_31' title="bbox 394 2261 1964 2332">
     <span class='ocr_line' id='line_1_31' title="bbox 394 2261 1964 2332; baseline -0.001 -19"><span class='ocrx_word' id='word_1_191' title='bbox 394 2266 672 2315; x_wconf 85' lang='lat' dir='ltr'><strong>carminum</strong></span> <span class='ocrx_word' id='word_1_192' title='bbox 703 2264 818 2316; x_wconf 80' lang='lat' dir='ltr'><strong>libri</strong></span> <span class='ocrx_word' id='word_1_193' title='bbox 841 2281 855 2314; x_wconf 90' lang='lat'><em>:</em></span> <span class='ocrx_word' id='word_1_194' title='bbox 881 2276 934 2316; x_wconf 90' lang='lat' dir='ltr'><strong>ut</strong></span> <span class='ocrx_word' id='word_1_195' title='bbox 965 2263 1234 2332; x_wconf 88' lang='lat' dir='ltr'><strong>quodlibet</strong></span> <span class='ocrx_word' id='word_1_196' title='bbox 1257 2277 1440 2332; x_wconf 79' lang='lat' dir='ltr'><strong>poema</strong></span> <span class='ocrx_word' id='word_1_197' title='bbox 1467 2279 1481 2326; x_wconf 89' lang='lat'><strong>;</strong></span> <span class='ocrx_word' id='word_1_198' title='bbox 1510 2261 1584 2314; x_wconf 90' lang='lat' dir='ltr'><strong>sic</strong></span> <span class='ocrx_word' id='word_1_199' title='bbox 1611 2261 1742 2314; x_wconf 90' lang='lat' dir='ltr'><strong>liber</strong></span> <span class='ocrx_word' id='word_1_200' title='bbox 1765 2261 1964 2328; x_wconf 87' lang='lat' dir='ltr'><strong>primus</strong></span> 
     </span>
    </p>
   </div>
   <div class='ocr_carea' id='block_1_32' title="bbox 393 2331 1588 2395">
    <p class='ocr_par' dir='ltr' id='par_1_32' title="bbox 393 2331 1588 2395">
     <span class='ocr_line' id='line_1_32' title="bbox 393 2331 1588 2395; baseline -0.003 -9"><span class='ocrx_word' id='word_1_201' title='bbox 393 2333 624 2387; x_wconf 76' lang='lat' dir='ltr'><strong>Lucretii</strong></span> <span class='ocrx_word' id='word_1_202' title='bbox 652 2336 718 2386; x_wconf 85' lang='lat' dir='ltr'><strong>ab</strong></span> <span class='ocrx_word' id='word_1_203' title='bbox 748 2337 934 2388; x_wconf 88' lang='lat' dir='ltr'><strong>eodem</strong></span> <span class='ocrx_word' id='word_1_204' title='bbox 961 2331 1152 2386; x_wconf 85' lang='lat' dir='ltr'><strong>dicitur</strong></span> <span class='ocrx_word' id='word_1_205' title='bbox 1173 2348 1397 2395; x_wconf 85' lang='lat' dir='ltr'><strong>carmen,</strong></span> <span class='ocrx_word' id='word_1_206' title='bbox 1429 2331 1465 2383; x_wconf 91' lang='lat' dir='ltr'><strong>l.</strong></span> <span class='ocrx_word' id='word_1_207' title='bbox 1495 2346 1544 2384; x_wconf 78' lang='lat' dir='ltr'><strong>vr</strong></span> <span class='ocrx_word' id='word_1_208' title='bbox 1575 2348 1588 2383; x_wconf 91' lang='lat'><strong>:</strong></span> 
     </span>
    </p>
   </div>
   <div class='ocr_carea' id='block_1_33' title="bbox 512 2420 1960 2486">
    <p class='ocr_par' dir='ltr' id='par_1_33' title="bbox 512 2420 1960 2486">
     <span class='ocr_line' id='line_1_33' title="bbox 512 2420 1960 2486; baseline -0.005 -13"><span class='ocrx_word' id='word_1_209' title='bbox 512 2424 896 2474; x_wconf 83' lang='lat' dir='ltr'><strong>Commemorate</strong></span> <span class='ocrx_word' id='word_1_210' title='bbox 920 2425 1048 2486; x_wconf 88' lang='lat' dir='ltr'><strong>quod</strong></span> <span class='ocrx_word' id='word_1_211' title='bbox 1080 2425 1128 2472; x_wconf 91' lang='lat' dir='ltr'><strong>in</strong></span> <span class='ocrx_word' id='word_1_212' title='bbox 1154 2424 1310 2484; x_wconf 90' lang='lat' dir='ltr'><strong>primo</strong></span> <span class='ocrx_word' id='word_1_213' title='bbox 1334 2434 1528 2484; x_wconf 90' lang='lat' dir='ltr'><strong>quoque</strong></span> <span class='ocrx_word' id='word_1_214' title='bbox 1548 2421 1762 2469; x_wconf 87' lang='lat' dir='ltr'><strong>carmine</strong></span> <span class='ocrx_word' id='word_1_215' title='bbox 1786 2420 1960 2469; x_wconf 90' lang='lat' dir='ltr'><strong>claret.</strong></span> 
     </span>
    </p>
   </div>
   <div class='ocr_carea' id='block_1_34' title="bbox 460 2501 1960 2573">
    <p class='ocr_par' dir='ltr' id='par_1_34' title="bbox 460 2501 1960 2573">
     <span class='ocr_line' id='line_1_34' title="bbox 460 2501 1960 2573; baseline -0.003 -14"><span class='ocrx_word' id='word_1_216' title='bbox 460 2507 527 2559; x_wconf 81' lang='lat' dir='ltr'><strong>At</strong></span> <span class='ocrx_word' id='word_1_217' title='bbox 555 2507 741 2560; x_wconf 91' lang='lat' dir='ltr'><strong>unicus</strong></span> <span class='ocrx_word' id='word_1_218' title='bbox 772 2522 958 2560; x_wconf 78' lang='lat' dir='ltr'><strong>versus</strong></span> <span class='ocrx_word' id='word_1_219' title='bbox 983 2521 1086 2558; x_wconf 89' lang='lat' dir='ltr'><strong>non</strong></span> <span class='ocrx_word' id='word_1_220' title='bbox 1119 2506 1257 2559; x_wconf 87' lang='lat' dir='ltr'><strong>solet</strong></span> <span class='ocrx_word' id='word_1_221' title='bbox 1291 2504 1544 2573; x_wconf 86' lang='lat' dir='ltr'><strong>appellari</strong></span> <span class='ocrx_word' id='word_1_222' title='bbox 1581 2519 1782 2555; x_wconf 81' lang='lat' dir='ltr'><strong>carmen</strong></span> <span class='ocrx_word' id='word_1_223' title='bbox 1812 2518 1830 2556; x_wconf 90' lang='lat'><strong><em>:</em></strong></span> <span class='ocrx_word' id='word_1_224' title='bbox 1861 2501 1960 2555; x_wconf 90' lang='lat' dir='ltr'><strong>nisi</strong></span> 
     </span>
    </p>
   </div>
   <div class='ocr_carea' id='block_1_35' title="bbox 389 2573 1962 2642">
    <p class='ocr_par' dir='ltr' id='par_1_35' title="bbox 389 2573 1962 2642">
     <span class='ocr_line' id='line_1_35' title="bbox 389 2573 1962 2642; baseline -0.003 -12"><span class='ocrx_word' id='word_1_225' title='bbox 389 2578 524 2631; x_wconf 80' lang='lat' dir='ltr'><strong>forte</strong></span> <span class='ocrx_word' id='word_1_226' title='bbox 556 2579 660 2640; x_wconf 88' lang='lat' dir='ltr'><strong>hc,</strong></span> <span class='ocrx_word' id='word_1_227' title='bbox 701 2577 960 2628; x_wconf 81' lang='lat' dir='ltr'><strong>sententia</strong></span> <span class='ocrx_word' id='word_1_228' title='bbox 993 2576 1195 2630; x_wconf 90' lang='lat' dir='ltr'><strong>inclusa</strong></span> <span class='ocrx_word' id='word_1_229' title='bbox 1221 2614 1236 2634; x_wconf 86' lang='lat'><strong>.</strong></span> <span class='ocrx_word' id='word_1_230' title='bbox 1270 2575 1497 2642; x_wconf 82' lang='lat' dir='ltr'><strong>poemati</strong></span> <span class='ocrx_word' id='word_1_231' title='bbox 1533 2588 1635 2626; x_wconf 89' lang='lat' dir='ltr'><strong>non</strong></span> <span class='ocrx_word' id='word_1_232' title='bbox 1681 2575 1850 2640; x_wconf 89' lang='lat' dir='ltr'><strong>impar</strong></span> <span class='ocrx_word' id='word_1_233' title='bbox 1876 2573 1962 2626; x_wconf 85' lang='lat' dir='ltr'><strong>vi-</strong></span> 
     </span>
    </p>
   </div>
   <div class='ocr_carea' id='block_1_36' title="bbox 386 2644 1791 2715">
    <p class='ocr_par' dir='ltr' id='par_1_36' title="bbox 386 2644 1791 2715">
     <span class='ocr_line' id='line_1_36' title="bbox 386 2644 1791 2715; baseline -0.004 -15"><span class='ocrx_word' id='word_1_234' title='bbox 386 2648 577 2701; x_wconf 87' lang='lat' dir='ltr'><strong>deatur</strong></span> <span class='ocrx_word' id='word_1_235' title='bbox 604 2664 618 2700; x_wconf 90' lang='lat'><strong>:</strong></span> <span class='ocrx_word' id='word_1_236' title='bbox 650 2647 789 2700; x_wconf 89' lang='lat' dir='ltr'><strong>sicut</strong></span> <span class='ocrx_word' id='word_1_237' title='bbox 815 2645 1084 2715; x_wconf 80' lang='lat' dir='ltr'><strong>Virgilius,</strong></span> <span class='ocrx_word' id='word_1_238' title='bbox 1114 2661 1168 2698; x_wconf 91' lang='grc' dir='ltr'><strong>ιιι</strong></span> <span class='ocrx_word' id='word_1_239' title='bbox 1199 2645 1349 2707; x_wconf 64' lang='grc' dir='ltr'>ΑΞιιη</span> <span class='ocrx_word' id='word_1_240' title='bbox 1378 2660 1428 2696; x_wconf 86' lang='lat' dir='ltr'><strong>v.</strong></span> <span class='ocrx_word' id='word_1_241' title='bbox 1457 2644 1579 2706; x_wconf 71' lang='lat'><strong>9.57,</strong></span> <span class='ocrx_word' id='word_1_242' title='bbox 1610 2644 1791 2696; x_wconf 86' lang='lat' dir='ltr'><strong>canit:</strong></span> 
     </span>
    </p>
   </div>
   <div class='ocr_carea' id='block_1_37' title="bbox 509 2736 1717 2798">
    <p class='ocr_par' dir='ltr' id='par_1_37' title="bbox 509 2736 1717 2798">
     <span class='ocr_line' id='line_1_37' title="bbox 509 2736 1717 2798; baseline -0.002 -12"><span class='ocrx_word' id='word_1_243' title='bbox 509 2738 734 2786; x_wconf 80' lang='lat' dir='ltr'><strong>Postibus</strong></span> <span class='ocrx_word' id='word_1_244' title='bbox 753 2738 967 2798; x_wconf 75' lang='lat' dir='ltr'><strong>adversis</strong></span> <span class='ocrx_word' id='word_1_245' title='bbox 992 2736 1086 2798; x_wconf 80' lang='lat' dir='ltr'><strong>ﬁgo</strong></span> <span class='ocrx_word' id='word_1_246' title='bbox 1111 2744 1162 2785; x_wconf 89' lang='lat' dir='ltr'><strong>et</strong></span> <span class='ocrx_word' id='word_1_247' title='bbox 1183 2749 1286 2784; x_wconf 90' lang='lat' dir='ltr'><strong>rem</strong></span> <span class='ocrx_word' id='word_1_248' title='bbox 1307 2739 1522 2784; x_wconf 82' lang='lat' dir='ltr'><strong>carmine</strong></span> <span class='ocrx_word' id='word_1_249' title='bbox 1540 2736 1680 2796; x_wconf 82' lang='lat' dir='ltr'><strong>signo</strong></span> <span class='ocrx_word' id='word_1_250' title='bbox 1702 2747 1717 2784; x_wconf 91' lang='lat'><strong>:</strong></span> 
     </span>
    </p>
   </div>
   <div class='ocr_carea' id='block_1_38' title="bbox 507 2797 1537 2848">
    <p class='ocr_par' dir='ltr' id='par_1_38' title="bbox 507 2797 1537 2848">
     <span class='ocr_line' id='line_1_38' title="bbox 507 2797 1537 2848; baseline -0.003 -1"><span class='ocrx_word' id='word_1_251' title='bbox 507 2799 686 2848; x_wconf 64' lang='lat' dir='ltr'><strong>Encas</strong></span> <span class='ocrx_word' id='word_1_252' title='bbox 707 2799 811 2846; x_wconf 67' lang='lat' dir='ltr'><strong>haec</strong></span> <span class='ocrx_word' id='word_1_253' title='bbox 829 2799 894 2847; x_wconf 92' lang='lat' dir='ltr'><strong>de</strong></span> <span class='ocrx_word' id='word_1_254' title='bbox 915 2797 1091 2846; x_wconf 82' lang='lat' dir='ltr'><strong>Danais</strong></span> <span class='ocrx_word' id='word_1_255' title='bbox 1107 2799 1369 2848; x_wconf 77' lang='lat' dir='ltr'><strong>victoribus</strong></span> <span class='ocrx_word' id='word_1_256' title='bbox 1389 2808 1537 2844; x_wconf 82' lang='lat' dir='ltr'><strong>arma.</strong></span> 
     </span>
    </p>
   </div>
   <div class='ocr_carea' id='block_1_39' title="bbox 455 2878 1962 2951">
    <p class='ocr_par' dir='ltr' id='par_1_39' title="bbox 455 2878 1962 2951">
     <span class='ocr_line' id='line_1_39' title="bbox 455 2878 1962 2951; baseline -0.001 -18"><span class='ocrx_word' id='word_1_257' title='bbox 455 2881 507 2933; x_wconf 79' lang='grc'><strong>9..</strong></span> <span class='ocrx_word' id='word_1_258' title='bbox 538 2879 778 2951; x_wconf 77' lang='lat' dir='ltr'><strong>Hodos.]</strong></span> <span class='ocrx_word' id='word_1_259' title='bbox 817 2879 1018 2934; x_wconf 84' lang='lat' dir='ltr'><strong>Versus.</strong></span> <span class='ocrx_word' id='word_1_260' title='bbox 1049 2880 1235 2951; x_wconf 83' lang='lat' dir='ltr'><strong>Modus</strong></span> <span class='ocrx_word' id='word_1_261' title='bbox 1255 2879 1394 2936; x_wconf 88' lang='lat' dir='ltr'><strong>enim</strong></span> <span class='ocrx_word' id='word_1_262' title='bbox 1417 2878 1712 2944; x_wconf 82' lang='lat' dir='ltr'><strong>generatim</strong></span> <span class='ocrx_word' id='word_1_263' title='bbox 1748 2886 1828 2930; x_wconf 89' lang='lat' dir='ltr'><strong>est</strong></span> <span class='ocrx_word' id='word_1_264' title='bbox 1850 2891 1962 2931; x_wconf 86' lang='lat' dir='ltr'><strong>me-</strong></span> 
     </span>
    </p>
   </div>
   <div class='ocr_carea' id='block_1_40' title="bbox 384 2950 1957 3017">
    <p class='ocr_par' dir='ltr' id='par_1_40' title="bbox 384 2950 1957 3017">
     <span class='ocr_line' id='line_1_40' title="bbox 384 2950 1957 3017; baseline -0.001 -13"><span class='ocrx_word' id='word_1_265' title='bbox 384 2952 672 3012; x_wconf 80' lang='lat' dir='ltr'><strong>diocritas,</strong></span> <span class='ocrx_word' id='word_1_266' title='bbox 737 2950 893 3017; x_wconf 85' lang='lat' dir='ltr'><strong>quam</strong></span> <span class='ocrx_word' id='word_1_267' title='bbox 952 2952 1086 3003; x_wconf 90' lang='lat' dir='ltr'><strong>ultra</strong></span> <span class='ocrx_word' id='word_1_268' title='bbox 1129 2950 1368 3014; x_wconf 85' lang='lat' dir='ltr'><strong>citraque</strong></span> <span class='ocrx_word' id='word_1_269' title='bbox 1423 2963 1524 3001; x_wconf 90' lang='lat' dir='ltr'><strong>non</strong></span> <span class='ocrx_word' id='word_1_270' title='bbox 1575 2957 1660 3001; x_wconf 89' lang='lat' dir='ltr'><strong>est</strong></span> <span class='ocrx_word' id='word_1_271' title='bbox 1702 2961 1957 3002; x_wconf 89' lang='lat' dir='ltr'><strong>rectum:</strong></span> 
     </span>
    </p>
   </div>
   <div class='ocr_carea' id='block_1_41' title="bbox 382 3017 1885 3090">
    <p class='ocr_par' dir='ltr' id='par_1_41' title="bbox 382 3017 1885 3090">
     <span class='ocr_line' id='line_1_41' title="bbox 382 3017 1885 3090; baseline 0 -20"><span class='ocrx_word' id='word_1_272' title='bbox 382 3020 828 3090; x_wconf 85' lang='lat' dir='ltr'><strong>quemadmodum</strong></span> <span class='ocrx_word' id='word_1_273' title='bbox 850 3021 1007 3074; x_wconf 88' lang='lat' dir='ltr'><strong>docet</strong></span> <span class='ocrx_word' id='word_1_274' title='bbox 1033 3019 1299 3079; x_wconf 86' lang='lat' dir='ltr'><strong>Horatius,</strong></span> <span class='ocrx_word' id='word_1_275' title='bbox 1330 3018 1420 3071; x_wconf 93' lang='lat' dir='ltr'><strong>lib.</strong></span> <span class='ocrx_word' id='word_1_276' title='bbox 1447 3035 1462 3071; x_wconf 93' lang='grc' dir='ltr'><strong>ι</strong></span> <span class='ocrx_word' id='word_1_277' title='bbox 1493 3033 1682 3083; x_wconf 88' lang='lat' dir='ltr'><strong>serm.,</strong></span> <span class='ocrx_word' id='word_1_278' title='bbox 1705 3025 1808 3070; x_wconf 88' lang='lat' dir='ltr'><strong>sat.</strong></span> <span class='ocrx_word' id='word_1_279' title='bbox 1834 3017 1885 3070; x_wconf 81' lang='lat' dir='ltr'><strong>l:</strong></span> 
     </span>
    </p>
   </div>
   <div class='ocr_carea' id='block_1_42' title="bbox 505 3106 1728 3167">
    <p class='ocr_par' dir='ltr' id='par_1_42' title="bbox 505 3106 1728 3167">
     <span class='ocr_line' id='line_1_42' title="bbox 505 3106 1728 3167; baseline -0.007 -8"><span class='ocrx_word' id='word_1_280' title='bbox 505 3112 590 3160; x_wconf 78' lang='lat' dir='ltr'><strong>Est</strong></span> <span class='ocrx_word' id='word_1_281' title='bbox 612 3113 783 3158; x_wconf 86' lang='lat' dir='ltr'><strong>modus</strong></span> <span class='ocrx_word' id='word_1_282' title='bbox 806 3111 854 3157; x_wconf 91' lang='lat' dir='ltr'><strong>in</strong></span> <span class='ocrx_word' id='word_1_283' title='bbox 876 3109 1023 3157; x_wconf 85' lang='lat' dir='ltr'><strong>rebus</strong></span> <span class='ocrx_word' id='word_1_284' title='bbox 1047 3122 1060 3156; x_wconf 87' lang='lat'><strong>:</strong></span> <span class='ocrx_word' id='word_1_285' title='bbox 1079 3116 1191 3156; x_wconf 88' lang='lat' dir='ltr'><strong>sunt</strong></span> <span class='ocrx_word' id='word_1_286' title='bbox 1206 3108 1330 3156; x_wconf 88' lang='lat' dir='ltr'><strong>certi</strong></span> <span class='ocrx_word' id='word_1_287' title='bbox 1352 3108 1566 3167; x_wconf 71' lang='lat' dir='ltr'><strong>denique</strong></span> <span class='ocrx_word' id='word_1_288' title='bbox 1589 3106 1728 3163; x_wconf 71' lang='lat' dir='ltr'><strong>lines,</strong></span> 
     </span>
    </p>
   </div>
   <div class='ocr_carea' id='block_1_43' title="bbox 505 3171 1736 3231">
    <p class='ocr_par' dir='ltr' id='par_1_43' title="bbox 505 3171 1736 3231">
     <span class='ocr_line' id='line_1_43' title="bbox 505 3171 1736 3231; baseline -0.005 -11"><span class='ocrx_word' id='word_1_289' title='bbox 505 3176 636 3231; x_wconf 78' lang='lat' dir='ltr'><strong>Quos</strong></span> <span class='ocrx_word' id='word_1_290' title='bbox 658 3171 782 3220; x_wconf 87' lang='lat' dir='ltr'><strong>ultra</strong></span> <span class='ocrx_word' id='word_1_291' title='bbox 804 3173 1023 3230; x_wconf 88' lang='lat' dir='ltr'><strong>citraque</strong></span> <span class='ocrx_word' id='word_1_292' title='bbox 1046 3172 1220 3231; x_wconf 87' lang='lat' dir='ltr'><strong>nequit</strong></span> <span class='ocrx_word' id='word_1_293' title='bbox 1237 3172 1508 3217; x_wconf 87' lang='lat' dir='ltr'><strong>consistere</strong></span> <span class='ocrx_word' id='word_1_294' title='bbox 1530 3174 1736 3215; x_wconf 88' lang='lat' dir='ltr'><strong>rectum.</strong></span> 
     </span>
    </p>
   </div>
   <div class='ocr_carea' id='block_1_44' title="bbox 453 3249 1951 3317">
    <p class='ocr_par' dir='ltr' id='par_1_44' title="bbox 453 3249 1951 3317">
     <span class='ocr_line' id='line_1_44' title="bbox 453 3249 1951 3317; baseline -0.005 -9"><span class='ocrx_word' id='word_1_295' title='bbox 453 3256 584 3308; x_wconf 88' lang='lat' dir='ltr'><strong>Hinc</strong></span> <span class='ocrx_word' id='word_1_296' title='bbox 622 3255 915 3306; x_wconf 81' lang='lat' dir='ltr'><strong>moderatus</strong></span> <span class='ocrx_word' id='word_1_297' title='bbox 954 3252 1092 3307; x_wconf 91' lang='lat' dir='ltr'><strong>idem</strong></span> <span class='ocrx_word' id='word_1_298' title='bbox 1128 3251 1266 3315; x_wconf 90' lang='lat' dir='ltr'><strong>quod</strong></span> <span class='ocrx_word' id='word_1_299' title='bbox 1298 3257 1639 3317; x_wconf 81' lang='lat' dir='ltr'><strong>temperatus;</strong></span> <span class='ocrx_word' id='word_1_300' title='bbox 1669 3249 1951 3314; x_wconf 81' lang='lat' dir='ltr'><strong>modestus,</strong></span> 
     </span>
    </p>
   </div>
   <div class='ocr_carea' id='block_1_45' title="bbox 378 3320 1952 3391">
    <p class='ocr_par' dir='ltr' id='par_1_45' title="bbox 378 3320 1952 3391">
     <span class='ocr_line' id='line_1_45' title="bbox 378 3320 1952 3391; baseline -0.003 -15"><span class='ocrx_word' id='word_1_301' title='bbox 378 3327 526 3391; x_wconf 84' lang='lat' dir='ltr'><strong>quasi</strong></span> <span class='ocrx_word' id='word_1_302' title='bbox 553 3327 762 3377; x_wconf 87' lang='lat' dir='ltr'><strong>modum</strong></span> <span class='ocrx_word' id='word_1_303' title='bbox 790 3339 992 3376; x_wconf 82' lang='lat' dir='ltr'><strong>servans</strong></span> <span class='ocrx_word' id='word_1_304' title='bbox 1016 3337 1033 3386; x_wconf 90' lang='lat'><strong>;</strong></span> <span class='ocrx_word' id='word_1_305' title='bbox 1063 3321 1412 3382; x_wconf 87' lang='lat' dir='ltr'><strong>commodum,</strong></span> <span class='ocrx_word' id='word_1_306' title='bbox 1460 3321 1609 3391; x_wconf 85' lang='lat' dir='ltr'><strong>quasi</strong></span> <span class='ocrx_word' id='word_1_307' title='bbox 1639 3334 1754 3391; x_wconf 82' lang='lat' dir='ltr'><strong>cum</strong></span> <span class='ocrx_word' id='word_1_308' title='bbox 1780 3320 1952 3372; x_wconf 88' lang='lat' dir='ltr'><strong>modo.</strong></span> 
     </span>
    </p>
   </div>
   <div class='ocr_carea' id='block_1_46' title="bbox 378 3389 1955 3453">
    <p class='ocr_par' dir='ltr' id='par_1_46' title="bbox 378 3389 1955 3453">
     <span class='ocr_line' id='line_1_46' title="bbox 378 3389 1955 3453; baseline -0.004 -5"><span class='ocrx_word' id='word_1_309' title='bbox 378 3389 436 3448; x_wconf 86' lang='lat' dir='ltr'><strong>Si</strong></span> <span class='ocrx_word' id='word_1_310' title='bbox 463 3407 639 3448; x_wconf 81' lang='lat' dir='ltr'><strong>autem</strong></span> <span class='ocrx_word' id='word_1_311' title='bbox 670 3393 884 3453; x_wconf 86' lang='lat' dir='ltr'><strong>alicubi.</strong></span> <span class='ocrx_word' id='word_1_312' title='bbox 915 3392 1143 3445; x_wconf 74' lang='lat' dir='ltr'><strong>maxime</strong></span> <span class='ocrx_word' id='word_1_313' title='bbox 1173 3393 1224 3444; x_wconf 89' lang='lat' dir='ltr'><strong>in</strong></span> <span class='ocrx_word' id='word_1_314' title='bbox 1257 3405 1437 3450; x_wconf 86' lang='lat' dir='ltr'><strong>sensu,</strong></span> <span class='ocrx_word' id='word_1_315' title='bbox 1469 3389 1810 3443; x_wconf 88' lang='lat' dir='ltr'><strong>mediocritas</strong></span> <span class='ocrx_word' id='word_1_316' title='bbox 1839 3403 1955 3441; x_wconf 88' lang='lat' dir='ltr'><strong>ser-</strong></span> 
     </span>
    </p>
   </div>
   <div class='ocr_carea' id='block_1_47' title="bbox 378 3460 1949 3531">
    <p class='ocr_par' dir='ltr' id='par_1_47' title="bbox 378 3460 1949 3531">
     <span class='ocr_line' id='line_1_47' title="bbox 378 3460 1949 3531; baseline -0.004 -14"><span class='ocrx_word' id='word_1_317' title='bbox 378 3465 570 3527; x_wconf 83' lang='lat' dir='ltr'><strong>vanda,</strong></span> <span class='ocrx_word' id='word_1_318' title='bbox 602 3466 898 3531; x_wconf 55' lang='lat' dir='ltr'><strong>praesa-tim</strong></span> <span class='ocrx_word' id='word_1_319' title='bbox 923 3477 1048 3515; x_wconf 90' lang='lat' dir='ltr'><strong>vero</strong></span> <span class='ocrx_word' id='word_1_320' title='bbox 1073 3463 1123 3514; x_wconf 92' lang='lat' dir='ltr'><strong>in</strong></span> <span class='ocrx_word' id='word_1_321' title='bbox 1156 3475 1220 3513; x_wconf 90' lang='lat' dir='ltr'><strong>eo</strong></span> <span class='ocrx_word' id='word_1_322' title='bbox 1249 3461 1336 3528; x_wconf 88' lang='lat' dir='ltr'><strong>qui</strong></span> <span class='ocrx_word' id='word_1_323' title='bbox 1375 3462 1430 3511; x_wconf 90' lang='lat' dir='ltr'><strong>lit</strong></span> <span class='ocrx_word' id='word_1_324' title='bbox 1452 3460 1695 3531; x_wconf 82' lang='lat' dir='ltr'><strong>auribus,</strong></span> <span class='ocrx_word' id='word_1_325' title='bbox 1724 3473 1949 3525; x_wconf 87' lang='lat' dir='ltr'><strong>quarum</strong></span> 
     </span>
    </p>
   </div>
   <div class='ocr_carea' id='block_1_48' title="bbox 377 3530 1953 3601">
    <p class='ocr_par' dir='ltr' id='par_1_48' title="bbox 377 3530 1953 3601">
     <span class='ocr_line' id='line_1_48' title="bbox 377 3530 1953 3601; baseline -0.004 -14"><span class='ocrx_word' id='word_1_326' title='bbox 377 3530 657 3601; x_wconf 81' lang='lat' dir='ltr'><strong>iudicium,</strong></span> <span class='ocrx_word' id='word_1_327' title='bbox 684 3544 902 3586; x_wconf 85' lang='lat' dir='ltr'><strong>auctore</strong></span> <span class='ocrx_word' id='word_1_328' title='bbox 924 3532 1120 3598; x_wconf 90' lang='lat' dir='ltr'><strong>Tullio,</strong></span> <span class='ocrx_word' id='word_1_329' title='bbox 1147 3541 1228 3583; x_wconf 75' lang='lat' dir='ltr'><strong>est</strong></span> <span class='ocrx_word' id='word_1_330' title='bbox 1249 3530 1687 3601; x_wconf 70' lang='lat' dir='ltr'><strong>superbissimum</strong></span> <span class='ocrx_word' id='word_1_331' title='bbox 1717 3543 1818 3581; x_wconf 81' lang='lat' dir='ltr'><strong>:ex</strong></span> <span class='ocrx_word' id='word_1_332' title='bbox 1847 3543 1953 3595; x_wconf 93' lang='lat' dir='ltr'><strong>quo</strong></span> 
     </span>
    </p>
   </div>
   <div class='ocr_carea' id='block_1_49' title="bbox 377 3598 1951 3670">
    <p class='ocr_par' dir='ltr' id='par_1_49' title="bbox 377 3598 1951 3670">
     <span class='ocr_line' id='line_1_49' title="bbox 377 3598 1951 3670; baseline -0.007 -12"><span class='ocrx_word' id='word_1_333' title='bbox 377 3598 458 3665; x_wconf 84' lang='lat' dir='ltr'><strong>lit,</strong></span> <span class='ocrx_word' id='word_1_334' title='bbox 487 3615 541 3656; x_wconf 90' lang='lat' dir='ltr'><strong>ut</strong></span> <span class='ocrx_word' id='word_1_335' title='bbox 568 3604 770 3656; x_wconf 89' lang='lat' dir='ltr'><strong>musica</strong></span> <span class='ocrx_word' id='word_1_336' title='bbox 803 3611 856 3656; x_wconf 90' lang='lat' dir='ltr'><strong>et</strong></span> <span class='ocrx_word' id='word_1_337' title='bbox 885 3605 1081 3670; x_wconf 87' lang='lat' dir='ltr'><strong>poesis,</strong></span> <span class='ocrx_word' id='word_1_338' title='bbox 1116 3614 1234 3669; x_wconf 70' lang='lat' dir='ltr'><strong>qute</strong></span> <span class='ocrx_word' id='word_1_339' title='bbox 1263 3603 1314 3652; x_wconf 90' lang='lat' dir='ltr'><strong>in</strong></span> <span class='ocrx_word' id='word_1_340' title='bbox 1353 3601 1470 3670; x_wconf 78' lang='lat' dir='ltr'><strong>hoc</strong></span> <span class='ocrx_word' id='word_1_341' title='bbox 1491 3598 1678 3670; x_wconf 80' lang='lat' dir='ltr'><strong>salleni</strong></span> <span class='ocrx_word' id='word_1_342' title='bbox 1710 3608 1951 3670; x_wconf 66' lang='lat' dir='ltr'><strong>cognatae</strong></span> 
     </span>
    </p>
   </div>
   <div class='ocr_carea' id='block_1_50' title="bbox 378 3667 1949 3741">
    <p class='ocr_par' dir='ltr' id='par_1_50' title="bbox 378 3667 1949 3741">
     <span class='ocr_line' id='line_1_50' title="bbox 378 3667 1949 3741; baseline -0.004 -15"><span class='ocrx_word' id='word_1_343' title='bbox 378 3676 648 3733; x_wconf 86' lang='lat' dir='ltr'><strong>dicuntur,</strong></span> <span class='ocrx_word' id='word_1_344' title='bbox 691 3676 827 3741; x_wconf 89' lang='lat' dir='ltr'><strong>quod</strong></span> <span class='ocrx_word' id='word_1_345' title='bbox 874 3667 1060 3725; x_wconf 82' lang='lat' dir='ltr'><strong>eodem</strong></span> <span class='ocrx_word' id='word_1_346' title='bbox 1102 3667 1799 3741; x_wconf 42' lang='lat' dir='ltr'><strong>auditupercipiantur,Et</strong></span> <span class='ocrx_word' id='word_1_347' title='bbox 1829 3668 1949 3741; x_wconf 79' lang='lat' dir='ltr'><strong>qui-</strong></span> 
     </span>
    </p>
   </div>
   <div class='ocr_carea' id='block_1_51' title="bbox 377 3737 1947 3803">
    <p class='ocr_par' dir='ltr' id='par_1_51' title="bbox 377 3737 1947 3803">
     <span class='ocr_line' id='line_1_51' title="bbox 377 3737 1947 3803; baseline -0.004 -6"><span class='ocrx_word' id='word_1_348' title='bbox 377 3742 599 3797; x_wconf 88' lang='lat' dir='ltr'><strong>busdam</strong></span> <span class='ocrx_word' id='word_1_349' title='bbox 630 3737 794 3795; x_wconf 78' lang='lat' dir='ltr'><strong>modis</strong></span> <span class='ocrx_word' id='word_1_350' title='bbox 825 3750 1102 3796; x_wconf 86' lang='lat' dir='ltr'><strong>versentur</strong></span> <span class='ocrx_word' id='word_1_351' title='bbox 1130 3755 1144 3794; x_wconf 87' lang='lat'><strong>:</strong></span> <span class='ocrx_word' id='word_1_352' title='bbox 1179 3738 1244 3790; x_wconf 85' lang='lat' dir='ltr'><strong>In</strong></span> <span class='ocrx_word' id='word_1_353' title='bbox 1278 3737 1512 3800; x_wconf 70' lang='lat' dir='ltr'><strong>Mnsicis,</strong></span> <span class='ocrx_word' id='word_1_354' title='bbox 1545 3737 1712 3803; x_wconf 87' lang='lat' dir='ltr'><strong>inquit</strong></span> <span class='ocrx_word' id='word_1_355' title='bbox 1741 3737 1947 3790; x_wconf 78' lang='lat' dir='ltr'><strong>Tullus</strong></span> 
     </span>
    </p>
   </div>
   <div class='ocr_carea' id='block_1_52' title="bbox 377 3807 1952 3876">
    <p class='ocr_par' dir='ltr' id='par_1_52' title="bbox 377 3807 1952 3876">
     <span class='ocr_line' id='line_1_52' title="bbox 377 3807 1952 3876; baseline -0.005 -9"><span class='ocrx_word' id='word_1_356' title='bbox 377 3814 484 3867; x_wconf 79' lang='lat' dir='ltr'><strong>Ide</strong></span> <span class='ocrx_word' id='word_1_357' title='bbox 522 3813 642 3876; x_wconf 90' lang='lat' dir='ltr'><strong>0r.,</strong></span> <span class='ocrx_word' id='word_1_358' title='bbox 691 3813 907 3873; x_wconf 75' lang='lat' dir='ltr'><strong>iumeii,</strong></span> <span class='ocrx_word' id='word_1_359' title='bbox 958 3822 1006 3862; x_wconf 89' lang='lat' dir='ltr'><strong>et</strong></span> <span class='ocrx_word' id='word_1_360' title='bbox 1050 3825 1213 3875; x_wconf 69' lang='lat' dir='ltr'><strong>voces,</strong></span> <span class='ocrx_word' id='word_1_361' title='bbox 1257 3822 1302 3860; x_wconf 90' lang='lat' dir='ltr'><strong>et</strong></span> <span class='ocrx_word' id='word_1_362' title='bbox 1343 3809 1514 3870; x_wconf 86' lang='lat' dir='ltr'><strong>modi;</strong></span> <span class='ocrx_word' id='word_1_363' title='bbox 1547 3807 1796 3859; x_wconf 85' lang='lat' dir='ltr'><strong>Horatius</strong></span> <span class='ocrx_word' id='word_1_364' title='bbox 1825 3821 1952 3860; x_wconf 91' lang='lat' dir='ltr'><strong>vero</strong></span> 
     </span>
    </p>
   </div>
   <div class='ocr_carea' id='block_1_53' title="bbox 377 3877 1950 3949">
    <p class='ocr_par' dir='ltr' id='par_1_53' title="bbox 377 3877 1950 3949">
     <span class='ocr_line' id='line_1_53' title="bbox 377 3877 1950 3949; baseline -0.004 -12"><span class='ocrx_word' id='word_1_365' title='bbox 377 3898 545 3937; x_wconf 85' lang='lat' dir='ltr'><strong>carm.</strong></span> <span class='ocrx_word' id='word_1_366' title='bbox 572 3884 606 3936; x_wconf 87' lang='grc' dir='ltr'><strong>Ι.</strong></span> <span class='ocrx_word' id='word_1_367' title='bbox 636 3898 692 3949; x_wconf 88' lang='grc' dir='ltr'>ιι,</span> <span class='ocrx_word' id='word_1_368' title='bbox 722 3881 814 3935; x_wconf 91' lang='lat' dir='ltr'><strong>od.</strong></span> <span class='ocrx_word' id='word_1_369' title='bbox 846 3884 901 3941; x_wconf 82' lang='grc'><strong>1,</strong></span> <span class='ocrx_word' id='word_1_370' title='bbox 933 3897 984 3934; x_wconf 91' lang='lat' dir='ltr'><strong>v.</strong></span> <span class='ocrx_word' id='word_1_371' title='bbox 1017 3882 1113 3932; x_wconf 90' lang='lat' dir='ltr'><strong>ult.</strong></span> <span class='ocrx_word' id='word_1_372' title='bbox 1151 3896 1162 3930; x_wconf 90' lang='lat'>:</span> <span class='ocrx_word' id='word_1_373' title='bbox 1209 3880 1392 3942; x_wconf 80' lang='lat' dir='ltr'><strong>Querw</strong></span> <span class='ocrx_word' id='word_1_374' title='bbox 1422 3878 1596 3949; x_wconf 82' lang='lat' dir='ltr'><strong>modos</strong></span> <span class='ocrx_word' id='word_1_375' title='bbox 1633 3877 1816 3949; x_wconf 69' lang='lat' dir='ltr'><strong>leuiore</strong></span> <span class='ocrx_word' id='word_1_376' title='bbox 1843 3877 1950 3949; x_wconf 83' lang='lat' dir='ltr'><strong>ple-</strong></span> 
     </span>
    </p>
   </div>
   <div class='ocr_carea' id='block_1_54' title="bbox 376 3946 1946 4018">
    <p class='ocr_par' dir='ltr' id='par_1_54' title="bbox 376 3946 1946 4018">
     <span class='ocr_line' id='line_1_54' title="bbox 376 3946 1946 4018; baseline -0.003 -15"><span class='ocrx_word' id='word_1_377' title='bbox 376 3961 486 4005; x_wconf 88' lang='lat' dir='ltr'><strong>ctro</strong></span> <span class='ocrx_word' id='word_1_378' title='bbox 513 3969 528 4015; x_wconf 91' lang='lat'><strong>;</strong></span> <span class='ocrx_word' id='word_1_379' title='bbox 559 3952 648 4006; x_wconf 89' lang='lat' dir='ltr'><strong>od.</strong></span> <span class='ocrx_word' id='word_1_380' title='bbox 675 3946 743 4004; x_wconf 71' lang='grc'><strong>12</strong></span> <span class='ocrx_word' id='word_1_381' title='bbox 762 3991 776 4010; x_wconf 84' lang='grc'>,</span> <span class='ocrx_word' id='word_1_382' title='bbox 807 3966 860 4004; x_wconf 78' lang='lat' dir='ltr'><strong>v.</strong></span> <span class='ocrx_word' id='word_1_383' title='bbox 883 3955 914 4004; x_wconf 76' lang='grc'><strong>4</strong></span> <span class='ocrx_word' id='word_1_384' title='bbox 943 3968 955 4001; x_wconf 90' lang='lat'>:</span> <span class='ocrx_word' id='word_1_385' title='bbox 992 3951 1168 4018; x_wconf 83' lang='lat' dir='ltr'><strong>Aptari</strong></span> <span class='ocrx_word' id='word_1_386' title='bbox 1211 3951 1418 4001; x_wconf 73' lang='lat' dir='ltr'><strong>cithara:</strong></span> <span class='ocrx_word' id='word_1_387' title='bbox 1444 3947 1651 4018; x_wconf 84' lang='lat' dir='ltr'><strong>modis;</strong></span> <span class='ocrx_word' id='word_1_388' title='bbox 1685 3946 1719 4018; x_wconf 10' lang='lat' dir='ltr'><strong>l7.</strong></span> <span class='ocrx_word' id='word_1_389' title='bbox 1749 3961 1826 4011; x_wconf 86' lang='lat' dir='ltr'><strong>tu,</strong></span> <span class='ocrx_word' id='word_1_390' title='bbox 1852 3946 1946 4018; x_wconf 16' lang='lat' dir='ltr'><strong>70d.</strong></span> 
     </span>
    </p>
   </div>
   <div class='ocr_carea' id='block_1_55' title="bbox 374 4017 1946 4089">
    <p class='ocr_par' dir='ltr' id='par_1_55' title="bbox 374 4017 1946 4089">
     <span class='ocr_line' id='line_1_55' title="bbox 374 4017 1946 4089; baseline -0.004 -14"><span class='ocrx_word' id='word_1_391' title='bbox 374 4023 430 4083; x_wconf 81' lang='grc'><strong>5.</strong></span> <span class='ocrx_word' id='word_1_392' title='bbox 463 4039 516 4075; x_wconf 86' lang='lat' dir='ltr'><strong>v.</strong></span> <span class='ocrx_word' id='word_1_393' title='bbox 551 4026 644 4075; x_wconf 90' lang='lat' dir='ltr'><strong>ult.</strong></span> <span class='ocrx_word' id='word_1_394' title='bbox 673 4039 686 4072; x_wconf 90' lang='lat'>:</span> <span class='ocrx_word' id='word_1_395' title='bbox 719 4020 913 4089; x_wconf 84' lang='lat' dir='ltr'><strong>Magna</strong></span> <span class='ocrx_word' id='word_1_396' title='bbox 932 4017 1100 4072; x_wconf 86' lang='lat' dir='ltr'><strong>modis</strong></span> <span class='ocrx_word' id='word_1_397' title='bbox 1121 4029 1330 4072; x_wconf 84' lang='lat' dir='ltr'><strong>tenuare</strong></span> <span class='ocrx_word' id='word_1_398' title='bbox 1354 4019 1556 4086; x_wconf 85' lang='lat' dir='ltr'><strong>parvis;</strong></span> <span class='ocrx_word' id='word_1_399' title='bbox 1577 4017 1663 4069; x_wconf 90' lang='lat' dir='ltr'><strong>od.</strong></span> <span class='ocrx_word' id='word_1_400' title='bbox 1691 4017 1745 4078; x_wconf 89' lang='lat'><strong>9,</strong></span> <span class='ocrx_word' id='word_1_401' title='bbox 1765 4031 1816 4069; x_wconf 84' lang='grc' dir='ltr'><strong>ν.</strong></span> <span class='ocrx_word' id='word_1_402' title='bbox 1843 4017 1908 4070; x_wconf 79' lang='grc'><strong>10</strong></span> <span class='ocrx_word' id='word_1_403' title='bbox 1932 4032 1946 4068; x_wconf 91' lang='lat'><strong>:</strong></span> 
     </span>
    </p>
   </div>
   <div class='ocr_carea' id='block_1_56' title="bbox 377 4089 1947 4156">
    <p class='ocr_par' dir='ltr' id='par_1_56' title="bbox 377 4089 1947 4156">
     <span class='ocr_line' id='line_1_56' title="bbox 377 4089 1947 4156; baseline -0.004 -12"><span class='ocrx_word' id='word_1_404' title='bbox 377 4091 568 4146; x_wconf 84' lang='lat' dir='ltr'><strong>Dulces</strong></span> <span class='ocrx_word' id='word_1_405' title='bbox 587 4093 736 4144; x_wconf 85' lang='lat' dir='ltr'><strong>docta</strong></span> <span class='ocrx_word' id='word_1_406' title='bbox 758 4092 936 4144; x_wconf 85' lang='lat' dir='ltr'><strong>modos</strong></span> <span class='ocrx_word' id='word_1_407' title='bbox 965 4100 1011 4142; x_wconf 87' lang='lat' dir='ltr'><strong>et</strong></span> <span class='ocrx_word' id='word_1_408' title='bbox 1037 4090 1244 4141; x_wconf 74' lang='lat' dir='ltr'><strong>cithara:</strong></span> <span class='ocrx_word' id='word_1_409' title='bbox 1271 4090 1434 4140; x_wconf 86' lang='lat' dir='ltr'><strong>sciens</strong></span> <span class='ocrx_word' id='word_1_410' title='bbox 1457 4096 1544 4140; x_wconf 88' lang='lat' dir='ltr'><strong>:et</strong></span> <span class='ocrx_word' id='word_1_411' title='bbox 1565 4089 1630 4139; x_wconf 90' lang='lat' dir='ltr'><strong>de</strong></span> <span class='ocrx_word' id='word_1_412' title='bbox 1647 4089 1776 4140; x_wconf 83' lang='lat' dir='ltr'><strong>Arte</strong></span> <span class='ocrx_word' id='word_1_413' title='bbox 1804 4094 1947 4156; x_wconf 86' lang='lat' dir='ltr'><strong>poet.</strong></span> 
     </span>
    </p>
   </div>
   <div class='ocr_carea' id='block_1_57' title="bbox 495 4175 1722 4241">
    <p class='ocr_par' dir='ltr' id='par_1_57' title="bbox 495 4175 1722 4241">
     <span class='ocr_line' id='line_1_57' title="bbox 495 4175 1722 4241; baseline -0.005 -11"><span class='ocrx_word' id='word_1_414' title='bbox 495 4183 715 4230; x_wconf 78' lang='lat' dir='ltr'><strong>Accessit</strong></span> <span class='ocrx_word' id='word_1_415' title='bbox 736 4182 1052 4241; x_wconf 88' lang='lat' dir='ltr'><strong>numerisque</strong></span> <span class='ocrx_word' id='word_1_416' title='bbox 1069 4179 1318 4238; x_wconf 88' lang='lat' dir='ltr'><strong>modisque</strong></span> <span class='ocrx_word' id='word_1_417' title='bbox 1338 4175 1534 4225; x_wconf 83' lang='lat' dir='ltr'><strong>licentia</strong></span> <span class='ocrx_word' id='word_1_418' title='bbox 1555 4177 1722 4237; x_wconf 85' lang='lat' dir='ltr'><strong>major.</strong></span> 
     </span>
    </p>
   </div>
   <div class='ocr_carea' id='block_1_58' title="bbox 446 4257 1951 4332">
    <p class='ocr_par' dir='ltr' id='par_1_58' title="bbox 446 4257 1951 4332">
     <span class='ocr_line' id='line_1_58' title="bbox 446 4257 1951 4332; baseline -0.005 -14"><span class='ocrx_word' id='word_1_419' title='bbox 446 4267 728 4332; x_wconf 83' lang='lat' dir='ltr'><strong>Propterea</strong></span> <span class='ocrx_word' id='word_1_420' title='bbox 765 4265 856 4332; x_wconf 89' lang='lat' dir='ltr'><strong>qui</strong></span> <span class='ocrx_word' id='word_1_421' title='bbox 895 4277 1083 4316; x_wconf 88' lang='lat' dir='ltr'><strong>versus</strong></span> <span class='ocrx_word' id='word_1_422' title='bbox 1105 4261 1394 4326; x_wconf 88' lang='lat' dir='ltr'><strong>componit,</strong></span> <span class='ocrx_word' id='word_1_423' title='bbox 1422 4258 1505 4332; x_wconf 84' lang='lat' dir='ltr'><strong>hic</strong></span> <span class='ocrx_word' id='word_1_424' title='bbox 1548 4257 1951 4332; x_wconf 30' lang='lat' dir='ltr'><strong>VirgiliokOvi-</strong></span> 
     </span>
    </p>
   </div>
   <div class='ocr_carea' id='block_1_59' title="bbox 375 4327 1950 4398">
    <p class='ocr_par' dir='ltr' id='par_1_59' title="bbox 375 4327 1950 4398">
     <span class='ocr_line' id='line_1_59' title="bbox 375 4327 1950 4398; baseline -0.004 -10"><span class='ocrx_word' id='word_1_425' title='bbox 375 4335 486 4398; x_wconf 86' lang='lat' dir='ltr'><strong>dio,</strong></span> <span class='ocrx_word' id='word_1_426' title='bbox 519 4327 752 4395; x_wconf 77' lang='lat' dir='ltr'><strong>Horatio,</strong></span> <span class='ocrx_word' id='word_1_427' title='bbox 784 4327 836 4386; x_wconf 72' lang='lat' dir='ltr'><strong>et</strong></span> <span class='ocrx_word' id='word_1_428' title='bbox 861 4334 1069 4386; x_wconf 66' lang='lat' dir='ltr'><strong>caeteris</strong></span> <span class='ocrx_word' id='word_1_429' title='bbox 1095 4332 1288 4384; x_wconf 91' lang='lat' dir='ltr'><strong>dicitur</strong></span> <span class='ocrx_word' id='word_1_430' title='bbox 1311 4328 1602 4391; x_wconf 72' lang='lat' dir='ltr'><strong>modulari;</strong></span> <span class='ocrx_word' id='word_1_431' title='bbox 1632 4330 1772 4381; x_wconf 77' lang='lat' dir='ltr'><strong>sicut</strong></span> <span class='ocrx_word' id='word_1_432' title='bbox 1798 4327 1950 4382; x_wconf 86' lang='lat' dir='ltr'><strong>Cice-</strong></span> 
     </span>
    </p>
   </div>
   <div class='ocr_carea' id='block_1_60' title="bbox 374 4398 1946 4468">
    <p class='ocr_par' dir='ltr' id='par_1_60' title="bbox 374 4398 1946 4468">
     <span class='ocr_line' id='line_1_60' title="bbox 374 4398 1946 4468; baseline -0.006 -8"><span class='ocrx_word' id='word_1_433' title='bbox 374 4409 490 4460; x_wconf 87' lang='lat' dir='ltr'><strong>roni</strong></span> <span class='ocrx_word' id='word_1_434' title='bbox 535 4421 568 4458; x_wconf 92' lang='grc' dir='ltr'><strong>ιι</strong></span> <span class='ocrx_word' id='word_1_435' title='bbox 599 4407 665 4458; x_wconf 90' lang='lat' dir='ltr'><strong>de</strong></span> <span class='ocrx_word' id='word_1_436' title='bbox 695 4405 839 4468; x_wconf 84' lang='lat' dir='ltr'><strong>Nat.,</strong></span> <span class='ocrx_word' id='word_1_437' title='bbox 870 4402 1031 4455; x_wconf 65' lang='lat' dir='ltr'><strong>Tibiae</strong></span> <span class='ocrx_word' id='word_1_438' title='bbox 1069 4402 1315 4455; x_wconf 88' lang='lat' dir='ltr'><strong>dicuntur</strong></span> <span class='ocrx_word' id='word_1_439' title='bbox 1339 4398 1598 4450; x_wconf 82' lang='lat' dir='ltr'><strong>modulate</strong></span> <span class='ocrx_word' id='word_1_440' title='bbox 1638 4405 1873 4450; x_wconf 78' lang='lat' dir='ltr'><strong>canentes</strong></span> <span class='ocrx_word' id='word_1_441' title='bbox 1896 4408 1946 4450; x_wconf 90' lang='lat' dir='ltr'><strong>et</strong></span> 
     </span>
    </p>
   </div>
   <div class='ocr_carea' id='block_1_61' title="bbox 373 4475 1164 4543">
    <p class='ocr_par' dir='ltr' id='par_1_61' title="bbox 373 4475 1164 4543">
     <span class='ocr_line' id='line_1_61' title="bbox 373 4475 1164 4543; baseline -0.004 -16"><span class='ocrx_word' id='word_1_442' title='bbox 373 4475 598 4543; x_wconf 66' lang='lat' dir='ltr'><strong>fidiculas</strong></span> <span class='ocrx_word' id='word_1_443' title='bbox 625 4488 886 4526; x_wconf 88' lang='lat' dir='ltr'><strong>numerose</strong></span> <span class='ocrx_word' id='word_1_444' title='bbox 907 4481 1164 4524; x_wconf 85' lang='lat' dir='ltr'><strong>sonantes.</strong></span> 
     </span>
    </p>
   </div>
   <div class='ocr_carea' id='block_1_62' title="bbox 443 4536 1940 4603">
    <p class='ocr_par' dir='ltr' id='par_1_62' title="bbox 443 4536 1940 4603">
     <span class='ocr_line' id='line_1_62' title="bbox 443 4536 1940 4603; baseline -0.007 -4"><span class='ocrx_word' id='word_1_445' title='bbox 443 4544 596 4599; x_wconf 89' lang='lat' dir='ltr'><strong>Sicut</strong></span> <span class='ocrx_word' id='word_1_446' title='bbox 633 4552 808 4595; x_wconf 87' lang='lat' dir='ltr'><strong>autem</strong></span> <span class='ocrx_word' id='word_1_447' title='bbox 850 4556 1063 4596; x_wconf 90' lang='lat' dir='ltr'><strong>carmen</strong></span> <span class='ocrx_word' id='word_1_448' title='bbox 1108 4555 1209 4592; x_wconf 90' lang='lat' dir='ltr'><strong>non</strong></span> <span class='ocrx_word' id='word_1_449' title='bbox 1251 4538 1474 4602; x_wconf 90' lang='lat' dir='ltr'><strong>dicitur,</strong></span> <span class='ocrx_word' id='word_1_450' title='bbox 1508 4538 1608 4590; x_wconf 89' lang='lat' dir='ltr'><strong>nisi</strong></span> <span class='ocrx_word' id='word_1_451' title='bbox 1640 4536 1707 4590; x_wconf 90' lang='lat' dir='ltr'><strong>de</strong></span> <span class='ocrx_word' id='word_1_452' title='bbox 1736 4536 1940 4603; x_wconf 86' lang='lat' dir='ltr'><strong>integro</strong></span> 
     </span>
    </p>
   </div>
   <div class='ocr_carea' id='block_1_63' title="bbox 372 4606 1939 4682">
    <p class='ocr_par' dir='ltr' id='par_1_63' title="bbox 372 4606 1939 4682">
     <span class='ocr_line' id='line_1_63' title="bbox 372 4606 1939 4682; baseline -0.005 -17"><span class='ocrx_word' id='word_1_453' title='bbox 372 4620 600 4682; x_wconf 81' lang='lat' dir='ltr'><strong>quodam</strong></span> <span class='ocrx_word' id='word_1_454' title='bbox 632 4623 892 4678; x_wconf 79' lang='lat' dir='ltr'><strong>poenmte,</strong></span> <span class='ocrx_word' id='word_1_455' title='bbox 926 4613 1335 4682; x_wconf 12' lang='lat' dir='ltr'><strong>itaimodusunon</strong></span> <span class='ocrx_word' id='word_1_456' title='bbox 1369 4607 1839 4682; x_wconf 22' lang='lat' dir='ltr'><strong>vide_tur_dicilnisi</strong></span> <span class='ocrx_word' id='word_1_457' title='bbox 1872 4606 1939 4682; x_wconf 76' lang='lat' dir='ltr'><strong>de</strong></span> 
     </span>
    </p>
   </div>
   <div class='ocr_carea' id='block_1_64' title="bbox 371 4675 1938 4750">
    <p class='ocr_par' dir='ltr' id='par_1_64' title="bbox 371 4675 1938 4750">
     <span class='ocr_line' id='line_1_64' title="bbox 371 4675 1938 4750; baseline -0.004 -16"><span class='ocrx_word' id='word_1_458' title='bbox 371 4675 643 4745; x_wconf 69' lang='lat' dir='ltr'><strong>versibus,</strong></span> <span class='ocrx_word' id='word_1_459' title='bbox 674 4682 829 4750; x_wconf 88' lang='lat' dir='ltr'><strong>hujus</strong></span> <span class='ocrx_word' id='word_1_460' title='bbox 871 4675 1047 4748; x_wconf 72' lang='lat' dir='ltr'><strong>aperis</strong></span> <span class='ocrx_word' id='word_1_461' title='bbox 1081 4678 1362 4750; x_wconf 77' lang='lat' dir='ltr'><strong>partibus:</strong></span> <span class='ocrx_word' id='word_1_462' title='bbox 1398 4676 1537 4750; x_wconf 68' lang='lat' dir='ltr'><strong>unde</strong></span> <span class='ocrx_word' id='word_1_463' title='bbox 1581 4675 1828 4750; x_wconf 43' lang='lat' dir='ltr'><strong>Boetius,</strong></span> <span class='ocrx_word' id='word_1_464' title='bbox 1849 4675 1938 4743; x_wconf 91' lang='lat' dir='ltr'><strong>qui</strong></span> 
     </span>
    </p>
   </div>
   <div class='ocr_carea' id='block_1_65' title="bbox 371 4746 1939 4817">
    <p class='ocr_par' dir='ltr' id='par_1_65' title="bbox 371 4746 1939 4817">
     <span class='ocr_line' id='line_1_65' title="bbox 371 4746 1939 4817; baseline -0.005 -13"><span class='ocrx_word' id='word_1_465' title='bbox 371 4756 534 4806; x_wconf 87' lang='lat' dir='ltr'><strong>verba</strong></span> <span class='ocrx_word' id='word_1_466' title='bbox 576 4753 688 4804; x_wconf 70' lang='lat' dir='ltr'><strong>haec</strong></span> <span class='ocrx_word' id='word_1_467' title='bbox 719 4746 854 4804; x_wconf 80' lang='lat' dir='ltr'><strong>inter</strong></span> <span class='ocrx_word' id='word_1_468' title='bbox 882 4746 941 4803; x_wconf 85' lang='lat' dir='ltr'><strong>se</strong></span> <span class='ocrx_word' id='word_1_469' title='bbox 970 4757 1293 4817; x_wconf 73' lang='lat' dir='ltr'><strong>opposuerat</strong></span> <span class='ocrx_word' id='word_1_470' title='bbox 1320 4747 1371 4800; x_wconf 92' lang='lat' dir='ltr'><strong>in</strong></span> <span class='ocrx_word' id='word_1_471' title='bbox 1405 4747 1609 4798; x_wconf 90' lang='lat' dir='ltr'><strong>duobus</strong></span> <span class='ocrx_word' id='word_1_472' title='bbox 1640 4747 1721 4817; x_wconf 87' lang='lat' dir='ltr'><strong>his</strong></span> <span class='ocrx_word' id='word_1_473' title='bbox 1751 4746 1939 4811; x_wconf 81' lang='lat' dir='ltr'><strong>primis</strong></span> 
     </span>
    </p>
   </div>
   <div class='ocr_carea' id='block_1_66' title="bbox 371 4816 1939 4889">
    <p class='ocr_par' dir='ltr' id='par_1_66' title="bbox 371 4816 1939 4889">
     <span class='ocr_line' id='line_1_66' title="bbox 371 4816 1939 4889; baseline -0.003 -18"><span class='ocrx_word' id='word_1_474' title='bbox 371 4823 620 4875; x_wconf 81' lang='lat' dir='ltr'><strong>versibus</strong></span> <span class='ocrx_word' id='word_1_475' title='bbox 656 4838 669 4872; x_wconf 88' lang='lat'>:</span> <span class='ocrx_word' id='word_1_476' title='bbox 701 4821 891 4889; x_wconf 86' lang='lat' dir='ltr'><strong>peregi,</strong></span> <span class='ocrx_word' id='word_1_477' title='bbox 931 4828 982 4872; x_wconf 89' lang='lat' dir='ltr'><strong>et</strong></span> <span class='ocrx_word' id='word_1_478' title='bbox 1011 4816 1173 4886; x_wconf 83' lang='lat' dir='ltr'><strong>cogor</strong></span> <span class='ocrx_word' id='word_1_479' title='bbox 1212 4817 1370 4881; x_wconf 89' lang='lat' dir='ltr'><strong>inire;</strong></span> <span class='ocrx_word' id='word_1_480' title='bbox 1413 4819 1582 4889; x_wconf 74' lang='lat' dir='ltr'><strong>studio</strong></span> <span class='ocrx_word' id='word_1_481' title='bbox 1624 4816 1854 4889; x_wconf 76' lang='lat' dir='ltr'><strong>ﬂorente,</strong></span> <span class='ocrx_word' id='word_1_482' title='bbox 1883 4823 1939 4867; x_wconf 91' lang='lat' dir='ltr'><strong>et</strong></span> 
     </span>
    </p>
   </div>
   <div class='ocr_carea' id='block_1_67' title="bbox 369 4885 1934 4962">
    <p class='ocr_par' dir='ltr' id='par_1_67' title="bbox 369 4885 1934 4962">
     <span class='ocr_line' id='line_1_67' title="bbox 369 4885 1934 4962; baseline -0.006 -19"><span class='ocrx_word' id='word_1_483' title='bbox 369 4891 578 4962; x_wconf 80' lang='lat' dir='ltr'><strong>ﬂebilis,</strong></span> <span class='ocrx_word' id='word_1_484' title='bbox 608 4885 838 4962; x_wconf 60' lang='grc' dir='ltr'><strong>αντωξτοὶ</strong></span> <span class='ocrx_word' id='word_1_485' title='bbox 873 4885 1186 4962; x_wconf 65' lang='lat' dir='ltr'><strong>continuatis</strong></span> <span class='ocrx_word' id='word_1_486' title='bbox 1211 4902 1351 4962; x_wconf 79' lang='lat' dir='ltr'><strong>nunc</strong></span> <span class='ocrx_word' id='word_1_487' title='bbox 1386 4885 1603 4954; x_wconf 88' lang='lat' dir='ltr'><strong>opponit</strong></span> <span class='ocrx_word' id='word_1_488' title='bbox 1626 4886 1791 4962; x_wconf 75' lang='lat' dir='ltr'><strong>etiam</strong></span> <span class='ocrx_word' id='word_1_489' title='bbox 1821 4899 1934 4935; x_wconf 87' lang='lat' dir='ltr'><strong>car-</strong></span> 
     </span>
    </p>
   </div>
   <div class='ocr_carea' id='block_1_68' title="bbox 372 4954 1936 5025">
    <p class='ocr_par' dir='ltr' id='par_1_68' title="bbox 372 4954 1936 5025">
     <span class='ocr_line' id='line_1_68' title="bbox 372 4954 1936 5025; baseline -0.006 -12"><span class='ocrx_word' id='word_1_490' title='bbox 372 4954 516 5013; x_wconf 74' lang='lat' dir='ltr'><strong>mina</strong></span> <span class='ocrx_word' id='word_1_491' title='bbox 561 4971 613 5014; x_wconf 89' lang='lat' dir='ltr'><strong>et</strong></span> <span class='ocrx_word' id='word_1_492' title='bbox 641 4961 818 5012; x_wconf 88' lang='lat' dir='ltr'><strong>modos</strong></span> <span class='ocrx_word' id='word_1_493' title='bbox 846 4968 1046 5012; x_wconf 68' lang='lat' dir='ltr'><strong>maestos</strong></span> <span class='ocrx_word' id='word_1_494' title='bbox 1069 4974 1085 5019; x_wconf 88' lang='lat'><strong>;</strong></span> <span class='ocrx_word' id='word_1_495' title='bbox 1116 4958 1300 5025; x_wconf 86' lang='lat' dir='ltr'><strong>sicque</strong></span> <span class='ocrx_word' id='word_1_496' title='bbox 1329 4956 1579 5009; x_wconf 84' lang='lat' dir='ltr'><strong>lectorem</strong></span> <span class='ocrx_word' id='word_1_497' title='bbox 1607 4954 1781 5025; x_wconf 88' lang='lat' dir='ltr'><strong>docet,</strong></span> <span class='ocrx_word' id='word_1_498' title='bbox 1805 4967 1936 5019; x_wconf 85' lang='lat' dir='ltr'><strong>qua-</strong></span> 
     </span>
    </p>
   </div>
   <div class='ocr_carea' id='block_1_69' title="bbox 370 5024 1938 5097">
    <p class='ocr_par' dir='ltr' id='par_1_69' title="bbox 370 5024 1938 5097">
     <span class='ocr_line' id='line_1_69' title="bbox 370 5024 1938 5097; baseline -0.004 -13"><span class='ocrx_word' id='word_1_499' title='bbox 370 5032 441 5084; x_wconf 87' lang='lat' dir='ltr'><strong>lis</strong></span> <span class='ocrx_word' id='word_1_500' title='bbox 469 5040 581 5084; x_wconf 85' lang='lat' dir='ltr'><strong>erat</strong></span> <span class='ocrx_word' id='word_1_501' title='bbox 619 5030 842 5082; x_wconf 83' lang='lat' dir='ltr'><strong>alﬂictus</strong></span> <span class='ocrx_word' id='word_1_502' title='bbox 865 5071 878 5095; x_wconf 93' lang='lat'><strong>,</strong></span> <span class='ocrx_word' id='word_1_503' title='bbox 917 5024 1276 5097; x_wconf 89' lang='lat' dir='ltr'><strong>quantumque</strong></span> <span class='ocrx_word' id='word_1_504' title='bbox 1300 5033 1530 5078; x_wconf 92' lang='lat' dir='ltr'><strong>mutatus</strong></span> <span class='ocrx_word' id='word_1_505' title='bbox 1553 5039 1580 5076; x_wconf 89' lang='lat' dir='ltr'><strong>a</strong></span> <span class='ocrx_word' id='word_1_506' title='bbox 1612 5024 1794 5076; x_wconf 84' lang='lat' dir='ltr'><strong>Boetio</strong></span> <span class='ocrx_word' id='word_1_507' title='bbox 1824 5026 1938 5078; x_wconf 83' lang='lat' dir='ltr'><strong>sive</strong></span> 
     </span>
    </p>
   </div>
   <div class='ocr_carea' id='block_1_70' title="bbox 369 5099 818 5167">
    <p class='ocr_par' dir='ltr' id='par_1_70' title="bbox 369 5099 818 5167">
     <span class='ocr_line' id='line_1_70' title="bbox 369 5099 818 5167; baseline -0.007 -12"><span class='ocrx_word' id='word_1_508' title='bbox 369 5101 550 5167; x_wconf 87' lang='lat' dir='ltr'><strong>seipso</strong></span> <span class='ocrx_word' id='word_1_509' title='bbox 574 5099 818 5152; x_wconf 90' lang='lat' dir='ltr'><strong>ﬂorente.</strong></span> 
     </span>
    </p>
   </div>
   <div class='ocr_carea' id='block_1_71' title="bbox 445 5161 1938 5238">
    <p class='ocr_par' dir='ltr' id='par_1_71' title="bbox 445 5161 1938 5238">
     <span class='ocr_line' id='line_1_71' title="bbox 445 5161 1938 5238; baseline -0.005 -15"><span class='ocrx_word' id='word_1_510' title='bbox 445 5161 495 5223; x_wconf 73' lang='lat'><strong>3.</strong></span> <span class='ocrx_word' id='word_1_511' title='bbox 531 5167 810 5238; x_wconf 73' lang='lat' dir='ltr'><strong>Camenre.j</strong></span> <span class='ocrx_word' id='word_1_512' title='bbox 848 5165 1030 5232; x_wconf 78' lang='lat' dir='ltr'><strong>Musw,</strong></span> <span class='ocrx_word' id='word_1_513' title='bbox 1063 5181 1180 5235; x_wconf 76' lang='lat' dir='ltr'><strong>qua:</strong></span> <span class='ocrx_word' id='word_1_514' title='bbox 1205 5164 1450 5238; x_wconf 82' lang='lat' dir='ltr'><strong>dicuntur</strong></span> <span class='ocrx_word' id='word_1_515' title='bbox 1478 5161 1728 5238; x_wconf 61' lang='lat' dir='ltr'><strong>Camenas,</strong></span> <span class='ocrx_word' id='word_1_516' title='bbox 1774 5177 1878 5215; x_wconf 86' lang='lat' dir='ltr'><strong>non</strong></span> <span class='ocrx_word' id='word_1_517' title='bbox 1909 5177 1938 5216; x_wconf 88' lang='lat' dir='ltr'><strong>a</strong></span> 
     </span>
    </p>
   </div>
   <div class='ocr_carea' id='block_1_72' title="bbox 367 5235 1938 5305">
    <p class='ocr_par' dir='ltr' id='par_1_72' title="bbox 367 5235 1938 5305">
     <span class='ocr_line' id='line_1_72' title="bbox 367 5235 1938 5305; baseline -0.004 -13"><span class='ocrx_word' id='word_1_518' title='bbox 367 5249 532 5292; x_wconf 81' lang='lat' dir='ltr'><strong>cantu</strong></span> <span class='ocrx_word' id='word_1_519' title='bbox 575 5235 808 5301; x_wconf 70' lang='lat' dir='ltr'><strong>alumno,</strong></span> <span class='ocrx_word' id='word_1_520' title='bbox 840 5247 897 5290; x_wconf 94' lang='lat' dir='ltr'><strong>ut</strong></span> <span class='ocrx_word' id='word_1_521' title='bbox 937 5238 1149 5305; x_wconf 87' lang='lat' dir='ltr'><strong>quidam</strong></span> <span class='ocrx_word' id='word_1_522' title='bbox 1199 5237 1366 5298; x_wconf 90' lang='lat' dir='ltr'><strong>aiunt,</strong></span> <span class='ocrx_word' id='word_1_523' title='bbox 1413 5235 1505 5286; x_wconf 88' lang='lat' dir='ltr'><strong>sed</strong></span> <span class='ocrx_word' id='word_1_524' title='bbox 1553 5249 1668 5305; x_wconf 68' lang='lat' dir='ltr'><strong>non</strong></span> <span class='ocrx_word' id='word_1_525' title='bbox 1695 5247 1848 5285; x_wconf 83' lang='lat' dir='ltr'><strong>secus</strong></span> <span class='ocrx_word' id='word_1_526' title='bbox 1875 5247 1938 5286; x_wconf 90' lang='lat' dir='ltr'><strong>ac</strong></span> 
     </span>
    </p>
   </div>
   <div class='ocr_carea' id='block_1_73' title="bbox 365 5302 1931 5372">
    <p class='ocr_par' dir='ltr' id='par_1_73' title="bbox 365 5302 1931 5372">
     <span class='ocr_line' id='line_1_73' title="bbox 365 5302 1931 5372; baseline -0.006 -8"><span class='ocrx_word' id='word_1_527' title='bbox 365 5324 608 5368; x_wconf 87' lang='lat' dir='ltr'><strong>carmen,</strong></span> <span class='ocrx_word' id='word_1_528' title='bbox 629 5323 658 5360; x_wconf 88' lang='lat' dir='ltr'><strong>a</strong></span> <span class='ocrx_word' id='word_1_529' title='bbox 689 5302 1035 5367; x_wconf 56' lang='lat' dir='ltr'><strong>canendo,&#39;ita</strong></span> <span class='ocrx_word' id='word_1_530' title='bbox 1061 5316 1119 5357; x_wconf 93' lang='lat' dir='ltr'><strong>ut</strong></span> <span class='ocrx_word' id='word_1_531' title='bbox 1141 5307 1286 5372; x_wconf 90' lang='lat' dir='ltr'><strong>prius</strong></span> <span class='ocrx_word' id='word_1_532' title='bbox 1309 5306 1612 5356; x_wconf 89' lang='lat' dir='ltr'><strong>dicerentur</strong></span> <span class='ocrx_word' id='word_1_533' title='bbox 1630 5302 1892 5355; x_wconf 69' lang='lat' dir='ltr'><strong>Carmente</strong></span> <span class='ocrx_word' id='word_1_534' title='bbox 1919 5319 1931 5354; x_wconf 89' lang='lat'><strong>:</strong></span> 
     </span>
    </p>
   </div>
   <div class='ocr_carea' id='block_1_74' title="bbox 365 5374 1935 5448">
    <p class='ocr_par' dir='ltr' id='par_1_74' title="bbox 365 5374 1935 5448">
     <span class='ocr_line' id='line_1_74' title="bbox 365 5374 1935 5448; baseline -0.004 -17"><span class='ocrx_word' id='word_1_535' title='bbox 365 5379 511 5448; x_wconf 90' lang='lat' dir='ltr'><strong>quod</strong></span> <span class='ocrx_word' id='word_1_536' title='bbox 543 5380 813 5440; x_wconf 88' lang='lat' dir='ltr'><strong>nimirum,</strong></span> <span class='ocrx_word' id='word_1_537' title='bbox 847 5377 1008 5429; x_wconf 67' lang='lat' dir='ltr'><strong>lilusis</strong></span> <span class='ocrx_word' id='word_1_538' title='bbox 1039 5375 1199 5427; x_wconf 82' lang='lat' dir='ltr'><strong>veluti</strong></span> <span class='ocrx_word' id='word_1_539' title='bbox 1219 5374 1632 5448; x_wconf 64' lang='lat' dir='ltr'><strong>inspirantibus,</strong></span> <span class='ocrx_word' id='word_1_540' title='bbox 1664 5375 1789 5424; x_wconf 72' lang='grc' dir='ltr'>Ιὶςιιιι</span> <span class='ocrx_word' id='word_1_541' title='bbox 1819 5387 1935 5424; x_wconf 87' lang='lat' dir='ltr'><strong>car-</strong></span> 
     </span>
    </p>
   </div>
   <div class='ocr_carea' id='block_1_75' title="bbox 364 5440 1939 5509">
    <p class='ocr_par' dir='ltr' id='par_1_75' title="bbox 364 5440 1939 5509">
     <span class='ocr_line' id='line_1_75' title="bbox 364 5440 1939 5509; baseline -0.006 -7"><span class='ocrx_word' id='word_1_542' title='bbox 364 5440 512 5502; x_wconf 66' lang='lat' dir='ltr'><strong>fniua</strong></span> <span class='ocrx_word' id='word_1_543' title='bbox 543 5449 659 5500; x_wconf 87' lang='lat' dir='ltr'><strong>sive</strong></span> <span class='ocrx_word' id='word_1_544' title='bbox 699 5457 918 5508; x_wconf 89' lang='lat' dir='ltr'><strong>cantus;</strong></span> <span class='ocrx_word' id='word_1_545' title='bbox 965 5454 1054 5496; x_wconf 90' lang='lat' dir='ltr'><strong>aut</strong></span> <span class='ocrx_word' id='word_1_546' title='bbox 1091 5443 1255 5508; x_wconf 89' lang='lat' dir='ltr'><strong>quod,</strong></span> <span class='ocrx_word' id='word_1_547' title='bbox 1299 5443 1467 5509; x_wconf 85' lang='lat' dir='ltr'><strong>inquit</strong></span> <span class='ocrx_word' id='word_1_548' title='bbox 1505 5440 1716 5502; x_wconf 83' lang='lat' dir='ltr'><strong>Festus.</strong></span> <span class='ocrx_word' id='word_1_549' title='bbox 1747 5449 1939 5493; x_wconf 87' lang='lat' dir='ltr'><strong>canant</strong></span> 
     </span>
    </p>
   </div>
   <div class='ocr_carea' id='block_1_76' title="bbox 365 5511 1934 5583">
    <p class='ocr_par' dir='ltr' id='par_1_76' title="bbox 365 5511 1934 5583">
     <span class='ocr_line' id='line_1_76' title="bbox 365 5511 1934 5583; baseline -0.006 -12"><span class='ocrx_word' id='word_1_550' title='bbox 365 5518 536 5571; x_wconf 75' lang='lat' dir='ltr'><strong>Musae</strong></span> <span class='ocrx_word' id='word_1_551' title='bbox 573 5517 911 5583; x_wconf 83' lang='lat' dir='ltr'><strong>antiquorum</strong></span> <span class='ocrx_word' id='word_1_552' title='bbox 954 5513 1175 5566; x_wconf 84' lang='lat' dir='ltr'><strong>laudes:</strong></span> <span class='ocrx_word' id='word_1_553' title='bbox 1207 5512 1552 5580; x_wconf 88' lang='lat' dir='ltr'><strong>quamobrem</strong></span> <span class='ocrx_word' id='word_1_554' title='bbox 1597 5511 1934 5583; x_wconf 82' lang='lat' dir='ltr'><strong>scribendum</strong></span> 
     </span>
    </p>
   </div>
   <div class='ocr_carea' id='block_1_77' title="bbox 364 5579 1936 5648">
    <p class='ocr_par' dir='ltr' id='par_1_77' title="bbox 364 5579 1936 5648">
     <span class='ocr_line' id='line_1_77' title="bbox 364 5579 1936 5648; baseline -0.006 -7"><span class='ocrx_word' id='word_1_555' title='bbox 364 5585 627 5648; x_wconf 65' lang='lat' dir='ltr'><strong>Camena;</strong></span> <span class='ocrx_word' id='word_1_556' title='bbox 655 5579 761 5638; x_wconf 73' lang='lat' dir='ltr'><strong>non</strong></span> <span class='ocrx_word' id='word_1_557' title='bbox 790 5583 1059 5638; x_wconf 72' lang='lat' dir='ltr'><strong>Canticum.</strong></span> <span class='ocrx_word' id='word_1_558' title='bbox 1094 5584 1184 5636; x_wconf 69' lang='lat' dir='ltr'><strong>lla:</strong></span> <span class='ocrx_word' id='word_1_559' title='bbox 1204 5579 1378 5635; x_wconf 69' lang='lat' dir='ltr'><strong>autem</strong></span> <span class='ocrx_word' id='word_1_560' title='bbox 1411 5583 1571 5633; x_wconf 79' lang='lat' dir='ltr'><strong>Musae</strong></span> <span class='ocrx_word' id='word_1_561' title='bbox 1594 5595 1731 5632; x_wconf 88' lang='lat' dir='ltr'><strong>tmnc</strong></span> <span class='ocrx_word' id='word_1_562' title='bbox 1763 5579 1936 5646; x_wconf 82' lang='lat' dir='ltr'><strong>perhi-</strong></span> 
     </span>
    </p>
   </div>
   <div class='ocr_carea' id='block_1_78' title="bbox 363 5649 1938 5723">
    <p class='ocr_par' dir='ltr' id='par_1_78' title="bbox 363 5649 1938 5723">
     <span class='ocr_line' id='line_1_78' title="bbox 363 5649 1938 5723; baseline -0.006 -14"><span class='ocrx_word' id='word_1_563' title='bbox 363 5658 566 5710; x_wconf 68' lang='lat' dir='ltr'><strong>bantur</strong></span> <span class='ocrx_word' id='word_1_564' title='bbox 609 5657 805 5717; x_wconf 67' lang='lat' dir='ltr'><strong>lacerta,</strong></span> <span class='ocrx_word' id='word_1_565' title='bbox 854 5657 992 5723; x_wconf 89' lang='lat' dir='ltr'><strong>quod</strong></span> <span class='ocrx_word' id='word_1_566' title='bbox 1021 5657 1181 5706; x_wconf 84' lang='lat' dir='ltr'><strong>sortis</strong></span> <span class='ocrx_word' id='word_1_567' title='bbox 1213 5653 1493 5723; x_wconf 64' lang='lat' dir='ltr'><strong>Boetiante</strong></span> <span class='ocrx_word' id='word_1_568' title='bbox 1513 5649 1816 5723; x_wconf 86' lang='lat' dir='ltr'><strong>participes,</strong></span> <span class='ocrx_word' id='word_1_569' title='bbox 1848 5649 1938 5701; x_wconf 91' lang='lat' dir='ltr'><strong>illo</strong></span> 
     </span>
    </p>
   </div>
   <div class='ocr_carea' id='block_1_79' title="bbox 365 5720 1938 5791">
    <p class='ocr_par' dir='ltr' id='par_1_79' title="bbox 365 5720 1938 5791">
     <span class='ocr_line' id='line_1_79' title="bbox 365 5720 1938 5791; baseline -0.004 -13"><span class='ocrx_word' id='word_1_570' title='bbox 365 5727 598 5784; x_wconf 84' lang='lat' dir='ltr'><strong>ﬂorente</strong></span> <span class='ocrx_word' id='word_1_571' title='bbox 625 5729 835 5791; x_wconf 80' lang='lat' dir='ltr'><strong>ﬂorere,</strong></span> <span class='ocrx_word' id='word_1_572' title='bbox 859 5720 1151 5790; x_wconf 80' lang='lat' dir='ltr'><strong>eodemque</strong></span> <span class='ocrx_word' id='word_1_573' title='bbox 1172 5721 1368 5776; x_wconf 81' lang='lat' dir='ltr'><strong>afﬂicto</strong></span> <span class='ocrx_word' id='word_1_574' title='bbox 1395 5720 1573 5787; x_wconf 79' lang='lat' dir='ltr'><strong>alﬂigi,</strong></span> <span class='ocrx_word' id='word_1_575' title='bbox 1599 5731 1854 5784; x_wconf 66' lang='lat' dir='ltr'><strong>pannosae</strong></span> <span class='ocrx_word' id='word_1_576' title='bbox 1884 5727 1938 5772; x_wconf 89' lang='lat' dir='ltr'><strong>et</strong></span> 
     </span>
    </p>
   </div>
   <div class='ocr_carea' id='block_1_80' title="bbox 2074 937 3656 1012">
    <p class='ocr_par' dir='ltr' id='par_1_80' title="bbox 2074 937 3656 1012">
     <span class='ocr_line' id='line_1_80' title="bbox 2074 937 3656 1012; baseline 0.006 -22"><span class='ocrx_word' id='word_1_577' title='bbox 2074 948 2196 1012; x_wconf 67' lang='lat' dir='ltr'><strong>stes.</strong></span> <span class='ocrx_word' id='word_1_578' title='bbox 2237 937 2318 990; x_wconf 86' lang='lat' dir='ltr'><strong>En</strong></span> <span class='ocrx_word' id='word_1_579' title='bbox 2363 937 2529 991; x_wconf 76' lang='lat' dir='ltr'><strong>Musa:</strong></span> <span class='ocrx_word' id='word_1_580' title='bbox 2562 939 2800 993; x_wconf 70' lang='lat' dir='ltr'><strong>laceratae</strong></span> <span class='ocrx_word' id='word_1_581' title='bbox 2824 952 3098 1012; x_wconf 83' lang='lat' dir='ltr'><strong>suggerunt</strong></span> <span class='ocrx_word' id='word_1_582' title='bbox 3127 944 3271 1009; x_wconf 84' lang='lat' dir='ltr'><strong>mihi,</strong></span> <span class='ocrx_word' id='word_1_583' title='bbox 3301 961 3415 1003; x_wconf 72' lang='lat' dir='ltr'><strong>quae</strong></span> <span class='ocrx_word' id='word_1_584' title='bbox 3455 959 3656 1012; x_wconf 73' lang='lat' dir='ltr'><strong>oportet</strong></span> 
     </span>
    </p>
   </div>
   <div class='ocr_carea' id='block_1_81' title="bbox 2076 1007 3654 1083">
    <p class='ocr_par' dir='ltr' id='par_1_81' title="bbox 2076 1007 3654 1083">
     <span class='ocr_line' id='line_1_81' title="bbox 2076 1007 3654 1083; baseline 0.008 -25"><span class='ocrx_word' id='word_1_585' title='bbox 2076 1007 2328 1072; x_wconf 85' lang='lat' dir='ltr'><strong>scribere;</strong></span> <span class='ocrx_word' id='word_1_586' title='bbox 2377 1024 2645 1078; x_wconf 79' lang='lat' dir='ltr'><strong>versusque</strong></span> <span class='ocrx_word' id='word_1_587' title='bbox 2689 1007 2894 1079; x_wconf 15' lang='lat' dir='ltr'><strong>flebiles»</strong></span> <span class='ocrx_word' id='word_1_588' title='bbox 2920 1007 3194 1083; x_wconf 69' lang='lat' dir='ltr'><strong>aspergunt</strong></span> <span class='ocrx_word' id='word_1_589' title='bbox 3237 1007 3435 1069; x_wconf 72' lang='lat' dir='ltr'><strong>uultum</strong></span> <span class='ocrx_word' id='word_1_590' title='bbox 3479 1007 3654 1071; x_wconf 72' lang='lat' dir='ltr'><strong>mrum</strong></span> 
     </span>
    </p>
   </div>
   <div class='ocr_carea' id='block_1_82' title="bbox 1920 1096 2146 1152">
    <p class='ocr_par' dir='ltr' id='par_1_82' title="bbox 1920 1096 2146 1152">
     <span class='ocr_line' id='line_1_82' title="bbox 1920 1096 2146 1152; baseline -0.018 0"><span class='ocrx_word' id='word_1_591' title='bbox 1920 1096 2146 1152; x_wconf 67' lang='lat' dir='ltr'><strong>NOTAE.</strong></span> 
     </span>
    </p>
   </div>
   <div class='ocr_carea' id='block_1_83' title="bbox 2074 1186 3654 1259">
    <p class='ocr_par' dir='ltr' id='par_1_83' title="bbox 2074 1186 3654 1259">
     <span class='ocr_line' id='line_1_83' title="bbox 2074 1186 3654 1259; baseline 0.004 -21"><span class='ocrx_word' id='word_1_592' title='bbox 2074 1187 2264 1240; x_wconf 90' lang='lat' dir='ltr'><strong>laceris</strong></span> <span class='ocrx_word' id='word_1_593' title='bbox 2302 1186 2505 1242; x_wconf 91' lang='lat' dir='ltr'><strong>similes</strong></span> <span class='ocrx_word' id='word_1_594' title='bbox 2543 1187 2890 1242; x_wconf 89' lang='lat' dir='ltr'><strong>viderentur:</strong></span> <span class='ocrx_word' id='word_1_595' title='bbox 2924 1192 3171 1259; x_wconf 89' lang='lat' dir='ltr'><strong>antiquus</strong></span> <span class='ocrx_word' id='word_1_596' title='bbox 3198 1194 3341 1246; x_wconf 90' lang='lat' dir='ltr'><strong>enim</strong></span> <span class='ocrx_word' id='word_1_597' title='bbox 3376 1205 3491 1249; x_wconf 90' lang='lat' dir='ltr'><strong>erat</strong></span> <span class='ocrx_word' id='word_1_598' title='bbox 3518 1197 3654 1250; x_wconf 78' lang='lat' dir='ltr'><strong>allii-</strong></span> 
     </span>
    </p>
   </div>
   <div class='ocr_carea' id='block_1_84' title="bbox 2075 1259 3650 1332">
    <p class='ocr_par' dir='ltr' id='par_1_84' title="bbox 2075 1259 3650 1332">
     <span class='ocr_line' id='line_1_84' title="bbox 2075 1259 3650 1332; baseline 0.008 -25"><span class='ocrx_word' id='word_1_599' title='bbox 2075 1263 2450 1332; x_wconf 67' lang='lat' dir='ltr'><strong>ctormii_rnos,</strong></span> <span class='ocrx_word' id='word_1_600' title='bbox 2485 1269 2664 1332; x_wconf 84' lang='lat' dir='ltr'><strong>vestes</strong></span> <span class='ocrx_word' id='word_1_601' title='bbox 2689 1259 2969 1332; x_wconf 75' lang='lat' dir='ltr'><strong>scindere:</strong></span> <span class='ocrx_word' id='word_1_602' title='bbox 3003 1263 3144 1315; x_wconf 91' lang='lat' dir='ltr'><strong>unde</strong></span> <span class='ocrx_word' id='word_1_603' title='bbox 3180 1262 3270 1315; x_wconf 88' lang='lat' dir='ltr'><strong>lib.</strong></span> <span class='ocrx_word' id='word_1_604' title='bbox 3303 1263 3421 1316; x_wconf 84' lang='lat' dir='ltr'><strong>Job.</strong></span> <span class='ocrx_word' id='word_1_605' title='bbox 3462 1280 3579 1332; x_wconf 86' lang='lat' dir='ltr'><strong>cap.</strong></span> <span class='ocrx_word' id='word_1_606' title='bbox 3612 1283 3650 1327; x_wconf 87' lang='grc' dir='ltr'>ι.</span> 
     </span>
    </p>
   </div>
   <div class='ocr_carea' id='block_1_85' title="bbox 2072 1325 3654 1400">
    <p class='ocr_par' dir='ltr' id='par_1_85' title="bbox 2072 1325 3654 1400">
     <span class='ocr_line' id='line_1_85' title="bbox 2072 1325 3654 1400; baseline 0.008 -23"><span class='ocrx_word' id='word_1_607' title='bbox 2072 1340 2126 1400; x_wconf 56' lang='lat' dir='ltr'><strong>v:</strong></span> <span class='ocrx_word' id='word_1_608' title='bbox 2168 1326 2276 1400; x_wconf 51' lang='lat' dir='ltr'><strong>20L</strong></span> <span class='ocrx_word' id='word_1_609' title='bbox 2295 1325 2435 1378; x_wconf 82' lang='lat' dir='ltr'><strong>&#39;I‘unc</strong></span> <span class='ocrx_word' id='word_1_610' title='bbox 2464 1328 2685 1392; x_wconf 75' lang='lat' dir='ltr'><strong>surrexit</strong></span> <span class='ocrx_word' id='word_1_611' title='bbox 2716 1327 2892 1400; x_wconf 19' lang='lat' dir='ltr'><strong>Jobiet</strong></span> <span class='ocrx_word' id='word_1_612' title='bbox 2926 1331 3082 1400; x_wconf 72' lang='lat' dir='ltr'><strong>scidit</strong></span> <span class='ocrx_word' id='word_1_613' title='bbox 3113 1333 3406 1385; x_wconf 83' lang='lat' dir='ltr'><strong>vestimenta</strong></span> <span class='ocrx_word' id='word_1_614' title='bbox 3445 1325 3540 1386; x_wconf 78' lang='lat' dir='ltr'><strong>sua</strong></span> <span class='ocrx_word' id='word_1_615' title='bbox 3554 1351 3575 1400; x_wconf 89' lang='lat'><strong>;</strong></span> <span class='ocrx_word' id='word_1_616' title='bbox 3600 1325 3654 1389; x_wconf 83' lang='lat' dir='ltr'><strong>et</strong></span> 
     </span>
    </p>
   </div>
   <div class='ocr_carea' id='block_1_86' title="bbox 2069 1395 3654 1471">
    <p class='ocr_par' dir='ltr' id='par_1_86' title="bbox 2069 1395 3654 1471">
     <span class='ocr_line' id='line_1_86' title="bbox 2069 1395 3654 1471; baseline 0.007 -25"><span class='ocrx_word' id='word_1_617' title='bbox 2069 1395 2399 1471; x_wconf 80' lang='lat' dir='ltr'><strong>lib._l_Reg_._,</strong></span> <span class='ocrx_word' id='word_1_618' title='bbox 2430 1411 2741 1471; x_wconf 79' lang='lat' dir='ltr'><strong>cap.__tv.__v.</strong></span> <span class='ocrx_word' id='word_1_619' title='bbox 2781 1399 2869 1471; x_wconf 75' lang='lat' dir='ltr'><strong>l2,</strong></span> <span class='ocrx_word' id='word_1_620' title='bbox 2921 1398 3009 1450; x_wconf 83' lang='lat' dir='ltr'><strong>Vir</strong></span> <span class='ocrx_word' id='word_1_621' title='bbox 3052 1402 3115 1453; x_wconf 85' lang='lat' dir='ltr'><strong>de</strong></span> <span class='ocrx_word' id='word_1_622' title='bbox 3155 1400 3426 1471; x_wconf 85' lang='lat' dir='ltr'><strong>Benjamin</strong></span> <span class='ocrx_word' id='word_1_623' title='bbox 3456 1421 3517 1456; x_wconf 86' lang='lat' dir='ltr'><strong>ea:</strong></span> <span class='ocrx_word' id='word_1_624' title='bbox 3545 1395 3654 1458; x_wconf 78' lang='lat' dir='ltr'><strong>acie</strong></span> 
     </span>
    </p>
   </div>
   <div class='ocr_carea' id='block_1_87' title="bbox 2069 1465 3652 1544">
    <p class='ocr_par' dir='ltr' id='par_1_87' title="bbox 2069 1465 3652 1544">
     <span class='ocr_line' id='line_1_87' title="bbox 2069 1465 3652 1544; baseline 0.008 -28"><span class='ocrx_word' id='word_1_625' title='bbox 2069 1466 2198 1516; x_wconf 80' lang='lat' dir='ltr'><strong>venit</strong></span> <span class='ocrx_word' id='word_1_626' title='bbox 2227 1466 2278 1517; x_wconf 86' lang='lat' dir='ltr'><strong>in</strong></span> <span class='ocrx_word' id='word_1_627' title='bbox 2308 1466 2428 1544; x_wconf 69' lang='lat' dir='ltr'><strong>Sila</strong></span> <span class='ocrx_word' id='word_1_628' title='bbox 2448 1468 2498 1517; x_wconf 88' lang='lat' dir='ltr'><strong>in</strong></span> <span class='ocrx_word' id='word_1_629' title='bbox 2535 1467 2620 1544; x_wconf 56' lang='lat' dir='ltr'><strong>die</strong></span> <span class='ocrx_word' id='word_1_630' title='bbox 2647 1465 2765 1544; x_wconf 77' lang='lat' dir='ltr'><strong>illa,</strong></span> <span class='ocrx_word' id='word_1_631' title='bbox 2793 1470 2948 1544; x_wconf 68' lang='lat' dir='ltr'><strong>scissa</strong></span> <span class='ocrx_word' id='word_1_632' title='bbox 2973 1479 3105 1522; x_wconf 81' lang='lat' dir='ltr'><strong>veste</strong></span> <span class='ocrx_word' id='word_1_633' title='bbox 3132 1465 3511 1544; x_wconf 35' lang='lat' dir='ltr'><strong>et‘conspersus</strong></span> <span class='ocrx_word' id='word_1_634' title='bbox 3539 1477 3652 1544; x_wconf 84' lang='lat' dir='ltr'><strong>pul-</strong></span> 
     </span>
    </p>
   </div>
   <div class='ocr_carea' id='block_1_88' title="bbox 2063 1535 3292 1604">
    <p class='ocr_par' dir='ltr' id='par_1_88' title="bbox 2063 1535 3292 1604">
     <span class='ocr_line' id='line_1_88' title="bbox 2063 1535 3292 1604; baseline 0.005 -18"><span class='ocrx_word' id='word_1_635' title='bbox 2063 1549 2176 1586; x_wconf 74' lang='lat' dir='ltr'><strong>uere</strong></span> <span class='ocrx_word' id='word_1_636' title='bbox 2208 1544 2381 1600; x_wconf 87' lang='lat' dir='ltr'><strong>caput.</strong></span> <span class='ocrx_word' id='word_1_637' title='bbox 2412 1535 2528 1602; x_wconf 91' lang='lat' dir='ltr'><strong>Ipse</strong></span> <span class='ocrx_word' id='word_1_638' title='bbox 2558 1535 2746 1604; x_wconf 82' lang='lat' dir='ltr'><strong>Virgil.</strong></span> <span class='ocrx_word' id='word_1_639' title='bbox 2774 1537 2900 1591; x_wconf 69' lang='lat' dir='ltr'><strong>IEn.</strong></span> <span class='ocrx_word' id='word_1_640' title='bbox 2938 1555 3032 1604; x_wconf 76' lang='lat' dir='ltr'><strong>xu,</strong></span> <span class='ocrx_word' id='word_1_641' title='bbox 3065 1555 3117 1592; x_wconf 89' lang='lat' dir='ltr'><strong>v.</strong></span> <span class='ocrx_word' id='word_1_642' title='bbox 3147 1540 3252 1594; x_wconf 84' lang='lat'><strong>609</strong></span> <span class='ocrx_word' id='word_1_643' title='bbox 3280 1559 3292 1592; x_wconf 94' lang='lat'>:</span> 
     </span>
    </p>
   </div>
   <div class='ocr_carea' id='block_1_89' title="bbox 2188 1623 3350 1688">
    <p class='ocr_par' dir='ltr' id='par_1_89' title="bbox 2188 1623 3350 1688">
     <span class='ocr_line' id='line_1_89' title="bbox 2188 1623 3350 1688; baseline 0.005 -16"><span class='ocrx_word' id='word_1_644' title='bbox 2188 1623 2466 1688; x_wconf 71' lang='lat' dir='ltr'><strong>Demittunt</strong></span> <span class='ocrx_word' id='word_1_645' title='bbox 2489 1631 2718 1688; x_wconf 67' lang='lat' dir='ltr'><strong>mentes;</strong></span> <span class='ocrx_word' id='word_1_646' title='bbox 2749 1627 2784 1675; x_wconf 89' lang='lat' dir='ltr'><strong>it</strong></span> <span class='ocrx_word' id='word_1_647' title='bbox 2803 1628 2947 1675; x_wconf 88' lang='lat' dir='ltr'><strong>scissa</strong></span> <span class='ocrx_word' id='word_1_648' title='bbox 2974 1635 3113 1676; x_wconf 88' lang='lat' dir='ltr'><strong>veste</strong></span> <span class='ocrx_word' id='word_1_649' title='bbox 3134 1628 3350 1688; x_wconf 89' lang='lat' dir='ltr'><strong>Latinus,</strong></span> 
     </span>
    </p>
   </div>
   <div class='ocr_carea' id='block_1_90' title="bbox 2185 1685 3226 1750">
    <p class='ocr_par' dir='ltr' id='par_1_90' title="bbox 2185 1685 3226 1750">
     <span class='ocr_line' id='line_1_90' title="bbox 2185 1685 3226 1750; baseline 0.005 -14"><span class='ocrx_word' id='word_1_650' title='bbox 2185 1685 2413 1747; x_wconf 85' lang='lat' dir='ltr'><strong>Conjugis</strong></span> <span class='ocrx_word' id='word_1_651' title='bbox 2434 1690 2666 1735; x_wconf 89' lang='lat' dir='ltr'><strong>attonitus</strong></span> <span class='ocrx_word' id='word_1_652' title='bbox 2685 1686 2792 1735; x_wconf 79' lang='lat' dir='ltr'><strong>fatis</strong></span> <span class='ocrx_word' id='word_1_653' title='bbox 2817 1690 3051 1750; x_wconf 88' lang='lat' dir='ltr'><strong>urbisque</strong></span> <span class='ocrx_word' id='word_1_654' title='bbox 3068 1694 3226 1742; x_wconf 87' lang='lat' dir='ltr'><strong>ruina.</strong></span> 
     </span>
    </p>
   </div>
   <div class='ocr_carea' id='block_1_91' title="bbox 2140 1766 3646 1830">
    <p class='ocr_par' dir='ltr' id='par_1_91' title="bbox 2140 1766 3646 1830">
     <span class='ocr_line' id='line_1_91' title="bbox 2140 1766 3646 1830; baseline 0.007 -11"><span class='ocrx_word' id='word_1_655' title='bbox 2140 1766 2233 1819; x_wconf 72' lang='lat' dir='ltr'><strong>lla:</strong></span> <span class='ocrx_word' id='word_1_656' title='bbox 2281 1767 2490 1822; x_wconf 88' lang='lat' dir='ltr'><strong>tandem</strong></span> <span class='ocrx_word' id='word_1_657' title='bbox 2531 1769 2693 1823; x_wconf 71' lang='lat' dir='ltr'><strong>Musa:</strong></span> <span class='ocrx_word' id='word_1_658' title='bbox 2741 1770 2935 1824; x_wconf 88' lang='lat' dir='ltr'><strong>dictare</strong></span> <span class='ocrx_word' id='word_1_659' title='bbox 2985 1773 3234 1826; x_wconf 89' lang='lat' dir='ltr'><strong>dicuntur</strong></span> <span class='ocrx_word' id='word_1_660' title='bbox 3283 1775 3469 1829; x_wconf 88' lang='lat' dir='ltr'><strong>Boetio</strong></span> <span class='ocrx_word' id='word_1_661' title='bbox 3519 1779 3646 1830; x_wconf 86' lang='lat' dir='ltr'><strong>scri-</strong></span> 
     </span>
    </p>
   </div>
   <div class='ocr_carea' id='block_1_92' title="bbox 2069 1837 3651 1906">
    <p class='ocr_par' dir='ltr' id='par_1_92' title="bbox 2069 1837 3651 1906">
     <span class='ocr_line' id='line_1_92' title="bbox 2069 1837 3651 1906; baseline 0.007 -17"><span class='ocrx_word' id='word_1_662' title='bbox 2069 1837 2266 1899; x_wconf 85' lang='lat' dir='ltr'><strong>benda;</strong></span> <span class='ocrx_word' id='word_1_663' title='bbox 2305 1837 2444 1906; x_wconf 90' lang='lat' dir='ltr'><strong>quod</strong></span> <span class='ocrx_word' id='word_1_664' title='bbox 2487 1847 2659 1904; x_wconf 72' lang='lat' dir='ltr'><strong>poetae</strong></span> <span class='ocrx_word' id='word_1_665' title='bbox 2703 1840 2925 1906; x_wconf 82' lang='lat' dir='ltr'><strong>ﬁngant,</strong></span> <span class='ocrx_word' id='word_1_666' title='bbox 2971 1843 3100 1894; x_wconf 89' lang='lat' dir='ltr'><strong>nihil</strong></span> <span class='ocrx_word' id='word_1_667' title='bbox 3129 1860 3156 1895; x_wconf 88' lang='lat' dir='ltr'><strong>a</strong></span> <span class='ocrx_word' id='word_1_668' title='bbox 3197 1857 3255 1896; x_wconf 89' lang='lat' dir='ltr'><strong>se</strong></span> <span class='ocrx_word' id='word_1_669' title='bbox 3282 1845 3393 1898; x_wconf 68' lang='lat' dir='ltr'><strong>sive</strong></span> <span class='ocrx_word' id='word_1_670' title='bbox 3422 1860 3516 1900; x_wconf 90' lang='lat' dir='ltr'><strong>ore</strong></span> <span class='ocrx_word' id='word_1_671' title='bbox 3538 1847 3651 1900; x_wconf 87' lang='lat' dir='ltr'><strong>sivo</strong></span> 
     </span>
    </p>
   </div>
   <div class='ocr_carea' id='block_1_93' title="bbox 2068 1908 3651 1982">
    <p class='ocr_par' dir='ltr' id='par_1_93' title="bbox 2068 1908 3651 1982">
     <span class='ocr_line' id='line_1_93' title="bbox 2068 1908 3651 1982; baseline 0.008 -24"><span class='ocrx_word' id='word_1_672' title='bbox 2068 1908 2332 1982; x_wconf 79' lang='lat' dir='ltr'><strong>scriptura</strong></span> <span class='ocrx_word' id='word_1_673' title='bbox 2371 1909 2562 1982; x_wconf 81' lang='lat' dir='ltr'><strong>emitti,</strong></span> <span class='ocrx_word' id='word_1_674' title='bbox 2596 1908 2697 1961; x_wconf 88' lang='lat' dir='ltr'><strong>nisi</strong></span> <span class='ocrx_word' id='word_1_675' title='bbox 2740 1911 2879 1982; x_wconf 85' lang='lat' dir='ltr'><strong>quod</strong></span> <span class='ocrx_word' id='word_1_676' title='bbox 2907 1911 3024 1982; x_wconf 25' lang='lat' dir='ltr'><strong>Asibi</strong></span> <span class='ocrx_word' id='word_1_677' title='bbox 3065 1913 3239 1977; x_wconf 87' lang='lat' dir='ltr'><strong>luerit,</strong></span> <span class='ocrx_word' id='word_1_678' title='bbox 3273 1913 3651 1982; x_wconf 86' lang='lat' dir='ltr'><strong>inspirantibus</strong></span> 
     </span>
    </p>
   </div>
   <div class='ocr_carea' id='block_1_94' title="bbox 2068 1977 3650 2049">
    <p class='ocr_par' dir='ltr' id='par_1_94' title="bbox 2068 1977 3650 2049">
     <span class='ocr_line' id='line_1_94' title="bbox 2068 1977 3650 2049; baseline 0.006 -22"><span class='ocrx_word' id='word_1_679' title='bbox 2068 1977 2230 2029; x_wconf 81' lang='lat' dir='ltr'><strong>Musis</strong></span> <span class='ocrx_word' id='word_1_680' title='bbox 2259 2017 2275 2040; x_wconf 93' lang='lat'><strong>,</strong></span> <span class='ocrx_word' id='word_1_681' title='bbox 2309 1978 2576 2042; x_wconf 76' lang='lat' dir='ltr'><strong>cognitum</strong></span> <span class='ocrx_word' id='word_1_682' title='bbox 2617 1995 2630 2029; x_wconf 89' lang='lat'>:</span> <span class='ocrx_word' id='word_1_683' title='bbox 2664 1994 2827 2049; x_wconf 78' lang='lat' dir='ltr'><strong>quare</strong></span> <span class='ocrx_word' id='word_1_684' title='bbox 2869 1979 2917 2032; x_wconf 92' lang='lat' dir='ltr'><strong>bi</strong></span> <span class='ocrx_word' id='word_1_685' title='bbox 2953 1996 3197 2049; x_wconf 89' lang='lat' dir='ltr'><strong>magnum</strong></span> <span class='ocrx_word' id='word_1_686' title='bbox 3242 1977 3507 2049; x_wconf 82' lang='lat' dir='ltr'><strong>quoddam</strong></span> <span class='ocrx_word' id='word_1_687' title='bbox 3535 2000 3650 2038; x_wconf 90' lang='lat' dir='ltr'><strong>car-</strong></span> 
     </span>
    </p>
   </div>
   <div class='ocr_carea' id='block_1_95' title="bbox 2067 2047 3647 2116">
    <p class='ocr_par' dir='ltr' id='par_1_95' title="bbox 2067 2047 3647 2116">
     <span class='ocr_line' id='line_1_95' title="bbox 2067 2047 3647 2116; baseline 0.006 -18"><span class='ocrx_word' id='word_1_688' title='bbox 2067 2061 2185 2098; x_wconf 84' lang='lat' dir='ltr'><strong>men</strong></span> <span class='ocrx_word' id='word_1_689' title='bbox 2220 2061 2322 2098; x_wconf 91' lang='lat' dir='ltr'><strong>non</strong></span> <span class='ocrx_word' id='word_1_690' title='bbox 2354 2049 2526 2100; x_wconf 89' lang='lat' dir='ltr'><strong>solent</strong></span> <span class='ocrx_word' id='word_1_691' title='bbox 2552 2047 2786 2116; x_wconf 79' lang='lat' dir='ltr'><strong>aggredi.</strong></span> <span class='ocrx_word' id='word_1_692' title='bbox 2814 2050 2911 2102; x_wconf 80' lang='lat' dir='ltr'><strong>nisi</strong></span> <span class='ocrx_word' id='word_1_693' title='bbox 2946 2047 3135 2104; x_wconf 75' lang='lat' dir='ltr'><strong>iisdem</strong></span> <span class='ocrx_word' id='word_1_694' title='bbox 3161 2047 3322 2104; x_wconf 79' lang='lat' dir='ltr'><strong>Musis</strong></span> <span class='ocrx_word' id='word_1_695' title='bbox 3346 2054 3603 2108; x_wconf 85' lang='lat' dir='ltr'><strong>invocatis</strong></span> <span class='ocrx_word' id='word_1_696' title='bbox 3633 2071 3647 2107; x_wconf 94' lang='lat'>:</span> 
     </span>
    </p>
   </div>
   <div class='ocr_carea' id='block_1_96' title="bbox 2065 2116 3647 2189">
    <p class='ocr_par' dir='ltr' id='par_1_96' title="bbox 2065 2116 3647 2189">
     <span class='ocr_line' id='line_1_96' title="bbox 2065 2116 3647 2189; baseline 0.007 -22"><span class='ocrx_word' id='word_1_697' title='bbox 2065 2120 2143 2167; x_wconf 87' lang='lat' dir='ltr'><strong>sic</strong></span> <span class='ocrx_word' id='word_1_698' title='bbox 2177 2116 2434 2189; x_wconf 81' lang='lat' dir='ltr'><strong>Homerus</strong></span> <span class='ocrx_word' id='word_1_699' title='bbox 2472 2118 2517 2169; x_wconf 79' lang='grc' dir='ltr'><strong>ελ</strong></span> <span class='ocrx_word' id='word_1_700' title='bbox 2540 2118 2575 2186; x_wconf 87' lang='grc' dir='ltr'><em>β</em></span> <span class='ocrx_word' id='word_1_701' title='bbox 2609 2133 2621 2170; x_wconf 90' lang='lat'>:</span> <span class='ocrx_word' id='word_1_702' title='bbox 2661 2116 2822 2169; x_wconf 89' lang='lat' dir='ltr'><strong>Dicite</strong></span> <span class='ocrx_word' id='word_1_703' title='bbox 2851 2135 3005 2187; x_wconf 85' lang='lat' dir='ltr'><strong>nunc,</strong></span> <span class='ocrx_word' id='word_1_704' title='bbox 3041 2123 3232 2189; x_wconf 87' lang='lat' dir='ltr'><strong>inquit,</strong></span> <span class='ocrx_word' id='word_1_705' title='bbox 3281 2124 3425 2187; x_wconf 81' lang='lat' dir='ltr'><strong>milii,</strong></span> <span class='ocrx_word' id='word_1_706' title='bbox 3459 2124 3647 2189; x_wconf 76' lang='lat' dir='ltr'><strong>Musa&#39;,</strong></span> 
     </span>
    </p>
   </div>
   <div class='ocr_carea' id='block_1_97' title="bbox 2064 2187 3650 2256">
    <p class='ocr_par' dir='ltr' id='par_1_97' title="bbox 2064 2187 3650 2256">
     <span class='ocr_line' id='line_1_97' title="bbox 2064 2187 3650 2256; baseline 0.005 -20"><span class='ocrx_word' id='word_1_707' title='bbox 2064 2201 2180 2253; x_wconf 72' lang='lat' dir='ltr'><strong>qua:</strong></span> <span class='ocrx_word' id='word_1_708' title='bbox 2219 2187 2398 2238; x_wconf 85' lang='lat' dir='ltr'><strong>domos</strong></span> <span class='ocrx_word' id='word_1_709' title='bbox 2445 2189 2666 2240; x_wconf 69' lang='lat' dir='ltr'><strong>caelestes</strong></span> <span class='ocrx_word' id='word_1_710' title='bbox 2703 2189 2924 2240; x_wconf 86' lang='lat' dir='ltr'><strong>incolitis</strong></span> <span class='ocrx_word' id='word_1_711' title='bbox 2949 2204 2968 2241; x_wconf 90' lang='lat'><strong><em>:</em></strong></span> <span class='ocrx_word' id='word_1_712' title='bbox 2994 2205 3078 2242; x_wconf 85' lang='lat' dir='ltr'><strong>vos</strong></span> <span class='ocrx_word' id='word_1_713' title='bbox 3114 2187 3250 2243; x_wconf 76' lang='lat' dir='ltr'><strong>enim</strong></span> <span class='ocrx_word' id='word_1_714' title='bbox 3282 2192 3404 2246; x_wconf 71' lang='lat' dir='ltr'><strong>Dea:</strong></span> <span class='ocrx_word' id='word_1_715' title='bbox 3427 2194 3569 2256; x_wconf 84' lang='lat' dir='ltr'><strong>estis,</strong></span> <span class='ocrx_word' id='word_1_716' title='bbox 3599 2187 3650 2247; x_wconf 79' lang='lat' dir='ltr'><strong>et</strong></span> 
     </span>
    </p>
   </div>
   <div class='ocr_carea' id='block_1_98' title="bbox 2064 2257 3648 2328">
    <p class='ocr_par' dir='ltr' id='par_1_98' title="bbox 2064 2257 3648 2328">
     <span class='ocr_line' id='line_1_98' title="bbox 2064 2257 3648 2328; baseline 0.008 -24"><span class='ocrx_word' id='word_1_717' title='bbox 2064 2257 2271 2328; x_wconf 79' lang='lat' dir='ltr'><strong>adestis.</strong></span> <span class='ocrx_word' id='word_1_718' title='bbox 2307 2265 2352 2307; x_wconf 83' lang='lat' dir='ltr'><strong>et</strong></span> <span class='ocrx_word' id='word_1_719' title='bbox 2386 2257 2558 2308; x_wconf 87' lang='lat' dir='ltr'><strong>omnia</strong></span> <span class='ocrx_word' id='word_1_720' title='bbox 2584 2258 2812 2310; x_wconf 87' lang='lat' dir='ltr'><strong>novistis.</strong></span> <span class='ocrx_word' id='word_1_721' title='bbox 2844 2257 2955 2310; x_wconf 85' lang='lat' dir='ltr'><strong>Nos</strong></span> <span class='ocrx_word' id='word_1_722' title='bbox 2979 2269 3145 2312; x_wconf 87' lang='lat' dir='ltr'><strong>autem</strong></span> <span class='ocrx_word' id='word_1_723' title='bbox 3175 2265 3361 2328; x_wconf 78' lang='lat' dir='ltr'><strong>famam</strong></span> <span class='ocrx_word' id='word_1_724' title='bbox 3390 2265 3648 2316; x_wconf 70' lang='lat' dir='ltr'><strong>duntaxat</strong></span> 
     </span>
    </p>
   </div>
   <div class='ocr_carea' id='block_1_99' title="bbox 2064 2326 3644 2398">
    <p class='ocr_par' dir='ltr' id='par_1_99' title="bbox 2064 2326 3644 2398">
     <span class='ocr_line' id='line_1_99' title="bbox 2064 2326 3644 2398; baseline 0.008 -24"><span class='ocrx_word' id='word_1_725' title='bbox 2064 2326 2392 2398; x_wconf 76' lang='lat' dir='ltr'><strong>accepimus;</strong></span> <span class='ocrx_word' id='word_1_726' title='bbox 2441 2342 2601 2398; x_wconf 77' lang='lat' dir='ltr'><strong>neque</strong></span> <span class='ocrx_word' id='word_1_727' title='bbox 2641 2328 2918 2398; x_wconf 84' lang='lat' dir='ltr'><strong>quidquam</strong></span> <span class='ocrx_word' id='word_1_728' title='bbox 2971 2326 3190 2394; x_wconf 76' lang='lat' dir='ltr'><strong>scimus;</strong></span> <span class='ocrx_word' id='word_1_729' title='bbox 3233 2334 3309 2384; x_wconf 89' lang='lat' dir='ltr'><strong>sic</strong></span> <span class='ocrx_word' id='word_1_730' title='bbox 3355 2331 3644 2398; x_wconf 85' lang='lat' dir='ltr'><strong>Horatius,</strong></span> 
     </span>
    </p>
   </div>
   <div class='ocr_carea' id='block_1_100' title="bbox 2064 2395 3647 2516">
    <p class='ocr_par' dir='ltr' id='par_1_100' title="bbox 2064 2395 3647 2516">
     <span class='ocr_line' id='line_1_100' title="bbox 2064 2395 3647 2516; baseline 0.007 -71"><span class='ocrx_word' id='word_1_731' title='bbox 2064 2395 2100 2516; x_wconf 43' lang='grc' dir='ltr'><strong><em>ξ</em></strong></span> <span class='ocrx_word' id='word_1_732' title='bbox 2127 2404 2307 2516; x_wconf 53' lang='grc' dir='ltr'><strong>ιὸᾒειι.</strong></span> <span class='ocrx_word' id='word_1_733' title='bbox 2333 2397 2367 2448; x_wconf 87' lang='lat'><strong>5</strong></span> <span class='ocrx_word' id='word_1_734' title='bbox 2385 2437 2400 2460; x_wconf 90' lang='lat'><strong>,</strong></span> <span class='ocrx_word' id='word_1_735' title='bbox 2435 2395 2587 2448; x_wconf 81' lang='lat' dir='ltr'><strong>Musa</strong></span> <span class='ocrx_word' id='word_1_736' title='bbox 2627 2397 2772 2449; x_wconf 84' lang='lat' dir='ltr'><strong>velim</strong></span> <span class='ocrx_word' id='word_1_737' title='bbox 2811 2414 3088 2464; x_wconf 86' lang='lat' dir='ltr'><strong>memores;</strong></span> <span class='ocrx_word' id='word_1_738' title='bbox 3118 2403 3196 2453; x_wconf 91' lang='lat' dir='ltr'><strong>sic</strong></span> <span class='ocrx_word' id='word_1_739' title='bbox 3219 2399 3363 2469; x_wconf 83' lang='lat' dir='ltr'><strong>Virg.</strong></span> <span class='ocrx_word' id='word_1_740' title='bbox 3390 2400 3516 2456; x_wconf 66' lang='grc' dir='ltr'>Αζιι.</span> <span class='ocrx_word' id='word_1_741' title='bbox 3542 2395 3647 2469; x_wconf 73' lang='lat' dir='ltr'><strong>vn,</strong></span> 
     </span>
    </p>
   </div>
   <div class='ocr_carea' id='block_1_101' title="bbox 2064 2479 2285 2518">
    <p class='ocr_par' dir='ltr' id='par_1_101' title="bbox 2064 2479 2285 2518">
     <span class='ocr_line' id='line_1_101' title="bbox 2064 2479 2285 2518; baseline 0.009 -2"><span class='ocrx_word' id='word_1_742' title='bbox 2064 2479 2114 2516; x_wconf 74' lang='grc' dir='ltr'><strong>ν.</strong></span> <span class='ocrx_word' id='word_1_743' title='bbox 2146 2479 2237 2516; x_wconf 72' lang='grc'><strong>041</strong></span> <span class='ocrx_word' id='word_1_744' title='bbox 2269 2481 2285 2518; x_wconf 70' lang='lat'><strong>1</strong></span> 
     </span>
    </p>
   </div>
   <div class='ocr_carea' id='block_1_102' title="bbox 2186 2540 3544 2608">
    <p class='ocr_par' dir='ltr' id='par_1_102' title="bbox 2186 2540 3544 2608">
     <span class='ocr_line' id='line_1_102' title="bbox 2186 2540 3544 2608; baseline 0.01 -20"><span class='ocrx_word' id='word_1_745' title='bbox 2186 2540 2390 2608; x_wconf 56' lang='lat' dir='ltr'><strong>Eandite</strong></span> <span class='ocrx_word' id='word_1_746' title='bbox 2405 2555 2543 2608; x_wconf 84' lang='lat' dir='ltr'><strong>nunc</strong></span> <span class='ocrx_word' id='word_1_747' title='bbox 2566 2542 2819 2608; x_wconf 73' lang='lat' dir='ltr'><strong>Helicona,</strong></span> <span class='ocrx_word' id='word_1_748' title='bbox 2843 2548 2969 2603; x_wconf 80' lang='lat' dir='ltr'><strong>dese,</strong></span> <span class='ocrx_word' id='word_1_749' title='bbox 2995 2554 3264 2608; x_wconf 87' lang='lat' dir='ltr'><strong>cantusque</strong></span> <span class='ocrx_word' id='word_1_750' title='bbox 3286 2556 3544 2602; x_wconf 85' lang='lat' dir='ltr'><strong>movete...</strong></span> 
     </span>
    </p>
   </div>
   <div class='ocr_carea' id='block_1_103' title="bbox 2132 2602 3533 2670">
    <p class='ocr_par' dir='ltr' id='par_1_103' title="bbox 2132 2602 3533 2670">
     <span class='ocr_line' id='line_1_103' title="bbox 2132 2602 3533 2670; baseline 0.008 -21"><span class='ocrx_word' id='word_1_751' title='bbox 2132 2619 2134 2632; x_wconf 81' lang='grc' dir='ltr'><strong>ι</strong></span> <span class='ocrx_word' id='word_1_752' title='bbox 2183 2602 2559 2670; x_wconf 59' lang='lat' dir='ltr'><strong>Etmeministis</strong></span> <span class='ocrx_word' id='word_1_753' title='bbox 2581 2607 2731 2670; x_wconf 82' lang='lat' dir='ltr'><strong>enim,</strong></span> <span class='ocrx_word' id='word_1_754' title='bbox 2757 2602 2896 2660; x_wconf 70' lang='lat' dir='ltr'><strong>divae,</strong></span> <span class='ocrx_word' id='word_1_755' title='bbox 2923 2602 3264 2670; x_wconf 81' lang='lat' dir='ltr'><strong>etmemorare</strong></span> <span class='ocrx_word' id='word_1_756' title='bbox 3287 2616 3495 2670; x_wconf 85' lang='lat' dir='ltr'><strong>potestis</strong></span> <span class='ocrx_word' id='word_1_757' title='bbox 3520 2625 3533 2660; x_wconf 88' lang='lat'><strong>:</strong></span> 
     </span>
    </p>
   </div>
   <div class='ocr_carea' id='block_1_104' title="bbox 2186 2664 3264 2727">
    <p class='ocr_par' dir='ltr' id='par_1_104' title="bbox 2186 2664 3264 2727">
     <span class='ocr_line' id='line_1_104' title="bbox 2186 2664 3264 2727; baseline 0.006 -17"><span class='ocrx_word' id='word_1_758' title='bbox 2186 2664 2258 2711; x_wconf 78' lang='lat' dir='ltr'><strong>Ad</strong></span> <span class='ocrx_word' id='word_1_759' title='bbox 2283 2677 2370 2711; x_wconf 52' lang='lat' dir='ltr'><strong>nes</strong></span> <span class='ocrx_word' id='word_1_760' title='bbox 2389 2667 2468 2713; x_wconf 80' lang='lat' dir='ltr'><strong>vix</strong></span> <span class='ocrx_word' id='word_1_761' title='bbox 2494 2668 2654 2712; x_wconf 74' lang='lat' dir='ltr'><strong>tt-uuis</strong></span> <span class='ocrx_word' id='word_1_762' title='bbox 2677 2666 2814 2714; x_wconf 67' lang='lat' dir='ltr'><strong>lenite</strong></span> <span class='ocrx_word' id='word_1_763' title='bbox 2837 2668 3105 2727; x_wconf 85' lang='lat' dir='ltr'><strong>perlabitur</strong></span> <span class='ocrx_word' id='word_1_764' title='bbox 3129 2684 3264 2717; x_wconf 90' lang='lat' dir='ltr'><strong>aura.</strong></span> 
     </span>
    </p>
   </div>
   <div class='ocr_carea' id='block_1_105' title="bbox 2133 2744 3645 2824">
    <p class='ocr_par' dir='ltr' id='par_1_105' title="bbox 2133 2744 3645 2824">
     <span class='ocr_line' id='line_1_105' title="bbox 2133 2744 3645 2824; baseline 0.007 -27"><span class='ocrx_word' id='word_1_765' title='bbox 2133 2744 2188 2824; x_wconf 56' lang='grc' dir='ltr'><strong>τι.</strong></span> <span class='ocrx_word' id='word_1_766' title='bbox 2232 2745 2432 2824; x_wconf 62' lang='lat' dir='ltr'><strong>Elegi]</strong></span> <span class='ocrx_word' id='word_1_767' title='bbox 2462 2745 2666 2824; x_wconf 82' lang='lat' dir='ltr'><strong>_Ve_rsus</strong></span> <span class='ocrx_word' id='word_1_768' title='bbox 2694 2748 2885 2814; x_wconf 82' lang='lat' dir='ltr'><strong>flebiles</strong></span> <span class='ocrx_word' id='word_1_769' title='bbox 2909 2749 3023 2806; x_wconf 83' lang='lat' dir='ltr'><strong>sive</strong></span> <span class='ocrx_word' id='word_1_770' title='bbox 3064 2751 3376 2806; x_wconf 85' lang='lat' dir='ltr'><strong>miserabiles</strong></span> <span class='ocrx_word' id='word_1_771' title='bbox 3412 2768 3431 2806; x_wconf 89' lang='lat'><strong><em>:</em></strong></span> <span class='ocrx_word' id='word_1_772' title='bbox 3462 2754 3645 2824; x_wconf 83' lang='lat' dir='ltr'><strong>elegos</strong></span> 
     </span>
    </p>
   </div>
   <div class='ocr_carea' id='block_1_106' title="bbox 2059 2815 3645 2883">
    <p class='ocr_par' dir='ltr' id='par_1_106' title="bbox 2059 2815 3645 2883">
     <span class='ocr_line' id='line_1_106' title="bbox 2059 2815 3645 2883; baseline 0.003 -15"><span class='ocrx_word' id='word_1_773' title='bbox 2059 2815 2224 2876; x_wconf 85' lang='lat' dir='ltr'><strong>enim,</strong></span> <span class='ocrx_word' id='word_1_774' title='bbox 2257 2818 2397 2868; x_wconf 91' lang='lat' dir='ltr'><strong>unde</strong></span> <span class='ocrx_word' id='word_1_775' title='bbox 2419 2815 2617 2883; x_wconf 81' lang='lat' dir='ltr'><strong>elegia,</strong></span> <span class='ocrx_word' id='word_1_776' title='bbox 2646 2826 2729 2869; x_wconf 89' lang='lat' dir='ltr'><strong>est</strong></span> <span class='ocrx_word' id='word_1_777' title='bbox 2757 2831 2974 2871; x_wconf 89' lang='lat' dir='ltr'><strong>carmen</strong></span> <span class='ocrx_word' id='word_1_778' title='bbox 3009 2834 3258 2873; x_wconf 87' lang='lat' dir='ltr'><strong>versumn</strong></span> <span class='ocrx_word' id='word_1_779' title='bbox 3292 2815 3645 2878; x_wconf 65' lang='lat' dir='ltr'><strong>hexametro-</strong></span> 
     </span>
    </p>
   </div>
   <div class='ocr_carea' id='block_1_107' title="bbox 2060 2887 3645 2957">
    <p class='ocr_par' dir='ltr' id='par_1_107' title="bbox 2060 2887 3645 2957">
     <span class='ocr_line' id='line_1_107' title="bbox 2060 2887 3645 2957; baseline 0.008 -23"><span class='ocrx_word' id='word_1_780' title='bbox 2060 2900 2178 2957; x_wconf 85' lang='lat' dir='ltr'><strong>rum</strong></span> <span class='ocrx_word' id='word_1_781' title='bbox 2209 2895 2768 2957; x_wconf 79' lang='lat' dir='ltr'><strong>pentametrorumque</strong></span> <span class='ocrx_word' id='word_1_782' title='bbox 2800 2887 3024 2957; x_wconf 84' lang='lat' dir='ltr'><strong>alternis</strong></span> <span class='ocrx_word' id='word_1_783' title='bbox 3049 2889 3433 2957; x_wconf 88' lang='lat' dir='ltr'><strong>dispositorum</strong></span> <span class='ocrx_word' id='word_1_784' title='bbox 3463 2894 3527 2946; x_wconf 90' lang='lat' dir='ltr'><strong>ad</strong></span> <span class='ocrx_word' id='word_1_785' title='bbox 3553 2895 3645 2946; x_wconf 83' lang='lat' dir='ltr'><strong>tri-</strong></span> 
     </span>
    </p>
   </div>
   <div class='ocr_carea' id='block_1_108' title="bbox 2059 2953 3645 3028">
    <p class='ocr_par' dir='ltr' id='par_1_108' title="bbox 2059 2953 3645 3028">
     <span class='ocr_line' id='line_1_108' title="bbox 2059 2953 3645 3028; baseline 0.006 -22"><span class='ocrx_word' id='word_1_786' title='bbox 2059 2953 2260 3028; x_wconf 76' lang='lat' dir='ltr'><strong>stitiam</strong></span> <span class='ocrx_word' id='word_1_787' title='bbox 2285 2955 2580 3020; x_wconf 72' lang='lat' dir='ltr'><strong>prmsertim</strong></span> <span class='ocrx_word' id='word_1_788' title='bbox 2602 2955 3034 3024; x_wconf 72' lang='lat' dir='ltr'><strong>significandam:</strong></span> <span class='ocrx_word' id='word_1_789' title='bbox 3062 2953 3185 3012; x_wconf 81' lang='lat' dir='ltr'><strong>hinc</strong></span> <span class='ocrx_word' id='word_1_790' title='bbox 3213 2959 3483 3028; x_wconf 88' lang='lat' dir='ltr'><strong>Horatius,</strong></span> <span class='ocrx_word' id='word_1_791' title='bbox 3509 2963 3545 3015; x_wconf 93' lang='grc' dir='ltr'><strong>Ι.</strong></span> <span class='ocrx_word' id='word_1_792' title='bbox 3577 2961 3645 3017; x_wconf 81' lang='lat' dir='ltr'><strong>de</strong></span> 
     </span>
    </p>
   </div>
   <div class='ocr_carea' id='block_1_109' title="bbox 2059 3027 2393 3090">
    <p class='ocr_par' dir='ltr' id='par_1_109' title="bbox 2059 3027 2393 3090">
     <span class='ocr_line' id='line_1_109' title="bbox 2059 3027 2393 3090; baseline -0.003 -15"><span class='ocrx_word' id='word_1_793' title='bbox 2059 3027 2186 3078; x_wconf 84' lang='lat' dir='ltr'><strong>Arte</strong></span> <span class='ocrx_word' id='word_1_794' title='bbox 2214 3031 2355 3090; x_wconf 87' lang='lat' dir='ltr'><strong>poet.</strong></span> <span class='ocrx_word' id='word_1_795' title='bbox 2381 3040 2393 3074; x_wconf 92' lang='lat'>:</span> 
     </span>
    </p>
   </div>
   <div class='ocr_carea' id='block_1_110' title="bbox 2181 3111 3461 3180">
    <p class='ocr_par' dir='ltr' id='par_1_110' title="bbox 2181 3111 3461 3180">
     <span class='ocr_line' id='line_1_110' title="bbox 2181 3111 3461 3180; baseline 0.006 -20"><span class='ocrx_word' id='word_1_796' title='bbox 2181 3111 2418 3180; x_wconf 60' lang='lat' dir='ltr'><strong>Yet-sibus</strong></span> <span class='ocrx_word' id='word_1_797' title='bbox 2435 3113 2684 3180; x_wconf 72' lang='lat' dir='ltr'><strong>impariter</strong></span> <span class='ocrx_word' id='word_1_798' title='bbox 2704 3115 2882 3180; x_wconf 81' lang='lat' dir='ltr'><strong>junctis</strong></span> <span class='ocrx_word' id='word_1_799' title='bbox 2901 3117 3205 3176; x_wconf 87' lang='lat' dir='ltr'><strong>querimonia</strong></span> <span class='ocrx_word' id='word_1_800' title='bbox 3228 3120 3461 3180; x_wconf 90' lang='lat' dir='ltr'><strong>primum;</strong></span> 
     </span>
    </p>
   </div>
   <div class='ocr_carea' id='block_1_111' title="bbox 2180 3173 3396 3242">
    <p class='ocr_par' dir='ltr' id='par_1_111' title="bbox 2180 3173 3396 3242">
     <span class='ocr_line' id='line_1_111' title="bbox 2180 3173 3396 3242; baseline 0.007 -23"><span class='ocrx_word' id='word_1_801' title='bbox 2180 3173 2298 3242; x_wconf 57' lang='grc' dir='ltr'>ξξοτι</span> <span class='ocrx_word' id='word_1_802' title='bbox 2320 3178 2463 3223; x_wconf 88' lang='lat' dir='ltr'><strong>etiam</strong></span> <span class='ocrx_word' id='word_1_803' title='bbox 2481 3174 2661 3242; x_wconf 79' lang='lat' dir='ltr'><strong>inclusa</strong></span> <span class='ocrx_word' id='word_1_804' title='bbox 2687 3184 2762 3223; x_wconf 87' lang='lat' dir='ltr'><strong>est</strong></span> <span class='ocrx_word' id='word_1_805' title='bbox 2776 3176 2880 3242; x_wconf 84' lang='lat' dir='ltr'><strong>_voti</strong></span> <span class='ocrx_word' id='word_1_806' title='bbox 2903 3173 3147 3242; x_wconf 82' lang='lat' dir='ltr'><strong>sententia</strong></span> <span class='ocrx_word' id='word_1_807' title='bbox 3171 3173 3396 3242; x_wconf 82' lang='lat' dir='ltr'><strong>compos:</strong></span> 
     </span>
    </p>
   </div>
   <div class='ocr_carea' id='block_1_112' title="bbox 2182 3236 3353 3298">
    <p class='ocr_par' dir='ltr' id='par_1_112' title="bbox 2182 3236 3353 3298">
     <span class='ocr_line' id='line_1_112' title="bbox 2182 3236 3353 3298; baseline 0.009 -18"><span class='ocrx_word' id='word_1_808' title='bbox 2182 3236 2300 3298; x_wconf 78' lang='lat' dir='ltr'><strong>Quis</strong></span> <span class='ocrx_word' id='word_1_809' title='bbox 2321 3243 2484 3298; x_wconf 86' lang='lat' dir='ltr'><strong>tamen</strong></span> <span class='ocrx_word' id='word_1_810' title='bbox 2511 3238 2721 3295; x_wconf 81' lang='lat' dir='ltr'><strong>exiguos</strong></span> <span class='ocrx_word' id='word_1_811' title='bbox 2743 3236 2916 3298; x_wconf 83' lang='lat' dir='ltr'><strong>elegos</strong></span> <span class='ocrx_word' id='word_1_812' title='bbox 2943 3241 3160 3287; x_wconf 84' lang='lat' dir='ltr'><strong>emiserit</strong></span> <span class='ocrx_word' id='word_1_813' title='bbox 3184 3236 3353 3290; x_wconf 81' lang='lat' dir='ltr'><strong>auctor</strong></span> 
     </span>
    </p>
   </div>
   <div class='ocr_carea' id='block_1_113' title="bbox 2179 3297 3438 3361">
    <p class='ocr_par' dir='ltr' id='par_1_113' title="bbox 2179 3297 3438 3361">
     <span class='ocr_line' id='line_1_113' title="bbox 2179 3297 3438 3361; baseline 0.006 -20"><span class='ocrx_word' id='word_1_814' title='bbox 2179 3297 2481 3345; x_wconf 64' lang='lat' dir='ltr'><strong>turammatici</strong></span> <span class='ocrx_word' id='word_1_815' title='bbox 2504 3305 2694 3346; x_wconf 83' lang='lat' dir='ltr'><strong>certant</strong></span> <span class='ocrx_word' id='word_1_816' title='bbox 2719 3305 2772 3346; x_wconf 91' lang='lat' dir='ltr'><strong>et</strong></span> <span class='ocrx_word' id='word_1_817' title='bbox 2793 3297 2948 3346; x_wconf 83' lang='lat' dir='ltr'><strong>adhuc</strong></span> <span class='ocrx_word' id='word_1_818' title='bbox 2967 3302 3060 3348; x_wconf 82' lang='lat' dir='ltr'><strong>sub</strong></span> <span class='ocrx_word' id='word_1_819' title='bbox 3075 3300 3240 3361; x_wconf 89' lang='lat' dir='ltr'><strong>judice</strong></span> <span class='ocrx_word' id='word_1_820' title='bbox 3265 3301 3322 3350; x_wconf 88' lang='lat' dir='ltr'><strong>lis</strong></span> <span class='ocrx_word' id='word_1_821' title='bbox 3347 3310 3438 3351; x_wconf 77' lang='lat' dir='ltr'><strong>est.</strong></span> 
     </span>
    </p>
   </div>
   <div class='ocr_carea' id='block_1_114' title="bbox 2057 3375 2792 3442">
    <p class='ocr_par' dir='ltr' id='par_1_114' title="bbox 2057 3375 2792 3442">
     <span class='ocr_line' id='line_1_114' title="bbox 2057 3375 2792 3442; baseline 0.005 -14"><span class='ocrx_word' id='word_1_822' title='bbox 2057 3375 2201 3430; x_wconf 88' lang='lat' dir='ltr'><strong>Idem</strong></span> <span class='ocrx_word' id='word_1_823' title='bbox 2231 3390 2401 3432; x_wconf 90' lang='lat' dir='ltr'><strong>carm.</strong></span> <span class='ocrx_word' id='word_1_824' title='bbox 2438 3378 2474 3430; x_wconf 92' lang='grc' dir='ltr'><strong>Ι.</strong></span> <span class='ocrx_word' id='word_1_825' title='bbox 2500 3393 2540 3442; x_wconf 87' lang='grc' dir='ltr'>ι,</span> <span class='ocrx_word' id='word_1_826' title='bbox 2566 3378 2654 3432; x_wconf 92' lang='lat' dir='ltr'><strong>od.</strong></span> <span class='ocrx_word' id='word_1_827' title='bbox 2683 3381 2792 3434; x_wconf 77' lang='lat'><strong>5&#39;5:</strong></span> 
     </span>
    </p>
   </div>
   <div class='ocr_carea' id='block_1_115' title="bbox 2298 3465 3192 3528">
    <p class='ocr_par' dir='ltr' id='par_1_115' title="bbox 2298 3465 3192 3528">
     <span class='ocr_line' id='line_1_115' title="bbox 2298 3465 3192 3528; baseline 0.008 -15"><span class='ocrx_word' id='word_1_828' title='bbox 2298 3465 2406 3528; x_wconf 64' lang='lat' dir='ltr'><strong>Albi</strong></span> <span class='ocrx_word' id='word_1_829' title='bbox 2433 3479 2494 3514; x_wconf 91' lang='lat' dir='ltr'><strong>ne</strong></span> <span class='ocrx_word' id='word_1_830' title='bbox 2519 3467 2686 3516; x_wconf 84' lang='lat' dir='ltr'><strong>doleas</strong></span> <span class='ocrx_word' id='word_1_831' title='bbox 2708 3467 2815 3528; x_wconf 91' lang='lat' dir='ltr'><strong>plus</strong></span> <span class='ocrx_word' id='word_1_832' title='bbox 2838 3471 2983 3519; x_wconf 87' lang='lat' dir='ltr'><strong>nimio</strong></span> <span class='ocrx_word' id='word_1_833' title='bbox 3007 3483 3192 3520; x_wconf 89' lang='lat' dir='ltr'><strong>memor</strong></span> 
     </span>
    </p>
   </div>
   <div class='ocr_carea' id='block_1_116' title="bbox 2298 3526 3222 3590">
    <p class='ocr_par' dir='ltr' id='par_1_116' title="bbox 2298 3526 3222 3590">
     <span class='ocr_line' id='line_1_116' title="bbox 2298 3526 3222 3590; baseline 0.014 -19"><span class='ocrx_word' id='word_1_834' title='bbox 2298 3526 2502 3590; x_wconf 64' lang='lat' dir='ltr'><strong>immitis</strong></span> <span class='ocrx_word' id='word_1_835' title='bbox 2525 3526 2766 3590; x_wconf 69' lang='lat' dir='ltr'><strong>Glycerie,</strong></span> <span class='ocrx_word' id='word_1_836' title='bbox 2791 3544 2889 3580; x_wconf 89' lang='lat' dir='ltr'><strong>neu</strong></span> <span class='ocrx_word' id='word_1_837' title='bbox 2913 3534 3222 3584; x_wconf 83' lang='lat' dir='ltr'><strong>miserabiles</strong></span> 
     </span>
    </p>
   </div>
   <div class='ocr_carea' id='block_1_117' title="bbox 2307 3589 2764 3651">
    <p class='ocr_par' dir='ltr' id='par_1_117' title="bbox 2307 3589 2764 3651">
     <span class='ocr_line' id='line_1_117' title="bbox 2307 3589 2764 3651; baseline 0.007 -15"><span class='ocrx_word' id='word_1_838' title='bbox 2307 3589 2553 3637; x_wconf 80' lang='lat' dir='ltr'><strong>Decantes</strong></span> <span class='ocrx_word' id='word_1_839' title='bbox 2575 3589 2764 3651; x_wconf 87' lang='lat' dir='ltr'><strong>elegos.</strong></span> 
     </span>
    </p>
   </div>
   <div class='ocr_carea' id='block_1_118' title="bbox 2055 3656 3084 3724">
    <p class='ocr_par' dir='ltr' id='par_1_118' title="bbox 2055 3656 3084 3724">
     <span class='ocr_line' id='line_1_118' title="bbox 2055 3656 3084 3724; baseline 0.005 -12"><span class='ocrx_word' id='word_1_840' title='bbox 2055 3656 2206 3712; x_wconf 87' lang='lat' dir='ltr'><strong>Unde</strong></span> <span class='ocrx_word' id='word_1_841' title='bbox 2233 3660 2449 3714; x_wconf 86' lang='lat' dir='ltr'><strong>Ovidius</strong></span> <span class='ocrx_word' id='word_1_842' title='bbox 2476 3661 2512 3714; x_wconf 92' lang='grc' dir='ltr'><strong>Ι.</strong></span> <span class='ocrx_word' id='word_1_843' title='bbox 2542 3676 2580 3714; x_wconf 90' lang='grc' dir='ltr'><strong>ιι</strong></span> <span class='ocrx_word' id='word_1_844' title='bbox 2609 3661 2779 3724; x_wconf 87' lang='lat' dir='ltr'><strong>Fast.,</strong></span> <span class='ocrx_word' id='word_1_845' title='bbox 2808 3667 2859 3716; x_wconf 92' lang='lat' dir='ltr'><strong>in</strong></span> <span class='ocrx_word' id='word_1_846' title='bbox 2890 3663 3040 3718; x_wconf 91' lang='lat' dir='ltr'><strong>initio</strong></span> <span class='ocrx_word' id='word_1_847' title='bbox 3070 3683 3084 3717; x_wconf 87' lang='lat'><strong>:</strong></span> 
     </span>
    </p>
   </div>
   <div class='ocr_carea' id='block_1_119' title="bbox 2173 3748 3272 3813">
    <p class='ocr_par' dir='ltr' id='par_1_119' title="bbox 2173 3748 3272 3813">
     <span class='ocr_line' id='line_1_119' title="bbox 2173 3748 3272 3813; baseline 0.003 -15"><span class='ocrx_word' id='word_1_848' title='bbox 2173 3748 2313 3813; x_wconf 83' lang='lat' dir='ltr'><strong>Nunc</strong></span> <span class='ocrx_word' id='word_1_849' title='bbox 2338 3753 2546 3811; x_wconf 86' lang='lat' dir='ltr'><strong>primum</strong></span> <span class='ocrx_word' id='word_1_850' title='bbox 2570 3751 2693 3799; x_wconf 87' lang='lat' dir='ltr'><strong>velis</strong></span> <span class='ocrx_word' id='word_1_851' title='bbox 2713 3752 2846 3811; x_wconf 83' lang='lat' dir='ltr'><strong>elegi</strong></span> <span class='ocrx_word' id='word_1_852' title='bbox 2868 3753 3132 3813; x_wconf 82' lang='lat' dir='ltr'><strong>majoribus</strong></span> <span class='ocrx_word' id='word_1_853' title='bbox 3151 3755 3232 3802; x_wconf 90' lang='lat' dir='ltr'><strong>itis</strong></span> <span class='ocrx_word' id='word_1_854' title='bbox 3259 3767 3272 3801; x_wconf 93' lang='lat'>:</span> 
     </span>
    </p>
   </div>
   <div class='ocr_carea' id='block_1_120' title="bbox 2239 3812 3265 3876">
    <p class='ocr_par' dir='ltr' id='par_1_120' title="bbox 2239 3812 3265 3876">
     <span class='ocr_line' id='line_1_120' title="bbox 2239 3812 3265 3876; baseline 0.002 -18"><span class='ocrx_word' id='word_1_855' title='bbox 2239 3812 2502 3873; x_wconf 83' lang='lat' dir='ltr'><strong>Exiguum,</strong></span> <span class='ocrx_word' id='word_1_856' title='bbox 2527 3815 2752 3874; x_wconf 87' lang='lat' dir='ltr'><strong>memini,</strong></span> <span class='ocrx_word' id='word_1_857' title='bbox 2780 3812 3108 3875; x_wconf 87' lang='lat' dir='ltr'><strong>nupereratis</strong></span> <span class='ocrx_word' id='word_1_858' title='bbox 3128 3828 3265 3876; x_wconf 83' lang='lat' dir='ltr'><strong>Opus.</strong></span> 
     </span>
    </p>
   </div>
   <div class='ocr_carea' id='block_1_121' title="bbox 2124 3892 3626 3967">
    <p class='ocr_par' dir='ltr' id='par_1_121' title="bbox 2124 3892 3626 3967">
     <span class='ocr_line' id='line_1_121' title="bbox 2124 3892 3626 3967; baseline 0.004 -20"><span class='ocrx_word' id='word_1_859' title='bbox 2124 3892 2340 3967; x_wconf 83' lang='lat' dir='ltr'><strong>Scilicet</strong></span> <span class='ocrx_word' id='word_1_860' title='bbox 2373 3908 2565 3967; x_wconf 79' lang='lat' dir='ltr'><strong>_versus</strong></span> <span class='ocrx_word' id='word_1_861' title='bbox 2632 3894 2706 3947; x_wconf 92' lang='lat' dir='ltr'><strong>illi</strong></span> <span class='ocrx_word' id='word_1_862' title='bbox 2766 3895 2964 3949; x_wconf 87' lang='lat' dir='ltr'><strong>idcirco</strong></span> <span class='ocrx_word' id='word_1_863' title='bbox 3000 3909 3257 3967; x_wconf 87' lang='lat' dir='ltr'><strong>vocantur</strong></span> <span class='ocrx_word' id='word_1_864' title='bbox 3293 3896 3448 3964; x_wconf 85' lang='lat' dir='ltr'><strong>elegi,</strong></span> <span class='ocrx_word' id='word_1_865' title='bbox 3484 3901 3626 3967; x_wconf 85' lang='lat' dir='ltr'><strong>quod</strong></span> 
     </span>
    </p>
   </div>
   <div class='ocr_carea' id='block_1_122' title="bbox 2054 3962 3638 4042">
    <p class='ocr_par' dir='ltr' id='par_1_122' title="bbox 2054 3962 3638 4042">
     <span class='ocr_line' id='line_1_122' title="bbox 2054 3962 3638 4042; baseline 0.006 -27"><span class='ocrx_word' id='word_1_866' title='bbox 2054 3962 2215 4041; x_wconf 80' lang='lat' dir='ltr'><strong>iidem</strong></span> <span class='ocrx_word' id='word_1_867' title='bbox 2248 3964 2316 4042; x_wconf 84' lang='lat' dir='ltr'><strong>_in</strong></span> <span class='ocrx_word' id='word_1_868' title='bbox 2365 3964 2640 4042; x_wconf 74' lang='lat' dir='ltr'><strong>funeribus</strong></span> <span class='ocrx_word' id='word_1_869' title='bbox 2670 3967 2964 4042; x_wconf 67' lang='lat' dir='ltr'><strong>praesertim</strong></span> <span class='ocrx_word' id='word_1_870' title='bbox 2995 3962 3439 4042; x_wconf 44' lang='lat' dir='ltr'><strong>adhiberentur—3</strong></span> <span class='ocrx_word' id='word_1_871' title='bbox 3466 3962 3638 4042; x_wconf 65' lang='grc' dir='ltr'><strong>ἕλᾳ-νος</strong></span> 
     </span>
    </p>
   </div>
   <div class='ocr_carea' id='block_1_123' title="bbox 2052 4031 3643 4106">
    <p class='ocr_par' dir='ltr' id='par_1_123' title="bbox 2052 4031 3643 4106">
     <span class='ocr_line' id='line_1_123' title="bbox 2052 4031 3643 4106; baseline 0.005 -20"><span class='ocrx_word' id='word_1_872' title='bbox 2052 4032 2195 4086; x_wconf 84' lang='lat' dir='ltr'><strong>enim</strong></span> <span class='ocrx_word' id='word_1_873' title='bbox 2235 4034 2384 4102; x_wconf 76' lang='lat' dir='ltr'><strong>ﬂetus</strong></span> <span class='ocrx_word' id='word_1_874' title='bbox 2430 4031 2623 4106; x_wconf 72' lang='lat' dir='ltr'><strong>dicitur</strong></span> <span class='ocrx_word' id='word_1_875' title='bbox 2666 4035 2766 4106; x_wconf 69' lang='lat' dir='ltr'><strong>a&#39;trré</strong></span> <span class='ocrx_word' id='word_1_876' title='bbox 2810 4031 2950 4089; x_wconf 70' lang='grc' dir='ltr'><strong>τι.ῦὲ</strong></span> <span class='ocrx_word' id='word_1_877' title='bbox 2996 4033 3220 4106; x_wconf 50' lang='lat' dir='ltr'><strong>Eilis/etv,</strong></span> <span class='ocrx_word' id='word_1_878' title='bbox 3255 4052 3371 4104; x_wconf 75' lang='lat' dir='ltr'><strong>qua:</strong></span> <span class='ocrx_word' id='word_1_879' title='bbox 3403 4031 3643 4096; x_wconf 78' lang='lat' dir='ltr'><strong>ﬂentium</strong></span> 
     </span>
    </p>
   </div>
   <div class='ocr_carea' id='block_1_124' title="bbox 2054 4102 3637 4174">
    <p class='ocr_par' dir='ltr' id='par_1_124' title="bbox 2054 4102 3637 4174">
     <span class='ocr_line' id='line_1_124' title="bbox 2054 4102 3637 4174; baseline 0.006 -21"><span class='ocrx_word' id='word_1_880' title='bbox 2054 4117 2165 4174; x_wconf 10' lang='lat' dir='ltr'><strong>vox,</strong></span> <span class='ocrx_word' id='word_1_881' title='bbox 2200 4112 2283 4156; x_wconf 83' lang='lat' dir='ltr'><strong>est</strong></span> <span class='ocrx_word' id='word_1_882' title='bbox 2305 4105 2441 4170; x_wconf 86' lang='lat' dir='ltr'><strong>apud</strong></span> <span class='ocrx_word' id='word_1_883' title='bbox 2474 4102 2887 4174; x_wconf 79' lang='lat' dir='ltr'><strong>Aristophanem</strong></span> <span class='ocrx_word' id='word_1_884' title='bbox 2920 4123 2932 4155; x_wconf 90' lang='lat'><strong>:</strong></span> <span class='ocrx_word' id='word_1_885' title='bbox 2966 4102 3310 4174; x_wconf 82' lang='lat' dir='ltr'><strong>quamobrem</strong></span> <span class='ocrx_word' id='word_1_886' title='bbox 3337 4107 3553 4163; x_wconf 86' lang='lat' dir='ltr'><strong>Ovidius</strong></span> <span class='ocrx_word' id='word_1_887' title='bbox 3576 4123 3637 4164; x_wconf 93' lang='grc' dir='ltr'><strong>ιιι</strong></span> 
     </span>
    </p>
   </div>
   <div class='ocr_carea' id='block_1_125' title="bbox 2053 4171 2669 4243">
    <p class='ocr_par' dir='ltr' id='par_1_125' title="bbox 2053 4171 2669 4243">
     <span class='ocr_line' id='line_1_125' title="bbox 2053 4171 2669 4243; baseline -0.002 -18"><span class='ocrx_word' id='word_1_888' title='bbox 2053 4171 2121 4226; x_wconf 91' lang='lat' dir='ltr'><strong>de</strong></span> <span class='ocrx_word' id='word_1_889' title='bbox 2142 4171 2288 4235; x_wconf 84' lang='lat' dir='ltr'><strong>Arte,</strong></span> <span class='ocrx_word' id='word_1_890' title='bbox 2320 4175 2470 4243; x_wconf 59' lang='lat' dir='ltr'><strong>eleg-</strong></span> <span class='ocrx_word' id='word_1_891' title='bbox 2493 4175 2544 4240; x_wconf 83' lang='lat' dir='ltr'><strong>l,</strong></span> <span class='ocrx_word' id='word_1_892' title='bbox 2577 4172 2669 4236; x_wconf 88' lang='lat' dir='ltr'><strong>ait,</strong></span> 
     </span>
    </p>
   </div>
   <div class='ocr_carea' id='block_1_126' title="bbox 2237 4260 3315 4325">
    <p class='ocr_par' dir='ltr' id='par_1_126' title="bbox 2237 4260 3315 4325">
     <span class='ocr_line' id='line_1_126' title="bbox 2237 4260 3315 4325; baseline 0.005 -17"><span class='ocrx_word' id='word_1_893' title='bbox 2237 4261 2439 4325; x_wconf 79' lang='lat' dir='ltr'><strong>Flebilis</strong></span> <span class='ocrx_word' id='word_1_894' title='bbox 2461 4262 2684 4321; x_wconf 84' lang='lat' dir='ltr'><strong>indignos</strong></span> <span class='ocrx_word' id='word_1_895' title='bbox 2702 4261 2900 4323; x_wconf 87' lang='lat' dir='ltr'><strong>elegeia</strong></span> <span class='ocrx_word' id='word_1_896' title='bbox 2918 4260 3055 4312; x_wconf 85' lang='lat' dir='ltr'><strong>solve</strong></span> <span class='ocrx_word' id='word_1_897' title='bbox 3079 4264 3276 4325; x_wconf 88' lang='lat' dir='ltr'><strong>capillos</strong></span> <span class='ocrx_word' id='word_1_898' title='bbox 3303 4279 3315 4313; x_wconf 93' lang='lat'><strong>:</strong></span> 
     </span>
    </p>
   </div>
   <div class='ocr_carea' id='block_1_127' title="bbox 2298 4323 3438 4374">
    <p class='ocr_par' dir='ltr' id='par_1_127' title="bbox 2298 4323 3438 4374">
     <span class='ocr_line' id='line_1_127' title="bbox 2298 4323 3438 4374; baseline 0.004 -4"><span class='ocrx_word' id='word_1_899' title='bbox 2298 4323 2407 4372; x_wconf 85' lang='lat' dir='ltr'><strong>Heu</strong></span> <span class='ocrx_word' id='word_1_900' title='bbox 2432 4325 2573 4371; x_wconf 87' lang='lat' dir='ltr'><strong>nimis</strong></span> <span class='ocrx_word' id='word_1_901' title='bbox 2596 4335 2659 4371; x_wconf 82' lang='lat' dir='ltr'><strong>ex</strong></span> <span class='ocrx_word' id='word_1_902' title='bbox 2688 4335 2806 4371; x_wconf 85' lang='lat' dir='ltr'><strong>vero</strong></span> <span class='ocrx_word' id='word_1_903' title='bbox 2829 4336 2956 4370; x_wconf 89' lang='lat' dir='ltr'><strong>nunc</strong></span> <span class='ocrx_word' id='word_1_904' title='bbox 2983 4325 3066 4371; x_wconf 89' lang='lat' dir='ltr'><strong>tibi</strong></span> <span class='ocrx_word' id='word_1_905' title='bbox 3088 4323 3266 4373; x_wconf 86' lang='lat' dir='ltr'><strong>nomen</strong></span> <span class='ocrx_word' id='word_1_906' title='bbox 3287 4327 3438 4374; x_wconf 88' lang='lat' dir='ltr'><strong>inest.</strong></span> 
     </span>
    </p>
   </div>
   <div class='ocr_carea' id='block_1_128' title="bbox 2130 4403 3641 4474">
    <p class='ocr_par' dir='ltr' id='par_1_128' title="bbox 2130 4403 3641 4474">
     <span class='ocr_line' id='line_1_128' title="bbox 2130 4403 3641 4474; baseline 0.002 -17"><span class='ocrx_word' id='word_1_907' title='bbox 2130 4403 2590 4470; x_wconf 87' lang='lat' dir='ltr'><strong>Quemadmodum</strong></span> <span class='ocrx_word' id='word_1_908' title='bbox 2625 4404 2778 4458; x_wconf 90' lang='lat' dir='ltr'><strong>ﬂetus</strong></span> <span class='ocrx_word' id='word_1_909' title='bbox 2806 4406 3076 4474; x_wconf 88' lang='lat' dir='ltr'><strong>elegorum</strong></span> <span class='ocrx_word' id='word_1_910' title='bbox 3103 4421 3243 4460; x_wconf 90' lang='lat' dir='ltr'><strong>nunc</strong></span> <span class='ocrx_word' id='word_1_911' title='bbox 3271 4421 3300 4460; x_wconf 89' lang='lat' dir='ltr'><strong>a</strong></span> <span class='ocrx_word' id='word_1_912' title='bbox 3334 4408 3519 4462; x_wconf 83' lang='lat' dir='ltr'><strong>Boetio</strong></span> <span class='ocrx_word' id='word_1_913' title='bbox 3549 4425 3641 4461; x_wconf 84' lang='lat' dir='ltr'><strong>vo-</strong></span> 
     </span>
    </p>
   </div>
   <div class='ocr_carea' id='block_1_129' title="bbox 1972 4475 3640 4564">
    <p class='ocr_par' dir='ltr' id='par_1_129' title="bbox 1972 4475 3640 4564">
     <span class='ocr_line' id='line_1_129' title="bbox 1972 4475 3640 4564; baseline 0.002 -36"><span class='ocrx_word' id='word_1_914' title='bbox 1972 4503 2025 4564; x_wconf 71' lang='grc' dir='ltr'><strong>Β</strong></span> <span class='ocrx_word' id='word_1_915' title='bbox 2053 4486 2241 4564; x_wconf 65' lang='lat' dir='ltr'><strong>cantur</strong></span> <span class='ocrx_word' id='word_1_916' title='bbox 2261 4476 2402 4539; x_wconf 86' lang='lat' dir='ltr'><strong>veri;</strong></span> <span class='ocrx_word' id='word_1_917' title='bbox 2429 4478 2567 4564; x_wconf 82' lang='lat' dir='ltr'><strong>quod</strong></span> <span class='ocrx_word' id='word_1_918' title='bbox 2601 4475 2848 4564; x_wconf 75' lang='lat' dir='ltr'><strong>nimirum</strong></span> <span class='ocrx_word' id='word_1_919' title='bbox 2879 4475 3210 4564; x_wconf 46' lang='lat' dir='ltr'><strong>elutristiti‘a,</strong></span> <span class='ocrx_word' id='word_1_920' title='bbox 3233 4491 3352 4564; x_wconf 66' lang='lat' dir='ltr'><strong>quae</strong></span> <span class='ocrx_word' id='word_1_921' title='bbox 3378 4478 3534 4531; x_wconf 90' lang='lat' dir='ltr'><strong>solita</strong></span> <span class='ocrx_word' id='word_1_922' title='bbox 3556 4490 3640 4532; x_wconf 87' lang='lat' dir='ltr'><strong>est</strong></span> 
     </span>
    </p>
   </div>
   <div class='ocr_carea' id='block_1_130' title="bbox 2052 4545 3635 4613">
    <p class='ocr_par' dir='ltr' id='par_1_130' title="bbox 2052 4545 3635 4613">
     <span class='ocr_line' id='line_1_130' title="bbox 2052 4545 3635 4613; baseline 0.002 -16"><span class='ocrx_word' id='word_1_923' title='bbox 2052 4545 2320 4610; x_wconf 88' lang='lat' dir='ltr'><strong>elegorum</strong></span> <span class='ocrx_word' id='word_1_924' title='bbox 2347 4545 2588 4602; x_wconf 84' lang='lat' dir='ltr'><strong>materia.</strong></span> <span class='ocrx_word' id='word_1_925' title='bbox 2615 4550 2880 4605; x_wconf 85' lang='lat' dir='ltr'><strong>oriantur.</strong></span> <span class='ocrx_word' id='word_1_926' title='bbox 2910 4545 3098 4611; x_wconf 89' lang='lat' dir='ltr'><strong>bisque</strong></span> <span class='ocrx_word' id='word_1_927' title='bbox 3119 4547 3247 4613; x_wconf 88' lang='lat' dir='ltr'><strong>elegi</strong></span> <span class='ocrx_word' id='word_1_928' title='bbox 3277 4546 3526 4601; x_wconf 90' lang='lat' dir='ltr'><strong>dicuntur</strong></span> <span class='ocrx_word' id='word_1_929' title='bbox 3544 4562 3635 4600; x_wconf 82' lang='lat' dir='ltr'><strong>ora</strong></span> 
     </span>
    </p>
   </div>
   <div class='ocr_carea' id='block_1_131' title="bbox 2048 4613 3323 4683">
    <p class='ocr_par' dir='ltr' id='par_1_131' title="bbox 2048 4613 3323 4683">
     <span class='ocr_line' id='line_1_131' title="bbox 2048 4613 3323 4683; baseline 0.001 -17"><span class='ocrx_word' id='word_1_930' title='bbox 2048 4615 2241 4683; x_wconf 83' lang='lat' dir='ltr'><strong>rigare,</strong></span> <span class='ocrx_word' id='word_1_931' title='bbox 2265 4613 2404 4668; x_wconf 87' lang='lat' dir='ltr'><strong>sicut</strong></span> <span class='ocrx_word' id='word_1_932' title='bbox 2431 4627 2461 4666; x_wconf 91' lang='lat' dir='ltr'><strong>a</strong></span> <span class='ocrx_word' id='word_1_933' title='bbox 2494 4613 2711 4682; x_wconf 77' lang='lat' dir='ltr'><strong>Virgilio</strong></span> <span class='ocrx_word' id='word_1_934' title='bbox 2740 4629 2789 4666; x_wconf 86' lang='lat' dir='ltr'><strong>vt</strong></span> <span class='ocrx_word' id='word_1_935' title='bbox 2820 4613 3062 4678; x_wconf 66' lang='lat' dir='ltr'><strong>Eneid.,</strong></span> <span class='ocrx_word' id='word_1_936' title='bbox 3094 4630 3145 4666; x_wconf 81' lang='grc' dir='ltr'><strong>ν.</strong></span> <span class='ocrx_word' id='word_1_937' title='bbox 3178 4614 3280 4667; x_wconf 74' lang='lat'><strong>099</strong></span> <span class='ocrx_word' id='word_1_938' title='bbox 3308 4631 3323 4667; x_wconf 90' lang='lat'><strong>:</strong></span> 
     </span>
    </p>
   </div>
   <div class='ocr_carea' id='block_1_132' title="bbox 2169 4702 3369 4764">
    <p class='ocr_par' dir='ltr' id='par_1_132' title="bbox 2169 4702 3369 4764">
     <span class='ocr_line' id='line_1_132' title="bbox 2169 4702 3369 4764; baseline 0 -13"><span class='ocrx_word' id='word_1_939' title='bbox 2169 4702 2248 4752; x_wconf 89' lang='lat' dir='ltr'><strong>Sic</strong></span> <span class='ocrx_word' id='word_1_940' title='bbox 2271 4715 2562 4761; x_wconf 80' lang='lat' dir='ltr'><strong>memorans,</strong></span> <span class='ocrx_word' id='word_1_941' title='bbox 2587 4702 2723 4764; x_wconf 85' lang='lat' dir='ltr'><strong>largo</strong></span> <span class='ocrx_word' id='word_1_942' title='bbox 2746 4703 2866 4752; x_wconf 87' lang='lat' dir='ltr'><strong>ﬂetu</strong></span> <span class='ocrx_word' id='word_1_943' title='bbox 2889 4703 3031 4752; x_wconf 91' lang='lat' dir='ltr'><strong>simul</strong></span> <span class='ocrx_word' id='word_1_944' title='bbox 3053 4716 3139 4752; x_wconf 87' lang='lat' dir='ltr'><strong>ora</strong></span> <span class='ocrx_word' id='word_1_945' title='bbox 3161 4703 3369 4764; x_wconf 79' lang='lat' dir='ltr'><strong>rigabat.</strong></span> 
     </span>
    </p>
   </div>
   <div class='ocr_carea' id='block_1_133' title="bbox 2117 4781 3632 4852">
    <p class='ocr_par' dir='ltr' id='par_1_133' title="bbox 2117 4781 3632 4852">
     <span class='ocr_line' id='line_1_133' title="bbox 2117 4781 3632 4852; baseline 0.003 -15"><span class='ocrx_word' id='word_1_946' title='bbox 2117 4786 2172 4838; x_wconf 85' lang='lat'><strong>5.</strong></span> <span class='ocrx_word' id='word_1_947' title='bbox 2202 4783 2314 4837; x_wconf 86' lang='lat' dir='ltr'><strong>Has</strong></span> <span class='ocrx_word' id='word_1_948' title='bbox 2356 4781 2584 4851; x_wconf 69' lang='lat' dir='ltr'><strong>saltem]</strong></span> <span class='ocrx_word' id='word_1_949' title='bbox 2636 4783 2852 4837; x_wconf 79' lang='lat' dir='ltr'><strong>Musas:</strong></span> <span class='ocrx_word' id='word_1_950' title='bbox 2885 4800 3004 4837; x_wconf 90' lang='lat' dir='ltr'><strong>nam</strong></span> <span class='ocrx_word' id='word_1_951' title='bbox 3047 4799 3109 4838; x_wconf 82' lang='lat' dir='ltr'><strong>ex</strong></span> <span class='ocrx_word' id='word_1_952' title='bbox 3164 4784 3414 4837; x_wconf 90' lang='lat' dir='ltr'><strong>omnibus</strong></span> <span class='ocrx_word' id='word_1_953' title='bbox 3456 4783 3632 4852; x_wconf 88' lang='lat' dir='ltr'><strong>bonis,</strong></span> 
     </span>
    </p>
   </div>
   <div class='ocr_carea' id='block_1_134' title="bbox 2046 4852 3631 4922">
    <p class='ocr_par' dir='ltr' id='par_1_134' title="bbox 2046 4852 3631 4922">
     <span class='ocr_line' id='line_1_134' title="bbox 2046 4852 3631 4922; baseline 0.001 -14"><span class='ocrx_word' id='word_1_954' title='bbox 2046 4855 2239 4922; x_wconf 88' lang='lat' dir='ltr'><strong>quibus</strong></span> <span class='ocrx_word' id='word_1_955' title='bbox 2266 4857 2423 4905; x_wconf 87' lang='lat' dir='ltr'><strong>homo</strong></span> <span class='ocrx_word' id='word_1_956' title='bbox 2449 4852 2589 4907; x_wconf 79' lang='lat' dir='ltr'><strong>al‘lici</strong></span> <span class='ocrx_word' id='word_1_957' title='bbox 2616 4865 2812 4921; x_wconf 87' lang='lat' dir='ltr'><strong>potest,</strong></span> <span class='ocrx_word' id='word_1_958' title='bbox 2835 4869 3063 4920; x_wconf 69' lang='lat' dir='ltr'><strong>qumque</strong></span> <span class='ocrx_word' id='word_1_959' title='bbox 3085 4862 3210 4908; x_wconf 91' lang='lat' dir='ltr'><strong>sunt</strong></span> <span class='ocrx_word' id='word_1_960' title='bbox 3236 4857 3314 4905; x_wconf 80' lang='lat' dir='ltr'><strong>vel</strong></span> <span class='ocrx_word' id='word_1_961' title='bbox 3339 4858 3631 4922; x_wconf 83' lang='lat' dir='ltr'><strong>exteriora,</strong></span> 
     </span>
    </p>
   </div>
   <div class='ocr_carea' id='block_1_135' title="bbox 2048 4923 3633 4992">
    <p class='ocr_par' dir='ltr' id='par_1_135' title="bbox 2048 4923 3633 4992">
     <span class='ocr_line' id='line_1_135' title="bbox 2048 4923 3633 4992; baseline 0.001 -14"><span class='ocrx_word' id='word_1_962' title='bbox 2048 4937 2104 4978; x_wconf 91' lang='lat' dir='ltr'><strong>ut</strong></span> <span class='ocrx_word' id='word_1_963' title='bbox 2153 4923 2377 4989; x_wconf 63' lang='lat' dir='ltr'><strong>divitias,</strong></span> <span class='ocrx_word' id='word_1_964' title='bbox 2407 4923 2597 4988; x_wconf 91' lang='lat' dir='ltr'><strong>honor,</strong></span> <span class='ocrx_word' id='word_1_965' title='bbox 2631 4925 2816 4989; x_wconf 90' lang='lat' dir='ltr'><strong>amici,</strong></span> <span class='ocrx_word' id='word_1_966' title='bbox 2849 4924 3001 4976; x_wconf 88' lang='lat' dir='ltr'><strong>liberi</strong></span> <span class='ocrx_word' id='word_1_967' title='bbox 3042 4931 3098 4976; x_wconf 91' lang='lat' dir='ltr'><strong>et</strong></span> <span class='ocrx_word' id='word_1_968' title='bbox 3126 4933 3406 4992; x_wconf 89' lang='lat' dir='ltr'><strong>parentes;</strong></span> <span class='ocrx_word' id='word_1_969' title='bbox 3439 4925 3523 4978; x_wconf 79' lang='lat' dir='ltr'><strong>vel</strong></span> <span class='ocrx_word' id='word_1_970' title='bbox 3551 4927 3633 4981; x_wconf 84' lang='lat' dir='ltr'><strong>in-</strong></span> 
     </span>
    </p>
   </div>
   <div class='ocr_carea' id='block_1_136' title="bbox 2051 4994 3632 5060">
    <p class='ocr_par' dir='ltr' id='par_1_136' title="bbox 2051 4994 3632 5060">
     <span class='ocr_line' id='line_1_136' title="bbox 2051 4994 3632 5060; baseline 0.001 -13"><span class='ocrx_word' id='word_1_971' title='bbox 2051 4996 2266 5060; x_wconf 88' lang='lat' dir='ltr'><strong>teriora,</strong></span> <span class='ocrx_word' id='word_1_972' title='bbox 2296 4996 2407 5048; x_wconf 88' lang='lat' dir='ltr'><strong>sive</strong></span> <span class='ocrx_word' id='word_1_973' title='bbox 2435 4994 2695 5060; x_wconf 85' lang='lat' dir='ltr'><strong>corporis,</strong></span> <span class='ocrx_word' id='word_1_974' title='bbox 2721 5004 2779 5046; x_wconf 89' lang='lat' dir='ltr'><strong>ut</strong></span> <span class='ocrx_word' id='word_1_975' title='bbox 2804 4995 2986 5056; x_wconf 89' lang='lat' dir='ltr'><strong>robur,</strong></span> <span class='ocrx_word' id='word_1_976' title='bbox 3015 4994 3354 5060; x_wconf 85' lang='lat' dir='ltr'><strong>pulchritudo</strong></span> <span class='ocrx_word' id='word_1_977' title='bbox 3407 5004 3460 5046; x_wconf 85' lang='lat' dir='ltr'><strong>et</strong></span> <span class='ocrx_word' id='word_1_978' title='bbox 3489 5001 3632 5049; x_wconf 84' lang='lat' dir='ltr'><strong>sani-</strong></span> 
     </span>
    </p>
   </div>
   <div class='ocr_carea' id='block_1_137' title="bbox 2049 5064 3634 5127">
    <p class='ocr_par' dir='ltr' id='par_1_137' title="bbox 2049 5064 3634 5127">
     <span class='ocr_line' id='line_1_137' title="bbox 2049 5064 3634 5127; baseline 0.002 -10"><span class='ocrx_word' id='word_1_979' title='bbox 2049 5073 2160 5127; x_wconf 89' lang='lat' dir='ltr'><strong>tas;</strong></span> <span class='ocrx_word' id='word_1_980' title='bbox 2191 5067 2304 5118; x_wconf 89' lang='lat' dir='ltr'><strong>sive</strong></span> <span class='ocrx_word' id='word_1_981' title='bbox 2334 5064 2556 5126; x_wconf 79' lang='lat' dir='ltr'><strong>mentis,</strong></span> <span class='ocrx_word' id='word_1_982' title='bbox 2587 5073 2642 5116; x_wconf 92' lang='lat' dir='ltr'><strong>ut</strong></span> <span class='ocrx_word' id='word_1_983' title='bbox 2679 5064 2922 5126; x_wconf 88' lang='lat' dir='ltr'><strong>scientia,</strong></span> <span class='ocrx_word' id='word_1_984' title='bbox 2954 5075 3007 5117; x_wconf 92' lang='lat' dir='ltr'><strong>et</strong></span> <span class='ocrx_word' id='word_1_985' title='bbox 3036 5064 3234 5127; x_wconf 86' lang='lat' dir='ltr'><strong>virtus;</strong></span> <span class='ocrx_word' id='word_1_986' title='bbox 3283 5065 3394 5117; x_wconf 88' lang='lat' dir='ltr'><strong>sola</strong></span> <span class='ocrx_word' id='word_1_987' title='bbox 3441 5069 3634 5120; x_wconf 88' lang='lat' dir='ltr'><strong>mentis</strong></span> 
     </span>
    </p>
   </div>
   <div class='ocr_carea' id='block_1_138' title="bbox 2050 5134 3638 5204">
    <p class='ocr_par' dir='ltr' id='par_1_138' title="bbox 2050 5134 3638 5204">
     <span class='ocr_line' id='line_1_138' title="bbox 2050 5134 3638 5204; baseline 0.002 -17"><span class='ocrx_word' id='word_1_988' title='bbox 2050 5134 2185 5187; x_wconf 88' lang='lat' dir='ltr'><strong>bona</strong></span> <span class='ocrx_word' id='word_1_989' title='bbox 2235 5136 2463 5187; x_wconf 89' lang='lat' dir='ltr'><strong>hostium</strong></span> <span class='ocrx_word' id='word_1_990' title='bbox 2509 5134 2810 5204; x_wconf 89' lang='lat' dir='ltr'><strong>incursibus</strong></span> <span class='ocrx_word' id='word_1_991' title='bbox 2851 5149 2957 5186; x_wconf 91' lang='lat' dir='ltr'><strong>non</strong></span> <span class='ocrx_word' id='word_1_992' title='bbox 3001 5143 3127 5187; x_wconf 88' lang='lat' dir='ltr'><strong>sunt</strong></span> <span class='ocrx_word' id='word_1_993' title='bbox 3161 5134 3387 5189; x_wconf 80' lang='lat' dir='ltr'><strong>obnoxia</strong></span> <span class='ocrx_word' id='word_1_994' title='bbox 3420 5149 3436 5188; x_wconf 89' lang='lat'><strong>:</strong></span> <span class='ocrx_word' id='word_1_995' title='bbox 3469 5151 3638 5204; x_wconf 83' lang='lat' dir='ltr'><strong>quare</strong></span> 
     </span>
    </p>
   </div>
   <div class='ocr_carea' id='block_1_139' title="bbox 2048 5203 2724 5265">
    <p class='ocr_par' dir='ltr' id='par_1_139' title="bbox 2048 5203 2724 5265">
     <span class='ocr_line' id='line_1_139' title="bbox 2048 5203 2724 5265; baseline -0.004 -8"><span class='ocrx_word' id='word_1_996' title='bbox 2048 5205 2200 5258; x_wconf 82' lang='lat' dir='ltr'><strong>Ovid.</strong></span> <span class='ocrx_word' id='word_1_997' title='bbox 2238 5220 2294 5257; x_wconf 88' lang='grc' dir='ltr'><strong>ιιι</strong></span> <span class='ocrx_word' id='word_1_998' title='bbox 2323 5204 2511 5265; x_wconf 87' lang='lat' dir='ltr'><strong>Trist.,</strong></span> <span class='ocrx_word' id='word_1_999' title='bbox 2543 5203 2612 5257; x_wconf 90' lang='lat' dir='ltr'><strong>el.</strong></span> <span class='ocrx_word' id='word_1_1000' title='bbox 2649 5203 2678 5254; x_wconf 88' lang='lat'><strong>7</strong></span> <span class='ocrx_word' id='word_1_1001' title='bbox 2711 5217 2724 5254; x_wconf 93' lang='lat'>:</span> 
     </span>
    </p>
   </div>
   <div class='ocr_carea' id='block_1_140' title="bbox 2166 5293 3500 5359">
    <p class='ocr_par' dir='ltr' id='par_1_140' title="bbox 2166 5293 3500 5359">
     <span class='ocr_line' id='line_1_140' title="bbox 2166 5293 3500 5359; baseline -0.003 -13"><span class='ocrx_word' id='word_1_1002' title='bbox 2166 5298 2357 5359; x_wconf 82' lang='lat' dir='ltr'><strong>Nempe</strong></span> <span class='ocrx_word' id='word_1_1003' title='bbox 2375 5297 2456 5345; x_wconf 87' lang='lat' dir='ltr'><strong>dat</strong></span> <span class='ocrx_word' id='word_1_1004' title='bbox 2478 5303 2531 5344; x_wconf 89' lang='lat' dir='ltr'><strong>et</strong></span> <span class='ocrx_word' id='word_1_1005' title='bbox 2551 5295 2872 5359; x_wconf 71' lang='lat' dir='ltr'><strong>qiiodcunque</strong></span> <span class='ocrx_word' id='word_1_1006' title='bbox 2897 5293 3229 5359; x_wconf 65' lang='lat' dir='ltr'><strong>libetlortuna</strong></span> <span class='ocrx_word' id='word_1_1007' title='bbox 3254 5297 3500 5357; x_wconf 86' lang='lat' dir='ltr'><strong>rapitque,</strong></span> 
     </span>
    </p>
   </div>
   <div class='ocr_carea' id='block_1_141' title="bbox 2233 5357 3356 5416">
    <p class='ocr_par' dir='ltr' id='par_1_141' title="bbox 2233 5357 3356 5416">
     <span class='ocr_line' id='line_1_141' title="bbox 2233 5357 3356 5416; baseline -0.002 -10"><span class='ocrx_word' id='word_1_1008' title='bbox 2233 5357 2336 5406; x_wconf 86' lang='lat' dir='ltr'><strong>lrus</strong></span> <span class='ocrx_word' id='word_1_1009' title='bbox 2359 5365 2411 5405; x_wconf 87' lang='lat' dir='ltr'><strong>et</strong></span> <span class='ocrx_word' id='word_1_1010' title='bbox 2435 5364 2509 5404; x_wconf 86' lang='lat' dir='ltr'><strong>est</strong></span> <span class='ocrx_word' id='word_1_1011' title='bbox 2531 5357 2713 5414; x_wconf 86' lang='lat' dir='ltr'><strong>subito,</strong></span> <span class='ocrx_word' id='word_1_1012' title='bbox 2739 5358 2821 5416; x_wconf 91' lang='lat' dir='ltr'><strong>qui</strong></span> <span class='ocrx_word' id='word_1_1013' title='bbox 2846 5357 2986 5403; x_wconf 88' lang='lat' dir='ltr'><strong>modo</strong></span> <span class='ocrx_word' id='word_1_1014' title='bbox 3011 5357 3204 5406; x_wconf 64' lang='lat' dir='ltr'><strong>Croesus</strong></span> <span class='ocrx_word' id='word_1_1015' title='bbox 3229 5366 3356 5404; x_wconf 88' lang='lat' dir='ltr'><strong>erat.</strong></span> 
     </span>
    </p>
   </div>
   <div class='ocr_carea' id='block_1_142' title="bbox 2166 5416 3480 5478">
    <p class='ocr_par' dir='ltr' id='par_1_142' title="bbox 2166 5416 3480 5478">
     <span class='ocr_line' id='line_1_142' title="bbox 2166 5416 3480 5478; baseline -0.003 -11"><span class='ocrx_word' id='word_1_1016' title='bbox 2166 5419 2372 5478; x_wconf 79' lang='lat' dir='ltr'><strong>Singula</strong></span> <span class='ocrx_word' id='word_1_1017' title='bbox 2391 5417 2506 5478; x_wconf 90' lang='lat' dir='ltr'><strong>quid</strong></span> <span class='ocrx_word' id='word_1_1018' title='bbox 2530 5417 2779 5465; x_wconf 73' lang='lat' dir='ltr'><strong>referam?</strong></span> <span class='ocrx_word' id='word_1_1019' title='bbox 2803 5416 2869 5464; x_wconf 90' lang='lat' dir='ltr'><strong>nil</strong></span> <span class='ocrx_word' id='word_1_1020' title='bbox 2897 5430 2989 5464; x_wconf 90' lang='lat' dir='ltr'><strong>non</strong></span> <span class='ocrx_word' id='word_1_1021' title='bbox 3005 5417 3206 5465; x_wconf 79' lang='lat' dir='ltr'><strong>mort..le</strong></span> <span class='ocrx_word' id='word_1_1022' title='bbox 3233 5424 3480 5475; x_wconf 87' lang='lat' dir='ltr'><strong>tenemus,</strong></span> 
     </span>
    </p>
   </div>
   <div class='ocr_carea' id='block_1_143' title="bbox 2235 5479 3188 5538">
    <p class='ocr_par' dir='ltr' id='par_1_143' title="bbox 2235 5479 3188 5538">
     <span class='ocr_line' id='line_1_143' title="bbox 2235 5479 3188 5538; baseline -0.003 -12"><span class='ocrx_word' id='word_1_1023' title='bbox 2235 5480 2453 5527; x_wconf 80' lang='lat' dir='ltr'><strong>Pectoris</strong></span> <span class='ocrx_word' id='word_1_1024' title='bbox 2478 5486 2700 5538; x_wconf 80' lang='lat' dir='ltr'><strong>exceptis</strong></span> <span class='ocrx_word' id='word_1_1025' title='bbox 2723 5479 3011 5538; x_wconf 83' lang='lat' dir='ltr'><strong>ingeniique</strong></span> <span class='ocrx_word' id='word_1_1026' title='bbox 3035 5479 3188 5525; x_wconf 81' lang='lat' dir='ltr'><strong>bonis.</strong></span> 
     </span>
    </p>
   </div>
   <div class='ocr_carea' id='block_1_144' title="bbox 2172 5537 3440 5599">
    <p class='ocr_par' dir='ltr' id='par_1_144' title="bbox 2172 5537 3440 5599">
     <span class='ocr_line' id='line_1_144' title="bbox 2172 5537 3440 5599; baseline -0.004 -12"><span class='ocrx_word' id='word_1_1027' title='bbox 2172 5539 2244 5587; x_wconf 87' lang='lat' dir='ltr'><strong>En</strong></span> <span class='ocrx_word' id='word_1_1028' title='bbox 2270 5552 2364 5599; x_wconf 81' lang='lat' dir='ltr'><strong>ego</strong></span> <span class='ocrx_word' id='word_1_1029' title='bbox 2387 5551 2494 5586; x_wconf 90' lang='lat' dir='ltr'><strong>cum</strong></span> <span class='ocrx_word' id='word_1_1030' title='bbox 2517 5537 2662 5599; x_wconf 79' lang='lat' dir='ltr'><strong>patria</strong></span> <span class='ocrx_word' id='word_1_1031' title='bbox 2690 5537 2904 5599; x_wconf 83' lang='lat' dir='ltr'><strong>caream,</strong></span> <span class='ocrx_word' id='word_1_1032' title='bbox 2933 5537 3176 5598; x_wconf 56' lang='lat' dir='ltr'><strong>vobisque</strong></span> <span class='ocrx_word' id='word_1_1033' title='bbox 3197 5537 3440 5599; x_wconf 87' lang='lat' dir='ltr'><strong>domoque</strong></span> 
     </span>
    </p>
   </div>
   <div class='ocr_carea' id='block_1_145' title="bbox 2235 5598 3322 5660">
    <p class='ocr_par' dir='ltr' id='par_1_145' title="bbox 2235 5598 3322 5660">
     <span class='ocr_line' id='line_1_145' title="bbox 2235 5598 3322 5660; baseline -0.005 -14"><span class='ocrx_word' id='word_1_1034' title='bbox 2235 5598 2487 5660; x_wconf 75' lang='lat' dir='ltr'><strong>Baptaque</strong></span> <span class='ocrx_word' id='word_1_1035' title='bbox 2505 5598 2616 5656; x_wconf 84' lang='lat' dir='ltr'><strong>sint,</strong></span> <span class='ocrx_word' id='word_1_1036' title='bbox 2637 5600 2776 5646; x_wconf 82' lang='lat' dir='ltr'><strong>adimi</strong></span> <span class='ocrx_word' id='word_1_1037' title='bbox 2803 5598 2913 5660; x_wconf 70' lang='lat' dir='ltr'><strong>qua:</strong></span> <span class='ocrx_word' id='word_1_1038' title='bbox 2940 5611 3142 5659; x_wconf 69' lang='lat' dir='ltr'><strong>pauere</strong></span> <span class='ocrx_word' id='word_1_1039' title='bbox 3165 5598 3285 5660; x_wconf 82' lang='lat' dir='ltr'><strong>mibi</strong></span> <span class='ocrx_word' id='word_1_1040' title='bbox 3310 5609 3322 5641; x_wconf 89' lang='lat'><strong><em>:</em></strong></span> 
     </span>
    </p>
   </div>
   <div class='ocr_carea' id='block_1_146' title="bbox 2168 5657 3455 5722">
    <p class='ocr_par' dir='ltr' id='par_1_146' title="bbox 2168 5657 3455 5722">
     <span class='ocr_line' id='line_1_146' title="bbox 2168 5657 3455 5722; baseline -0.001 -12"><span class='ocrx_word' id='word_1_1041' title='bbox 2168 5657 2372 5722; x_wconf 78' lang='lat' dir='ltr'><strong>Ingenio</strong></span> <span class='ocrx_word' id='word_1_1042' title='bbox 2405 5657 2565 5709; x_wconf 80' lang='lat' dir='ltr'><strong>tamen</strong></span> <span class='ocrx_word' id='word_1_1043' title='bbox 2591 5665 2692 5721; x_wconf 83' lang='lat' dir='ltr'><strong>ips-</strong></span> <span class='ocrx_word' id='word_1_1044' title='bbox 2719 5657 2832 5708; x_wconf 83' lang='lat' dir='ltr'><strong>meo</strong></span> <span class='ocrx_word' id='word_1_1045' title='bbox 2847 5657 3150 5722; x_wconf 75' lang='lat' dir='ltr'><strong>comitorque</strong></span> <span class='ocrx_word' id='word_1_1046' title='bbox 3179 5657 3414 5722; x_wconf 78' lang='lat' dir='ltr'><strong>fruorque</strong></span> <span class='ocrx_word' id='word_1_1047' title='bbox 3443 5671 3455 5708; x_wconf 92' lang='lat'><strong>:</strong></span> 
     </span>
    </p>
   </div>
   <div class='ocr_carea' id='block_1_147' title="bbox 2234 5719 3295 5782">
    <p class='ocr_par' dir='ltr' id='par_1_147' title="bbox 2234 5719 3295 5782">
     <span class='ocr_line' id='line_1_147' title="bbox 2234 5719 3295 5782; baseline -0.004 -10"><span class='ocrx_word' id='word_1_1048' title='bbox 2234 5719 2393 5772; x_wconf 69' lang='lat' dir='ltr'><strong>Caesar</strong></span> <span class='ocrx_word' id='word_1_1049' title='bbox 2427 5724 2474 5770; x_wconf 91' lang='lat' dir='ltr'><strong>in</strong></span> <span class='ocrx_word' id='word_1_1050' title='bbox 2495 5723 2587 5770; x_wconf 89' lang='lat' dir='ltr'><strong>hoc</strong></span> <span class='ocrx_word' id='word_1_1051' title='bbox 2610 5719 2911 5782; x_wconf 79' lang='lat' dir='ltr'><strong>potuitjuris</strong></span> <span class='ocrx_word' id='word_1_1052' title='bbox 2935 5720 3121 5768; x_wconf 83' lang='lat' dir='ltr'><strong>habere</strong></span> <span class='ocrx_word' id='word_1_1053' title='bbox 3156 5719 3295 5768; x_wconf 72' lang='lat' dir='ltr'><strong>nihil.</strong></span> 
     </span>
    </p>
   </div>
  </div>
