4292 6262
659 317 760 372 583

759 430 814 502 4
842 430 1019 486 Gloria
1051 431 1219 486 felicis
1248 431 1373 484 olim
1405 430 1693 497 viridisque
1717 428 1975 496 iuventte,

834 520 1090 576 Solautur
1120 521 1294 576 mtesd
1327 536 1467 574 nunc
1493 534 1610 573 mea
1644 519 1746 572 fata
1775 517 1938 571 senis.

757 612 810 684 5
842 610 997 667 Venit
1026 612 1166 666 enim
1200 619 1484 680 properata
1517 608 1671 662 malis
1699 608 1916 675 inopina
1959 613 2233 668 senectus,

1873 313 1982 366 AN.
2029 310 2236 366 MANL.
2278 308 2430 364 sev.
2479 304 2702 378 Bouru

2272 424 2414 482 Αιο

2529 420 2595 474 Et
2624 419 2778 473 dolor
2808 425 3014 469 mtatem
3045 413 3202 483 jussit
3233 414 3410 465 inesse
3439 425 3612 464 suam.

2459 508 2814 578 Intempestivi
2849 505 3140 560 funduntur
3169 503 3367 558 vertice
3394 504 3536 564 cani,

2532 599 2595 653 Et
2620 599 2798 654 tremit
2823 596 2984 652 ell‘eto
3013 609 3237 664 corpore
3265 594 3391 647 laxa
3420 594 3579 648 cutis.

2004 693 2583 752 INTERPRETATIO.

658 796 890 866 larrynn’s
937 798 1161 850 sinceris.
1211 795 1402 850 Nullus
1451 804 1608 847 metus
1653 794 1818 862 potuit
1861 789 2238 866 adducere/ias

657 860 833 922 saltem
853 867 1048 925 Mus-as,
1068 876 1124 919 ut
1146 883 1246 919 non
1269 866 1628 919 concitarentur
1655 860 1816 916 meum
1840 868 1992 916 viam.
2019 860 2232 914 Etedem

657 939 838 999 Musae,
870 952 986 1001 quae
1015 936 1225 990 fuerunt
1245 937 1412 1007 gloria
1441 950 1572 988 mete
1589 938 1813 1007 juven'a:
1839 931 2098 1007 quondam
2125 931 2234 995 {or-

654 1018 844 1059 tunata:
868 1020 912 1058 et
933 1008 1129 1069 vividre,
1161 1005 1489 1059 consolantur
1511 1020 1642 1058 nunc
1669 1005 1946 1056 adversam
1972 1005 2235 1065 fortunam

654 1078 788 1130 senis
819 1079 998 1130 tristis.
1034 1076 1171 1129 Nam
1201 1085 1426 1130 senectus
1479 1075 1722 1141 festinata
1752 1073 1994 1127 (erumnis
2026 1069 2236 1141 accessit

658 1146 788 1200 mihi
824 1147 1121 1216 improvisa,
1165 1156 1212 1200 et
1248 1161 1432 1200 maeror
1459 1140 1646 1212 effecit,
1675 1153 1729 1196 ut
1758 1154 1882 1197 a'tas
1906 1157 2002 1196 sua
2026 1148 2154 1194 esset
2182 1140 2236 1192 in

2345 804 2440 839 me.
2476 784 2696 839 Canities
2722 790 3028 845 prmmatnra
3056 785 3319 847 snargitur
3349 795 3439 848 per
3470 793 3644 833 meum
3676 791 3845 848 caput,
3880 791 3932 838 et

2346 872 2463 910 mea
2487 855 2656 924 pellis,
2687 851 2931 924 confectis
2962 851 3219 912 membris,
3248 866 3434 918 rugosa
3456 853 3815 905 contremiscit.
3837 852 3931 906 Illa

2342 921 2762 978 mors/laminam
2785 929 2868 975 est
2889 921 3174 992 fortunata,
3195 935 3431 992 quw‘uon
3446 936 3563 992 sese
3589 924 3807 974 immittit
3832 926 3933 992 ﬂo-

2341 996 2567 1048 rentibus
2612 992 2918 1060 tcmporibns
2939 1033 2951 1049 ,
2986 997 3032 1042 et
3061 991 3202 1043 ades:
3229 1031 3243 1052 ,
3271 989 3480 1061 afﬂictis
3521 995 3811 1061 frequenter
3832 989 3933 1046 im-

2379 1068 2566 1118 (oratu.
2619 1059 2734 1116 Heu
2781 1070 3030 1129 quantum
3073 1059 3402 1113 inexorabilis
3447 1059 3827 1116 mors‘recedit
3868 1063 3932 1115 ab

2379 1084 2566 1118 (orata.
2619 1084 2734 1116 neu
2781 1084 3030 1129 quantum
3073 1084 3402 1113 tltexurlwms
3447 1084 3590 1114 mors
3638 1084 3827 1116 receau
3868 1084 3932 1115 aa

2342 1084 2648 1190 hominibus
2691 1132 3024 1195 calamitosis,
3073 1142 3118 1183 et
3164 1143 3420 1200 quantutn
3463 1132 3687 1185 crudelis
3730 1143 3932 1187 recusat

2164 1226 2394 1285 NOTIE.

735 1330 782 1385 lJ
826 1339 1076 1398 expertus
1113 1339 1196 1384 est
1233 1329 1467 1392 Boetius,
1514 1329 1604 1397 qui
1640 1338 1830 1396 agente
1871 1326 2226 1398 Tlteodorico,

657 1417 760 1456 non
792 1396 962 1455 solum
1001 1415 1153 1469 opes,
1194 1401 1498 1467 dignitates,
1532 1396 1847 1464 bonamque
1873 1396 2227 1469 valetudinem

657 1471 853 1534 amisit,
893 1470 986 1525 sed
1017 1465 1051 1523 a'
1077 1472 1186 1522 suis
1215 1465 1369 1523 etiam
1407 1470 1650 1523 desertus
1685 1469 1888 1530 amicis,
1919 1470 2113 1536 quippe
2140 1465 2231 1531 qui

660 1552 861 1596 terrore
885 1541 1242 1610 imperatoris,
1258 1539 1345 1608 qui
1371 1540 1592 1593 Romam
1617 1553 1824 1610 quoque
1846 1553 1950 1610 non
1973 1536 2236 1610 dubitavit

657 1620 919 1674 everti-re,
962 1605 1092 1664 'victi
1138 1605 1386 1677 fugerunt
1415 1625 1429 1665 :
1461 1605 1804 1677 quamobrem
1847 1607 2062 1660 Boetius
2101 1605 2232 1677 solis

659 1681 818 1732 animi
867 1681 1019 1734 bouis
1061 1682 1113 1732 in
1159 1675 1258 1732 suo
1306 1675 1499 1733 exsilio
1537 1679 1819 1732 comitatus
1861 1687 1966 1739 est,
2006 1675 2230 1730 scientia

660 1750 904 1804 videlicet
945 1760 996 1805 et
1040 1753 1272 1812 virtute;
1315 1749 1407 1803 sed
1445 1765 1565 1802 cum
1593 1749 1660 1801 de
1698 1762 1791 1800 sua
1823 1748 2018 1801 virtute
2049 1755 2234 1812 aperte
2267 1747 2313 1807 Β

660 1821 799 1880 loqui
833 1836 933 1874 non
966 1821 1036 1873 ita
1073 1821 1289 1873 deceret
1328 1825 1497 1872 virum
1540 1818 2010 1879 modestissimum,
2059 1817 2230 1869 nomi-

660 1894 794 1942 natis
845 1891 1028 1949 Musis.
1069 1891 1307 1944 scientias
1347 1890 1536 1943 saltem
1576 1888 1786 1943 comitis
1832 1886 2092 1941 meminit.
2145 1885 2235 1942 Sic

660 1959 812 2014 Ovid.
844 1976 892 2011 Iv
922 1960 1107 2020 Trist.,
1141 1960 1209 2011 el.
1251 1960 1267 2011 ι
1301 1976 1314 2010 :

781 2029 860 2077 Me
879 2042 1073 2090 quoque
1101 2030 1234 2078 Musa
1256 2029 1404 2090 levat,
1436 2027 1571 2076 Ponti
1604 2026 1862 2090 locaijussa
1891 2033 2172 2088 petentem:

845 2088 954 2138 Sula
975 2088 1140 2138 comes
1158 2096 1334 2137 nostrae
1362 2088 1573 2151 perstitit
1600 2088 1678 2135 illa
1702 2089 1844 2145 fuga).

781 2151 893 2199 Sola
919 2164 1009 2199 nec
1029 2151 1220 2198 insidias
1239 2152 1368 2199 inter
1401 2163 1494 2198 nec
1518 2151 1682 2197 militis
1700 2161 1889 2206 ensem,

837 2213 940 2261 Nec
965 2224 1098 2259 mare
1123 2225 1214 2259 nec
1234 2218 1420 2269 ventos,
1439 2213 1808 2270 barbariamque
1833 2211 1988 2258 timet.

681 2343 684 2347 _
731 2283 784 2336 Ν
811 2300 843 2336 n
861 2280 1101 2334 omittam
1122 2281 1259 2349 quod
1280 2280 1614 2349 grammatici
1631 2281 1840 2338 docent.
1857 2283 2034 2332 saltem
2056 2293 2236 2331 natum

657 2368 776 2407 esse
795 2369 822 2404 a
847 2352 1198 2420 c;iptivis,qui
1222 2352 1350 2404 nihil
1370 2349 1512 2405 aliud
1539 2361 1731 2419 printer
1747 2349 1960 2402 salutem
1983 2365 2010 2400 a
2035 2350 2237 2403 victore

695 2433 865 2477 clunt.

660 2442 1270 2562 pesi'u.n(l}.loria.]llonos,
1297 2491 1432 2562 bona
1467 2490 1600 2543 fama
1642 2499 1694 2544 et
1719 2489 1884 2558 gloria
1918 2489 1988 2562 ita
2015 2489 2236 2562 interse

655 2562 928 2621 d-ll‘cruut.
960 2559 1218 2614 ut'honos
1248 2559 1515 2628 quoddam
1548 2564 1617 2614 sit
1644 2575 1832 2628 genus,
1864 2561 1947 2611 cui
1977 2559 2234 2626 subjicia-

657 2642 740 2685 tur
764 2633 992 2700 priuium
1013 2631 1223 2700 quidem
1256 2632 1388 2682 bona
1417 2629 1588 2692 fama;
1612 2629 1804 2684 deinde
1831 2629 1997 2750 gloria
2023 2645 2038 2682 :
2066 2645 2232 2697 quare

657 2705 792 2750 sicut
837 2705 1028 2750 honos-
1069 2699 1144 2750 sic
1188 2700 1357 2750 aloria
1394 2703 1686 2750 generatim
1725 2709 1806 2750 est
1866 2714 1982 2750 tona
2021 2701 2232 2750 virtutis

655 2699 792 2754 sicut
837 2699 1041 2762 bonos,
1069 2699 1144 2754 sic
1188 2700 1357 2770 gloria
1394 2703 1686 2768 generatim
1725 2709 1806 2753 est
1837 2699 1982 2770 bona
2021 2701 2232 2770 virtutis

657 2773 844 2826 aliena:
888 2771 1250 2831 existimatio,
1289 2771 1440 2838 signo
1487 2770 1663 2838 aliquo
1709 2769 2038 2822 manifeStata
2078 2784 2093 2822 :
2138 2769 2231 2822 sed

657 2841 826 2895 honos
849 2851 1020 2907 potest
1047 2855 1167 2894 esse
1195 2839 1384 2901 unius;
1414 2841 1550 2893 bona
1595 2840 1753 2904 fama,
1781 2853 1885 2891 non
1920 2840 2018 2891 nisi
2048 2839 2231 2891 multi-

655 2911 878 2971 tudinis;
913 2921 966 2964 et
1003 2912 1192 2978 gloria.
1225 2911 1385 2963 etiam
1430 2910 1745 2974 nptimatum
1777 2909 1911 2962 bene
1940 2909 2006 2961 de
2038 2918 2090 2962 te
2119 2912 2233 2961 exi-

655 2981 980 3049 stimantium
1012 2997 1023 3032 :
1061 2979 1216 3042 hinc,
1247 2987 1464 3033 auctore
1490 2979 1797 3049 Scaligero,
1837 2979 2003 3046 gloria
2033 2978 2230 3049 dicitur

652 3049 805 3116 quasi
833 3048 994 3118 glosia
1032 3064 1050 3100 :
1085 3050 1355 3116 quomodo
1380 3064 1494 3112 ara,
1531 3048 1688 3112 lares,
1721 3063 1904 3109 arena,
1932 3048 2080 3115 quasi
2114 3065 2223 3105 asa.

654 3121 804 3192 lases,
836 3117 1038 3192 ascita;
1079 3119 1242 3192 glosia
1264 3127 1453 3192 autem
1495 3120 1668 3192 oritur
1701 3134 1767 3192 ex
1794 3119 2028 3192 γλῶσσα.
2072 3117 2122 3192 id
2154 3128 2234 3171 est
2263 3119 2306 3178 C

656 3189 851 3257 lingua,
880 3188 1018 3256 quod
1043 3187 1210 3254 gloria
1233 3190 1300 3242 sit
1325 3189 1462 3242 fama
1493 3190 1680 3257 ingens
1702 3188 1768 3243 de
1793 3187 2018 3258 alicujus
2045 3191 2238 3243 vir.ute

653 3274 718 3313 ac
747 3259 972 3313 meritis.
1005 3259 1134 3312 llinc
1164 3258 1229 3312 de
1259 3273 1317 3312 sc
1348 3260 1570 3324 I'lnnius,

1144 3336 1300 3384 Volito
1324 3338 1450 3384 vivu‘
1479 3349 1567 3396 per
1585 3349 1668 3385 ora
1691 3337 1865 3385 virum.

651 3407 800 3476 Quod
826 3407 1059 3461 imitatur
1088 3405 1274 3475 Virgil.
1315 3407 1528 3460 IEneid.
1567 3423 1665 3466 sit.
1699 3424 1748 3459 v.
1775 3407 1920 3460 233i:

771 3487 1015 3534 Succedet
1035 3484 1175 3545 fama,
1203 3486 1436 3546 vivusque
1462 3499 1550 3546 per
1575 3497 1659 3533 ora
1683 3485 1883 3534 feretur.

725 3568 884 3621 Fama
911 3576 1086 3620 autem
1121 3581 1222 3618 non
1254 3566 1356 3619 alia
1378 3566 1443 3619 dc
1465 3580 1623 3619 causa
1650 3566 1877 3619 habetur
1905 3564 2109 3634 ingens.
2127 3567 2229 3621 nisi

649 3637 787 3692 quod
822 3638 935 3689 lucc
967 3651 1059 3701 per
1089 3646 1299 3689 mentes
1326 3645 1380 3688 et
1426 3651 1520 3703 per
1547 3651 1641 3687 ora
1673 3650 1886 3704 quoque
1913 3636 2229 3702 nptimatum

650 3716 870 3775 vagatur
907 3723 920 3756 :
961 3706 1063 3758 huc
1101 3705 1390 3771 respiciens
1430 3704 1638 3757 Tuilius
1679 3719 1775 3772 pro
1819 3705 1952 3757 Mar.
1985 3723 1997 3758 :
2025 3705 2227 3772 Gloria,

653 3776 840 3843 inquit.
885 3785 955 3828 est
997 3775 1208 3845 illustris
1253 3785 1297 3827 et
1325 3785 1594 3843 pervagata
1630 3777 1910 3826 multorum
1941 3785 1984 3826 et
2016 3792 2227 3845 magno-

648 3861 761 3899 rum
781 3845 854 3897 vel
883 3846 933 3897 in
963 3860 1083 3896 suos
1111 3843 1262 3907 cives,
1287 3845 1360 3897 vel
1393 3845 1442 3896 in
1468 3845 1710 3910 patriam,
1735 3845 1809 3896 vel
1831 3846 1883 3896 in
1909 3860 2055 3896 omne
2073 3843 2228 3913 genus

648 3915 911 3968 hominum
938 3915 1074 3984 fama
1096 3915 1409 3966 meritorum.
1425 3914 1492 3966 At
1512 3915 1876 3984 quzeritttrgliic
1898 3915 2226 3980 scientiazne,

649 4000 717 4037 an
758 3982 966 4037 virtutis
1004 3985 1166 4037 fuerit
1204 3985 1389 4052 ingens
1429 3984 1518 4036 illa
1562 3984 1726 4036 Boetit
1770 3982 1952 4036 fama?
1996 3985 2082 4052 qui
2110 3999 2227 4052 pro

648 4055 843 4107 virtute
874 4055 1038 4107 Boetii
1071 4055 1342 4112 sentiunt.
1383 4053 1433 4105 hi
1474 4053 1752 4122 legendum
1796 4056 2223 4121 putautsolatur,

644 4123 785 4190 quod
815 4125 1053 4191 syntaxis
1075 4123 1273 4191 alioqui
1304 4139 1407 4176 non
1439 4132 1605 4176 staret
1633 4141 1646 4176 :
1680 4125 1831 4190 quasi
1862 4123 2081 4177 Boetius
2112 4126 2225 4178 latt-

645 4195 799 4246 dator
841 4197 1095 4260 temporis
1134 4193 1237 4246 acii
1266 4208 1325 4246 se
1361 4208 1546 4262 puero,
1596 4193 1791 4262 dixerit
1831 4207 1890 4248 se
1933 4208 2116 4256 senem
2163 4209 2224 4248 ea

645 4263 1010 4317 consolatione
1037 4261 1373 4329 sustentari,
1405 4265 1544 4330 quod
1575 4261 1958 4331 perjuventam
1980 4274 2084 4327 ,et
2115 4266 2226 4317 vir-

645 4343 757 4386 tute
804 4345 856 4386 et
899 4332 1067 4400 gloria
1107 4333 1318 4386 virtutis
1368 4335 1606 4400 praemio,
1649 4332 1870 4386 allectus
1902 4332 2081 4387 fuerit.
2116 4334 2224 4389 Nos

643 4411 842 4464 autem,
887 4417 984 4470 pro
1025 4404 1249 4457 scientia
1287 4412 1584 4471 pugnantes
1623 4403 1947 4457 arbitramur
1995 4404 2220 4471 gloriam

2523 1317 2717 1368 lndocili
2739 1328 2946 1365 numero
2969 1329 3074 1365 cum
3102 1329 3254 1374 grave
3277 1316 3432 1365 mollit
3453 1329 3591 1377 opus.

2463 1380 2632 1431 Cantat
2657 1388 2709 1429 et
2729 1381 2943 1428 innitens
2962 1377 3144 1426 |imos:e
3170 1391 3350 1438 pronus
3372 1391 3558 1438 arente,

2525 1440 2947 1500 Adversotardam
2970 1441 3210 1500 quivehit
3236 1451 3377 1486 amne
3402 1447 3576 1486 ratem.

2463 1505 2653 1564 Quique
2678 1499 2835 1549 refert
2859 1502 3043 1564 pariter?
3061 1499 3220 1564 lentos
3243 1499 3300 1547 ad
3329 1509 3526 1561 pectora
3549 1513 3727 1561 remos,

2529 1561 2586 1614 In
2602 1575 2857 1611 numerum
2879 1561 3012 1622 pulsa
3037 1563 3230 1609 brachia
3257 1570 3418 1610 versat
3437 1576 3576 1622 aqua.

2465 1625 2649 1676 Fessus
2673 1633 2727 1674 ut
2749 1624 2966 1670 incubuit
2988 1624 3160 1670 baculo
3183 1635 3400 1683 saxoque
3423 1623 3608 1672 resedit

2527 1688 2713 1742 Pastor,
2739 1684 3009 1732 arundineo
3028 1687 3244 1732 carmine
3271 1684 3451 1732 mulcet
3472 1697 3608 1734 oves.

2464 1747 2710 1800 Cantautis
2732 1747 2935 1808 pariter,
2959 1747 3144 1808 pariter
3166 1745 3273 1793 data
3297 1759 3446 1808 pplisa
3468 1748 3711 1797 trahentis

2532 1804 2939 1858 Fallitur'ancilla:
2958 1804 3301 1867 decipiturque
3324 1804 3474 1856 labor.

2465 1871 2643 1921 Fertur
2667 1877 2718 1918 et
2743 1869 2947 1916 abducta
2975 1867 3237 1928 Lyrneside
3262 1869 3415 1916 tristis
3438 1869 3652 1919 Achilles

2527 1932 2740 1980 {Emonia
2767 1942 2904 1976 curas
2929 1937 3208 1978 attenuasse
3234 1928 3346 1988 lyra.

2463 1993 2582 2045 Cum
2606 1993 2828 2041 traheret
2849 1991 2992 2039 silvas
3011 1990 3235 2050 Orpheus
3259 1999 3308 2038 et
3327 1993 3444 2038 dura
3467 1995 3686 2044 canendo

2525 2055 2653 2103 Saxa
2677 2055 2752 2102 bis
2777 2053 2950 2101 amissa
2973 2050 3181 2111 conjuge
3205 2059 3403 2100 mortus
3426 2062 3548 2102 erat.

2415 2138 2504 2194 Sic
2534 2153 2662 2206 ergo
2690 2137 2834 2190 Musa
2867 2137 3008 2189 levat
3036 2137 3279 2189 Boetium
3311 2154 3322 2187 :
3361 2137 3555 2192 Verum
3591 2135 3691 2194 tria
3725 2143 3809 2198 hic
3834 2159 3923 2199 su-

2342 2219 2565 2278 persunt
2590 2207 2944 2278 observanda.
2969 2207 3204 2278 Primum
3233 2207 3444 2278 quidem
3474 2210 3809 2268 observanda
3841 2220 3921 2271 vis
3996 2250 3998 2252 τ

2344 2276 2570 2353 mustine
2593 2279 2646 2353 in
2679 2278 2760 2330 his
2789 2277 2983 2353 verbis,
3011 2276 3172 2340 felicis
3194 2277 3317 2328 olim
3345 2292 3362 2329 :
3390 2292 3591 2353 censura
3614 2285 3782 2353 enim,
3805 2303 3924 2353 qua!

2345 2351 2474 2402 nihil
2507 2348 2650 2401 aliud
2688 2356 2772 2400 est
2804 2347 2854 2398 in
2894 2361 3071 2411 versu,
3106 2361 3264 2412 quam
3302 2347 3513 2401 residua
3548 2351 3739 2413 prioris
3766 2347 3919 2408 scan-

2341 2421 2497 2494 sionis
2529 2417 2756 2494 sjllaba,
2790 2433 2891 2484 qua
2928 2417 3188 2494 posterior
3221 2418 3419 2469 scansio
3451 2418 3718 2494 incipitur,
3752 2427 3923 2494 sylla-

2342 2490 2462 2544 bam
2494 2489 2624 2560 alias
2648 2489 2871 2560 brevem
2901 2485 3196 2553 producere
3225 2499 3437 2560 potest;
3472 2485 3612 2556 quod
3642 2485 3920 2560 nimirum,

2341 2561 2503 2614 veluti
2548 2558 2754 2621 initium
2793 2560 3068 2624 sequentis
3099 2557 3376 2621 vocabuli,
3420 2560 3490 2611 ita
3525 2561 3720 2614 elevari
3761 2557 3924 2622 debet

2344 2627 2776 2704 pronuntiando,_
2796 2636 2854 2680 ut
2884 2628 3116 2704 reliquas
3143 2626 3385 2704 ejusdem
3419 2631 3660 2704 vocabuli
3690 2634 3923 2704 syllabas

2342 2700 2606 2818 flaminem
2637 2697 2840 2818 posin:
2876 2697 3120 2764 exempla
3150 2706 3278 2750 sunt
3304 2698 3499 2766 cuique
3527 2701 3682 2754 obvia
3717 2697 3735 2758 ξ
3769 2705 3919 2776 Virg.

2417 2789 2467 2818 ll.
2504 2784 2575 2818 IV.
2611 2783 2658 2818 ν.
2737 2801 2742 2809 ί
2797 2783 2810 2818 ε

2340 2771 2467 2823 Ain.
2504 2784 2575 2829 tv,
2611 2783 2658 2818 v.
2700 2769 2767 2820 64
2797 2783 2810 2818 :

2464 2859 2753 2908 Pectoribus
2774 2857 2968 2906 inhians
2987 2857 3222 2917 spirantia
3243 2857 3453 2908 consulit
3477 2868 3614 2910 exta.

2412 2942 2611 3014 Deinde
2633 2939 3021 3014 observandum
3050 2938 3358 3010 discrimen,
3386 2942 3527 3009 quod
3557 2945 3798 3000 nonnulli
3823 2962 3919 3014 po-

2339 3022 2480 3086 nunt
2501 3013 2638 3086 inter
2659 3012 2920 3086 juventus,
2941 3012 3199 3086 juventaf,
3232 3020 3285 3064 et
3315 3014 3517 3078 iuventa
3544 3029 3563 3066 :
3597 3031 3717 3068 nam
3739 3012 3922 3086 juven.

2343 3091 2447 3140 tus,
2473 3079 2709 3148 inquiunt
2723 3120 2737 3142 ,
2759 3084 2840 3133 est
2859 3079 3142 3152 multitudo
3157 3079 3674 3152 juvetmm,juventas
3691 3079 3774 3139 est
3793 3088 3919 3152 dea,

2341 3163 2394 3205 et
2413 3155 2628 3222 juventa
2659 3162 2786 3201 a-tas
2821 3167 2831 3200 :
2863 3149 2954 3201 sed
2989 3152 3101 3222 lucc
3129 3165 3234 3203 non
3264 3149 3511 3208 constant
3542 3169 3555 3208 :
3586 3170 3708 3208 nam
3735 3149 3918 3210 Salio;

2341 3221 2475 3276 stius
2501 3225 2830 3290 juventuth
2871 3221 3082 3272 vocavit
3128 3226 3361 3276 natalem.
3413 3223 3688 3278 Postremo
3729 3228 3917 3280 obser-

2342 3296 2507 3344 vanda
2551 3301 2681 3343 a-tas
2730 3291 2913 3354 Boetii,
2953 3290 3041 3357 qtti
3085 3295 3329 3358 quamvis
3373 3293 3456 3345 hic
3501 3297 3733 3363 seipsum
3773 3297 3918 3352 dicat

2339 3377 2546 3424 senem,
2575 3371 2684 3413 tum
2714 3371 2911 3421 tamen,
2936 3376 3055 3413 cum
3083 3367 3193 3432 tunc
3221 3363 3502 3432 scriberet,
3535 3368 3768 3425 nondum
3792 3369 3920 3422 atti-

2337 3441 2488 3505 gerat
2510 3433 3002 3500 quinquagesimum
3027 3431 3198 3484 tPtatis
3225 3446 3334 3485 sum:
3363 3431 3562 3488 annum
3591 3453 3604 3488 ε
3632 3448 3913 3505 propterea

2337 3502 2484 3554 addit
2505 3516 2564 3554 se
2591 3517 2694 3553 non
2730 3512 2834 3553 tam
2864 3515 3147 3563 annorum,
3185 3517 3344 3570 quam
3384 3502 3744 3560 mrumnai-uni
3774 3508 3915 3562 serie

2337 3572 2580 3625 senuisse
2608 3572 2705 3624 sic.
3000 3607 3002 3609 μ

2337 3657 2342 3661 '
2407 3644 2460 3695 9.
2506 3640 2740 3694 Venit....
2773 3639 3048 3710 senectus.]
3082 3639 3360 3695 Rationem
3391 3643 3544 3698 all‘ert
3575 3646 3791 3701 Boetius
3815 3662 3914 3700 cur

2329 3725 2395 3766 se
2435 3711 2649 3782 dixerit,
2675 3725 2878 3782 senem.
2928 3713 3186 3764 Senectus
3227 3716 3437 3780 quippe,
3490 3730 3640 3782 qum,
3688 3729 3910 3771 auctore

2340 3781 2770 3855 'l‘ull_io_,_deﬁniri
2802 3791 2975 3855 potest
3018 3796 3227 3855 occasus
3265 3784 3410 3846 eine,
3451 3781 3519 3837 es
3559 3800 3624 3838 eo
3653 3787 3915 3855 contingit

2333 3851 2473 3920 quod
2500 3851 2667 3916 libris,
2692 3866 2759 3904 ex
2793 3851 2988 3923 quibus
3017 3852 3202 3923 solida:
3228 3855 3467 3920 corporis
3487 3855 3701 3908 animati
3733 3851 3914 3923 partes

2332 3919 2600 3984 constant,
2627 3919 2928 3985 retardatis,
2962 3920 3162 3974 eaedem
3196 3919 3372 3990 partes
3398 3926 3583 3979 solida:
3611 3926 3674 3978 ad
3709 3919 3907 3982 tantam

2330 3993 2580 4045 duritiem
2622 3990 2954 4059 perveniant,
2989 4000 3047 4042 ut
3077 4006 3180 4044 non
3213 3992 3371 4045 modo
3396 4007 3501 4048 non
3527 4009 3792 4061 crescant,
3814 3999 3908 4050 sed

2334 4076 2430 4115 nec
2475 4062 2674 4134 nutriri
2711 4061 2934 4134 possint.
2980 4061 3114 4134 llinc
3157 4061 3401 4124 caniies,
3432 4079 3576 4134 ruga:
3616 4075 3671 4119 et
3710 4076 3912 4120 tremor

2331 4134 2607 4185 oriuntur;
2637 4128 2868 4205 Canities
2905 4131 3126 4205 quidem
3157 4147 3184 4182 a
3220 4128 3720 4205 senectute'nritur,
3769 4139 3912 4205 quod

2330 4215 2520 4256 succus
2564 4214 2629 4254 ex
2665 4215 2770 4267 quo
2803 4203 2933 4274 liunt
2953 4201 3150 4274 capilli,
3177 4203 3352 4274 minus
3375 4215 3530 4258 actus
3558 4201 3910 4274 corpusculo-

2332 4287 2447 4325 rum
2471 4274 2816 4324 rotundorum
2847 4270 3064 4342 figuram
3096 4271 3267 4342 induit
3296 4288 3309 4328 :
3348 4286 3630 4342 propterea
3658 4270 3802 4329 enim
3830 4277 3910 4329 al-

2331 4344 2552 4395 bescunt
2575 4343 2684 4404 nix,
2708 4355 2832 4401 ova,
2858 4341 3068 4403 charta,
3098 4340 3267 4410 ipsum
3291 4340 3453 4396 etiam
3477 4353 3828 4399 atramentum
3855 4347 3906 4400 in

2328 4426 2570 4478 spumam
2619 4424 2933 4463 conversum
2979 4422 3321 4480 {propterea
3371 4413 3696 4466 candescuut
3742 4415 3907 4469 lintea

646 4475 782 4526 hanc
809 4472 984 4552 fuisse
1002 4473 1285 4552 Musarum,
1314 4473 1382 4525 de
1407 4472 1674 4552 quibusin
1706 4488 1867 4552 versu
1897 4473 2084 4552 ultimo
2108 4477 2220 4544 agi-
2247 4493 2300 4552 Ι)
2327 4472 2435 4534 rori
2463 4481 2672 4546 solique
2699 4481 2938 4546 exposita
2964 4495 2978 4532 :
3013 4472 3203 4552 hinc'si
3234 4482 3422 4536 eadem
3449 4483 3759 4550 capillorum
3788 4501 3906 4538 tua.

643 4552 765 4597 tur:
803 4544 943 4596 unde
974 4544 1253 4610 legendum
1283 4553 1552 4608 putamus,
1585 4545 1722 4597 sicut
1763 4543 1814 4595 in
1845 4543 2096 4598 omnibus
2119 4543 2214 4598 an-

643 4614 802 4681 liquis
843 4613 1112 4667 codicibus
1158 4613 1352 4681 legitur
1384 4613 1616 4666 solantur
1656 4628 1675 4666 :
1723 4613 1874 4680 quasi
1914 4613 1981 4666 ab
2023 4615 2212 4669 eodem

644 4683 827 4754 Boetiu
856 4683 1098 4737 dicatur:
1133 4681 1296 4736 Musa:
1326 4684 1384 4735 ob
1410 4699 1535 4750 quas
1564 4684 1688 4754 dum
1718 4682 1924 4754 juvenis
1951 4685 2208 4752 ﬂorerent,

641 4753 858 4821 gloriam
885 4762 1182 4805 consecutus
1209 4769 1344 4817 sum,
1372 4769 1504 4805 nunc
1526 4753 1778 4821 afﬂictum
1798 4769 1970 4806 senem
1991 4769 2068 4806 me
2092 4770 2214 4807 con-

641 4823 889 4875 solantur.
925 4823 986 4876 Et
1013 4834 1157 4876 certe
1185 4837 1306 4876 cum
1338 4837 1489 4876 mens
1522 4824 1748 4876 humana
1783 4823 2021 4887 pluribus
2051 4825 2210 4878 simul

641 4893 1047 4960 cogitationibus
1080 4892 1430 4947 vehementer
1473 4892 1615 4946 afﬁci
1648 4899 1896 4958 nequeat,
1929 4901 2208 4960 propterea

641 4964 765 5015 dum
797 4963 847 5014 in
874 4961 1159 5029 jucundam
1192 4962 1563 5029 cogitationem
1594 4961 1783 5015 sedulo
1808 4963 2086 5028 incumbit,
2118 4978 2213 5018 sae-

643 5035 759 5098 pius
801 5033 933 5082 tristi
980 5032 1320 5099 cogitatione,
1363 5033 1525 5085 veluti
1564 5032 1718 5098 hujus
1762 5033 2062 5098 immemor,
2103 5047 2207 5086 non

641 5100 848 5152 videtur
877 5100 1014 5153 ailici
1048 5120 1062 5152 :
1106 5103 1184 5155 sic
1217 5101 1306 5168 qui
1343 5100 1583 5168 perfecto
1625 5101 1828 5154 scelere
1866 5103 2207 5157 conscientia:

639 5169 868 5224 stimulis
891 5180 1168 5234 vexantur,
1193 5171 1352 5224 iidem
1384 5171 1526 5232 ludo,
1544 5170 1820 5236 colloquiis
1860 5180 1952 5223 aut
1973 5172 2209 5238 qualibet

639 5240 738 5295 alia
762 5241 1164 5306 exercitatione,
1182 5250 1428 5308 tanquam
1451 5242 1817 5294 consolatione
1840 5240 2047 5294 tristem
2069 5243 2205 5297 hanc

637 5310 1010 5380 cogitationem
1054 5311 1388 5379 permulcent
1425 5327 1437 5361 :
1484 5311 1564 5363 sic
1601 5322 1751 5378 pater
1793 5311 2061 5377 inopinata
2111 5312 2203 5366 lilii

637 5380 966 5435 dilectissimi
993 5390 1164 5434 morte
1183 5379 1430 5443 amictus,
1445 5380 1681 5448 diligenti
1704 5381 2003 5434 venationis
2022 5380 2206 5437 labore

639 5460 885 5518 tauquam
913 5451 1276 5520 consolatione
1304 5449 1500 5502 luctum
1533 5451 1604 5503 ita
1632 5451 1887 5520 abstergit
1906 5490 1923 5515 ,
1953 5460 2012 5504 ut
2043 5451 2204 5520 hujus

639 5521 916 5574 immemor
941 5521 1204 5574 videatur.
1233 5519 1452 5572 Ovidius
1483 5536 1531 5573 tv
1557 5521 1745 5586 Trist.,
1769 5523 1839 5575 el.
1877 5521 1928 5587 l,
1955 5521 2097 5575 canit
2126 5539 2140 5575 :

758 5611 906 5674 Exsul
935 5623 1084 5668 eram,
1108 5623 1123 5658 ι
1153 5611 1409 5674 :qttiesque
1428 5612 1566 5667 mi'i,
1594 5624 1690 5660 non
1715 5611 1836 5661 fama
1863 5614 2013 5674 petita
2033 5621 2109 5664 est
2133 5625 2149 5665 :

821 5671 959 5719 Mens
979 5676 1160 5720 intentu
1184 5673 1285 5720 suis
1307 5684 1370 5720 ne
1390 5671 1515 5720 foret
1539 5685 1693 5734 usque
1715 5671 1866 5723 malis.

762 5732 864 5780 Hoc
882 5741 958 5782 est
980 5745 1066 5780 cur
1087 5740 1252 5782 cantet
1273 5735 1462 5783 vinctus
1482 5732 1677 5796 quoque
1699 5736 1937 5796 compede
1961 5737 2132 5797 fossor,

2327 4553 2480 4612 teria,
2529 4559 2844 4622 recuoerato
2879 4564 2977 4622 suo
3017 4551 3241 4616 pristino
3273 4564 3458 4622 motu.
3504 4556 3638 4622 hanc
3679 4555 3900 4622 ﬁgurant
3977 4619 3982 4622 _

2323 4629 2512 4680 tuutct,
2540 4620 2763 4691 canities
2799 4620 3017 4691 exuitur
3045 4636 3058 4672 :
3090 4630 3146 4673 ut
3174 4622 3228 4674 itt
3270 4620 3336 4674 iis
3367 4621 3652 4689 aliquando
3681 4620 3908 4691 contigit

2320 4691 2409 4758 qui
2437 4689 2756 4762 valetudinis
2795 4680 2926 4762 vitio
2955 4701 3265 4762 canueraut.
3301 4680 3468 4762 Rugaz'
3493 4693 3652 4746 etiam
3683 4707 3712 4746 a
3739 4680 3903 4748 setm-

2320 4770 2463 4814 ctute
2485 4760 2754 4831 oriuntur:
2781 4759 2920 4827 quod
2949 4759 3096 4831 ﬁbrae
3117 4761 3276 4825 cutis,
3304 4759 3423 4831 quae
3449 4773 3604 4816 antea
3629 4771 3772 4816 motu
3790 4765 3906 4817 dis-

2325 4829 2660 4893 tondebatur,
2715 4839 2934 4882 moratae
2965 4829 3083 4883 alia:
3107 4832 3225 4884 aliis
3255 4829 3335 4885 sic
3359 4832 3685 4896 incumbant,
3711 4843 3769 4887 ut
3790 4836 3904 4886 sul-

2319 4915 2440 4953 cum
2471 4900 2728 4964 mentitm,
2753 4900 2954 4952 vultum
2979 4914 3131 4971 arare
3155 4901 3456 4956 videantur.
3489 4902 3723 4971 Denique
3745 4917 3904 4957 senes

2322 4979 2552 5024 tremere
2574 4971 2770 5040 solent,
2803 4977 3020 5037 propter
3047 4970 3280 5040 inopiam
3308 4971 3592 5040 spirituum
3619 4970 3648 5024 a
3674 4973 3900 5027 cerebro

2321 5055 2414 5109 per
2444 5055 2639 5095 nervos
2665 5039 3006 5093 dili‘usorum.

2391 5111 2591 5179 Duplex
2639 5121 2816 5162 autem
2846 5117 2928 5162 est
2968 5117 3215 5162 senectus
3249 5152 3263 5176 ,
3311 5123 3506 5178 nempe
3560 5111 3818 5165 naturalis
3848 5123 3904 5165 et

2317 5179 2546 5235 violenta
2567 5198 2577 5232 :
2618 5179 2764 5248 prior
2783 5193 3064 5251 annorum,
3086 5182 3349 5251 posterior
3364 5194 3720 5234 aerumnarum
3743 5184 3899 5251 longa

2314 5253 2454 5306 serie
2475 5247 2668 5305 accidit
2695 5265 2710 5304 :
2739 5247 2877 5302 unde
2906 5248 3058 5302 Ovid.
3101 5249 3137 5302 Ι.
3168 5248 3272 5302 tde
3304 5250 3482 5314 Pont.,
3513 5251 3584 5304 el.
3612 5251 3646 5306 5
3672 5269 3688 5306 :

2499 5343 2604 5391 Jam
2630 5341 2748 5388 mihi
2769 5341 2989 5389 deterior
3008 5343 3143 5402 canis
3165 5343 3440 5402 aspergitur
3458 5347 3599 5402 tetas,

2563 5403 2930 5462 Jamquemeos
2953 5401 3113 5450 vultus
3137 5401 3258 5460 ruga
3282 5401 3451 5450 senilis
3471 5401 3630 5452 arat...

2502 5461 2742 5524 Contiteiir
2760 5461 2921 5510 facere
2945 5462 3034 5510 hoc
3061 5475 3213 5511 annos
3237 5464 3356 5512 :sed
3382 5472 3433 5512 et
3452 5463 3604 5513 altera
3631 5475 3775 5512 causa
3799 5467 3896 5524 est,

2563 5523 2801 5572 Anxietas
2816 5523 3340 5586 animicontinuusque
3365 5524 3560 5573 labor...

2505 5585 2585 5633 Me
2610 5595 2802 5644 quoque
2827 5583 3051 5632 debilitat
3071 5588 3230 5634 series
3260 5583 3493 5634 immensa
3519 5586 3738 5635 laborum
3766 5599 3780 5632 :

2565 5646 2693 5693 Ante
2717 5656 2878 5693 meum
2901 5650 3092 5706 tempus
3118 5658 3266 5708 cogor
3291 5653 3344 5696 et
3369 5660 3482 5696 esse
3505 5659 3686 5697 senex.

2392 5727 2548 5797 Atqui
2572 5726 2784 5782 Boetius
2810 5738 2912 5779 non
2937 5724 3003 5781 de
3023 5741 3227 5782 annosa
3248 5741 3342 5783 sua
3366 5738 3642 5785 senectute
3662 5741 3896 5798 conque-
