4292 6262
350 384 457 439 535

450 494 507 564 6
532 491 673 546 Mors
699 488 972 543 hominum
997 487 1140 551 felix,
1170 502 1289 553 qua:
1310 502 1369 541 se
1392 501 1491 541 nec
1513 485 1760 538 dulcibus
1783 483 1936 535 annis
1971 490 2017 544 Α

527 583 737 645 luserit,
769 594 821 635 et
852 580 1062 633 maestis
1090 593 1233 648 saipe
1266 587 1449 634 vocata
1484 577 1651 631 venit.

349 681 418 735 15
454 680 503 750 7
539 675 720 731 Eheu!
754 688 909 743 quant
940 670 1102 725 surda
1130 670 1357 725 miseros
1382 670 1642 722 avertitur
1667 680 1795 720 aure
1819 705 1832 725 ,

530 770 591 823 Et
623 770 813 821 flentes
831 764 1015 819 oculos
1041 763 1291 817 claudere
1314 777 1456 816 szeva
1489 762 1682 828 negat!

456 864 590 916 Dum
620 860 827 917 levibus
848 857 1092 912 malefida
1124 856 1279 911 bouis
1309 856 1517 910 fortuna
1548 853 1777 910 faveret.

1284 377 1369 430 DE
1409 372 1934 431 (IONSULATIONE
1974 370 2446 427 PHILOSOPHI/E
2486 372 2615 425 ΗΒ.
2660 375 2697 427 Ι.

3536 373 3636 427 586

2227 482 2369 536 Pene
2391 491 2553 549 caput
2573 483 2742 537 tristis
2770 492 3030 539 merserat
3058 483 3188 538 hora
3221 497 3420 537 meum.

2156 574 2305 629 Nunc
2325 576 2448 644 quia
2483 576 2724 630 fallacem
2755 578 2979 630 mutavit
3019 576 3199 631 nubila
3230 576 3454 637 vultum,

2048 665 2117 722 '20
2229 666 2498 721 Protrahit
2525 670 2758 737 ingratas
2790 669 2951 737 impia
2981 669 3085 723 vita
3115 682 3313 723 moras.

2154 759 2211 827 8
2237 757 2373 823 Quid
2404 773 2489 811 me
2520 759 2728 813 felicem
2758 760 2917 815 toties
2942 759 3426 828 jactastis,aniici?

2156 848 2255 913 Qui
2288 848 2500 911 cecidit,
2528 850 2705 905 stabili
2731 866 2837 905 non
2866 861 2982 906 erat
3012 851 3101 905 ille
3126 850 3313 919 gradu.

1726 937 2303 998 INTERPRETATIO.

322 1048 609 1103 'obstrnere
647 1045 823 1100 oculos
860 1042 1235 1114 facrymanm!
1271 1038 1639 1114 Cumfortuna
1669 1038 1731 1090 ob
1758 1037 1939 1088 incon-

351 1131 569 1174 stantem
611 1119 830 1190 gratiam
872 1110 1067 1190 temere
1096 1113 1311 1177 credita,
1354 1111 1479 1163 milii
1517 1110 1793 1190 aspiraret,
1837 1120 1939 1157 non

354 1194 577 1245 multum
611 1179 806 1253 ‘abfuit,
848 1186 971 1252 quin
1014 1183 1123 1237 dies
1165 1192 1342 1236 maesta
1386 1179 1725 1234 terminaverit
1774 1188 1938 1253 meam

354 1264 508 1316 citam
537 1276 557 1315 :
578 1245 698 1328 jam'
721 1245 871 1321 vero,
906 1256 1149 1325 quoniam
1187 1254 1399 1308 fortuna
1440 1254 1656 1303 adversa
1694 1245 1941 1300 convertit

2052 1041 2315 1098 aspectum
2360 1031 2653 1085 mendacem
2680 1071 2693 1093 ,
2739 1033 2916 1085 anima
2960 1047 3078 1086 mea
3126 1030 3358 1096 improba
3402 1028 3637 1095 producit

2054 1115 2205 1156 meos
2248 1103 2357 1155 dies
2400 1103 2731 1170 injucundos.
2781 1103 2824 1156 Ο
2869 1103 3043 1167 amici,
3090 1117 3247 1167 quare
3291 1099 3495 1153 dixistis
3534 1106 3637 1149 tam

2050 1185 2204 1239 stupe,
2238 1188 2317 1224 me
2343 1186 2463 1226 esse
2490 1173 2739 1226 beatum?
2762 1173 2850 1240 qui
2875 1174 3052 1240 lapsus
3087 1182 3182 1237 est,
3213 1171 3302 1225 ille
3338 1186 3437 1224 non
3468 1170 3638 1222 stabat

2052 1242 2261 1314 uestigio
2298 1242 2447 1310 ﬁrmo

1894 1366 2125 1422 ΝΟΤᾹΞ.

359 1501 498 1555 ritur
529 1516 545 1553 :
576 1498 621 1551 si
650 1496 864 1563 quidem
896 1490 1146 1547 haec‘non
1191 1490 1376 1565 incipit
1413 1498 1539 1565 ante
1575 1500 1773 1565 annum
1804 1485 1939 1565 vita:

359 1556 877 1639 quinquagesimum,
924 1578 1082 1639 quem
1120 1556 1357 1639 nonduin
1398 1560 1645 1625 attigerat
1690 1556 1940 1639 Boetius,

359 1631 576 1709 quando
601 1631 720 1709 inec
748 1631 998 1709 scripsit;
1041 1632 1134 1687 sed
1175 1631 1244 1685 de
1267 1643 1594 1709 arrutnnosa
1632 1632 1807 1709 solum
1845 1639 1941 1678 sua

361 1698 640 1765 senectute
670 1707 754 1761 hic
790 1698 1044 1774 loquitur,
1078 1699 1641 1774 quam_idcirco_tl_icit,
1675 1698 1728 1749 1"
1761 1710 1943 1774 prape-

363 1763 533 1834 ratum
560 1779 708 1830 malis
730 1814 745 1838 ,
779 1763 919 1841 quod
949 1763 1200 1827 ternum».
1236 1771 1434 1825 fuerint
1472 1768 1612 1823 illius
1653 1763 1945 1841 senectutis

362 1864 568 1911 αιιιςως
600 1847 658 1901 2°
681 1835 1122 1913 inopinum,an
1147 1844 1261 1896 haec
1286 1850 1410 1895 ante
1430 1848 1640 1913 tempus
1670 1835 1939 1913 adfuerit;

362 1904 423 1975 3"
447 1904 648 1974 atatem
674 1904 889 1977 doloris,
919 1904 1058 1982 quod
1086 1928 1206 1968 cum
1236 1920 1367 1982 setas
1393 1904 1576 1963 senilis
1595 1907 1835 1982 dolorem
1864 1904 1943 1958 af-

365 1990 509 2045 ferre
536 1992 726 2046 soleat.
758 1976 911 2040 dolor
940 1976 1127 2038 Boetio
1156 1981 1393 2036 attulerit
1422 1988 1636 2034 astatem
1666 1976 1890 2046 senilem
1925 1991 1938 2026 :

368 2062 492 2115 hinc
510 2045 733 2113 cani'ies
746 2057 910 2111 Boetii
936 2064 1153 2109 vocatur
1175 2052 1544 2117 intempestiva,
1564 2046 1703 2115 quod
1726 2045 1939 2110 exsilio,

365 2145 606 2193 carcere,
644 2129 961 2195 ueterisque
996 2121 1395 2195 calamitatibus
1420 2120 1677 2195 atmidertt
1708 2134 1724 2172 :
1758 2131 1946 2185 quem-

365 2188 655 2254 admolum
687 2188 951 2266 Scaliger,
982 2195 1216 2249 Exercit.
1247 2191 1351 2247 512
1382 2190 1433 2243 in
1464 2188 1694 2243 Cardan.
1714 2229 1744 2266 ,_
1765 2196 1947 2240 narrat

367 2271 652 2339 quemdam
676 2260 861 2339 subito
875 2260 1061 2320 mertis
1089 2277 1295 2318 terrore
1323 2272 1627 2330 correptum
1659 2260 1817 2313 unius
1844 2271 1943 2310 no-

368 2338 471 2396 ctis
494 2340 668 2410 spatio
696 2338 960 2410 canitisse.

440 2399 576 2465 Cum
607 2424 763 2478 porro
790 2406 1031 2470 canities,
1056 2418 1200 2473 ruga:
1224 2412 1276 2456 et
1298 2411 1499 2478 tremor
1521 2399 1814 2478 senectutis
1839 2412 1944 2478 non

370 2482 551 2535 minus
566 2471 881 2533 aerumnosa
896 2492 1053 2544 quant
1078 2471 1294 2527 annosa:
1314 2474 1424 2527 sint
1441 2471 1684 2544 comites.
1700 2476 1948 2544 propter-

367 2567 432 2606 ea
466 2552 655 2604 horum
689 2551 755 2602 fit
774 2537 976 2603 ment-io
1004 2545 1247 2600 versibus
1304 2544 1365 2596 11
1398 2551 1454 2598 et
1482 2542 1549 2595 1‘}.
1573 2544 1725 2607 quast
1754 2537 1949 2592 ftterint

367 2621 513 2677 eﬂcti
552 2619 792 2689 corporis
824 2617 1032 2675 effecta.
1069 2614 1270 2683 Nempe
1295 2613 1450 2689 effeta
1475 2618 1695 2689 vocatur
1716 2609 1945 2689 primum

368 2692 586 2761 quidem
619 2679 808 2761 parens
829 2700 1181 2761 quacunque,
1205 2679 1327 2761 quae
1349 2684 1513 2738 fetum
1538 2679 1947 2761 edidit,rdeittde

370 2749 585 2831 parens.
618 2749 735 2831 qua
778 2749 1040 2827 frequenti
1076 2749 1240 2831 partu
1271 2756 1464 2831 lassata
1507 2766 1697 2831 parere
1730 2749 1945 2831 tandem

369 2819 549 2895 desiit,
577 2819 806 2899 denique
846 2819 933 2883 res
958 2819 1177 2899 qumvis,
1206 2839 1326 2893 quae
1350 2819 1847 2899 egliatigisvirilrus
1877 2819 1948 2872 ita

371 2890 609 3027 lansgiuet,
628 2890 757 2955 nihil
779 2912 837 2954 ut
868 2890 1032 2966 possit
1051 2890 1364 2965 producere.
1395 2894 1485 2949 Sic
1500 2892 1690 2963 Virgil.
1720 2890 1946 2956 tGeor.,

371 2986 421 3026 ν.
542 2989 558 3025 :

368 2986 558 3026 v.81:

492 3062 676 3112 Effetm
691 3062 909 3111 cinerem
928 3057 1223 3108 immundum
1244 3058 1428 3119 jactare
1452 3069 1541 3117 per
1564 3068 1726 3116 agros.

444 3144 690 3198 15.310"
706 3143 965 3197 hominum
984 3138 1151 3210 [θυι]
1168 3140 1297 3193 Cum
1322 3139 1517 3210 locutio
1534 3135 1952 3210 sitcogitationis

368 3216 658 3285 interpres,
688 3214 860 3281 qualis
889 3207 1273 3285 est'cogitantio,
1324 3207 1445 3285 talis
1482 3223 1602 3285 esse
1639 3208 1802 3285 debet
1851 3207 1946 3285 ho-

366 3276 531 3338 minis
558 3276 756 3337 locutio
781 3301 793 3334 :
829 3298 955 3337 vere
974 3276 1116 3336 entin
1135 3280 1384 3333 Christus
1402 3280 1589 3347 Matth.
1610 3293 1702 3347 xu,
1725 3276 1816 3336 54,
1837 3278 1910 3330 ait
1936 3294 1948 3330 :

368 3355 454 3408 lia:
474 3355 788 3407 abundantia
807 3354 973 3405 cordis
996 3369 1050 3403 os
1074 3351 1315 3418 loquitur.
1341 3349 1429 3401 Sic
1455 3346 1604 3409 Dido,
1634 3346 1851 3401 Eneid.
1876 3363 1947 3415 tv,

369 3441 467 3488 pro
496 3427 738 3484 diversis,
772 3425 963 3491 quibus
997 3439 1045 3472 in
1074 3421 1295 3473 Aiuemi
1327 3418 1949 3491 af'ficitur,4_cogitatioui-

366 3496 466 3549 bus
492 3497 706 3549 diversa
738 3488 990 3562 loquitur,
1038 3500 1096 3544 ut
1118 3492 1273 3544 .buuc
1304 3490 1461 3543 modo
1492 3504 1521 3541 a
1560 3488 1682 3552 diis,
1717 3489 1878 3542 modo
1919 3504 1950 3541 a

366 3568 494 3620 feris
517 3568 753 3634 genitum
787 3566 873 3618 dic
892 3574 929 3616 ιι
957 3581 971 3614 :

486 3646 645 3694 Credo
665 3644 916 3705 equidem,
938 3654 1031 3691 nec
1054 3652 1172 3688 vana
1197 3638 1337 3705 fides,
1366 3649 1657 3705 gepusesse
1681 3637 1949 3686 deorum...

492 3706 597 3755 Nec
621 3698 839 3753 tibi'diva
857 3698 1051 3765 parens,
1077 3704 1280 3765 generis
1304 3698 1674 3765 nee-Dardanus
1696 3705 1863 3748 auctor

488 3768 681 3816 Perfide
704 3780 717 3816 :
738 3767 827 3814 sed
850 3760 985 3814 duris
1008 3760 1183 3824 genuit
1207 3770 1255 3809 te
1283 3762 1505 3824 cautibus
1530 3760 1736 3824 horrens

488 3829 744 3885 Caucasus,
772 3822 1105 3887 Hyrcanaefiue
1126 3859 1132 3867 .
1152 3824 1378 3870 dmorunt
1396 3822 1547 3869 ubera
1571 3822 1745 3882 tigres.

364 3898 495 3953 Cum
514 3898 672 3966 igitur
688 3899 902 3950 Boetius
924 3895 1157 3966 nonduin
1183 3892 1505 3966 consuluerit
1532 3892 1947 3966 Philosophiam,

367 3986 469 4023 non
495 3963 840 4034 inielligentia
871 3970 962 4021 sed
993 3964 1512 4032 pra'judicioductus
1536 3963 1947 4034 loquitur.Non,

364 4039 605 4107 inquam,
640 4033 873 4104 loquitur
907 4034 1418 4107 dliciintelligentia
1450 4050 1462 4085 ;
1495 4033 1699 4087 diceret
1720 4033 1865 4107 enim
1897 4035 1947 4088 in

363 4103 617 4177 prospera
642 4103 849 4160 fortuna
872 4121 993 4177 cum
1016 4105 1190 4158 Tullio
1221 4111 1447 4156 mortem
1478 4114 1693 4177 propter
1719 4103 1949 4177 incertos

362 4173 519 4234 casus
544 4179 783 4247 quotidie
816 4175 1119 4247 imminere,
1161 4184 1215 4247 et
1240 4186 1453 4241 propter
1482 4183 1601 4225 vum
1634 4173 1946 4247 brevitatem

362 4244 635 4319 nunquam
663 4250 816 4315 longe
840 4248 1059 4299 abesse:
1081 4245 1131 4297 ili
1156 4245 1375 4319 adversa
1399 4258 1527 4296 vero
1543 4244 1786 4319 eamdem
1807 4258 1951 4319 mor-

362 4332 471 4373 tem
495 4314 686 4372 iunras
724 4314 1075 4385 compensare
1116 4314 1689 4385 :eternitatemelioris
1714 4314 1857 4375 vitae,
1894 4314 1948 4368 in

362 4406 520 4458 quam
536 4382 911 4443 introductum
928 4386 1067 4458 idem
1084 4382 1804 4458 Boetiusloquitursuadente
1822 4398 1951 4450 pra:—

360 4452 583 4529 jndicio,
599 4460 869 4525 voluptate
892 4456 1140 4529 nimirum
1170 4463 1224 4506 et
1241 4453 1574 4529 :rgrttudine,
1589 4452 1780 4529 quibus
1797 4468 1949 4529 mens

363 4524 596 4585 humana
622 4532 670 4582 iu
697 4524 948 4596 prospera
970 4526 1299 4596 adversaque
1323 4526 1534 4596 fortuna
1563 4525 1828 4596 afficitur;
1857 4524 1947 4596 qui

361 4602 505 4655 enim
540 4593 1086 4665 volup—tate'afflcitur,
1110 4594 1237 4646 huic
1268 4608 1411 4646 tuors
1443 4594 1528 4645 illa
1560 4593 1770 4665 videtur
1797 4593 1944 4665 felir,

360 4688 478 4738 qua!
501 4686 554 4723 se
583 4664 817 4721 dulcibus
838 4667 985 4738 armis
1014 4682 1113 4716 non
1135 4666 1306 4716 inserit
1329 4678 1349 4717 :
1370 4665 1458 4731 qui
1483 4678 1611 4715 vero
1634 4664 1945 4738 a~gritudine

360 4735 525 4793 animi
559 4741 783 4799 laborat,
817 4737 990 4790 eidem
1016 4752 1169 4797 mors,
1195 4750 1311 4798 qua:
1332 4750 1468 4801 stupe
1488 4743 1665 4785 vocata
1690 4735 1844 4793 venit,
1875 4736 1942 4785 ita

362 4812 492 4864 felix
527 4810 756 4873 videtur,
800 4818 855 4859 ut
892 4822 958 4860 eo
1000 4806 1267 4859 crudelior
1307 4806 1399 4869 sit,
1430 4820 1534 4873 qtto
1566 4803 1729 4873 veluti
1758 4806 1941 4869 surda,

360 4885 526 4933 vitam
551 4880 677 4933 sinit
702 4872 823 4931 duci
852 4877 1168 4943 longiorem.
1195 4876 1364 4941 Atque
1395 4872 1516 4928 inde
1547 4872 1943 4943 Boetiusrcolli-

358 4954 456 5020 git,
474 4965 542 5004 ne
557 4952 771 5017 quidem
798 4948 878 5001 his
903 4941 1106 5015 legibus
1129 4954 1354 4997 mortem
1381 4945 1481 5020 sibi
1508 4944 1667 5020 fuisse
1690 4941 1899 5020 felicem
1930 4960 1943 4996 :

359 5011 483 5075 Eum
518 5011 663 5073 mors
693 5020 745 5072 in
778 5011 1027 5086 prospera
1064 5028 1296 5082 prarceps
1331 5014 1605 5086 voluerit,_
1637 5012 1689 5063 in
1720 5011 1943 5086 adversa

357 5106 541 5145 autem
591 5081 802 5142 fortuna
845 5081 991 5141 tarda
1037 5081 1262 5138 uoluerit
1310 5083 1471 5134 vitam
1515 5081 1725 5134 auferre
1760 5098 1771 5134 :
1802 5081 1946 5150 quod

359 5165 495 5214 satis
524 5162 860 5213 manifestum
894 5157 997 5210 erit
1025 5154 1319 5208 observatis
1351 5154 1662 5221 quibusdam
1701 5168 1819 5218 qua:
1860 5168 1947 5206 se-

359 5242 598 5301 quuntur
625 5228 917 5301 vocabulis.

440 5304 525 5355 15.
559 5300 735 5354 Surda
779 5294 948 5367 aure.]
990 5293 1194 5348 Surdus
1238 5291 1432 5345 dicitur
1457 5292 1664 5367 homo,
1681 5291 1769 5359 qui
1818 5307 1947 5345 aure

365 5370 621 5439 impedita
656 5384 762 5421 non
792 5362 979 5439 auditi:
1010 5379 1174 5432 quare
1204 5377 1322 5414 cttm
1353 5364 1500 5414 auris
1524 5362 1695 5439 insitis
1724 5378 1945 5429 prieser-

367 5433 463 5495 lim
504 5439 752 5493 sordibus
794 5438 1132 5501 impediatur,
1161 5442 1441 5500 prepterea
1487 5433 1670 5484 surdus
1716 5434 1847 5496 sive,
1892 5442 1945 5485 nt

365 5523 578 5565 veteres
610 5509 977 5577 loquebantur,
1013 5504 1215 5577 sardus
1240 5502 1447 5577 videtur
1471 5504 1574 5577 dici
1605 5518 1698 5569 per
1730 5516 1945 5577 eontra-

363 5583 605 5636 ctionem
635 5572 781 5648 quas.
810 5577 1068 5648 sordidus.
1115 5573 1240 5648 sed.
1272 5572 1487 5648 nomine
1524 5572 1645 5625 hinc
1683 5573 1747 5623 ad
1777 5575 1943 5624 solani

368 5662 606 5707 mentem
652 5642 929 5709 iranslato,
972 5645 1060 5697 ille
1100 5645 1258 5697 etiam
1291 5642 1484 5696 dicitur
1522 5651 1700 5696 mente
1728 5646 1966 5705 surdus,

366 5722 461 5792 qtti
485 5721 715 5791 qudam
744 5717 932 5792 affet-iu
959 5716 1231 5792 contrario
1261 5713 1545 5781 impeditus
1564 5721 1804 5768 orantem
1841 5727 1945 5765 non

370 5785 626 5846 exaudit:
661 5791 799 5841 unde
830 5789 962 5840 Stat.
995 5785 1182 5837 ttb‘ilv.
1212 5802 1223 5836 :

662 5907 929 5961 ΙἈίἰημ..
980 5898 1177 5958 LXI”

2230 1478 2484 1541 Odistique
2509 1478 2681 1540 cbelyn
2704 1478 2951 1540 surdaque
2966 1477 3207 1527 averteris
3229 1488 3367 1524 aure.

2119 1571 2262 1627 Mors
2299 1580 2477 1625 autem
2517 1586 2546 1623 a
2591 1572 2760 1637 poetis
2790 1569 3003 1639 fingitur
3029 1570 3191 1623 veluti
3221 1567 3461 1639 qumdant
3502 1581 3627 1635 per-

2048 1656 2205 1706 sona,
2252 1656 2393 1709 quae,
2438 1655 2534 1707 pro
2564 1640 2794 1694 diversis
2833 1637 2945 1695 suis
2984 1640 3277 1705 affectibus,
3317 1637 3630 1693 invocantes

2050 1714 2218 1781 possit
2246 1710 2526 1781 exaudire,
2559 1711 2639 1781 vel
2667 1727 2771 1781 non
2798 1710 3074 1765 exaudire.

2124 1783 2208 1840 16,
2240 1780 2494 1835 (Σίσυάιινε
2521 1780 2741 1852 oculos.j
2765 1781 3114 1852 Tantumest
3136 1777 3410 1852 oculorum
3439 1778 3490 1831 in
3521 1776 3629 1828 vita

2051 1852 2282 1906 hominis
2308 1851 2568 1906 servanda
2599 1850 2949 1914 momentum,
2983 1863 3036 1903 ιιι
3067 1850 3173 1902 vita
3208 1850 3259 1901 in
3292 1856 3458 1913 motu,
3483 1860 3630 1900 mors

2050 1923 2101 1977 in
2125 1924 2305 1991 quiete
2333 1922 2611 1975 oculorum
2642 1922 2845 1975 versari
2879 1922 3035 1988 vulgo
3058 1920 3269 1972 dicatur
3298 1934 3315 1971 :
3349 1926 3629 1991 propterea

2047 1992 2093 2047 is
2143 1986 2395 2046 censetur
2424 1994 2603 2045 vivere
2629 1992 2720 2059 qui
2762 1986 2987 2056 fruitur,
3022 1991 3153 2043 inuri
3186 2004 3319 2059 vero
3359 1986 3449 2054 qui
3485 1995 3630 2059 caret

2048 2063 2183 2126 luce,
2206 2079 2323 2132 qua:
2343 2063 2511 2116 oculis
2526 2056 2834 2130 percipitur.
2856 2061 2987 2114 lliuc
3003 2058 3218 2115 Eneitl.
3240 2074 3311 2121 Iv,
3328 2071 3468 2112 vers.
3486 2056 3621 2112 450:

2226 2161 2351 2209 'l‘um
2373 2174 2491 2210 vero
2514 2159 2703 2216 infelix,
2730 2161 2840 2209 fatis
2858 2160 3095 2208 exterrita
3116 2158 3239 2207 Dido

2230 2222 2437 2272 Mortem
2458 2231 2563 2271 orat
2585 2239 2596 2270 :
2619 2224 2767 2270 taedet
2798 2221 2907 2271 caeli
2934 2234 3153 2270 convexa
3176 2220 3303 2269 “lt'l'i
3329 2234 3341 2268 :

2230 2288 2338 2341 Quo
2360 2285 2513 2345 magis
2534 2290 2780 2345 inceptum
2802 2290 3006 2344 peragat
3023 2282 3281 2343 lucemque
3299 2278 3597 2341 relinquat...

2120 2377 2185 2431 17
2196 2420 2208 2432 ,
2226 2373 2457 2448 Fortuna
2475 2375 2761 2448 utialeﬁda.]
2776 2374 2868 2448 Cui
2888 2374 3282 2448 malercredatur
3305 2390 3322 2426 :
3344 2390 3407 2427 cu
3416 2374 3628 2448 menitn

2050 2446 2259 2502 fortuna
2282 2446 2465 2500 insana
2489 2447 2581 2511 sit,
2603 2445 2767 2510 cieca',
2793 2446 2969 2512 bruta,
2992 2445 3303 2515 globosique
3322 2445 3437 2497 saxi
3467 2445 3630 2496 instar

2047 2517 2319 2579 volubilis,
2348 2518 2486 2570 sicut
2516 2516 2801 2582 perhibent
2830 2515 3157 2584 pliiloSOphi,
3189 2526 3630 2584 proptereaquus

2050 2589 2267 2653 attollit,
2290 2587 2508 2641 eosdem
2531 2587 2707 2640 statim
2725 2583 2999 2655 deprimit.
3020 2583 3169 2641 Unde
3190 2585 3431 2650 Horatio,
3452 2583 3631 2639 Carm.

2050 2658 2089 2713 I.
2119 2673 2155 2723 t,
2186 2659 2276 2712 od.
2309 2655 2400 2724 55,
2431 2656 2642 2711 fortuna
2673 2665 2756 2711 est

2298 2755 2526 2805 Praesens
2543 2754 2622 2804 vel
2650 2756 2746 2805 imo
2767 2753 2947 2817 tollere
2962 2754 3026 2803 de
3050 2755 3201 2817 gradu

2306 2816 2511 2866 Mortale
2536 2830 2731 2877 corpus,
2755 2816 2832 2865 vel
2853 2816 3092 2877 superbos

2304 2877 2512 2927 Vertere
2532 2877 2784 2927 funeribus
2805 2878 3088 2939 triumphos.

2125 2973 2213 3028 18.
2262 2970 2406 3024 Hora
2445 2979 2686 3024 merserat
2724 2968 2916 3040 caput.]
2962 2971 3194 3038 Tempus
3228 2969 3396 3036 poetis
3438 2969 3632 3023 dicitur

2053 3056 2216 3098 causa
2239 3056 2447 3096 rerum:
2475 3041 2615 3094 unde
2630 3041 2773 3094 aliud
2795 3056 3106 3108 prosperum
3130 3041 3269 3108 quod
3299 3042 3459 3103 favet,
3485 3040 3630 3094 aliud

2054 3113 2338 3168 adversum
2370 3111 2510 3180 quod
2538 3120 2712 3164 nocet.
2742 3111 2880 3180 liora
2910 3121 3084 3165 autem
3114 3110 3354 3179 qtlmdam
3386 3121 3467 3163 est
3496 3120 3632 3164 tem-

2058 3183 2202 3252 poris
2238 3179 2398 3250 pars,
2425 3196 2546 3248 qua:
2578 3181 2719 3247 quod
2760 3179 2876 3237 fere
2905 3190 3097 3250 mergat
3125 3179 3384 3245 Boetiuut,
3431 3181 3632 3235 idcirco

1978 3249 2023 3309 C
2057 3249 2277 3307 vocatur
2296 3252 2472 3305 tristis.

2122 3342 2209 3398 20.
2245 3340 2414 3411 Impia
2440 3339 2589 3411 vita.]
2638 3341 2837 3408 Impius
2865 3351 2965 3403 est,
3014 3344 3103 3410 qui
3143 3341 3209 3395 de
3237 3342 3367 3406 Deo,
3400 3343 3630 3411 parenti-

2054 3414 2151 3468 bus
2200 3423 2293 3467 aut
2329 3410 2391 3465 iis
2432 3414 2519 3478 qui
2560 3410 2839 3479 parentum
2869 3413 3009 3465 vires
3036 3420 3245 3480 gerunt,
3278 3410 3417 3465 male
3458 3429 3631 3467 utere-

2055 3494 2175 3537 tur:
2210 3483 2349 3536 unde
2379 3480 2540 3534 herba
2573 3482 2839 3549 quaedam,
2872 3496 2990 3549 qua:
3031 3482 3169 3547 quod
3215 3490 3335 3533 nata
3382 3494 3630 3550 parentes

2052 3554 2297 3606 surculos
2330 3551 2576 3614 suffocet,
2601 3552 2760 3620 impia
2780 3554 3094 3618 appellatur.
3114 3551 3228 3603 Vita
3258 3562 3453 3611 autem,
3471 3568 3627 3619 quam

2055 3624 2121 3678 ha
2160 3634 2311 3677 lenus
2355 3622 2570 3675 Boetius
2614 3626 2783 3674 instar
2824 3620 3101 3688 cujusdam
3149 3624 3405 3686 parentis.
3448 3622 3631 3675 fovere

2054 3693 2353 3755 studuerat,
2369 3694 2434 3747 de
2455 3693 2647 3746 eodem
2669 3692 2875 3745 videtur
2893 3693 3029 3744 male
3051 3691 3244 3744 mereri
3270 3692 3318 3743 in
3348 3696 3467 3752 hoc,
3488 3694 3629 3759 quod

2055 3779 2324 3817 recessum
2351 3778 2506 3815 suum
2539 3762 2956 3828 procrastinatis,
2980 3760 3218 3823 ejusdem
3246 3760 3412 3815 Boetii
3437 3776 3632 3814 aerum-

2056 3850 2150 3886 nas
2181 3830 2561 3899 produCat.Sie
2581 3831 2938 3896 Quintilianus
2962 3834 3013 3884 in
3035 3831 3268 3885 l’rooam.
3301 3833 3337 3884 Ι.
3360 3846 3411 3884 vt
3435 3830 3627 3894 lnstit.,

2053 3904 2262 3971 impiam
2284 3911 2436 3956 vocat
2459 3902 2793 3953 vivacitatem.

2123 3998 2211 4050 21.
2242 3993 2451 4064 Amici]
2477 3992 2689 4048 Boetius
2729 3994 3018 4062 alloquitur
3039 4008 3168 4047 suos
3196 3992 3416 4059 amicos,
3447 4002 3630 4062 utpote

2053 4069 2141 4134 qui
2173 4081 2291 4121 cum
2324 4074 2477 4118 antea
2510 4066 2748 4118 Boetiutu
2783 4065 2987 4118 felicem
3014 4064 3297 4125 dixissent,
3339 4066 3453 4131 ipso
3483 4066 3629 4118 exitu

2057 4153 2195 4191 nunc
2222 4139 2300 4190 sui
2329 4136 2529 4189 erroris
2554 4135 2799 4187 convinci
2830 4145 3071 4203 possunt.
3107 4135 3324 4189 Scilicet
3353 4135 3629 4188 hominum

2053 4207 2246 4260 animis
2285 4206 2443 4259 insita
2485 4212 2569 4258 est
2609 4204 2875 4257 felicitatis
2913 4214 2966 4256 et
2997 4206 3227 4257 miseria:
3270 4208 3417 4258 nono
3448 4222 3460 4255 :
3491 4206 3634 4258 unde

2055 4279 2324 4331 miseriam
2358 4275 2605 4342 fugimus.
2638 4274 2944 4328 feticitatem
2977 4276 3348 4341 [ll‘OSBtlllitllur
3374 4276 3633 4329 naturali-

2056 4356 2155 4399 ter.
2185 4348 2317 4399 Cuni
2361 4353 2536 4397 autem
2569 4352 2626 4397 ut
2656 4343 2743 4397 illa
2784 4345 2953 4405 notio,
2985 4343 3062 4396 sic
3100 4344 3213 4398 haec
3244 4345 3529 4412 propensio
3562 4349 3633 4398 sit

2054 4415 2146 4470 Dei
2188 4412 2500 4469 illustrantis
2528 4414 2897 4480 moventisque
2927 4427 3139 4475 munus,
3168 4423 3450 4480 propterea
3478 4422 3627 4467 utra-

2053 4501 2156 4554 que
2197 4484 2285 4538 illa
2320 4484 2586 4554 cogitatio
2607 4484 2813 4554 ratione
2850 4482 2930 4535 sui
2969 4482 3037 4534 ita
3066 4491 3320 4554 rectaest
3365 4492 3419 4534 et
3446 4484 3628 4535 unius-

2054 4551 2196 4609 modi
2224 4556 2274 4608 in
2305 4553 2552 4606 omnibus
2575 4551 2899 4615 hominibus,
2924 4558 2981 4603 ut
3010 4565 3110 4604 non
3135 4551 3232 4602 nisi
3260 4559 3479 4618 propter
3506 4566 3627 4617 per-

1980 4613 2028 4671 D
2052 4641 2261 4679 versam
2306 4622 2534 4676 hominis
2559 4622 2700 4677 male
2739 4613 3054 4689 applicantis
3087 4613 3411 4672 voluntatem
3443 4613 3625 4687 iniqua

2048 4698 2117 4749 sit
2144 4704 2197 4748 et
2222 4692 2523 4758 multiplex.
2560 4692 2712 4753 Hinc,
2745 4707 2841 4757 pro
2871 4690 3018 4743 vario
3046 4690 3500 4755 perturbationum
3530 4690 3629 4743 im-

2047 4774 2194 4834 petu,
2241 4764 2377 4834 alius
2412 4761 2627 4826 divites,
2671 4759 2809 4815 alius
2852 4759 3295 4834 po_tetites_,_alius
3322 4758 3442 4812 aliis
3474 4759 3630 4834 bonis

2047 4828 2243 4890 creatis
2270 4832 2490 4886 affectos
2518 4840 2667 4898 putat
2695 4844 2815 4885 esse
2844 4831 3045 4884 felices.
3088 4830 3177 4883 Sic
3198 4844 3327 4897 ergo
3355 4843 3419 4883 ex
3443 4828 3630 4884 amicis

2050 4905 2240 4967 Buetii,
2290 4904 2415 4955 dum
2462 4901 2545 4954 hic
2591 4901 2826 4965 floreret,
2878 4898 3118 4953 nonnulli
3164 4898 3335 4965 ipsum
3385 4898 3635 4954 dixerant

2048 4976 2283 5039 beatum,
2312 4974 2450 5041 quod
2473 4971 2664 5036 Opilius
2694 4969 3030 5027 abundaret;
3065 4970 3266 5041 capteri,
3292 4969 3435 5038 quod
3466 4972 3634 5039 magi-

2050 5055 2274 5099 stratum
2296 5038 2504 5113 gereret
2524 5058 2538 5105 ;
2562 5041 2655 5094 sed
2682 5055 2868 5113 omnes
2890 5038 3195 5113 nuncexitu
3216 5043 3631 5113 convincuntur,

2055 5110 2426 5169 Boetium'uou
2452 5120 2732 5180 propterea
2755 5110 2857 5162 dici
2885 5111 3136 5180 debuisse
3169 5110 3374 5164 felicem
3405 5128 3417 5163 :
3452 5111 3631 5180 lapsus

2053 5187 2250 5254 quippe
2281 5193 2485 5237 certqu
2515 5179 2617 5254 est
2636 5179 2994 5254 instabjplitatis
3020 5192 3420 5254 argumentum,
3447 5179 3514 5233 et
3537 5182 3633 5254 mi-

2052 5248 2198 5309 seria"
2232 5268 2466 5321 praesens
2509 5252 2696 5321 probat
2732 5252 2929 5304 nullam
2962 5248 3124 5304 fuisse
3155 5253 3481 5318 praeteritam
3518 5252 3637 5321 feli-

2053 5320 2269 5378 citatem
2298 5343 2312 5375 ε
2347 5323 2392 5375 si
2420 5320 2632 5389 quidem
2657 5336 2776 5373 cum
2824 5333 2997 5389 metus
3024 5322 3333 5375 amittenda:
3366 5320 3634 5388 prosperi-

2056 5395 2178 5447 tatis
2205 5385 2451 5461 quredam
2464 5392 2548 5461 sit
2580 5391 2810 5451 miseria,
2844 5385 3044 5445 idcirco
3073 5392 3214 5444 nulla
3249 5385 3636 5461 lioni'iriis_'pro-

2053 5458 2280 5527 speritas
2297 5460 2479 5514 haberi
2497 5470 2675 5526 potest
2689 5461 3039 5526 f'elicitas,nisi
3062 5461 3175 5514 hzec
3197 5458 3635 5522 fueritparticeps

2052 5532 2386 5589 conStanliaa.
2420 5531 2571 5596 cujus
2603 5530 2692 5583 ille
2721 5531 2791 5583 sit
2811 5532 3056 5587 conscius
3081 5546 3094 5583 :
3115 5530 3314 5598 jactata
3340 5529 3636 5598 autemiilla

2059 5601 2221 5655 Boetii
2253 5600 2579 5669 prosperitas
2608 5608 2861 5653 constans
2889 5617 2992 5653 non
3027 5600 3124 5652 fuit
3156 5614 3170 5650 :
3200 5597 3634 5669 quandoquidem

2055 5673 2147 5726 ille
2186 5666 2448 5738 tle—gradu
2489 5670 2729 5736 dejectus
2769 5679 2849 5722 est
2885 5686 2897 5720 :
2932 5669 3155 5734 hincque
3184 5666 3522 5738 manifestum
3556 5678 3639 5721 cst

2056 5735 2789 5811 aliquem'potuisse’cadere,
2820 5755 2890 5807 qu
2930 5738 2961 5789 d
2994 5738 3130 5791 idem
3152 5735 3433 5791 ceciderit.

3176 5884 3243 5941 ιθ
