4292 6262
674 354 770 409 δ91

1906 353 2011 407 ΑΝ.
2061 316 2271 406 nam;
2310 353 2461 407 sev.
2507 350 2729 407 nomn

3849 355 3969 429 sca,

674 483 755 523 res
774 468 1136 526 assuefaciunt
1158 469 1361 535 morbo,
1390 466 2006 539 nonliberant.13‘At
2034 468 2075 521 si
2100 483 2256 536 quem
2294 474 2335 529 Α
2367 479 2512 521 esset
2558 467 2750 520 mulier
2800 474 2905 519 tam
2956 463 3254 535 imperiosa:
3290 466 3643 532 auctoritatis,
3676 468 3953 541 obstupui,

676 585 699 595 ι
728 560 1029 626 prolatttttn,
1055 561 1130 615 ttti
1154 561 1309 629 vulgo
1338 560 1551 614 Solitum
1576 560 1747 623 vobis,
1776 560 2044 614 blanditim
2068 569 2258 614 vostrae

674 654 1034 715 detraherent,
1071 651 1246 703 minus
1278 653 1500 704 moleste
1531 650 1804 705 ferendum
1835 661 2100 717 putarem,
2126 649 2256 703 nihil

673 743 868 810 quippe
901 744 949 794 in
976 757 1039 795 eo
1066 752 1264 796 nostrm
1290 742 1315 779 ιι
1340 757 1518 810 operae
1542 742 1883 796 laederentur.
1920 740 2023 812 ιη,
2063 744 2083 772 ³
2106 741 2256 795 Hunc

670 847 747 884 re:
764 847 796 883 o
826 842 849 870 ο
882 833 1129 888 Eleaticis
1154 844 1312 902 atque
1336 834 1667 888 Academicis
1688 833 1877 887 studiis
1900 832 2255 886 innutritum?

666 923 771 985 Sed
804 924 943 979 abite
972 925 1149 993 potius
1201 924 1222 955 ³
1247 924 1498 979 Seireues
1528 940 1692 993 usque
1716 924 1771 977 in
1800 924 2018 978 exitium
2046 923 2250 988 dulces,

672 1015 912 1083 meisque
942 1031 1063 1069 eum
1106 1016 1269 1071 Musis
1305 1016 1600 1070 curandum
1646 1014 2047 1084 sanandumque
2092 1016 2257 1069 relin-

668 1109 839 1175 quite.
873 1108 966 1161 llis
998 1109 1084 1163 ille
1104 1105 1133 1144 ἀ
1152 1108 1350 1163 chorus
1381 1108 1693 1177 increpitus,
1723 1108 1915 1176 dejecit
1944 1108 2089 1162 htttni
2118 1123 2254 1163 mm-

669 1200 801 1253 stior
830 1203 1057 1262 vultum,
1100 1201 1483 1268 confessusque
1524 1200 1720 1253 rubore
1766 1199 2162 1263 verecundiam,
2197 1199 2258 1253 Ii-

669 1315 790 1351 lttttn
823 1300 901 1368 (5)
932 1299 1098 1360 tristis
1126 1301 1384 1355 excessit.
1413 1303 1481 1354 At
1511 1314 1629 1367 ego,
1661 1299 1815 1367 cujus
1842 1299 1986 1353 acies
2010 1298 2259 1368 lacrymis

671 1418 842 1455 mersa
876 1402 1151 1470 caligarat,
1185 1416 1251 1455 ne
1280 1400 1597 1468 dignoscere
1631 1413 1840 1467 possem
1870 1414 2113 1467 quaenam
2143 1398 2258 1453 lucc

2364 562 2584 627 visuque
2626 558 2679 611 in
2727 565 2925 611 terram
2967 556 3164 621 deﬁxo,
3211 557 3465 627 quidnam
3511 558 3767 628 deinceps
3809 574 3955 619 esset

2362 657 2567 708 actura,
2600 656 2912 715 exspectare
2939 648 3127 701 tacitus
3151 648 3309 715 cmpi.
3333 648 3467 702 Tum
3502 649 3586 702 illa
3618 653 3836 720 propius
3864 669 3953 709 ac-

2362 738 2582 802 cedens,
2608 737 2658 789 ιιι
2684 745 2921 789 extrema
2944 737 3120 791 lectuli
3151 738 3253 791 mei
3285 748 3433 804 parte
3457 740 3721 805 consedit,
3748 757 3956 797 meum-

2362 842 2466 895 que
2496 828 2711 880 intncus
2744 828 2948 880 vultum
2983 828 3127 882 luctu
3157 844 3397 898 gravem,
3436 830 3549 900 (10)
3580 842 3740 899 atq-ie
3770 834 3821 887 in
3855 835 3956 888 bu-

2364 934 2505 971 mum
2530 933 2762 973 mmrore
2782 918 3070 983 dejecutm,
3088 920 3171 974 his
3187 920 3429 975 versibus
3446 921 3514 976 de
3536 932 3734 977 nostra:
3756 926 3954 980 mentis

2363 1011 2758 1080 perturbatione
2788 1021 3076 1077 conquesta
3116 1021 3217 1063 est.

2876 1101 2982 1172 ιθ
3000 1101 3286 1157 nemon
3308 1108 3325 1126 ο
3355 1102 3414 1157 ιι.

2364 1196 2759 1267 Augusti-Iarba.
2779 1222 2847 1231 —
2881 1191 3218 1267 Philosophia
3249 1195 3428 1267 mentis
3465 1194 3729 1251 Boetiaua:
3750 1209 3952 1267 pertur-

2436 1262 2685 1315 bationem
2725 1263 3081 1327 descriptum,
3112 1273 3323 1317 veterem
3366 1266 3476 1334 ejus
3506 1268 3570 1321 de
3615 1262 3764 1331 caelo,
3793 1279 3842 1324 et
3886 1272 3953 1323 de

2436 1334 2573 1407 omni
2604 1344 2803 1407 natura
2829 1336 3089 1407 sc’entiaat
3137 1350 3251 1386 cum
3292 1351 3352 1407 ea
3399 1341 3627 1405 confert,
3656 1355 3772 1407 qua:
3814 1357 3952 1394 nunc

2434 1402 2630 1456 videtur
2655 1403 2883 1473 ejusdem
2910 1405 2973 1457 de
3000 1406 3147 1456 rebus
3175 1406 3408 1459 omnibus
3463 1402 3803 1477 ignoratione.

2026 1514 2598 1571 INTERPRETATIO.

739 1640 763 1666 ⁸
800 1630 1107 1685 Επιννηειιυι
1140 1644 1183 1683 et
1213 1631 1489 1698 vulgarem.

741 1702 763 1735 δ
798 1701 1035 1754 Labores.

2436 1643 2458 1670 ε
2498 1634 2788 1686 Dialecticis
2816 1644 2862 1687 et
2898 1631 3201 1688 Platonicis.

2432 1700 2456 1738 δ
2490 1702 2662 1755 Turba
2694 1705 2988 1775 objurgata.

2187 1814 2412 1868 NOTAE.

663 1931 895 1983 dulcibus
922 1934 1129 1997 insuper
1161 1930 1296 1983 alere
1328 1930 1561 1991 :cnenis;
1587 1928 1860 1990 affectuum
1890 1930 2049 1996 spinis
2088 1934 2248 1982 ratio-

661 2005 740 2054 nis
769 2012 980 2071 segetem
1016 2017 1229 2063 necare;
1256 2010 1443 2053 mentes
1470 2000 1787 2066 assuefacere
1816 1999 2012 2064 morbo,
2046 2015 2145 2053 non
2182 2000 2246 2053 li-

662 2074 859 2126 berare.

737 2141 1127 2211 Philosophiae
1156 2147 1332 2195 autem
1376 2139 1537 2194 Musa:
1572 2138 1845 2211 dicuntur,
1879 2154 1997 2205 qtue
2034 2148 2245 2208 pertur-
2277 2148 2322 2207 Β

661 2208 970 2267 bationibus
996 2219 1190 2271 exutae,
1222 2222 1277 2263 ut
1311 2211 1455 2264 clare
1493 2208 1850 2275 tliStincteque
1888 2220 2243 2277 cognoscunt,

658 2284 735 2335 sic
760 2282 999 2349 judicaut
1025 2299 1038 2335 :
1065 2281 1207 2336 unde
1237 2294 1505 2348 nunquam
1548 2279 1801 2332 l‘alluutur
1828 2295 1840 2330 :
1871 2278 1967 2332 has
1996 2279 2171 2344 Plato,
2207 2282 2243 2334 Ι.

658 2368 691 2405 x
722 2353 789 2405 de
828 2352 983 2421 liep.,
1028 2352 1252 2404 laudans
1292 2359 1447 2421 vocat
1477 2349 1704 2421 divinum
1750 2365 1929 2419 genus,
1961 2364 2162 2421 easque
2194 2352 2245 2405 in

657 2436 751 2475 sua
779 2418 992 2476 civitate
1015 2421 1262 2474 admittit.
1297 2420 1409 2484 llo,
1435 2419 1625 2490 lngatis
1651 2418 1816 2473 Musis
1846 2420 2088 2489 poeticis,
2116 2423 2249 2475 Boe-

658 2494 790 2546 tium
817 2492 1073 2561 deinceps
1104 2491 1390 2545 docebunt.

733 2565 748 2595 ¹
781 2564 843 2616 At
883 2563 927 2616 si
973 2558 1120 2628 quem
1148 2558 1464 2630 pt‘ofttttttnt.]
1502 2559 1764 2613 Pro'anns
1794 2559 1989 2614 dicitur
2012 2573 2067 2615 et
2100 2561 2113 2614 l
2153 2577 2246 2616 cus

656 2643 710 2687 et
732 2634 919 2696 homo;
957 2634 1017 2687 ίο
1052 2632 1198 2685 locus
1231 2632 1482 2697 profanus
1506 2630 1549 2684 is
1572 2640 1791 2684 vocatur
1820 2630 1910 2699 qui
1941 2632 2089 2699 quasi
2126 2647 2245 2700 pro-

654 2706 736 2757 cul
776 2718 805 2757 a
848 2703 973 2757 fano
1010 2702 1234 2771 positus,
1267 2716 1421 2756 sacer
1467 2716 1570 2755 non
1607 2711 1690 2756 est
1722 2717 1735 2755 :
1768 2717 1873 2770 quo
1913 2702 2073 2756 modo
2115 2702 2241 2757 ιιΕιι.

660 2790 757 2837 xu,
791 2790 845 2827 v.
874 2774 977 2828 778
1010 2790 1022 2825 :

1148 2861 1324 2923 Tuque
1346 2863 1523 2921 optima
1557 2861 1743 2911 ferrum

776 2925 931 2987 Terra
959 2930 1077 2973 tene
1105 2937 1116 2971 :
1139 2923 1270 2987 colui
1292 2930 1484 2987 vestros
1508 2927 1551 2987 si
1575 2936 1777 2984 semper
1794 2924 2029 2987 honores,

773 2986 906 3044 Quos
929 2992 1097 3036 contra
1120 2985 1347 3034 IEneadte
1376 2985 1508 3034 bello
1532 2986 1702 3034 fecere
1727 2986 1967 3047 profanos.

719 3068 778 3122 2°
812 3067 981 3121 Homo
1021 3067 1280 3133 profanus
1321 3067 1409 3121 ille
1457 3066 1680 3121 habetur
1717 3068 1804 3136 qui
1836 3068 1988 3135 quasi
2018 3070 2181 3123 etiam
2213 3084 2242 3122 a

650 3139 772 3192 fano
800 3138 1001 3205 procul,
1033 3138 1200 3191 sacris
1230 3151 1333 3192 non
1362 3147 1445 3191 est
1474 3137 1715 3192 initiatus
1748 3154 1761 3190 :
1790 3139 2241 3207 quemadmodum

650 3208 865 3265 Aineid.
893 3223 965 3274 vt,
992 3224 1044 3262 v.
1069 3207 1175 3262 258
1202 3225 1215 3260 :

1016 3297 1214 3357 Procul,
1237 3308 1269 3345 ο
1294 3297 1459 3358 procul
1485 3306 1593 3347 este
1618 3297 1828 3359 profani,

829 3358 1111 3407 Conclamat
1134 3366 1287 3416 vates,
1327 3366 1534 3419 totoque
1556 3358 1777 3410 absistite
1800 3358 1925 3409 luco.

718 3440 1059 3513 Philosophia
1091 3456 1218 3513 ergo
1250 3456 1391 3494 nttuc
1426 3457 1548 3496 eum
1582 3443 1851 3497 hominem
1879 3456 2032 3498 vocat
2061 3445 2238 3513 profa-

635 3528 797 3573 num,
829 3511 919 3579 qui
953 3512 1238 3579 praeceptis
1280 3512 1661 3579 phiIOSophit-is
1703 3529 1807 3567 non
1860 3511 2120 3578 imbutus,
2169 3519 2235 3567 ah
2265 3515 2310 3576 C

647 3581 759 3653 ipsa
794 3583 1127 3653 philosophia
1162 3582 1369 3636 alienus
1409 3592 1490 3636 est
1521 3600 1534 3637 :
1566 3584 1645 3636 sic
1678 3583 1928 3637 Horatius
1956 3586 2233 3653 imperitos

641 3650 892 3705 homines
923 3666 975 3705 et
1001 3666 1030 3704 a
1062 3650 1225 3705 Musis
1262 3655 1486 3716 alienos,
1521 3668 1548 3705 a
1588 3654 1699 3706 suis
1730 3650 2081 3716 carminibus,
2119 3668 2232 3710 tan-

645 3738 800 3795 quam
844 3722 1097 3791 profanos
1135 3737 1165 3775 a
1206 3725 1392 3788 sacris,
1436 3738 1645 3789 arcens,
1683 3724 1830 3778 canit
1865 3725 1900 3777 Ι.
1936 3740 1989 3778 ιιι
2024 3726 2229 3795 t3arm.,

643 3793 844 3848 od.i:

891 3882 982 3947 ραι
1008 3882 1257 3947 profanum
1282 3882 1472 3945 vulgus,
1500 3893 1551 3934 et
1573 3897 1716 3933 arceo
1748 3901 1758 3934 :

888 3944 1078 4008 Favete
1102 3945 1283 4008 linguis
1310 3956 1321 3990 :
1351 3944 1559 4008 carmina
1586 3960 1680 3995 non
1703 3949 1841 4008 prius

885 4007 1083 4064 Audita,
1111 4006 1354 4054 Musarum
1379 4007 1608 4055 sacerdos

890 4067 1171 4128 Virginibus
1196 4069 1459 4128 puerisque
1484 4075 1642 4118 canto.

711 4172 887 4240 Quare
921 4172 1279 4247 philostipbia,
1313 4189 1431 4240 qua:
1462 4190 1604 4227 nunc
1646 4175 1811 4247 utitur
1851 4177 1947 4230 hac
1982 4177 2231 4247 loquendi

640 4243 835 4307 forma,
867 4258 985 4312 quat
1024 4243 1225 4297 Gratcis
1259 4246 1639 4310 ἁπησιώπησις,
1670 4246 1914 4300 Ciceroni
1952 4243 2231 4303 reticentia

637 4314 857 4376 dicitur,
888 4329 988 4383 qua
1018 4314 1265 4367 vid-‘licet
1296 4317 1467 4367 oratio
1520 4317 1597 4368 sic
1643 4318 2004 4379 contrahitur,
2050 4330 2106 4371 ιιι.
2148 4321 2231 4373 vix

639 4395 892 4452 appareat
924 4384 1046 4452 quid
1080 4383 1323 4438 dicturus
1366 4384 1525 4438 fuerit
1562 4396 1763 4448 orator,
1801 4387 1874 4440 ita
1916 4388 2125 4443 videtur
2158 4390 2234 4441 lo-

636 4457 731 4524 qui
761 4472 776 4508 :
805 4455 881 4517 Si,
913 4469 944 4505 o
971 4454 1134 4507 Musa:
1168 4457 1411 4522 poeticae,
1439 4455 1668 4530 aliquem
1704 4456 2053 4530 philosophia:
2083 4459 2234 4530 igna-

638 4542 780 4591 rum,
814 4535 871 4577 ut
899 4536 1076 4577 vester
1113 4541 1229 4579 mos
1265 4539 1365 4581 εει.
1397 4544 1423 4575 a
1457 4527 1667 4580 ratione
1703 4526 1767 4580 ad
1816 4526 2233 4595 perturbationis

637 4596 951 4664 obsequium
1002 4596 1391 4652 detraheretis.
1441 4596 1491 4648 id
1544 4597 1721 4649 minus
1767 4597 2048 4651 molestum
2102 4601 2230 4652 mibi

639 4667 914 4720 videretur
944 4682 958 4722 :
985 4666 1079 4719 sed
1109 4665 1352 4719 Boetium
1386 4666 1438 4716 in
1471 4666 1613 4736 omni
1648 4666 2003 4736 philosophia:
2036 4685 2232 4735 genere

636 4737 1131 4790 versutissimum...
1171 4746 1366 4790 caetera
1404 4735 1718 4791 reticentur.
1752 4737 1841 4792 Sic
1869 4735 2147 4795 Iuvenalis
2179 4758 2189 4791 :

819 4843 1052 4912 Maiorum
1076 4848 1260 4912 primus
1276 4846 1500 4912 quisquis
1520 4843 1714 4912 fuitille
1738 4854 1951 4912 tuorum,

823 4906 919 4957 Aut
946 4906 1107 4969 pastor
1132 4906 1220 4957 fuit
1245 4906 1331 4956 aut
1363 4908 1478 4955 illud
1505 4908 1634 4967 quod
1662 4909 1830 4958 dicere
1846 4906 1974 4957 nolo.

640 4990 726 5041 Sic
763 4988 1014 5055 Virgilius
1043 5006 1199 5043 vorsu
1234 4991 1511 5043 notissimo
1541 5007 1553 5041 :

760 5082 892 5136 Quos
912 5093 1006 5141 ego
1109 5082 1195 5129 sed
1219 5090 1376 5131 motos
1401 5088 1595 5143 praestat
1617 5093 1910 5140 componere
1938 5084 2126 5132 fluctus.

704 5164 723 5193 '
762 5162 911 5237 Hunc
944 5180 1057 5237 vero
1084 5164 1342 5237 ‘Eleaticis
1381 5175 1531 5237 atque
1557 5164 1893 5237 Academicis.
1928 5165 1945 5237 ]
1982 5166 2221 5222 Dialecti-

630 5234 705 5285 cis
747 5244 792 5286 ct
835 5231 1118 5287 Platonicis
1163 5249 1181 5287 :
1219 5236 1391 5287 studia
1441 5231 1580 5287 enim
1634 5231 2220 5293 dialectica'vocantur

632 5303 870 5358 Eleatica
899 5320 916 5357 :
946 5306 1068 5373 quia
1110 5304 1387 5358 dialectica
1434 5305 1602 5358 fertur
1651 5306 1863 5358 inventa
1909 5322 1935 5358 a
1978 5307 2212 5371 Zenone,

629 5375 742 5441 qui,
769 5375 909 5444 quod
934 5387 1079 5427 ortus
1102 5375 1259 5444 sit‘ex
1286 5374 1433 5435 Elea,
1457 5387 1676 5427 vocatur
1710 5377 1937 5429 El-‘ates.
1972 5378 2063 5431 Est
2090 5396 2214 5433 vero

634 5442 1031 5503 Elea,‘auctore
1058 5442 1317 5499 Strabone
1349 5446 1383 5496 Ι.
1419 5460 1489 5506 vn,
1523 5448 1710 5499 civitas
1742 5447 1986 5501 Lm-auire
2016 5464 2043 5500 a
2079 5449 2215 5502 Pho-

630 5515 881 5569 censibus
906 5515 1140 5587 condita,
1176 5512 1504 5587 Parmenidis
1534 5527 1591 5587 et
1614 5516 1856 5587 Zenonis
1899 5516 2213 5587 Pythagori-

629 5598 814 5637 corum
864 5586 1051 5650 patria.
1106 5584 1291 5655 Studia
1335 5594 1511 5637 autem
1566 5584 1835 5640 Platonica
1883 5584 2219 5655 appellantur

631 5654 1129 5726 Academica,‘quod
1170 5654 1317 5726 Plato
1347 5656 1546 5720 primus
1576 5657 1626 5708 in
1662 5654 1962 5710 Academia
1983 5658 2220 5726 philoso-

630 5722 809 5789 phiam
851 5724 1125 5789 prol‘essus
1153 5726 1241 5779 sit.
1289 5725 1385 5779 Est
1424 5739 1552 5778 vero
1585 5727 1868 5779 Academia
1902 5722 2220 5781 nemorosus

630 5801 777 5843 extra
809 5800 861 5844 et
893 5808 1056 5862 prope
1099 5795 1331 5849 Athenas
1378 5796 1544 5855 locns.
1589 5796 1675 5863 qui
1722 5798 1866 5863 prius
1904 5798 2081 5861 dictus
2122 5800 2220 5853 fuit

2355 1932 2595 2058 ézadapiza
2622 1935 2687 1988 ab
2718 1933 2972 1989 Ecademo
3002 1933 3175 1991 Herae
3202 1952 3215 1989 :
3246 1936 3384 1989 unde
3415 1934 3596 1989 llorat.
3629 1936 3794 2002 Epist.
3823 1944 3856 1996 Ι.
3882 1961 3941 2012 ιι,

2356 2015 2513 2058 emst.
2538 2015 2557 2034 "
2604 2024 2616 2057 :

2356 2015 2513 2073 epist.
2538 2015 2572 2058 '2
2604 2024 2616 2057 :

2479 2117 2682 2186 Scilicet
2700 2126 2754 2166 ut
2772 2130 2965 2186 possem
2982 2131 3132 2186 curvo
3155 2118 3447 2186 dignoscere
3474 2129 3686 2186 rectum,

2476 2179 2636 2242 Atque
2662 2182 2791 2228 inter
2815 2179 2961 2227 silvas
2986 2181 3207 2229 Ecademi
3232 2196 3462 2243 maerere
3490 2179 3682 2234 verum.

2351 2272 2507 2333 Atqui
2533 2271 2745 2325 Boetius
2765 2271 2816 2325 in
2835 2267 3118 2327 dialecticis
3140 2285 3183 2326 et
3209 2272 3489 2327 Platonicis
3512 2277 3768 2333 doctrinis
3789 2296 3941 2338 exer-

2349 2343 2693 2417 citatissimtts
2740 2342 2882 2417 fuit:
2919 2345 2968 2395 iu
3002 2346 3533 2417 dialecticisquidetn
3563 2366 3576 2401 :
3608 2352 3726 2417 quia
3770 2352 3940 2407 diale-

2350 2412 2520 2488 clivos
2561 2413 2723 2488 libros
2769 2414 3083 2488 Aristotelis
3110 2416 3243 2483 (qui,
3290 2412 3490 2488 judicio
3520 2412 3815 2488 Ciceronis,
3854 2425 3888 2477 Ι.
3925 2440 3941 2478 I

2349 2484 2414 2535 dc
2460 2483 2633 2548 0rat.,
2666 2484 2735 2559 de
2785 2488 2992 2559 ratione
3035 2485 3330 2559 disserendi
3375 2490 3540 2559 multo
3592 2490 3736 2554 plura
3779 2483 3939 2559 quam

2347 2567 2537 2605 omnes
2571 2556 2807 2620 magistri
2841 2556 3125 2626 multoque
3150 2557 3367 2609 meliora
3399 2558 3552 2626 dixit)
3587 2556 3858 2616 transtulit
3886 2576 3944 2618 et

2346 2626 2746 2703 coriimeutariis
2770 2627 3073 2703 illustravit.
3193 2626 3473 2703 Platonicis
3496 2625 3622 2684 vero
3648 2648 3660 2683 ε
3692 2648 3941 2703 progres-

2347 2708 2408 2746 su
2438 2697 2807 2767 enimpatebit
2844 2697 3081 2767 ltoctium
3118 2697 3509 2751 Platonicorum
3541 2697 3822 2767 opiniones
3855 2721 3941 2759 re-

2346 2776 2431 2819 ete
2462 2765 2813 2831 intellexisse,
2846 2767 3015 2835 iisque
3046 2766 3209 2821 fuisse
3236 2765 3678 2824 addictissimum.

2420 2836 2440 2867 ³
2496 2836 2729 2890 Seirenes
2788 2854 2956 2911 usque
3001 2838 3055 2890 in
3110 2839 3320 2911 exitium
3371 2840 3566 2903 dulces.
3610 2842 3617 2910 ι
3662 2843 3939 2911 δεῖτοιιιιε,

2346 2905 2824 2982 ῼΔιθωρθηῐειρῆγες,
2854 2905 2992 2961 unde
3024 2917 3077 2960 et
3108 2924 3203 2982 per
3226 2910 3273 2962 ei
3302 2918 3355 2963 et
3385 2913 3524 2979 peri
3553 2905 3765 2982 longum
3801 2905 3936 2970 seri;

2350 2978 2508 3037 bitur,
2548 2978 2774 3046 duplicis
2819 2988 2945 3032 sunt
2995 2981 3241 3048 generis,
3293 2978 3482 3045 nempe
3536 2978 3843 3047 terrestres,
3883 2997 3941 3040 et

2348 3050 2586 3125 triarium.
2622 3050 2948 3125 "l‘etrestres‘,
2981 3048 3221 3125 furorum
3252 3065 3439 3125 genus,
3459 3054 3669 3125 nostris
3701 3056 3939 3125 physicis

2345 3117 2719 3197 dicuntnrc‘mé
2740 3127 2831 3176 τοῦ
2856 3122 3141 3197 σείρεσθᾳι,
3166 3123 3305 3187 quod
3336 3122 3578 3197 bi-stiolre
3600 3117 3941 3197 illzc'contra-

2345 3199 2431 3260 cta
2461 3191 2768 3260 membrana
2800 3191 3037 3243 curvata:
3062 3192 3275 3257 iaceant
3307 3209 3317 3243 :
3349 3194 3414 3245 de
3449 3196 3530 3247 his
3568 3195 3800 3260 loquitur
3827 3196 3935 3249 Pli-

2348 3258 2466 3333 nius
2498 3259 2544 3333 Ι.Δ
2568 3277 2637 3333 \t,
2665 3276 2785 3328 cap.
2821 3260 2919 3333 lli;
2951 3260 3042 3314 sed
3072 3261 3137 3313 de
3166 3262 3246 3314 bis
3276 3279 3417 3317 nutic
3457 3280 3559 3316 non
3604 3258 3796 3333 agitur.
3828 3266 3939 3320 Ma-

2347 3329 2475 3381 riuas
2503 3330 2579 3410 sic
2606 3331 2764 3410 dit-ta}
2794 3331 2889 3410 vel
2916 3333 3016 3410 διπρ
3056 3341 3146 3392 τῆς
3170 3340 3369 3410 σξιρᾶς,
3402 3350 3427 3387 a
3462 3351 3491 3386 v
3517 3332 3694 3410 oculo,
3717 3338 3797 3410 vel
3831 3340 3935 3393 ἀπὸ

2343 3408 2431 3475 τοι)
2454 3402 2691 3475 σύρεινειι
2721 3403 3055 3475 decipiendo,
3078 3404 3227 3475 quod
3251 3402 3416 3458 'cantu
3443 3420 3541 3458 suo
3574 3408 3934 3473 imprudentes

2344 3470 2576 3543 advenas
2616 3473 2928 3543 devinciant
2973 3474 3371 3543 decipiantque,
3425 3470 3665 3530 feruntur
3713 3478 3935 3531 Acln-loi

2343 3540 2486 3613 [limi
2520 3552 2574 3594 et
2601 3540 2881 3613 Calliopes
2915 3544 3066 3605 lilite;
3104 3540 3334 3611 superne
3378 3544 3693 3613 virginibus,
3730 3549 3936 3603 inferne

2343 3612 2822 3686 piscibttssuniles.
2850 3612 2984 3666 Tres
3012 3615 3770 3686 numerantur,Parthenope.
3798 3618 3936 3671 Leu-

2343 3682 2509 3747 cosizi,
2541 3682 2723 3746 Ligea,
2752 3699 2976 3749 quarum
3020 3698 3121 3737 una
3170 3699 3322 3747 voce,
3356 3685 3520 3739 altera
3568 3682 3731 3748 tibiis,
3776 3690 3930 3741 tertia

2344 3751 2455 3821 lyra
2481 3763 2659 3814 canat,
2691 3768 2878 3807 omnes
2920 3765 3061 3807 tanta
3096 3766 3284 3808 cautus
3313 3755 3615 3819 dulcedine,
3652 3768 3708 3811 ιιι
3740 3772 3934 3813 nautas

2341 3822 2545 3890 sopitos
2574 3823 2845 3891 naufragio
2874 3825 3118 3891 perdant.
3149 3827 3302 3881 Ovid.
3334 3841 3389 3880 ιιι
3413 3826 3479 3880 de
3505 3826 3623 3880 Art.
3657 3844 3667 3877 :

2466 3940 2676 3988 Monstra
2702 3940 2848 3986 maris
2864 3938 3103 3987 Seirenes
3127 3944 3285 3994 erant.
3311 3952 3422 4002 quzp
3442 3954 3564 3990 voce
3586 3953 3761 3991 canora

2526 4004 2623 4072 15
2655 4009 2910 4067 Quaslibet
2934 4010 3160 4059 admissis
3182 4011 3449 4061 detinuere
3476 4020 3622 4061 rates.

2415 4091 2487 4143 lix
2528 4107 2634 4158 quo
2684 4092 2875 4145 factum
2907 4103 2981 4145 est
3020 4102 3075 4143 ut
3105 4093 3360 4160 quidquid
3402 4095 3610 4145 animos
3652 4095 3926 4149 hominum

2341 4163 2656 4228 corrumpi,
2700 4162 2825 4214 illud
2862 4162 3011 4215 Siren
3042 4174 3276 4219 vocetur.
3313 4164 3448 4217 sicut
3484 4165 3723 4229 lloralio,
3750 4167 3925 4220 Serm.

2343 4233 2377 4286 I.
2413 4248 2470 4295 ιι,
2499 4242 2599 4284 sat.
2625 4234 2677 4296 5,
2706 4233 2913 4284 vitanda
2935 4243 3003 4284 es!
3040 4235 3269 4298 improha
3300 4232 3451 4286 Siren
3477 4237 3694 4287 desidia.
3720 4238 3808 4290 Sic
3834 4238 3929 4290 iui-

2341 4311 2429 4355 tur
2460 4302 2621 4355 Musa}
2655 4304 2873 4365 poetica:
2912 4304 3367 4369 perturbationum
3404 4317 3675 4369 parentes,
3708 4319 3798 4358 aut
3824 4310 3928 4359 sal-

2343 4383 2447 4449 te_m
2482 4373 2715 4449 nutrices
2753 4388 2893 4425 nunc
2923 4383 3183 4449 voc-antu;
3210 4372 3445 4449 Seirenes
3475 4375 3928 4449 adexttiignsive

2342 4444 2405 4495 ad
2439 4443 2725 4510 perniciem
2755 4458 2910 4508 usque
2936 4442 3147 4496 dulces:
3172 4442 3294 4497 hinc
3323 4444 3521 4498 ert-dem
3554 4442 3926 4510 Musa-'jubeu-

2342 4524 2425 4566 tur
2453 4514 2600 4566 abire
2630 4514 3087 4576 sulieuntibus’pte
3125 4514 3286 4567 Musis
3329 4514 3711 4583 phlIOS'lplll'lS
3746 4517 3922 4570 locum

2340 4584 2551 4647 Cedere,
2603 4600 2706 4635 non
2756 4594 2882 4635 ante
2932 4592 3106 4638 tamen
3150 4600 3305 4652 quam
3337 4585 3403 4638 ab
3441 4587 3549 4650 ipsa
3584 4586 3922 4654 philosophia

2343 4654 2670 4723 pergraviter
2695 4654 3052 4721 reprehensa),
3086 4670 3346 4724 suamque
3375 4655 3637 4707 tristitiam
3672 4665 3878 4711 testatae
3907 4677 3920 4710 :

2340 4728 2482 4777 umle
2530 4725 2714 4795 chorus
2742 4725 2847 4795 ille
2893 4725 3089 4777 dicitur
3127 4726 3404 4794 increpitus
3439 4724 3728 4795 (increpari
3780 4728 3923 4782 idem

2337 4795 2476 4862 quod
2512 4794 2689 4848 verbis
2710 4792 2892 4846 aliisve
2918 4796 3079 4862 signis
3109 4792 3358 4865 gravibus
3384 4792 3724 4863 reprehendi)
3753 4807 3806 4851 et
3835 4799 3926 4850 de-

2325 4866 2512 4935 jvcisse
2545 4864 2683 4917 humi
2710 4866 2934 4917 mmsiior
2955 4864 3165 4918 vulturii.
3194 4864 3336 4919 Abiit
3362 4864 3573 4918 tandem
3604 4866 3799 4921 chorus
3830 4868 3923 4923 ille

2332 4946 2387 4989 i-t
2430 4937 2582 4987 tiaiten
2631 4935 2787 4987 tristis
2832 4937 3074 5001 excessit;
3122 4937 3335 5003 optimis
3374 4937 3515 4989 enim
3564 4937 3922 5004 philosophia:

2338 5006 2592 5059 institutis
2634 5021 2738 5058 non
2782 5006 2926 5072 prius
2978 5007 3137 5058 imbui
3190 5021 3493 5072 possumus,
3540 5023 3699 5075 quam
3745 5008 3921 5060 Musas

2335 5077 2470 5139 illas,
2501 5076 2808 5143 simileSque
2852 5078 3308 5144 perturbationum
3347 5079 3555 5129 veritati
3584 5077 3918 5131 invenienda:

2330 5148 2718 5199 contrariarum
2760 5161 2947 5199 causas
2999 5149 3178 5201 valere
3219 5145 3561 5213 jussetitnus.
3603 5148 3917 5217 Quanquam

2331 5217 2436 5269 illae
2486 5217 2911 5283 perturbationes
2950 5233 3092 5284 satpe
3142 5220 3362 5271 remotis
3407 5219 3489 5271 his
3525 5219 3703 5270 causis
3741 5220 3921 5272 adhuc

2328 5296 2673 5353 perseverant
2704 5305 2715 5337 :
2753 5288 2891 5340 unde
2940 5287 3273 5355 phitosophia
3306 5289 3373 5341 de
3416 5289 3612 5341 tuentis
3649 5288 3920 5343 Boetiaua:

2324 5357 2707 5425 per.‘ttrbatione
2727 5358 2799 5410 sic
2820 5367 3091 5423 conquesta
3114 5371 3207 5412 es'.

2397 5450 2412 5518 ξ
2443 5448 2589 5510 Quod
2615 5450 2907 5514 generatim
2933 5450 3149 5515 lyricum
3174 5463 3202 5500 a
3239 5449 3352 5518 lyra
3374 5491 3387 5513 ,
3435 5457 3619 5517 utpote
3642 5448 3773 5518 lyrm
3802 5448 3920 5501 sivi:

2327 5516 2357 5567 li
2382 5516 2514 5568 libus
2534 5527 2791 5583 aptatum,
2817 5521 3093 5585 Sllt'Clilllm
3112 5516 3431 5571 Alcmaninm
3452 5516 3522 5572 ab
3540 5516 3827 5573 inventore
3842 5520 3923 5570 d2-

2325 5588 2482 5639 citur.
2513 5587 2597 5638 Est
2619 5598 3027 5660 autetncartneu
3058 5601 3311 5643 constans
3342 5606 3404 5643 ex
3440 5606 3544 5643 uno
3579 5605 3780 5660 genere
3800 5605 3923 5641 ver-

2326 5671 2513 5718 suum,
2546 5672 2769 5728 quorum
2804 5659 3025 5720 quilibet
3056 5665 3397 5727 componitur
3426 5676 3491 5712 ex
3524 5659 3761 5728 quatuor
3793 5663 3919 5713 ulti-

2331 5728 2431 5780 tuis
2465 5742 2646 5779 versus
2676 5724 2873 5779 heroici
2901 5730 3143 5795 pedibus,
3174 5724 3243 5785 ita
3271 5741 3326 5783 ιιι
3348 5738 3464 5799 post
3496 5724 3800 5784 secundum
3824 5745 3893 5798 pc

2330 5799 2362 5850 d
2402 5813 2450 5850 ιιι
2481 5799 2684 5869 syllaba
2716 5800 2967 5865 Supersit.
