4292 6262
359 402 463 460 593

502 520 612 574 lleu
636 564 650 587 ,
684 538 840 591 quam
868 526 1124 591 praecipiti
1159 542 1329 579 mersa
1366 528 1625 591 profundo

500 610 649 663 Mens
678 611 872 677 hebet,
904 624 989 677 et,
1021 618 1232 684 propria
1266 618 1380 672 lure
1408 621 1590 673 relicta
1610 663 1624 685 ,

504 701 806 769 17Temlit
838 704 889 755 in
915 716 1166 759 externas
1195 706 1270 759 ire
1302 709 1577 771 tenebras;

495 789 749 845 Terreuis
779 795 990 861 quoties
1020 795 1231 850 ﬂatibus
1253 808 1437 861 aucta,

422 878 457 933 5
493 882 699 936 Crescit
726 885 776 937 in
808 884 1126 941 immensum
1154 889 1311 942 noxia
1340 893 1496 943 cura!

1285 409 1369 462 DE
1408 406 1931 465 CONSOLATIONE
1974 407 2443 464 PlllLOSOPlIIAS
2489 408 2611 463 LIB.
2659 410 2697 463 Ι.

3522 412 3628 468 598

2197 527 2292 579 Hic
2322 527 2588 593 quondam
2617 528 2755 583 cmlo
2782 529 2913 581 liber
2944 540 3127 597 aperto

2197 619 2300 687 ιε
2346 618 2541 671 Snetus
2567 620 2616 671 in
2644 618 2893 673 a'therios
2923 620 2999 674 ire
3031 629 3265 681 meatus,

2183 708 2455 761 Cernebat
2484 708 2621 761 rosei
2652 709 2849 763 ltttuina
2878 711 3047 775 solis,

2192 797 2417 852 Visebat
2443 798 2634 867 gelida:
2660 800 2836 855 sidera
2868 802 3004 854 luna-
3028 843 3042 861 .

2087 890 2147 941 lt)
2192 889 2257 940 Et
2289 904 2621 957 quaecunque
2652 906 2813 959 vagos
2840 892 2989 946 stella
3021 908 3268 947 recursus

1692 977 2166 1031 INTEIH’BETA'I
2187 976 2271 1029 11).

423 1061 537 1115 Heu
552 1073 794 1135 quantum
823 1080 961 1117 ruens
975 1065 1205 1120 humana
1224 1050 1461 1121 immersa
1476 1070 1929 1135 perturbationum

345 1135 477 1207 mari
488 1132 667 1200 rapido
681 1134 892 1207 altoque
904 1134 1213 1207 ablanditur,
1228 1154 1415 1207 suoque
1426 1132 1615 1190 lumine
1629 1137 1934 1200 posthabito,

342 1204 525 1255 nititur
548 1219 693 1256 ruere
710 1206 763 1275 in
787 1204 1057 1275 caliginem
1077 1204 1398 1270 exteriorem,
1414 1225 1525 1260 cum
1539 1210 1829 1260 sollicitudo
1847 1224 1937 1259 uo-

341 1289 480 1336 cens,
504 1274 903 1339 aspirationibus
927 1278 1241 1331 terrestribus
1270 1280 1497 1347 turgida,
1516 1288 1725 1348 augetur
1743 1294 1935 1329 summa

2042 1067 2377 1143 incremento!
2395 1065 2441 1118 11
2448 1068 2494 1143 ie
2513 1068 2724 1143 Boetius
2736 1070 2855 1121 olim
2869 1086 2969 1143 non
2980 1070 3249 1143 impeditus
3260 1074 3382 1127 caelo
3399 1086 3617 1143 patente,

2045 1137 2224 1210 solitus
2243 1152 2344 1210 sua
2374 1137 2694 1210 et‘igitatione
2734 1141 3001 1194 ascendere
3032 1137 3099 1192 ad
3125 1143 3351 1210 regiones
3373 1137 3615 1205 ctelestes,

2045 1208 2318 1282 aspiciebat
2341 1209 2513 1259 radios
2535 1206 2654 1260 solis
2669 1211 2933 1282 purpurei,
2950 1206 3241 1264 intuebatur
3253 1214 3469 1282 [orntum
3488 1217 3621 1267 quat

2047 1278 2268 1346 frigidm,
2297 1286 2344 1329 et
2366 1287 2603 1345 quotquot
2630 1279 2790 1332 stella:
2829 1281 3012 1333 habent
3053 1278 3358 1336 reversiones
3396 1298 3618 1337 errantes

1887 1364 2108 1419 ΝΟΤᾹΞ.

420 1460 471 1513 1.
508 1457 766 1532 Ρνωςὲρξιὶ
792 1475 955 1512 mersa
985 1461 1242 1529 profundo
1268 1461 1451 1532 mens.]
1480 1462 1609 1529 Qua:
1640 1476 1790 1515 mens
1812 1462 1927 1513 suis

343 1530 853 1597 perturbationibus,
886 1542 1181 1598 prmsertm
1212 1546 1337 1585 vero
1360 1530 1521 1585 nimia
1564 1548 1741 1585 rerum
1764 1532 1931 1583 cadu-

340 1615 526 1653 earum
556 1598 1197 1665 Stillicitudiue'allicitur,
1230 1601 1345 1656 hac
1375 1604 1442 1655 ab
1466 1604 1528 1655 iis
1569 1602 1929 1668 immergitur,

342 1669 507 1722 veluti
526 1669 766 1739 quodam
807 1672 965 1734 tuari,
996 1672 1135 1738 quod
1162 1673 1231 1725 sit
1260 1681 1315 1725 et
1339 1672 1665 1735 profundum
1698 1682 1752 1727 et
1791 1687 1929 1739 prm-

340 1754 491 1806 ceps.
519 1738 850 1792 Profundum
882 1742 1131 1807 quidem;
1154 1741 1294 1809 quod
1318 1742 1406 1795 illa
1427 1742 1637 1797 aﬂ‘eetio
1666 1738 1828 1795 menti
1860 1740 1928 1795 sit

340 1810 616 1880 altissimis
640 1808 904 1863 radicibus
928 1811 1128 1864 infixa:
1156 1808 1393 1880 prmceps
1406 1828 1558 1877 vero,
1585 1814 1723 1879 quod
1741 1814 1925 1865 eadem

341 1879 576 1941 affectio,
608 1880 771 1952 instar
801 1880 1078 1952 cujusdam
1106 1883 1254 1935 furia:
1285 1879 1571 1949 concitata,
1599 1884 1925 1952 prmcipitem

342 1964 576 2021 tuentem
608 1950 660 2004 io
693 1964 936 2021 errorem
965 1951 1257 2020 vitiumque
1285 1954 1536 2021 abripiat.

412 2020 467 2075 2.
502 2018 713 2091 Ilebet.]
753 2020 964 2077 Hebere
1010 2018 1224 2091 proprie
1264 2018 1461 2076 dicitur
1497 2023 1619 2090 glad
1649 2037 1731 2089 us,
1776 2022 1929 2088 cuius

339 2091 485 2144 acies
515 2101 695 2145 retusa
717 2101 833 2155 est,
870 2093 1224 2147 translatiobe
1252 2108 1379 2146 vero
1404 2094 1531 2147 illud
1556 2108 1735 2151 ttllllle.
1776 2093 1928 2161 cujus

337 2171 516 2216 motus
544 2163 779 2231 languet.
803 2162 894 2217 Sic
914 2161 1102 2231 Virgil.
1132 2162 1259 2217 Ain.
1292 2180 1345 2227 γ,
1371 2178 1509 2217 vers.
1536 2164 1641 2218 595
1666 2182 1677 2214 :

771 2250 869 2299 Sed
893 2252 1022 2300 enim
1049 2251 1241 2311 gelidus
1265 2253 1485 2301 tardante
1507 2260 1709 2303 senecta

457 2313 667 2373 Sanguis
691 2313 863 2373 hebet,
884 2312 1167 2375 frigentque
1189 2314 1349 2363 etfetre
1376 2317 1423 2362 in
1442 2328 1643 2376 corpore
1669 2318 1816 2365 vires.

406 2394 498 2470 Sic
523 2396 729 2470 Tullius
759 2413 810 2470 t_,
838 2396 1085 2470 Tuscul.,
1118 2399 1583 2465 Queuwdmodum,
1619 2402 1817 2469 inquit,
1840 2403 1927 2470 qui

336 2468 502 2519 acutis
523 2468 685 2519 oculis
708 2468 1021 2536 deﬁcientem
1045 2469 1204 2522 solent
1228 2472 1512 2533 intuentur,
1528 2468 1788 2530 aspectum
1818 2468 1920 2523 om-

335 2538 457 2588 nino
489 2539 761 2601 amittunt,
792 2538 865 2590 sic
894 2540 1074 2592 mentis
1136 2545 1269 2593 acies
1298 2542 1517 2607 seipsum
1569 2544 1770 2595 intuens
1798 2559 1926 2594 uou-

335 2622 600 2670 mtnquam
635 2607 876 2661 hebesrit.
902 2610 1062 2678 Atqui
1089 2625 1239 2663 mens
1272 2613 1509 2663 humana
1535 2622 1735 2679 quanto
1757 2613 1923 2679 magis

335 2679 833 2742 perturbationibus
856 2681 1118 2737 obruitur.
1137 2690 1283 2733 tanto
1307 2682 1481 2733 minus
1502 2682 1774 2735 veritatem
1796 2697 1925 2735 con-

336 2748 583 2821 templari
633 2759 809 2821 patest
842 2767 853 2802 :
889 2749 1131 2821 adeoque
1180 2751 1356 2804 hebet.
1398 2752 1530 2804 lline
1573 2752 1629 2805 S.
1671 2754 1919 2821 (negot.

336 2818 476 2889 prol.
507 2817 564 2880 ‘2,
604 2828 767 2889 part.
794 2820 845 2872 in
898 2820 1235 2875 Ezechielem
1258 2866 1271 2883 ,
1306 2836 1461 2884 mens,
1498 2822 1698 2887 inquit,
1730 2817 1922 2889 quanto

335 2888 472 2962 circa
493 2898 691 2962 terrena
715 2888 833 2956 plus
849 2892 1059 2962 satagit,
1082 2900 1219 2944 tanto
1241 2891 1290 2943 in
1314 2892 1392 2943 Itis
1428 2909 1541 2961 quae
1560 2903 1675 2946 sunt
1703 2893 1921 2945 cwlestia

335 2959 504 3009 minus
532 2959 682 3010 vidit.

406 3029 461 3101 27.
496 3026 720 3095 Pr0pria
748 3030 858 3083 luce
884 3029 1102 3101 relicta.]
1144 3031 1308 3085 Menti
1352 3042 1547 3085 nostra‘
1594 3032 1808 3086 insitum
1841 3041 1923 3083 est

336 3097 408 3150 ab
437 3100 553 3163 ipso
578 3108 775 3153 nostra:
804 3100 997 3154 montis
1017 3097 1239 3156 auctore
1270 3102 1379 3155 Deo
1410 3102 1675 3168 quiddam
1707 3103 1883 3154 lutuen
1903 3142 1917 3164 ,

335 3183 442 3234 quo
470 3168 584 3234 ipsa
611 3184 669 3222 se
697 3185 848 3223 mens
878 3172 1151 3225 erratibus
1173 3172 1427 3240 vitiisque
1456 3181 1669 3226 exutam
1697 3187 1920 3239 cognm-

335 3254 460 3310 cere
487 3240 937 3307 coniunctamque
968 3256 1087 3296 cum
1120 3243 1299 3295 divina
1348 3252 1527 3309 mente
1566 3244 1766 3296 sentire
1798 3257 1920 3310 pos-

334 3308 437 3361 sit:
469 3310 561 3362 sed
588 3316 686 3385 hoc
710 3310 907 3385 lumine
933 3311 1033 3366 lrui
1066 3313 1255 3367 nolunt
1286 3313 1319 3365 ii
1342 3312 1433 3381 qui
1457 3314 1571 3366 suis
1595 3308 1915 3382 obsequun-
1944 3324 1990 3385 ο

334 3388 422 3432 tur
452 3379 963 3449 perturbationibus.

406 3448 921 3523 5.1u‘externasire
966 3451 1241 3523 tenebras.]
1270 3451 1420 3507 Licet
1462 3454 1706 3521 qumdam
1752 3454 1913 3507 menti

335 3528 533 3571 nostra:
578 3520 733 3573 insita
759 3522 840 3575 vel
872 3522 1046 3588 pctius
1075 3520 1253 3575 innata
1277 3526 1347 3575 sit
1374 3520 1626 3591 eogni'io,
1661 3522 1800 3591 quod
1836 3533 1909 3576 ta-

335 3605 459 3643 men
480 3594 827 3644 menseadem
850 3595 992 3645 linita
1006 3596 1075 3646 sit
1091 3595 1307 3662 suisque
1322 3593 1816 3661 perturbationibus
1831 3596 1919 3644 ob-

336 3676 519 3721 tmxa,
550 3676 830 3729 pr0pterea
869 3663 1062 3729 duplici
1087 3664 1325 3729 subjacet
1348 3666 1686 3716 tvm-brorum
1710 3664 1916 3731 generi.

336 3731 634 3783 domesticii
669 3732 914 3785 videlicet
954 3743 1010 3788 et.
1038 3747 1280 3787 esterno.
1318 3734 1633 3787 Dotltt‘Slica.‘
1684 3732 1918 3786 tenebrae

338 3812 624 3873 versantur
646 3802 695 3854 in
712 3803 1046 3871 ignoratione
1060 3819 1243 3858 eorum
1262 3821 1379 3872 qua:
1405 3819 1501 3857 nec
1520 3820 1801 3873 possumus
1823 3818 1919 3857 twc

336 3871 597 3924 debemus
627 3887 953 3940 cognoscere
986 3892 999 3929 :
1034 3875 1099 3928 de
1133 3874 1214 3928 bis
1248 3871 1484 3928 tenebris
1510 3871 1668 3944 vulgo
1696 3874 1915 3937 dicitur,

520 3962 726 4013 Nescire
748 3968 968 4027 quaedam
986 3979 1157 4027 magna
1181 3979 1288 4027 pars
1303 3968 1577 4026 sapientia.

334 4044 590 4099 Externa:
619 4062 748 4101 vero
790 4048 1025 4101 tenebrae
1070 4058 1197 4101 sunt
1243 4050 1540 4116 ignorantia
1581 4064 1767 4102 eorum
1800 4065 1920 4117 qua:

334 4130 458 4188 cum
490 4117 757 4183 possimus
778 4117 1176 4187 debeamusque
1190 4133 1536 4188 cognoscere,
1565 4120 1920 4187 perturbato-

335 4184 499 4259 nibus
532 4188 790 4259 obczecati
837 4184 1153 4243 nescimus:
1211 4184 1290 4244 sic
1335 4184 1577 4259 quidam‘
1610 4194 1659 4243 in
1710 4205 1916 4243 summa

335 4258 418 4329 sui
475 4256 677 4329 Deique
708 4260 1041 4327 ignoratione
1072 4256 1368 4327 versantes,
1403 4276 1536 4329 quas
1566 4262 1919 4329 cogitationes

336 4324 388 4378 in
420 4324 603 4379 solum
625 4324 789 4382 Deum
817 4330 1064 4383 conferre
1085 4324 1369 4392 deberent,
1396 4324 1494 4383 has
1524 4331 1575 4383 in
1598 4324 1684 4384 ναῖε
1712 4341 1919 4383 creatas

336 4396 646 4469 conterunt.
712 4398 778 4452 Ut
824 4409 1003 4453 autem
1044 4403 1254 4453 caeteris
1295 4402 1809 4469 perturbationilms,
1842 4402 1920 4454 sic

335 4467 509 4519 nimia
540 4469 835 4534 pnesertim
867 4485 1045 4522 rerum
1073 4467 1395 4524 caducarum
1444 4471 1805 4524 sollicitudine
1826 4473 1919 4521 ob-

336 4550 605 4589 caseamur
635 4555 648 4590 :
687 4539 824 4591 unde
849 4554 991 4592 nunc
1012 4555 1165 4594 mens
1195 4542 1423 4594 humana
1450 4541 1643 4594 dicitur
1670 4542 1720 4592 in
1753 4552 1916 4592 exter-

336 4622 433 4657 nas
461 4607 536 4681 ire
561 4610 812 4681 tenebras,
840 4612 1031 4681 quaties
1069 4612 1122 4663 in
1162 4612 1464 4663 immensum
1505 4612 1756 4681 ejusmodi
1798 4627 1918 4663 cura

2039 1468 2180 1510 trant
2206 1476 2217 1509 :
2243 1457 2338 1511 sed
2364 1461 2461 1512 bac
2478 1471 2752 1515 crescente
2774 1476 2900 1515 cura
2925 1463 3178 1515 minuitur
3201 1464 3573 1519 virtusmczttis
3598 1483 3610 1517 :

2036 1528 2177 1598 unde
2222 1528 2434 1598 divinus
2486 1544 2781 1597 prmceptor
2809 1531 3077 1593 Cltris'us,
3128 1534 3314 1585 Matth.
3356 1551 3441 1598 vr,
3474 1534 3613 1588 hanc

2037 1596 2454 1669 sollicitudinem
2490 1596 2749 1665 pluribus
2790 1604 3029 1654 Cout'mat
3074 1596 3436 1669 argumentis,
3467 1621 3615 1659 sum-

2038 1683 2176 1720 mam
2224 1667 2315 1721 Dei
2364 1670 2753 1733 providentiam
2800 1667 3266 1727 rmntnemlaturus
3308 1692 3317 1701 ·
3367 1675 3505 1730 unde
3552 1675 3637 1729 5.“

2037 1736 2185 1809 Paul.
2208 1738 2272 1789 ad
2303 1738 2498 1809 Philip.
2526 1756 2596 1803 tv,
2627 1739 2803 1801 Nihil,
2840 1743 3036 1808 inqmt,
3064 1744 3272 1795 solliciti
3299 1746 3443 1809 sitis;
3472 1746 3612 1799 unde

2033 1806 2091 1861 S.
2138 1808 2325 1862 Petrus
2367 1806 2459 1875 ep;
2504 1810 2555 1868 1.
2587 1825 2635 1864 e.
2667 1827 2727 1874 ν,
2768 1806 3031 1875 omnem,
3061 1815 3163 1877 ait,
3215 1806 3612 1867 sollicitudinem

2034 1886 2250 1950 restram
2280 1880 2602 1949 proﬁcientes
2630 1882 2680 1933 in
2731 1881 2888 1935 Deum
2924 1899 2941 1935 :
2970 1884 3207 1950 quoniam
3236 1885 3335 1948 ipsi
3378 1902 3500 1937 cura
3538 1896 3608 1938 est

1962 1962 2005 2022 Β
2032 1948 2094 2022 de
2126 1947 2297 2022 vobis;
2328 1947 2521 2022 quibus
2563 1952 2748 2018 positis
2770 1994 2783 2017 ,
2841 1947 2990 2006 nihil-
3018 1955 3210 2007 mirum
3237 1947 3287 2007 Si
3337 1955 3451 2007 hinc
3486 1970 3631 2007 cura.

2037 2018 2119 2069 hic
2148 2018 2358 2072 dicatur
2388 2021 2561 2074 noxia.

2105 2088 2290 2161 6._llic
2333 2090 2634 2161 quortdarn.]
2669 2089 2897 2144 Boetius.
2945 2090 3201 2146 Nimirum
3233 2109 3264 2146 a
3307 2095 3604 2161 quastione

2032 2154 2237 2210 inlinita
2261 2200 2276 2222 ,
2339 2174 2498 2229 quam
2523 2154 2692 2214 (irasci
2724 2163 2855 2215 θέσιν
2888 2164 3187 2229 appellant,
3212 2164 3282 2216 ad
3326 2154 3600 2217 delinitam

2031 2228 2473 2303 controversiam,
2489 2246 2647 2297 quam
2672 2230 2828 2303 iidem
2846 2228 3029 2284 dicunt
3049 2228 3307 2293 ὑπόθεσιν,
3323 2240 3604 2303 progre~sa

2035 2296 2395 2370 pbi_l050pbia,
2426 2301 2768 2353 connuendat
2820 2316 2974 2363 eam,
3028 2318 3146 2370 qua:
3195 2296 3461 2368 quondam
3511 2303 3608 2356 fuit

2029 2365 2079 2440 in
2112 2367 2313 2440 Boetio,
2355 2384 2531 2421 rerum
2582 2370 2904 2424 naturalium
2960 2365 3240 2437 notitiam,
3280 2382 3602 2440 prarsentem

2029 2438 2266 2503 ejusdem
2295 2437 2680 2504 ignorationem
2708 2440 2886 2494 statim
2929 2441 3157 2500 dictura.
3190 2437 3465 2497 Praiterita
3511 2459 3607 2497 au-

2031 2515 2135 2560 tem
2178 2508 2344 2561 Boetii
2387 2510 2569 2562 notitia
2593 2551 2608 2573 ,
2637 2519 2694 2562 ιιι
2738 2526 2877 2565 nunc
2902 2512 3119 2575 dicitur,
3145 2529 3331 2577 magna
3364 2511 3462 2567 luit
3496 2524 3600 2567 tam

2028 2576 2094 2631 de
2118 2578 2255 2631 caelo
2282 2593 2438 2646 quam
2476 2579 2543 2633 de
2585 2590 2747 2633 terra.
2787 2580 3021 2635 Primum
3062 2584 3203 2637 enim
3236 2576 3450 2637 Boetius
3480 2587 3601 2638 cmli

2027 2648 2226 2710 sciens,
2251 2653 2492 2717 cognovit
2515 2690 2528 2710 ,
2562 2652 2619 2703 ιο
2652 2651 2849 2708 ~olem.
2878 2653 3054 2705 ltmam
3083 2663 3136 2706 et
3166 2654 3452 2718 stella<;‘2‘
3471 2670 3604 2708 ven-

2029 2726 2137 2789 tos,
2170 2720 2257 2786 qui
2290 2735 2317 2769 a
2349 2719 2615 2789 sideribus
2645 2722 2789 2773 velut
2816 2720 3036 2775 elTeetus
3064 2741 3089 2774 ιι
3122 2723 3299 2777 causis
3326 2724 3601 2789 oriuntur;

2026 2785 2082 2862 33°
2113 2785 2369 2855 Spiritum
2402 2788 2677 2862 Universi,
2713 2805 2739 2862 a
2784 2805 2911 2857 quo,
2943 2792 3084 2845 velut
3123 2808 3150 2845 a
3182 2807 3344 2845 causa
3376 2795 3485 2862 ipsa
3526 2785 3604 2849 si;
3664 2854 3665 2857 η

2025 2855 2152 2909 dera
2212 2872 2518 2911 moventur.
2572 2859 2773 2913 Deinde
2807 2855 2950 2913 vero
3000 2862 3135 2914 idem
3183 2855 3410 2915 Boetius'
3446 2874 3605 2918 teme

2024 2927 2223 2998 sciens,
2246 2930 2496 2995 cognovit
2526 2930 2698 2982 varias
2726 2931 2848 2982 anni
2880 2938 3239 2998 tempestates,
3268 2934 3325 2984 1ο
3349 2948 3566 2987 vernam
3586 2973 3601 2996 ,

2022 2995 2082 3047 ‘2‘
2108 3000 2470 3053 autumnalem
2502 3002 2783 3063 variasque
2825 2995 3027 3053 natura:
3057 3017 3264 3054 causas.
3297 3003 3430 3055 Ilinc
3462 3004 3600 3057 idem

2026 3065 2242 3121 Boetius
2275 3084 2415 3141 nunc
2442 3070 2640 3122 dicitur
2667 3068 2792 3121 liber
2821 3068 2945 3122 (telo
2968 3081 3175 3141 aperto;
3202 3081 3463 3137 quatenus
3486 3073 3602 3141 ejus

2025 3152 2196 3209 mens,
2230 3138 2395 3209 veluti
2422 3154 2647 3209 excusso
2677 3138 3061 3208 corporisjugo
3094 3140 3335 3209 laetoque
3364 3143 3465 3194 sibi
3509 3138 3602 3207 per

2023 3206 2233 3261 abditas
2260 3208 2427 3275 ipsius
2454 3208 2672 3262 arsberis
2701 3209 2883 3277 plagas
2910 3206 3118 3271 itinere,
3139 3206 3461 3278 cogitatione
3494 3206 3598 3264 non

2024 3278 2186 3350 modo
2216 3279 2455 3350 attingit,
2487 3278 2580 3332 sed
2602 3281 2760 3333 etiam
2790 3281 3030 3346 pervadit.
3058 3282 3250 3335 eteltnn
3280 3299 3289 3332 :
3316 3297 3479 3350 quare
3509 3283 3603 3335 ad-

2023 3347 2188 3413 ditur,
2208 3348 2464 3419 Suetusin
2494 3350 2727 3403 wtlterios
2750 3350 2825 3403 ire
2854 3360 3067 3403 meatus.
3094 3352 3222 3419 Qua:
3244 3347 3421 3405 Omnia
3452 3367 3602 3407 seor-

2020 3432 2137 3472 sum
2164 3418 2500 3487 exponenda.

2091 3490 2144 3542 8.
2176 3488 2423 3559 Ceruebat
2448 3491 2580 3542 rosei
2603 3490 2795 3543 lumina
2826 3488 2994 3559 solis.]
3025 3490 3063 3542 Ι.
3102 3489 3317 3544 Boetius
3355 3492 3604 3559 cognovit

2021 3559 2187 3612 solem
2204 3576 2227 3623 ;-
2250 3558 2400 3627 cujus
2430 3560 2689 3613 doctrinae
2709 3601 2723 3621 ,
2750 3569 2807 3613 ot
2832 3568 2886 3613 et
2905 3558 3240 3627 sequentium
3274 3558 3461 3615 melior
3491 3571 3599 3616 tes-

2022 3629 2090 3679 tis
2118 3643 2237 3682 esse
2266 3644 2373 3682 non
2404 3638 2610 3698 potest,
2635 3645 2793 3698 quam
2824 3632 2934 3699 ipse
2956 3630 3169 3684 Boetius
3190 3631 3256 3684 de
3278 3645 3334 3685 se
3357 3631 3457 3685 sub
3481 3646 3601 3699 per-

2022 3711 2151 3770 sona
2212 3699 2567 3770 philosophia
2609 3705 2838 3755 locutus.
2872 3699 2969 3754 Sol
3006 3715 3179 3755 autem
3204 3742 3217 3762 ,
3271 3701 3440 3770 inquit
3468 3701 3599 3755 Tul-

2022 3767 2147 3832 lius,
2172 3782 2213 3839 At
2255 3769 2320 3822 de
2366 3768 2484 3822 Nat.
2515 3770 2703 3834 deor.,
2745 3772 2906 3822 dictus
2937 3780 3037 3835 est,
3080 3772 3156 3823 vel
3198 3772 3316 3839 quia
3343 3767 3499 3824 solus
3544 3788 3607 3824 ea:

2022 3837 2252 3909 omnibus
2272 3839 2520 3892 sideribus
2546 3854 2618 3893 est
2644 3848 2817 3893 tantus
2849 3856 2867 3894 :
2898 3839 2971 3892 vel
2990 3843 3108 3909 quia
3135 3837 3247 3894 runt
3268 3851 3475 3894 exortus
3497 3853 3600 3901 est,

2022 3906 2305 3991 obscuratis
2341 3911 2535 3991 cretei-is
2578 3910 2829 3963 sideribus
2858 3906 3010 3964 solus
3025 3922 3235 3991 apparet
3265 3927 3283 3964 :
3314 3926 3483 3991 quare
3512 3912 3601 3991 qui

2023 3977 2183 4046 hujus
2227 3979 2420 4033 sideris
2468 3992 2711 4033 naturam
2746 3977 3102 4049 perspectam'
3126 3977 3395 4045 habuerit,
3429 3977 3603 4035 hic-in

2021 4050 2347 4116 Cogitatione
2369 4067 2548 4104 rerum
2572 4052 2869 4106 cmlestium
2887 4051 3277 4106 versatissimus
3301 4050 3486 4105 haberi
3511 4067 3604 4122 po-

2024 4128 2147 4175 lCSl.

2095 4190 2149 4245 9.
2183 4189 2385 4245 Visebat
2414 4192 2597 4260 gelida:
2610 4192 2781 4243 sidera
2809 4190 2991 4261 lumen]
3015 4191 3077 4245 ll.
3111 4192 3326 4247 Boetius
3347 4194 3621 4260 cognovir

2023 4260 2201 4313 lunam
2239 4278 2250 4312 :
2282 4262 2421 4316 sicut
2465 4261 2579 4329 ipse
2618 4262 2778 4313 etiam
2811 4260 3051 4315 testatur.
3087 4261 3235 4315 Luna
3270 4272 3448 4315 autem
3471 4302 3485 4324 ,
3522 4263 3603 4313 in-

2022 4332 2135 4398 quit
2161 4330 2364 4385 Tullius
2396 4346 2431 4385 tt
2460 4331 2525 4385 de
2552 4330 2671 4383 Nat.
2703 4330 2876 4393 deor.,
2909 4346 2940 4382 a
2971 4332 3183 4385 lucendo
3208 4332 3472 4384 nominata
3505 4348 3524 4384 :
3548 4349 3609 4383 ea

2023 4411 2094 4451 est
2122 4401 2252 4451 enim
2277 4400 2475 4453 Lucina
2505 4417 2522 4452 :
2551 4402 2719 4468 itaque
2746 4411 2799 4452 ut
2826 4401 2965 4467 apud
2989 4399 3193 4454 Gra’cos
3218 4400 3439 4453 Dianam
3466 4418 3605 4453 eam-

2023 4485 2119 4536 que
2142 4468 2430 4538 Luriferam
2448 4512 2462 4535 ,
2497 4471 2569 4522 sic
2595 4472 2734 4537 apud
2778 4481 2973 4521 nostros
3004 4469 3254 4522 Lucinam
3280 4472 3334 4523 in
3361 4472 3607 4536 pariendo

2022 4542 2281 4601 invocant,
2307 4555 2420 4609 quia
2452 4542 2631 4592 cadent
2681 4539 2866 4591 Diana.
2904 4539 3115 4592 Scilicet
3148 4548 3205 4592 ut
3235 4541 3315 4593 sol
3349 4556 3441 4607 per
3464 4541 3605 4593 diem

2024 4610 2194 4669 solus,
2228 4610 2303 4663 sic
2335 4611 2455 4662 luna
2491 4624 2585 4677 per
2614 4622 2822 4663 noetem
2854 4611 2966 4661 sola
2996 4612 3173 4663 lucere
3207 4610 3438 4669 videtur.
3464 4610 3608 4662 unde

335 4678 536 4752 crescit.
563 4678 696 4752 Cum
728 4694 889 4747 porro
928 4680 1112 4734 eadem
1160 4696 1312 4735 mens
1343 4678 1574 4733 humana
1618 4697 1680 4734 ex
1710 4682 1919 4749 ignora-
1952 4695 2000 4752 ι)
2030 4680 2538 4752 vocaturnoetiluea
2578 4697 2588 4730 :
2604 4680 2760 4752 _untle
2790 4681 2947 4752 etiam
2978 4679 3093 4748 ejus
3134 4680 3323 4752 notitia
3359 4694 3605 4752 magnam

337 4747 489 4800 tione
522 4749 608 4801 illa
653 4750 704 4803 in
734 4764 1007 4813 errorem,
1038 4765 1102 4803 ex
1133 4765 1318 4804 errore
1353 4752 1405 4804 in
1449 4752 1666 4811 vitium,
1700 4747 1761 4803 ei:
1794 4755 1920 4802 VlliO

336 4815 392 4889 in
417 4833 600 4885 poenas
621 4831 849 4873 aeternas
872 4820 1014 4888 lapsa
1047 4821 1229 4885 cadat,
1260 4830 1507 4889 pr0ptera
1528 4831 1713 4872 auctor
1740 4831 1922 4872 noster

338 4887 459 4942 haec
488 4892 728 4944 scribens
752 4887 934 4956 potuit
955 4906 1018 4944 ea
1044 4887 1281 4957 cogitare
1312 4908 1427 4958 quae
1460 4892 1761 4944 referuntur
1794 4893 1919 4941 Mat-

338 4959 467 5013 11ιωὶ
503 4975 628 5011 uti.
660 4959 854 5031 Ligatis
883 4962 1120 5013 manibus
1142 4972 1186 5012 et
1210 4961 1418 5027 pedibus
1445 4962 1578 5031 ejus,
1609 4962 1786 5012 mittite
1808 4976 1924 5012 eum

332 5030 390 5080 in
422 5032 648 5084 tenebras
688 5029 964 5084 citeriores
992 5048 1013 5084 .°
1040 5032 1127 5084 ubi
1172 5032 1231 5086 S.
1268 5031 1520 5098 (ἕτεροι-η
1554 5029 1826 5083 Interiores
1856 5042 1871 5081 t
1902 5059 1927 5069 -

331 5099 525 5164 uebnz,
548 5101 641 5162 ait,
664 5110 780 5152 sunt
800 5101 1000 5153 caecitas
1024 5101 1222 5165 cordis;
1249 5104 1520 5154 exteriores
1535 5102 1751 5154 tenebrat
1782 5114 1927 5152 «vter-

346 5186 419 5222 ta:
444 5171 783 5224 damnationis
808 5186 931 5223 nox.

408 5240 464 5291 4.
496 5242 657 5294 Aucta
702 5242 915 5294 terrenis
940 5240 1196 5311 ﬂatibus.]
1248 5240 1529 5306 Voluptate
1567 5240 1824 5295 nimirum
1868 5250 1921 5292 et

334 5311 617 5364 hominum
633 5352 647 5373 ,
672 5313 990 5381 quibuscum
1009 5310 1259 5374 vivimus,
1273 5313 1694 5374 existimatione,
1712 5311 1921 5380 quibus.

331 5390 393 5435 ut
409 5382 543 5448 ignis
558 5382 981 5442 ﬂatibttsmostra
998 5382 1325 5450 perturbatio
1339 5382 1784 5436 alitur.Nimirum
1802 5398 1919 5433 rum

331 5466 490 5505 IIICIIS
512 5454 745 5506 humana
759 5455 1113 5521 eeojuugatur
1133 5454 1360 5520 primum
1380 5453 1592 5518 quidem
1607 5467 1725 5505 eum
1741 5468 1919 5519 corpo-

328 5538 419 5585 rc,
450 5522 643 5576 deinde
669 5540 788 5577 cum
813 5523 917 5577 illis
944 5528 1060 5577 sive
1094 5524 1277 5584 rebus,
1301 5525 1414 5577 sive
1439 5524 1702 5589 personis,
1732 5523 1923 5592 quibus

332 5598 511 5659 prima
527 5592 619 5646 illa
638 5594 943 5661 eonjunctio
959 5593 1169 5647 videtur
1181 5595 1407 5660 servari,
1426 5605 1705 5663 pr0pterea
1722 5595 1834 5646 luce
1848 5608 1922 5644 re-

331 5676 457 5715 rum
478 5667 801 5717 caduearmn
816 5680 965 5726 cura,
983 5675 1172 5734 agente
1186 5680 1434 5732 oorpore,
1450 5667 1706 5730 nascitur,
1723 5663 1925 5731 agenti-

332 5737 549 5801 bnsque
580 5749 703 5787 cum
734 5736 890 5790 rebus
915 5746 1022 5790 tum
1049 5737 1290 5803 personis
1313 5738 1660 5788 corroborata
1688 5736 1883 5787 crescit
1911 5752 1921 5785 :

335 5818 432 5856 res
460 5805 679 5871 quidem
710 5815 869 5873 agunt
914 5821 1011 5858 suo
1056 5816 1300 5859 contuetu
1345 5824 1353 5854 :
1402 5819 1643 5871 persona}
1671 5819 1800 5857 vero
1832 5818 1925 5854 sua

336 5876 409 5929 de
440 5877 600 5929 rebus
644 5876 759 5931 istis
782 5876 1193 5942 existimatione,
1226 5891 1381 5944 quam
1404 5875 1649 5943 exemplo
1679 5874 1929 5928 detnons-

2027 4750 2328 4818 astrologia!
2361 4749 2525 4801 Boetii
2561 4749 2715 4801 affert
2745 4749 3127 4802 accessionem.
3163 4749 3268 4804 Sed
3300 4765 3396 4802 cur
3430 4750 3608 4803 Philo-

2028 4820 2213 4886 sOpbia
2264 4820 2347 4872 hic
2395 4826 2551 4871 vocat
2588 4820 2756 4870 sidera
2802 4820 2976 4871 lume?
3002 4834 3120 4871 eum
3155 4819 3275 4873 luna
3308 4821 3459 4872 unica
3501 4819 3605 4882 sit,

2029 4889 2176 4942 sidus
2202 4901 2379 4953 autem
2408 4890 2649 4941 videatur
2671 4890 2879 4957 signum
2904 4903 2969 4941 ex
2995 4890 3233 4957 pluribus
3264 4890 3430 4943 stellis
3461 4904 3609 4943 com-

2032 4960 2259 5029 positum
2278 5001 2290 5022 ,
2322 4970 2375 5011 ut
2403 4960 2573 5023 Aries,
2603 4958 2937 5012 Andromeda
2958 4998 2973 5022 ,
3019 4968 3149 5023 etc.,
3176 4961 3296 5029 quia
3318 5002 3331 5024 ,
3361 4962 3573 5029 inquam
3592 5001 3608 5024 ,

2031 5030 2180 5083 sidus
2204 5028 2403 5083 dicitur
2431 5043 2625 5097 corpus
2652 5042 2830 5083 omne.
2858 5030 2997 5097 quod
3019 5028 3297 5096 Splendida
3322 5045 3415 5083 sua
3436 5028 3607 5085 l'orma

2035 5115 2063 5151 a
2092 5101 2361 5153 communi
2385 5113 2699 5154 tia-tororum
2726 5098 2875 5153 turba
2904 5100 3244 5169 distinguitur
3280 5120 3292 5153 :
3346 5102 3425 5155 sic
3468 5105 3609 5156 enim

2034 5169 2311 5237 eleganter
2352 5171 2545 5224 dicitur
2580 5188 2591 5222 :
2640 5181 2683 5223 et
2719 5172 2863 5223 habet
2903 5187 2997 5224 sua
3025 5173 3193 5224 sidera
3222 5171 3371 5224 tellus
3395 5189 3413 5225 :
3465 5174 3607 5225 sidus

2029 5242 2226 5310 quippe
2248 5241 2440 5294 dicitur
2471 5242 2536 5292 ab
2567 5238 2717 5301 εἶδος,
2748 5242 2913 5303 [arma
2939 5242 3050 5295 sive
3076 5242 3286 5311 species,
3313 5243 3529 5311 Spiritu’
3562 5245 3605 5293 iu

2032 5331 2057 5369 ς
2089 5317 2315 5369 mutato,
2342 5311 2478 5375 quod
2505 5326 2679 5363 rarum
2705 5325 2809 5364 non
2838 5321 2941 5364 est.
2959 5312 3065 5365 Cur
3086 5327 3215 5367 vero
3241 5315 3363 5366 luna
3389 5321 3604 5365 vocatur

2032 5381 2240 5451 gelida?
2268 5382 2367 5433 nisi
2408 5382 2548 5446 quod
2598 5380 2717 5433 lttna
2769 5392 2961 5445 praeest
3000 5384 3179 5448 nocti,
3206 5399 3359 5451 quas,
3387 5382 3607 5435 absente

2033 5452 2169 5511 sole,
2203 5452 2377 5503 vicino
2408 5451 2494 5502 die
2523 5460 2605 5502 est
2638 5452 2894 5519 frigidior.

2106 5521 2189 5573 10.
2213 5519 2278 5571 Ει
2296 5536 2607 5588 qutecunque
2629 5536 2778 5587 vagos
2800 5520 2946 5574 strlla
2966 5520 3247 5589 recursus.]
3263 5521 3348 5574 111.
3373 5521 3605 5580 Boetius,

2033 5605 2092 5643 se
2113 5593 2270 5643 etiam
2305 5600 2461 5653 teSte,
2492 5592 2741 5659 cognovit
2786 5593 2985 5658 pariter
3026 5593 3250 5643 stellas:
3287 5608 3390 5644 non
3438 5591 3605 5645 solum

2035 5660 2176 5729 quod
2206 5669 2408 5727 spectat
2438 5676 2621 5713 earum
2652 5662 2991 5727 qualitatem,
3013 5660 3152 5725 quod
3176 5675 3424 5729 magnum
3449 5673 3609 5723 esset;

2040 5746 2223 5783 verum
2248 5734 2406 5783 etiam
2429 5730 2595 5795 ,quod
2621 5733 2791 5794 majus
2812 5741 2891 5781 est
2909 5770 2921 5790 ,
2948 5730 3087 5795 quod
3106 5732 3378 5785 attinetad
3403 5746 3613 5785 earum-

2044 5801 2162 5872 dem
2190 5802 2559 5869 quantitatem.
2596 5800 2775 5853 Stella:
2802 5808 2979 5852 autem
3030 5801 3258 5872 duplicis
3285 5814 3411 5856 sunt
3456 5816 3619 5872 gene-

2048 5871 2140 5937 ris,
2198 5887 2386 5941 uempe
2434 5872 2736 5928 inerrantes
2762 5879 2817 5925 et
2862 5884 3026 5940 vagae.
3070 5870 3253 5928 Stellae
3294 5870 3614 5942 inerrantes,
