4254 6250
615 414 719 470 6’33

758 526 866 594 28
891 521 1116 588 Emicat,
1146 531 1200 576 et
1229 521 1406 574 subito
1437 519 1672 572 vibratus
1701 516 1898 569 lumine
1931 513 2187 573 Plimhus,
2224 517 2264 568 Α

618 622 684 674 10
757 619 864 690 29
891 616 1146 670 Mirantes
1166 614 1353 669 oculos
1377 611 1540 666 radiis
1579 610 1722 665 ferit.

1167 747 1275 817 30
1302 745 1520 800 PROSA
1553 745 1638 799 Ill.

619 855 1007 906 Anconsnrun.
1045 880 1115 894 -ρ
1155 847 1384 910 Boetius,
1429 845 1686 912 recognita
1728 844 1930 897 tandem
1989 853 2196 906 parente

696 919 1060 988 Philosophia,
1090 920 1151 971 ab
1175 919 1348 972 eadem
1379 916 1756 988 percunctando
1778 913 1963 988 accipit
1981 921 2076 988 ,ιιι
2104 927 2197 961 αη-

688 994 850 1058 tiquos
871 982 943 1042 sic
973 982 1270 1042 recentiores
1302 982 1627 1053 philosophos
1669 986 1732 1036 ab
1771 982 1964 1053 ignaris
2003 982 2196 1050 impro-

692 1063 862 1121 bisque
890 1073 1092 1114 vexaros
1115 1058 1290 1127 fuisse.

1835 402 1945 456 AN.
1988 401 2192 456 MANL.
2235 397 2384 453 Si‘lV.
2430 397 2649 452 ΒΟΙΞΪΙΙ

3763 388 3870 444 604

2370 511 2384 539 ¹
2421 519 2444 544 ο
2479 508 2624 562 llaud
2651 509 2804 562 aliter
2834 509 3060 563 tristitiae
3091 508 3302 563 nebulis
3337 505 3629 566 dissolutis,
3659 503 3685 541 ‘J
3721 503 3870 557 hausi

2297 600 2526 665 malum,
2593 608 2648 653 et
2702 600 2768 654 ad
2829 600 3257 670 cognoscendam
3317 597 3632 652 uiedicantis
3679 593 3871 646 faciem

2305 699 2324 726 ο
2353 698 2584 742 mentem
2635 691 2832 754 recepi.
2867 691 3065 759 Itaque,
3097 692 3184 744 ubi
3229 689 3281 743 in
3317 703 3435 743 eam
3465 687 3660 741 deduxi
3691 687 3873 737 oculos

2302 781 2322 809 ¹
2352 780 2706 848 intuitumque
2733 780 2925 843 defixi,
2956 781 3182 848 reSpicio
3202 781 3222 810 ³
3255 779 3514 832 nutricem
3545 791 3740 840 meam,
3771 771 3874 846 31

2302 868 2322 898 ⁸
2353 869 2406 922 in
2434 869 2588 937 cujus
2617 869 2685 922 ab
2714 870 3071 925 adolescentia
3097 868 3122 906 ά
3156 871 3380 924 Laribus
3410 869 3724 923 observa'us
3766 868 3874 920 fuc-

2305 973 2447 1020 ram,
2480 958 2899 1027 Philosophiam.
2931 960 2994 1013 Et
3023 959 3149 1030 quid
3173 1004 3187 1024 ,
3217 959 3463 1028 inquam,
3500 967 3523 994 ο
3558 965 3612 1010 tu
3642 959 3662 988 ⁸
3693 957 3746 1010 in
3787 956 3876 1007 has

2308 1050 2484 1106 exsilii
2526 1053 2692 1105 nostri
2725 1052 3119 1131 solitudinesko
3149 1053 3169 1084 ⁸
3199 1054 3433 1108 omnium
3483 1052 3730 1120 magistra
3777 1051 3879 1102 vir-

1969 1157 2541 1214 IN'I'ERPRETATIU.

623 1282 704 1323 tus
732 1268 953 1339 ﬂagellet
1001 1267 1131 1319 hanc
1161 1275 1353 1339 terrain
1393 1274 1440 1317 et
1481 1263 1679 1339 aperiat
1722 1262 1886 1339 lucem
1929 1259 2194 1338 abscondi-

624 1332 746 1403 tam,
777 1332 853 1391 sol
877 1348 1109 1407 apparet.
1142 1348 1187 1390 et
1237 1337 1448 1388 emissus
1485 1333 1596 1384 luce
1625 1332 1908 1395 repentina,
1954 1332 2197 1395 pers'rin-

625 1414 694 1477 qit
723 1409 995 1475 splendore
1021 1422 1117 1459 suo
1140 1407 1308 1458 oculos
1331 1413 1604 1472 stupentes.

699 1488 724 1515 ⁸
758 1478 929 1533 Simili
963 1477 1135 1530 modo.

2373 1253 2400 1292 δ
2426 1255 2711 1320 Ifespiravt'.

2379 1335 2401 1362 ο
2437 1327 2670 1377 Animum
2698 1326 2852 1381 erexi.

2377 1391 2404 1430 ἀ
2439 1394 2734 1448 Doniesticis
2763 1397 3119 1464 peristrulibus.

2382 1475 2404 1502 ⁸³
2447 1465 2557 1535 Ego
2588 1465 2814 1522 Boetius.

2154 1556 2382 1614 NOTAE.

624 1659 896 1724 nimirum,
925 1674 1026 1728 qua
1055 1659 1229 1711 minus
1252 1658 1536 1723 resistitur,
1567 1655 1887 1728 rarescendo
1928 1655 2188 1728 currenti

625 1730 726 1785 bus
749 1731 878 1784 ﬂare
905 1726 1184 1784 censuevit
1208 1746 1221 1782 :
1259 1729 1398 1782 unde
1429 1727 1614 1798 Virgil.
1649 1743 1664 1780 ι
1699 1726 1846 1789 Ᾱῧιιη
1871 1741 1922 1778 v.
1941 1726 2043 1779 55:

748 1822 1029 1870 Nimborum
1050 1823 1096 1870 in
1125 1823 1341 1882 patriam,
1366 1822 1466 1868 loca
1490 1819 1585 1882 Teii]
1606 1818 1877 1882 furentibus
1895 1817 2070 1865 austris

752 1882 953 1930 Eoliam
979 1879 1135 1930 venit:
1153 1883 1241 1929 llic
1267 1879 1400 1930 vasto
1419 1893 1507 1928 rex
1531 1879 1698 1927 Eolus
1717 1887 1858 1926 antro

751 1943 1014 1992 Luctantes
1033 1951 1205 1991 Ventos
1228 1950 1645 2002 tempestatesque
1664 1953 1862 2002 sonoras

750 2007 960 2065 Imperio
980 2007 1174 2065 premit,
1203 2018 1258 2052 ac
1283 2001 1448 2051 vinclis
1468 2009 1520 2052 et
1541 2001 1740 2051 carcere
1759 2001 1933 2065 frenat.

751 2064 1153 2126 llliindiguantes
1176 2078 1351 2126 magno
1374 2078 1482 2113 cum
1507 2076 1755 2112 murmure
1779 2064 1954 2110 montis

745 2128 934 2176 Circum
960 2126 1166 2174 claustra
1191 2127 1418 2175 fremunt.

695 2210 746 2261 7.
800 2207 1071 2279 Threicia]
1128 2207 1251 2262 Sive
1295 2208 1558 2279 Thracio:
1588 2206 1727 2279 quod
1755 2207 1958 2279 Boreas
1988 2204 2200 2279 quidam

625 2281 844 2340 eodem,
912 2293 1017 2346 quo
1054 2273 1259 2332 'ventus
1317 2278 1422 2333 hic.
1471 2278 1683 2329 nomine
1735 2278 1998 2336 donatus,
2048 2273 2206 2346 fuerit

625 2348 841 2401 Thrax:
875 2345 953 2401 vel
987 2349 1125 2416 quod
1169 2358 1358 2401 ventus
1403 2348 1489 2400 hic
1513 2346 1915 2414 comparatione
1967 2345 2065 2397 loci
2115 2345 2198 2396 ubi

551 2447 562 2454 -
628 2421 894 2472 scriliehat
918 2418 1151 2479 Boetius,
1179 2433 1244 2471 ex
1278 2417 1501 2470 Thracia
1527 2416 1797 2469 videretur
1825 2416 1986 2468 ﬂare:

693 2488 781 2543 Sic
815 2487 956 2555 Virg.
991 2503 1060 2541 xtl
1082 2487 1322 2551 lEllCi'i.,
1347 2503 1395 2540 v.
1427 2486 1530 2541 565
1557 2507 1567 2540 :

742 2577 815 2625 Ac
838 2576 976 2625 velut
993 2576 1149 2625 Edoni
1169 2577 1344 2625 norem
1366 2590 1474 2625 cum
1498 2576 1698 2637 spiritus
1721 2575 1816 2624 alto

744 2639 940 2687 lnsonat
961 2638 1145 2695 (Egzeo,
1171 2644 1492 2699 sequiturque
1517 2636 1572 2699 ad
1598 2636 1756 2685 littora
1774 2637 1950 2699 ﬂuctus

743 2703 846 2757 Qua
871 2701 1003 2750 venti
1030 2697 1314 2756 incubuere,
1339 2697 1500 2758 fugam
1522 2697 1638 2747 dant
1663 2697 1824 2745 nubila
1849 2698 1990 2746 cmlo.

695 2781 863 2834 Edoni
887 2779 1026 2834 enim
1056 2779 1240 2834 Graaee
1266 2779 1467 2839 ἡδωνοί,
1497 2780 1744 2832 Straboni
1772 2794 1904 2846 gens
1933 2786 2015 2831 est
2037 2777 2200 2830 Thra-

624 2850 760 2904 cica.
796 2851 962 2904 Porro
1000 2866 1224 2904 reserare
1272 2851 1409 2903 idem
1437 2860 1516 2903 est
1547 2849 1686 2916 quod
1712 2850 1909 2915 aperire
1933 2863 1954 2902 :
1978 2863 2202 2901 reserare

623 2921 764 2974 enim
789 2922 1114 2975 contrarium
1145 2931 1223 2974 est
1255 2920 1379 2973 seris
1413 2936 1430 2973 :
1461 2922 1596 2973 sicut
1644 2918 1832 2971 claudo
1872 2930 1920 2971 et
1965 2918 2196 2985 recludo,

623 2993 733 3044 velo
761 3001 814 3044 ct
857 2993 1042 3058 revela,
1076 2999 1187 3060 tego
1216 3001 1270 3044 et
1313 2999 1503 3053 reteqo,
1524 2999 1659 3060 sunt
1709 2990 2016 3060 contraria:
2067 3003 2203 3042 sera:

623 3072 800 3116 autem
836 3071 979 3124 sunt,
1025 3059 1216 3128 quibus
1247 3061 1468 3114 remotis
1508 3059 1649 3113 fores
1679 3059 2000 3125 panduntur,
2032 3069 2088 3111 ut
2128 3059 2202 3112 ait

629 3130 813 3192 Varro,
850 3131 932 3184 vel
957 3140 1012 3184 ut
1042 3132 1112 3183 ait
1136 3130 1347 3194 Festus,
1371 3129 1558 3198 fustes,
1583 3128 1670 3197 qui
1701 3137 2045 3197 opponuntur
2075 3128 2202 3181 fori-

624 3201 759 3254 bus:
791 3201 944 3256 Ovid.
989 3201 1024 3255 l.
1061 3217 1110 3254 νι
1154 3204 1361 3268 Amor.,
1409 3198 1607 3253 Excute
1651 3210 1794 3269 poste
1835 3215 2022 3252 seram.
2070 3199 2200 3253 Hinc

627 3270 776 3340 Virg.
808 3287 881 3325 xu
905 3269 1055 3334 lEn.,
1086 3287 1136 3322 ν.
1171 3270 1312 3324 584;

749 3361 932 3410 Urbem
951 3361 1028 3409 alii
1052 3373 1278 3410 reserare
1297 3362 1493 3425 jubent,
1520 3366 1572 3410 et
1595 3362 1810 3422 pandere
1838 3370 2014 3420 portas.

697 3443 752 3497 9.
803 3441 1064 3513 Phoebus]
1109 3443 1342 3513 PiltBbttS
1385 3446 1500 3498 sive
1549 3444 1739 3513 Apollo
1784 3443 1949 3496 fertur
1977 3443 2124 3496 Jovis
2153 3454 2207 3497 et

623 3513 842 3568 Latonm
875 3512 1260 3570 lilius,codem
1299 3522 1449 3580 partu
1478 3512 1610 3567 cum
1633 3514 1798 3566 Diana
1825 3514 2002 3565 editus
2031 3514 2081 3564 in
2125 3515 2204 3564 iii-

623 3583 741 3638 sula
767 3583 913 3636 Delo.
947 3581 1218 3636 Medicina:
1255 3587 1519 3645 inventor,
1545 3583 1838 3647 «liviiiandi,
1869 3583 2119 3636 cantamli
2152 3593 2206 3638 et

623 3652 956 3706 versificandi
989 3651 1122 3705 adeo
1154 3653 1376 3719 peritus,
1405 3663 1463 3705 ut
1493 3655 1677 3706 harum
1709 3655 1900 3705 artium
1943 3653 2083 3705 Deus
2114 3654 2208 3706 ha-

622 3721 764 3776 bitus
791 3724 877 3775 sit.
911 3721 1111 3784 Poetis,
1141 3731 1199 3774 ut
1229 3737 1386 3786 nunc,
1417 3725 1612 3790 sa-pins
1637 3722 1803 3776 solem
1835 3724 2118 3788 signiﬁcat,
2151 3733 2206 3777 ut

622 3793 793 3862 ipsius
850 3793 1080 3845 nominis
1121 3794 1488 3860 interpretatio
1546 3793 1774 3860 probat:
1829 3795 2006 3862 φοῑϐος
2058 3795 2204 3846 enim

622 3861 827 3927 Graice,
861 3862 1044 3915 Latine
1068 3872 1149 3916 est
1184 3863 1508 3929 splendidus,
1543 3863 1666 3915 hinc
1692 3861 1886 3916 dicittir
1917 3865 2130 3915 emicare
2152 3874 2206 3917 et

622 3931 788 3984 subito
812 3933 1037 3985 vibratus
1083 3933 1314 3985 lumine:
1343 3933 1558 3985 emicare
1587 3932 1799 3997 quidem
1833 3934 2047 3994 dicitur,
2081 3949 2207 4002 qua-

623 4011 778 4056 tenus
803 4003 964 4071 fulget
991 4017 1005 4056 :
1033 4003 1161 4055 mico
1191 4004 1332 4056 enim
1364 4011 1446 4056 est
1466 4019 1493 4055 a
1523 4005 1675 4066 mica,
1698 4013 1959 4067 quatenus
1984 4003 2096 4055 hinc:
2125 4003 2203 4055 di-

621 4071 763 4143 citur
790 4073 856 4125 de
883 4075 1122 4127 arenulis
1153 4073 1476 4143 fulgentibus
1506 4093 1515 4123 ε
1553 4085 1605 4124 at
1635 4073 1830 4126 dicitur
1854 4074 2019 4126 subito
2040 4073 2203 4125 vibra-

621 4150 705 4194 tus
731 4142 942 4203 lumine,
974 4142 1250 4208 quatenus
1265 4144 1342 4196 sol
1371 4144 1682 4196 continuato
1716 4145 1914 4196 lumine
1935 4144 1999 4194 ad
2037 4153 2203 4198 terras

622 4227 790 4281 usque
813 4211 1096 4267 emittitur.
1129 4214 1218 4269 Sic
1249 4215 1434 4282 Virgil.
1473 4213 1596 4267 Ain.
1631 4229 1752 4269 vm.
1787 4230 1837 4267 v.
1866 4213 1969 4268 εει
2000 4231 2012 4265 :

744 4321 961 4385 Namque
984 4324 1241 4386 improviso
1262 4324 1478 4374 vibratus
1502 4325 1561 4374 ab
1583 4324 1776 4373 aethere
1801 4324 1979 4385 fulgor.

691 4406 778 4461 10.
827 4405 1074 4459 Mirantes
1118 4404 1338 4476 aculam]
1381 4405 1678 4460 Admiratio
1720 4422 1826 4460 nou
1877 4407 1976 4460 nisi
2011 4408 2203 4462 mentis

620 4487 704 4531 est
737 4495 746 4528 :
773 4477 1201 4547 quandoquidem
1226 4477 1511 4530 admiratio
1543 4477 1593 4529 in
1623 4476 1850 4546 quadam
1890 4478 2083 4530 mentis
2111 4493 2204 4530 c0-

619 4547 878 4616 gitatione
927 4557 1216 4602 versatur:
1265 4548 1360 4602 sed
1412 4549 1512 4602 hac
1559 4547 1752 4601 mentis
1801 4547 2081 4602 aﬂectione
2114 4549 2198 4602 fixi

618 4619 760 4671 oculi
820 4620 980 4672 etiam
1041 4619 1224 4672 mirari
1267 4619 1538 4673 dicuntur.
1583 4618 1804 4672 Scilicet
1839 4620 2010 4689 arguti
2050 4619 2197 4670 nimis
2229 4624 2278 4683 ι)

619 4689 775 4752 oculi,
807 4689 976 4757 inquit
1007 4689 1234 4751 Tullius,
1263 4689 1696 4758 quemadmodum
1725 4687 2088 4754 animae/fecti
2115 4705 2199 4741 su.

619 4773 750 4820 mus,
780 4761 1072 4828 loquuntur.
1096 4758 1372 4813 Claudian.
1411 4773 1580 4814 carm.
1606 4759 1697 4825 Ἡ,
1721 4775 1777 4812 v.
1811 4759 1878 4813 69
1905 4774 1921 4813 :

786 4857 983 4898 uantum
1003 4848 1260 4910 profueris,
1285 4855 1516 4909 quantam
1539 4850 1816 4899 servaveris
1833 4849 2006 4897 urbem

787 4913 974 4958 ttonilis
994 4913 1176 4960 metire
1194 4911 1364 4961 oculis.

691 4994 706 5022 ¹
736 4992 896 5060 Haud
922 4992 1114 5062 aliter.|
1153 4994 1266 5048 Non
1304 5009 1460 5048 secus
1499 5009 1561 5046 ac
1603 4993 1850 5056 nubibus,
1889 4993 2064 5047 afﬂatu
2095 4993 2196 5047 Bo-

618 5077 726 5116 rea:
764 5062 1043 5116 dissolutis
1072 5103 1088 5126 ,
1120 5063 1200 5117 sol
1245 5066 1465 5129 emicat,
1516 5078 1721 5129 suoque
1769 5064 1970 5117 lumine
2011 5065 2198 5118 oculos

617 5132 972 5198 spectantium
1033 5133 1086 5185 in
1143 5133 1224 5185 sui
1287 5134 1694 5187 admirationem
1749 5133 2042 5196 coarcrtit,
2098 5149 2197 5200 ego

619 5203 833 5254 Boetius
862 5201 1068 5254 nebulis
1099 5204 1586 5268 perturbationum,
1619 5203 1915 5272 prtesertitu
1944 5217 2073 5257 vero
2102 5205 2196 5254 tri-

617 5272 775 5326 stitia:
801 5287 954 5335 meae,
985 5271 1237 5324 instinctu
1261 5273 1641 5342 Philosoiihiae,
1666 5271 1875 5341 fugatis,
1905 5273 2040 5341 οωρί
2071 5288 2194 5340 pau-

620 5343 785 5396 lulum
813 5343 1097 5409 reSpirare,
1133 5343 1472 5408 animumque
1506 5345 1710 5412 erigere
1737 5343 1803 5395 ad
1832 5345 2198 5408 contemplan—

619 5414 738 5467 dam
761 5428 912 5476 eam,
935 5427 1054 5480 qua:
1080 5413 1220 5478 quod
1254 5415 1496 5464 extrahat
1523 5428 1738 5467 errores
1765 5423 1819 5467 et
1850 5413 1976 5466 vitia
2007 5413 2197 5467 radici-

622 5494 724 5549 tus,
760 5485 939 5536 medici
969 5483 1184 5552 oﬂicium
1225 5497 1456 5533 exercere
1500 5483 1732 5547 videtur,
1760 5484 2194 5552 'Philosopliiaui.

619 5554 725 5606 Sua
771 5565 945 5608 autem
995 5559 1108 5608 haec
1154 5553 1315 5605 verba
1367 5553 1581 5606 Boetius
1619 5554 1829 5608 videtur
1873 5563 2142 5609 mutuatus
2169 5568 2197 5605 a

624 5623 809 5693 Virgil.
833 5624 960 5679 IEn.
991 5641 1018 5677 x
1037 5667 1053 5690 ,
1081 5640 1131 5679 v.
1156 5624 1300 5679 898:

966 5712 972 5717 ·
1181 5696 1216 5744 (1
1237 5702 1355 5740 intra
1375 5690 1656 5753 Tyrrhenus
1673 5700 1724 5740 ut
1749 5707 1890 5741 auras

737 5755 1022 5815 Suscipiens
1046 5756 1202 5803 hausit
1227 5757 1422 5813 cii-lum,
1449 5763 1766 5814 mentemque
1795 5758 1999 5815 recepit.

691 5835 788 5888 Ubi
831 5835 1037 5887 haurire
1081 5838 1257 5888 cwluni
1309 5840 1444 5891 idem
1477 5838 1614 5905 quod
1663 5838 1942 5903 respirare;
1983 5850 2194 5891 mentun

2307 1664 2434 1723 vero
2463 1653 2697 1723 recipere
2720 1650 2857 1704 idem
2895 1649 3035 1723 quod
3092 1652 3318 1704 animum
3358 1655 3550 1723 erigere
3571 1669 3589 1706 :
3620 1667 3889 1720 respirare

2314 1720 2452 1772 enim
2496 1721 2706 1786 proprie
2735 1722 2974 1789 corporis
3011 1731 3121 1785 est,
3153 1731 3410 1789 quatenus
3432 1720 3543 1779 hoc
3574 1723 3882 1790 pulmonum

2315 1805 2416 1856 ope
2445 1804 2538 1855 per
2576 1804 2815 1856 aSpei-ain
2860 1793 3111 1844 arteriam
3152 1791 3394 1857 spiritum
3432 1794 3650 1847 alternis
3687 1794 3883 1855 excipit

2316 1875 2377 1910 ac
2409 1859 2614 1912 reddit:
2648 1859 2740 1912 sed
2774 1870 2988 1928 propter
3028 1863 3308 1924 quamdam
3352 1865 3754 1916 similitudinem
3797 1864 3881 1914 lii-

2311 1929 2449 2000 citur
2490 1931 2649 1982 etiam
2696 1930 2762 1983 de
2794 1941 2992 1994 mente,
3022 1941 3282 1996 quatenus
3333 1934 3639 1991 nationum.
3686 1949 3818 2000 quas
3852 1951 3880 1984 a

2311 1999 2472 2052 rebus
2512 2001 2898 2066 cognoscendis
2929 2001 3149 2066 accipit,
3183 2005 3393 2057 conscia
3424 1999 3787 2057 assensioneni
3831 2011 3911 2054 ει·

2305 2069 2571 2131 quoddam
2620 2078 2796 2121 votum
2844 2071 3086 2125 emitti-re
3134 2073 3378 2125 videtur:
3412 2076 3489 2126 sic
3534 2073 3735 2126 Tullius
3782 2090 3883 2139 pro

2307 2139 2447 2193 Sest.
2477 2158 2488 2190 :
2526 2140 2816 2203 Rcspirasse
2845 2139 3070 2193 homines
3098 2142 3410 2209 ridebantur,
3443 2145 3668 2196 nondum
3693 2158 3767 2208 re,
3797 2143 3886 2195 sed
3925 2180 3927 2183 -

2307 2225 2394 2260 sne
2424 2209 2717 2260 reipublicae
2745 2213 3124 2260 recuperandae.

2303 2225 2394 2275 spe
2424 2211 2717 2278 rcipitblicte
2745 2213 3124 2278 recuprrandte.

2376 2280 2396 2308 '
2435 2276 2686 2350 Intuitum
2726 2276 2928 2348 defixi.]
2960 2281 3162 2333 Attenta
3190 2283 3494 2350 cogitatione
3523 2283 3839 2336 considerari
3868 2299 3884 2334 :

2306 2357 2362 2400 ιιι
2388 2348 2534 2420 enim
2563 2350 2793 2420 cognitio
2829 2350 2972 2403 clara
2999 2360 3049 2404 et
3078 2348 3324 2405 distincta
3351 2353 3593 2420 quaedam
3624 2365 3707 2408 eat
3744 2353 3904 2406 veri:

2307 2419 2563 2490 tatis,_cui
2599 2418 2928 2490 invenienda:
2971 2429 3122 2474 vacat
3163 2418 3520 2490 philosophia,
3567 2437 3786 2485 norma;
3815 2423 3883 2473 ita

2305 2502 2404 2540 nec
2435 2487 2826 2560 philosophicas
2860 2501 2946 2542 res
2995 2505 3094 2543 nec
3143 2487 3307 2559 ipsam
3352 2487 3742 2560 philosophiam
3787 2507 3884 2543 co-

2304 2557 2613 2629 gnoscendo
2658 2561 2866 2626 assequi
2920 2557 3234 2626 possumus,
3281 2557 3378 2614 nisi
3411 2557 3680 2616 attentiori
3715 2577 3890 2629 eaque

2305 2627 2567 2695 frequenti
2599 2633 2791 2682 mentis
2819 2630 3198 2684 meditatione:
3233 2634 3320 2697 qni
3361 2648 3517 2686 sei-ns
3548 2632 3764 2694 fecerit,
3800 2627 3888 2683 hic

2305 2698 2360 2750 in
2392 2697 2866 2769 przecipitationem
2907 2709 2961 2752 et
3001 2702 3394 2766 pimjndiciuni,
3430 2708 3694 2769 praicipnzi
3735 2717 3887 2755 erro-

2304 2782 2419 2820 rum
2448 2768 2802 2835 vitiorumque
2825 2771 3020 2836 capita,
3054 2771 3260 2824 labatur
3285 2768 3507 2826 necesse
3527 2768 3628 2826 est.
3869 2779 3874 2783 ’

2380 2837 2401 2868 ³
2433 2837 2685 2910 Respicio,
2709 2841 2956 2892 nutricem
2985 2839 3190 2910 meum]
3223 2841 3351 2894 Mea:
3381 2844 3628 2894 nimirum
3659 2844 3842 2895 mentis
3869 2861 3886 2898 :

2305 2922 2426 2962 cum
2467 2908 2615 2980 enim
2641 2909 3031 2980 vitaliumaua:
3075 2908 3297 2974 mentis,
3337 2914 3407 2965 sit
3444 2912 3724 2976 cogitatio;
3764 2930 3888 2980 prn-

2304 2985 2484 3049 pterea
2513 2978 3032 3049 philosopliia,c.ujus
3053 2996 3155 3046 ope
3178 2983 3428 3049 cogitatio
3452 2982 3658 3037 fovetur
3681 2978 3888 3036 auctis-

2303 3062 2409 3115 que
2437 3048 2637 3100 viribus
2665 3048 2953 3108 adolescit,
2988 3066 3090 3102 non
3124 3048 3388 3103 immerito
3415 3053 3607 3106 mentis
3639 3055 3889 3106 humana:

2305 3118 2482 3171 nutrix
2522 3129 2779 3173 vocatur:
2811 3119 2888 3172 sic
2924 3120 3110 3172 Ovidio
3138 3135 3241 3174 no.1:
3277 3123 3472 3175 dicitur
3499 3139 3738 3175 curarum
3785 3140 3886 3176 nu-

2309 3188 2430 3240 trix.

2376 3257 2396 3288 ⁸
2424 3256 2492 3310 In
2522 3260 2735 3325 cuius...
2763 3256 2997 3326 laribus.]
3027 3259 3079 3312 ω
3118 3268 3226 3316 est.
3266 3261 3494 3314 scholis:
3528 3264 3605 3316 lar
3635 3264 3776 3317 enim
3809 3267 3887 3317 fo-

2311 3341 2405 3380 cus
2439 3338 2520 3398 est
2550 3345 2558 3380 :
2600 3330 2723 3381 hinc
2753 3329 2914 3382 Lares
2957 3331 3126 3397 poetis
3156 3341 3279 3383 sunt
3317 3331 3390 3384 dii
3439 3333 3590 3398 patrii
3639 3334 3755 3386 sive
3786 3338 3886 3387 ilo-

2311 3397 2726 3471 mestici,_et,_si
2758 3399 3039 3471 credamus
3065 3401 3308 3464 Apuleio,
3343 3397 3548 3455 mentes
3577 3413 3885 3471 parentum,

2309 3467 2399 3534 qui
2428 3468 2568 3532 quod
2609 3468 2733 3519 oliui
2783 3469 2924 3520 domi
2971 3469 3335 3532 bnmarentur,
3363 3485 3514 3524 suam
3565 3467 3888 3538 putabantur

2310 3550 2524 3611 semper
2549 3552 2736 3611 curare
2775 3538 3030 3591 familiam
3062 3541 3252 3611 :Aunile
3282 3541 3503 3603 Tullius,
3537 3542 3652 3606 liii,
3686 3545 3887 3611 inquit.

2309 3621 2434 3672 quos
2457 3605 2628 3678 bii-arci
2662 3606 2891 3678 δαίμονες
2925 3609 3186 3677 appellant
3207 3651 3223 3674 ,
3252 3627 3345 3662 nos
3370 3614 3442 3670 ri.
3476 3605 3675 3677 Opinor,
3709 3605 3886 3668 Lares.

2311 3675 2468 3750 Atqui
2495 3677 2683 3750 schola:
2711 3675 3112 3750 philosophica),
3137 3695 3240 3733 non
3271 3681 3365 3734 abs
3397 3697 3453 3734 re
3476 3675 3725 3736 dicuntur
3747 3685 3889 3750 «jus«

2311 3745 2430 3798 dem
2479 3746 2826 3815 philosophia:
2874 3748 3063 3801 focus:
3097 3751 3525 3817 quandoquidem
3573 3752 3661 3806 ubi
3710 3745 3886 3808 lumen

2312 3817 2574 3887 naturale,
2608 3818 2748 3883 quod
2780 3826 2954 3885 potest
2991 3819 3094 3872 dici
3144 3822 3382 3887 quaedam
3415 3823 3610 3875 mentis
3644 3827 3887 3878 humana:

2311 3887 2448 3960 vita,
2482 3886 2548 3938 ab
2581 3887 2709 3953 ipsus
2743 3889 3171 3960 principitationis
3217 3891 3617 3960 pi‘:rjiidiciiqiie
3658 3893 3888 3947 incursi-

2311 3955 2408 4008 bus
2439 3964 2638 4018 tutum,
2673 3959 2979 4011 curantibus
3009 3955 3229 4022 nptimis
3266 3955 3700 4025 priecqitoribns,
3738 3962 3887 4018 fove-

2313 4032 2415 4098 tur.
2442 4026 2614 4090 Quare
2637 4041 2754 4098 eum
2787 4027 2996 4082 Boetius
3028 4028 3200 4082 infans
3224 4033 3417 4084 missus
3447 4033 3603 4086 fuerit
3625 4034 3885 4098 Athenas,

2311 4094 2396 4146 ubi
2431 4112 2598 4148 annos
2630 4096 2899 4170 decetnet
2942 4109 3062 4151 octo
3103 4113 3222 4151 cum
3274 4102 3497 4154 aliorum
3544 4094 3922 4170 ιιΙιίΙοευμΙιο-ξ.

2313 4179 2428 4217 rum
2450 4175 2603 4236 ,tum
2637 4165 2872 4220 Platonis
2905 4171 3197 4236 prmsertim
3229 4180 3280 4221 ct
3322 4165 3626 4226 Aristotelis
3672 4165 3886 4228 lectioni

2313 4235 2551 4308 vacavit,
2582 4247 2726 4289 recte
2756 4235 2949 4290 dicitur
2979 4236 3194 4291 Laribus
3234 4241 3569 4308 pliilosOphia:
3595 4243 3657 4294 ult
3687 4246 3888 4296 adoles-

2307 4306 2472 4384 centia
2503 4306 2793 4384 obpersatus
2815 4322 2834 4360 :
2866 4319 3147 4384 proriterea
3185 4306 3521 4384 Philosophia
3554 4321 3711 4378 supra
3743 4331 3888 4384 tngre

2310 4374 2514 4446 ferebat
2548 4375 2724 4430 Musas
2754 4379 2974 4446 poeticas
2999 4379 3172 4430 eidem
3208 4374 3667 4435 Iloctio'assidere.

2381 4444 2415 4518 “_
2435 4444 2498 4497 In
2531 4447 2696 4498 exsilii
2732 4444 2892 4518 nostri
2917 4449 3261 4518 solitudines]
3301 4450 3662 4504 'l‘ln-ndericus
3697 4451 3885 4506 Osrro-

2308 4514 2590 4582 gotliorum
2618 4532 2709 4571 rex
2730 4559 2744 4582 ,
2769 4518 2850 4570 cui
2881 4517 3092 4571 Boetius
3118 4514 3269 4572 antra
3297 4522 3456 4574 fuerat
3481 4522 3880 4587 ililecussimus,

2312 4594 2512 4638 tantam
2554 4587 2729 4652 impiis
2761 4588 3106 4649 quibusdam,
3141 4589 3380 4642 lloetinm
3416 4591 3544 4643 falso
3587 4595 3884 4644 accusanti-

2307 4654 2428 4730 bus,
2461 4655 2709 4730 adhibuit
2731 4657 2918 4719 fidem,
2953 4668 3008 4711 ut
3039 4659 3128 4712 ille
3151 4661 3290 4712 hunc.
3319 4661 3560 4714 Ticinum
3592 4665 3746 4730 vulgo
3783 4661 3884 4714 Ρα-

2304 4725 2442 4799 piant
2486 4726 2734 4799 relegarit
2755 4767 2769 4790 ,
2801 4735 3046 4796 tanquam
3080 4731 3128 4779 in
3158 4731 3404 4783 eitsilium
3431 4748 3443 4782 :
3475 4748 3634 4799 quam
3677 4725 3728 4785 in
3757 4735 3886 4784 soli-

2305 4793 2542 4870 tudinem
2588 4793 2784 4870 iilcirco
2813 4793 3015 4851 accedit
3043 4799 3407 4869 Philosoiihia.
3441 4793 3582 4870 quod
3617 4805 3666 4854 in
3699 4805 3883 4856 solitu-

2305 4866 2427 4918 dine
2458 4869 2752 4933 przesertim
2794 4882 2944 4922 mens
2971 4871 3037 4921 ab
3066 4872 3208 4922 omni
3243 4866 3516 4924 hominum
3559 4874 3883 4927 commercio

2304 4935 2546 5008 liberata,
2578 4937 2690 4990 suis
2736 4940 3146 5008 cogitationibus
3191 4940 3482 4996 formandis
3514 4942 3668 4996 unice
3697 4959 3884 4998 vacare

2304 5006 2512 5078 possit:
2546 5007 2624 5078 sic
2671 5006 3310 5076 Platophilosophaturus
3351 5028 3455 5064 non
3500 5014 3757 5078 Athenas,
3791 5017 3882 5066 sed

2307 5076 2685 5151 academiam,
2728 5079 3086 5151 suburbanum
3135 5081 3514 5151 Gymnasitnn,
3565 5076 3762 5151 elegit:
3796 5085 3886 5140 Sc

2306 5145 2476 5220 musa:
2493 5149 2887 5220 desertissimos
2917 5161 3124 5202 montes
3151 5145 3388 5204 incolere
3413 5145 3694 5220 tinguntur.

2377 5214 2398 5243 ⁶
2435 5215 2677 5290 Omnium
2708 5219 2948 5286 magistra
2990 5220 3272 5290 tvirttttunt.]
3318 5214 3661 5288 Philosophia
3704 5224 3845 5278 enim
3876 5267 3889 5286 ,

2304 5297 2520 5360 auctore
2539 5285 2733 5346 Tullio,
2760 5285 2959 5340 virtu'is
2981 5291 3199 5343 continet
3226 5285 3272 5342 ei
3295 5292 3444 5360 ofﬁcii
3469 5305 3514 5344 ct
3543 5285 3667 5345 bene
3689 5295 3892 5348 vivendi

2304 5355 2658 5419 disciplinam,
2701 5373 2861 5430 quam?
2888 5360 2974 5422 qui
3014 5361 3300 5428 proﬁtetur,
3325 5355 3692 5430 brevissimam
3731 5368 3890 5417 susti-

2305 5441 2422 5502 nere
2472 5442 2736 5502 personant
2772 5429 2999 5502 tutetur.
3044 5431 3298 5494 Etceile
3341 5429 3507 5484 virtus
3551 5436 3885 5502 generatim,

2306 5494 2449 5571 iuxta
2487 5497 2658 5571 ipsius
2692 5498 2991 5552 Aristotelis
3027 5512 3288 5561 mrntctn,
3335 5494 3762 5571 delinirivpotest
3812 5494 3885 5555 at;

2309 5565 2694 5639 fectiomentis
2732 5578 2785 5620 ut
2831 5571 3126 5622 voluntaria
3177 5571 3254 5624 sic
3301 5586 3462 5625 recta.
3519 5565 3755 5639 Du'plicis
3805 5585 3883 5626 est

2306 5635 2546 5700 generis,
2581 5651 2771 5704 nempe
2801 5639 3086 5692 dianoetira
3125 5652 3178 5695 et
3222 5644 3449 5696 moralis.
3481 5635 3634 5696 Prior
3678 5653 3760 5697 est
3808 5646 3883 5694 af-

2308 5703 2466 5759 fectio
2496 5706 2686 5758 mentis
2710 5703 2928 5761 notioni
2971 5711 3129 5762 clara:
3167 5721 3220 5764 et
3251 5713 3512 5767 distinctae
3541 5715 3883 5768 consentien-

2310 5774 2397 5828 tis.
2433 5775 2695 5828 Posterior
2723 5778 2929 5830 aﬂectio
2967 5783 3204 5840 eiusdem
3234 5786 3425 5835 mentis
3457 5785 3887 5837 mediocritatem

2311 5846 2624 5899 laudabilem
2675 5847 2724 5900 in
2777 5848 3018 5902 humanis
3060 5852 3488 5921 cogitationibus,
3523 5856 3882 5910 locationibus
