  <div class='ocr_page' id='page_1' title='image "/cluster/home/n/w/nwhite01/storage/ocr_20150623/63/hvd.32044073498792/309.png"; bbox 0 0 4292 6262; ppageno 0'>
   <div class='ocr_carea' id='block_1_1' title="bbox 599 374 700 432">
    <p class='ocr_par' dir='ltr' id='par_1_1' title="bbox 599 374 700 432">
     <span class='ocr_line' id='line_1_1' title="bbox 599 374 700 432; baseline 0.02 -2"><span class='ocrx_word' id='word_1_1' title='bbox 599 374 700 432; x_wconf 80' lang='lat'><strong>607</strong></span> 
     </span>
    </p>
   </div>
   <div class='ocr_carea' id='block_1_2' title="bbox 1822 381 2657 437">
    <p class='ocr_par' dir='ltr' id='par_1_2' title="bbox 1822 381 2657 437">
     <span class='ocr_line' id='line_1_2' title="bbox 1822 381 2657 437; baseline -0.001 -1"><span class='ocrx_word' id='word_1_2' title='bbox 1822 383 1930 436; x_wconf 81' lang='grc' dir='ltr'><strong>ΑΝ.</strong></span> <span class='ocrx_word' id='word_1_3' title='bbox 1976 381 2184 436; x_wconf 69' lang='lat' dir='ltr'><strong>MANL.</strong></span> <span class='ocrx_word' id='word_1_4' title='bbox 2229 381 2383 437; x_wconf 68' lang='grc' dir='ltr'><strong>δίεν.</strong></span> <span class='ocrx_word' id='word_1_5' title='bbox 2430 381 2657 437; x_wconf 83' lang='grc' dir='ltr'><strong>ΒΟΕΤΙΙ</strong></span> 
     </span>
    </p>
   </div>
   <div class='ocr_carea' id='block_1_3' title="bbox 3776 380 3884 433">
    <p class='ocr_par' dir='ltr' id='par_1_3' title="bbox 3776 380 3884 433">
     <span class='ocr_line' id='line_1_3' title="bbox 3776 380 3884 433; baseline 0.009 -1"><span class='ocrx_word' id='word_1_6' title='bbox 3776 380 3884 433; x_wconf 77' lang='lat'><strong>608</strong></span> 
     </span>
    </p>
   </div>
   <div class='ocr_carea' id='block_1_4' title="bbox 595 494 3883 569">
    <p class='ocr_par' dir='ltr' id='par_1_4' title="bbox 595 494 3883 569">
     <span class='ocr_line' id='line_1_4' title="bbox 595 494 3883 569; baseline 0 -20"><span class='ocrx_word' id='word_1_7' title='bbox 595 495 741 550; x_wconf 79' lang='lat' dir='ltr'><strong>ruit?</strong></span> <span class='ocrx_word' id='word_1_8' title='bbox 761 495 926 563; x_wconf 89' lang='lat' dir='ltr'><strong>Cujus</strong></span> <span class='ocrx_word' id='word_1_9' title='bbox 948 504 973 534; x_wconf 78' lang='grc' dir='ltr'><strong>ι</strong></span> <span class='ocrx_word' id='word_1_10' title='bbox 1006 496 1372 552; x_wconf 78' lang='lat' dir='ltr'><strong>luereditatcm</strong></span> <span class='ocrx_word' id='word_1_11' title='bbox 1403 511 1525 552; x_wconf 69' lang='lat' dir='ltr'><strong>cum</strong></span> <span class='ocrx_word' id='word_1_12' title='bbox 1570 495 1824 566; x_wconf 74' lang='lat' dir='ltr'><strong>deinceps</strong></span> <span class='ocrx_word' id='word_1_13' title='bbox 1858 495 2181 566; x_wconf 85' lang='lat' dir='ltr'><strong>Epicureum</strong></span> <span class='ocrx_word' id='word_1_14' title='bbox 2212 500 2259 556; x_wconf 78' lang='grc' dir='ltr'><strong>Α</strong></span> <span class='ocrx_word' id='word_1_15' title='bbox 2288 512 2477 551; x_wconf 89' lang='lat' dir='ltr'><strong>eorum</strong></span> <span class='ocrx_word' id='word_1_16' title='bbox 2506 507 2527 536; x_wconf 78' lang='grc' dir='ltr'><strong>ο</strong></span> <span class='ocrx_word' id='word_1_17' title='bbox 2567 496 2800 565; x_wconf 70' lang='lat' dir='ltr'><strong>profanm</strong></span> <span class='ocrx_word' id='word_1_18' title='bbox 2832 494 3192 552; x_wconf 90' lang='lat' dir='ltr'><strong>multitudinis</strong></span> <span class='ocrx_word' id='word_1_19' title='bbox 3232 510 3418 551; x_wconf 90' lang='lat' dir='ltr'><strong>errore</strong></span> <span class='ocrx_word' id='word_1_20' title='bbox 3462 494 3753 566; x_wconf 86' lang='lat' dir='ltr'><strong>pervertit.-</strong></span> <span class='ocrx_word' id='word_1_21' title='bbox 3774 497 3883 569; x_wconf 57' lang='lat'><strong>3‘</strong></span> 
     </span>
    </p>
   </div>
   <div class='ocr_carea' id='block_1_5' title="bbox 594 585 2186 656">
    <p class='ocr_par' dir='ltr' id='par_1_5' title="bbox 594 585 2186 656">
     <span class='ocr_line' id='line_1_5' title="bbox 594 585 2186 656; baseline 0.001 -19"><span class='ocrx_word' id='word_1_22' title='bbox 594 586 805 656; x_wconf 81' lang='lat' dir='ltr'><strong>vulgus,</strong></span> <span class='ocrx_word' id='word_1_23' title='bbox 836 602 897 641; x_wconf 91' lang='lat' dir='ltr'><strong>ac</strong></span> <span class='ocrx_word' id='word_1_24' title='bbox 925 588 1196 653; x_wconf 90' lang='lat' dir='ltr'><strong>Stoicum,</strong></span> <span class='ocrx_word' id='word_1_25' title='bbox 1238 586 1528 656; x_wconf 68' lang='lat' dir='ltr'><strong>cmterique</strong></span> <span class='ocrx_word' id='word_1_26' title='bbox 1575 601 1671 655; x_wconf 91' lang='lat' dir='ltr'><strong>pro</strong></span> <span class='ocrx_word' id='word_1_27' title='bbox 1706 586 1784 654; x_wconf 82' lang='lat'><strong>(5)</strong></span> <span class='ocrx_word' id='word_1_28' title='bbox 1832 601 1926 641; x_wconf 83' lang='lat' dir='ltr'><strong>sua</strong></span> <span class='ocrx_word' id='word_1_29' title='bbox 1958 585 2186 655; x_wconf 90' lang='lat' dir='ltr'><strong>quisque</strong></span> 
     </span>
    </p>
   </div>
   <div class='ocr_carea' id='block_1_6' title="bbox 594 676 2183 745">
    <p class='ocr_par' dir='ltr' id='par_1_6' title="bbox 594 676 2183 745">
     <span class='ocr_line' id='line_1_6' title="bbox 594 676 2183 745; baseline 0 -18"><span class='ocrx_word' id='word_1_30' title='bbox 594 688 748 744; x_wconf 87' lang='lat' dir='ltr'><strong>parte</strong></span> <span class='ocrx_word' id='word_1_31' title='bbox 788 685 996 745; x_wconf 86' lang='lat' dir='ltr'><strong>raptum</strong></span> <span class='ocrx_word' id='word_1_32' title='bbox 1038 678 1117 732; x_wconf 92' lang='lat' dir='ltr'><strong>ire</strong></span> <span class='ocrx_word' id='word_1_33' title='bbox 1162 676 1501 741; x_wconf 89' lang='lat' dir='ltr'><strong>molirentur,</strong></span> <span class='ocrx_word' id='word_1_34' title='bbox 1534 690 1727 745; x_wconf 90' lang='lat' dir='ltr'><strong>meque</strong></span> <span class='ocrx_word' id='word_1_35' title='bbox 1766 677 2183 743; x_wconf 88' lang='lat' dir='ltr'><strong>reclamantem,</strong></span> 
     </span>
    </p>
   </div>
   <div class='ocr_carea' id='block_1_7' title="bbox 594 766 2185 837">
    <p class='ocr_par' dir='ltr' id='par_1_7' title="bbox 594 766 2185 837">
     <span class='ocr_line' id='line_1_7' title="bbox 594 766 2185 837; baseline -0.001 -17"><span class='ocrx_word' id='word_1_36' title='bbox 594 767 1041 836; x_wconf 85' lang='lat' dir='ltr'><strong>renitentemque,</strong></span> <span class='ocrx_word' id='word_1_37' title='bbox 1089 766 1231 821; x_wconf 90' lang='lat' dir='ltr'><strong>velut</strong></span> <span class='ocrx_word' id='word_1_38' title='bbox 1267 766 1321 819; x_wconf 91' lang='lat' dir='ltr'><strong>in</strong></span> <span class='ocrx_word' id='word_1_39' title='bbox 1362 775 1564 835; x_wconf 91' lang='lat' dir='ltr'><strong>partem</strong></span> <span class='ocrx_word' id='word_1_40' title='bbox 1616 766 1835 837; x_wconf 64' lang='lat' dir='ltr'><strong>prtedaz,</strong></span> <span class='ocrx_word' id='word_1_41' title='bbox 1869 766 2185 831; x_wconf 72' lang='lat' dir='ltr'><strong>traherent,</strong></span> 
     </span>
    </p>
   </div>
   <div class='ocr_carea' id='block_1_8' title="bbox 593 859 2186 928">
    <p class='ocr_par' dir='ltr' id='par_1_8' title="bbox 593 859 2186 928">
     <span class='ocr_line' id='line_1_8' title="bbox 593 859 2186 928; baseline 0.004 -20"><span class='ocrx_word' id='word_1_42' title='bbox 593 868 832 924; x_wconf 84' lang='lat' dir='ltr'><strong>vestem,</strong></span> <span class='ocrx_word' id='word_1_43' title='bbox 890 873 1049 928; x_wconf 89' lang='lat' dir='ltr'><strong>quam</strong></span> <span class='ocrx_word' id='word_1_44' title='bbox 1101 859 1237 916; x_wconf 88' lang='lat' dir='ltr'><strong>meis</strong></span> <span class='ocrx_word' id='word_1_45' title='bbox 1288 869 1563 915; x_wconf 80' lang='lat' dir='ltr'><strong>texueram</strong></span> <span class='ocrx_word' id='word_1_46' title='bbox 1617 861 1898 926; x_wconf 90' lang='lat' dir='ltr'><strong>manibus,</strong></span> <span class='ocrx_word' id='word_1_47' title='bbox 1949 859 2186 915; x_wconf 90' lang='lat' dir='ltr'><strong>discide-</strong></span> 
     </span>
    </p>
   </div>
   <div class='ocr_carea' id='block_1_9' title="bbox 594 949 2186 1020">
    <p class='ocr_par' dir='ltr' id='par_1_9' title="bbox 594 949 2186 1020">
     <span class='ocr_line' id='line_1_9' title="bbox 594 949 2186 1020; baseline 0.002 -19"><span class='ocrx_word' id='word_1_48' title='bbox 594 956 753 1012; x_wconf 86' lang='lat' dir='ltr'><strong>runt,</strong></span> <span class='ocrx_word' id='word_1_49' title='bbox 816 949 1160 1020; x_wconf 89' lang='lat' dir='ltr'><strong>abreptisque</strong></span> <span class='ocrx_word' id='word_1_50' title='bbox 1223 949 1291 1003; x_wconf 87' lang='lat' dir='ltr'><strong>ab</strong></span> <span class='ocrx_word' id='word_1_51' title='bbox 1348 964 1410 1005; x_wconf 88' lang='lat' dir='ltr'><strong>ea</strong></span> <span class='ocrx_word' id='word_1_52' title='bbox 1482 951 1813 1018; x_wconf 89' lang='lat' dir='ltr'><strong>panniculis,</strong></span> <span class='ocrx_word' id='word_1_53' title='bbox 1871 960 2034 1004; x_wconf 89' lang='lat' dir='ltr'><strong>totam</strong></span> <span class='ocrx_word' id='word_1_54' title='bbox 2099 964 2186 1004; x_wconf 83' lang='lat' dir='ltr'><strong>me</strong></span> 
     </span>
    </p>
   </div>
   <div class='ocr_carea' id='block_1_10' title="bbox 594 1037 2183 1110">
    <p class='ocr_par' dir='ltr' id='par_1_10' title="bbox 594 1037 2183 1110">
     <span class='ocr_line' id='line_1_10' title="bbox 594 1037 2183 1110; baseline 0.002 -20"><span class='ocrx_word' id='word_1_55' title='bbox 594 1037 697 1091; x_wconf 86' lang='lat' dir='ltr'><strong>sibi</strong></span> <span class='ocrx_word' id='word_1_56' title='bbox 742 1039 970 1093; x_wconf 85' lang='lat' dir='ltr'><strong>cessisse</strong></span> <span class='ocrx_word' id='word_1_57' title='bbox 998 1039 1308 1105; x_wconf 88' lang='lat' dir='ltr'><strong>credentes,</strong></span> <span class='ocrx_word' id='word_1_58' title='bbox 1340 1040 1543 1095; x_wconf 86' lang='lat' dir='ltr'><strong>abiere.</strong></span> <span class='ocrx_word' id='word_1_59' title='bbox 1586 1041 1642 1094; x_wconf 90' lang='lat' dir='ltr'><strong>In</strong></span> <span class='ocrx_word' id='word_1_60' title='bbox 1682 1041 1901 1110; x_wconf 74' lang='lat' dir='ltr'><strong>quibus,</strong></span> <span class='ocrx_word' id='word_1_61' title='bbox 1928 1041 2183 1109; x_wconf 87' lang='lat' dir='ltr'><strong>quoniam</strong></span> 
     </span>
    </p>
   </div>
   <div class='ocr_carea' id='block_1_11' title="bbox 595 1128 2179 1201">
    <p class='ocr_par' dir='ltr' id='par_1_11' title="bbox 595 1128 2179 1201">
     <span class='ocr_line' id='line_1_11' title="bbox 595 1128 2179 1201; baseline 0.004 -22"><span class='ocrx_word' id='word_1_62' title='bbox 595 1128 840 1198; x_wconf 84' lang='lat' dir='ltr'><strong>quaedam</strong></span> <span class='ocrx_word' id='word_1_63' title='bbox 894 1130 1061 1184; x_wconf 90' lang='lat' dir='ltr'><strong>nostri</strong></span> <span class='ocrx_word' id='word_1_64' title='bbox 1112 1130 1322 1186; x_wconf 87' lang='lat' dir='ltr'><strong>habitus</strong></span> <span class='ocrx_word' id='word_1_65' title='bbox 1370 1130 1595 1201; x_wconf 82' lang='lat' dir='ltr'><strong>vestigia</strong></span> <span class='ocrx_word' id='word_1_66' title='bbox 1644 1132 1980 1195; x_wconf 87' lang='lat' dir='ltr'><strong>videbantur,</strong></span> <span class='ocrx_word' id='word_1_67' title='bbox 2026 1145 2179 1185; x_wconf 88' lang='lat' dir='ltr'><strong>meos</strong></span> 
     </span>
    </p>
   </div>
   <div class='ocr_carea' id='block_1_12' title="bbox 595 1216 2175 1294">
    <p class='ocr_par' dir='ltr' id='par_1_12' title="bbox 595 1216 2175 1294">
     <span class='ocr_line' id='line_1_12' title="bbox 595 1216 2175 1294; baseline 0.002 -22"><span class='ocrx_word' id='word_1_68' title='bbox 595 1231 717 1273; x_wconf 85' lang='lat' dir='ltr'><strong>esse</strong></span> <span class='ocrx_word' id='word_1_69' title='bbox 743 1216 771 1256; x_wconf 72' lang='grc' dir='ltr'>δ</span> <span class='ocrx_word' id='word_1_70' title='bbox 798 1218 1088 1275; x_wconf 89' lang='lat' dir='ltr'><strong>familiares</strong></span> <span class='ocrx_word' id='word_1_71' title='bbox 1130 1221 1487 1291; x_wconf 84' lang='lat' dir='ltr'><strong>imprudentia</strong></span> <span class='ocrx_word' id='word_1_72' title='bbox 1530 1231 1675 1288; x_wconf 87' lang='lat' dir='ltr'><strong>rata,</strong></span> <span class='ocrx_word' id='word_1_73' title='bbox 1723 1223 1837 1294; x_wconf 73' lang='lat' dir='ltr'><strong>(lli)</strong></span> <span class='ocrx_word' id='word_1_74' title='bbox 1887 1223 2175 1277; x_wconf 87' lang='lat' dir='ltr'><strong>nonnullos</strong></span> 
     </span>
    </p>
   </div>
   <div class='ocr_carea' id='block_1_13' title="bbox 2291 582 3881 665">
    <p class='ocr_par' dir='ltr' id='par_1_13' title="bbox 2291 582 3881 665">
     <span class='ocr_line' id='line_1_13' title="bbox 2291 582 3881 665; baseline 0.001 -17"><span class='ocrx_word' id='word_1_75' title='bbox 2291 596 2441 663; x_wconf 83' lang='lat' dir='ltr'><strong>Quod</strong></span> <span class='ocrx_word' id='word_1_76' title='bbox 2486 597 2531 650; x_wconf 87' lang='lat' dir='ltr'><strong>si</strong></span> <span class='ocrx_word' id='word_1_77' title='bbox 2577 611 2676 650; x_wconf 90' lang='lat' dir='ltr'><strong>nec</strong></span> <span class='ocrx_word' id='word_1_78' title='bbox 2725 597 2742 627; x_wconf 86' lang='grc'>¹</span> <span class='ocrx_word' id='word_1_79' title='bbox 2793 582 3123 665; x_wconf 71' lang='lat' dir='ltr'><strong>Anaxagora:</strong></span> <span class='ocrx_word' id='word_1_80' title='bbox 3172 597 3380 664; x_wconf 78' lang='lat' dir='ltr'><strong>fugam,</strong></span> <span class='ocrx_word' id='word_1_81' title='bbox 3409 611 3508 651; x_wconf 90' lang='lat' dir='ltr'><strong>nec</strong></span> <span class='ocrx_word' id='word_1_82' title='bbox 3576 599 3596 628; x_wconf 83' lang='lat'>&#39;</span> <span class='ocrx_word' id='word_1_83' title='bbox 3642 595 3881 653; x_wconf 87' lang='lat' dir='ltr'><strong>Socratis</strong></span> 
     </span>
    </p>
   </div>
   <div class='ocr_carea' id='block_1_14' title="bbox 2292 696 3878 766">
    <p class='ocr_par' dir='ltr' id='par_1_14' title="bbox 2292 696 3878 766">
     <span class='ocr_line' id='line_1_14' title="bbox 2292 696 3878 766; baseline 0.002 -18"><span class='ocrx_word' id='word_1_84' title='bbox 2292 711 2588 763; x_wconf 87' lang='lat' dir='ltr'><strong>venenum,</strong></span> <span class='ocrx_word' id='word_1_85' title='bbox 2627 710 2727 751; x_wconf 92' lang='lat' dir='ltr'><strong>nec</strong></span> <span class='ocrx_word' id='word_1_86' title='bbox 2754 696 2775 727; x_wconf 84' lang='grc'>³</span> <span class='ocrx_word' id='word_1_87' title='bbox 2802 696 3032 751; x_wconf 88' lang='lat' dir='ltr'><strong>Zenonis</strong></span> <span class='ocrx_word' id='word_1_88' title='bbox 3068 706 3359 760; x_wconf 88' lang='lat' dir='ltr'><strong>tormenta,</strong></span> <span class='ocrx_word' id='word_1_89' title='bbox 3393 696 3645 766; x_wconf 88' lang='lat' dir='ltr'><strong>quoniam</strong></span> <span class='ocrx_word' id='word_1_90' title='bbox 3696 706 3824 755; x_wconf 88' lang='lat' dir='ltr'><strong>sunt</strong></span> <span class='ocrx_word' id='word_1_91' title='bbox 3852 697 3878 734; x_wconf 74' lang='lat'><em>‘</em></span> 
     </span>
    </p>
   </div>
   <div class='ocr_carea' id='block_1_15' title="bbox 2292 795 3879 869">
    <p class='ocr_par' dir='ltr' id='par_1_15' title="bbox 2292 795 3879 869">
     <span class='ocr_line' id='line_1_15' title="bbox 2292 795 3879 869; baseline 0.002 -18"><span class='ocrx_word' id='word_1_92' title='bbox 2292 797 2592 867; x_wconf 76' lang='lat' dir='ltr'><strong>peregrina,</strong></span> <span class='ocrx_word' id='word_1_93' title='bbox 2631 796 2858 862; x_wconf 76' lang='lat' dir='ltr'><strong>novisti;</strong></span> <span class='ocrx_word' id='word_1_94' title='bbox 2899 795 3223 864; x_wconf 67' lang='lat' dir='ltr'><strong>at‘Canios,</strong></span> <span class='ocrx_word' id='word_1_95' title='bbox 3267 797 3372 869; x_wconf 80' lang='lat'><strong>35</strong></span> <span class='ocrx_word' id='word_1_96' title='bbox 3410 798 3507 853; x_wconf 68' lang='lat' dir='ltr'><strong>“at</strong></span> <span class='ocrx_word' id='word_1_97' title='bbox 3549 808 3572 836; x_wconf 73' lang='grc' dir='ltr'>θ</span> <span class='ocrx_word' id='word_1_98' title='bbox 3610 799 3879 869; x_wconf 84' lang='lat' dir='ltr'><strong>Senecas,</strong></span> 
     </span>
    </p>
   </div>
   <div class='ocr_carea' id='block_1_16' title="bbox 2296 895 3878 965">
    <p class='ocr_par' dir='ltr' id='par_1_16' title="bbox 2296 895 3878 965">
     <span class='ocr_line' id='line_1_16' title="bbox 2296 895 3878 965; baseline 0 -13"><span class='ocrx_word' id='word_1_99' title='bbox 2296 896 2390 952; x_wconf 70' lang='lat' dir='ltr'><strong>“at</strong></span> <span class='ocrx_word' id='word_1_100' title='bbox 2415 896 2673 959; x_wconf 81' lang='lat' dir='ltr'><strong>Soranus,</strong></span> <span class='ocrx_word' id='word_1_101' title='bbox 2694 911 2921 965; x_wconf 87' lang='lat' dir='ltr'><strong>quorum</strong></span> <span class='ocrx_word' id='word_1_102' title='bbox 2949 910 3047 949; x_wconf 92' lang='lat' dir='ltr'><strong>nec</strong></span> <span class='ocrx_word' id='word_1_103' title='bbox 3075 898 3397 964; x_wconf 85' lang='lat' dir='ltr'><strong>pervetusta,</strong></span> <span class='ocrx_word' id='word_1_104' title='bbox 3431 912 3529 952; x_wconf 91' lang='lat' dir='ltr'><strong>nec</strong></span> <span class='ocrx_word' id='word_1_105' title='bbox 3556 895 3577 936; x_wconf 65' lang='grc' dir='ltr'>ί</span> <span class='ocrx_word' id='word_1_106' title='bbox 3595 898 3878 952; x_wconf 88' lang='lat' dir='ltr'><strong>incelebris</strong></span> 
     </span>
    </p>
   </div>
   <div class='ocr_carea' id='block_1_17' title="bbox 2292 994 3879 1064">
    <p class='ocr_par' dir='ltr' id='par_1_17' title="bbox 2292 994 3879 1064">
     <span class='ocr_line' id='line_1_17' title="bbox 2292 994 3879 1064; baseline -0.001 -13"><span class='ocrx_word' id='word_1_107' title='bbox 2292 995 2549 1051; x_wconf 81' lang='lat' dir='ltr'><strong>memoria</strong></span> <span class='ocrx_word' id='word_1_108' title='bbox 2577 1004 2690 1059; x_wconf 90' lang='lat' dir='ltr'><strong>est,</strong></span> <span class='ocrx_word' id='word_1_109' title='bbox 2726 996 2863 1049; x_wconf 89' lang='lat' dir='ltr'><strong>seire</strong></span> <span class='ocrx_word' id='word_1_110' title='bbox 2895 994 3132 1064; x_wconf 87' lang='lat' dir='ltr'><strong>potuisti.</strong></span> <span class='ocrx_word' id='word_1_111' title='bbox 3175 996 3322 1060; x_wconf 86' lang='lat' dir='ltr'><strong>Quos</strong></span> <span class='ocrx_word' id='word_1_112' title='bbox 3349 996 3479 1051; x_wconf 88' lang='lat' dir='ltr'><strong>nihil</strong></span> <span class='ocrx_word' id='word_1_113' title='bbox 3509 997 3651 1051; x_wconf 88' lang='lat' dir='ltr'><strong>aliud</strong></span> <span class='ocrx_word' id='word_1_114' title='bbox 3684 999 3736 1051; x_wconf 92' lang='lat' dir='ltr'><strong>in</strong></span> <span class='ocrx_word' id='word_1_115' title='bbox 3769 999 3879 1053; x_wconf 86' lang='lat' dir='ltr'><strong>cla-</strong></span> 
     </span>
    </p>
   </div>
   <div class='ocr_carea' id='block_1_18' title="bbox 2291 1096 3872 1167">
    <p class='ocr_par' dir='ltr' id='par_1_18' title="bbox 2291 1096 3872 1167">
     <span class='ocr_line' id='line_1_18' title="bbox 2291 1096 3872 1167; baseline 0.001 -14"><span class='ocrx_word' id='word_1_116' title='bbox 2291 1098 2412 1153; x_wconf 88' lang='lat' dir='ltr'><strong>dem</strong></span> <span class='ocrx_word' id='word_1_117' title='bbox 2436 1098 2697 1163; x_wconf 82' lang='lat' dir='ltr'><strong>detraxit,</strong></span> <span class='ocrx_word' id='word_1_118' title='bbox 2726 1096 2825 1151; x_wconf 87' lang='lat' dir='ltr'><strong>nisi</strong></span> <span class='ocrx_word' id='word_1_119' title='bbox 2850 1096 2990 1166; x_wconf 94' lang='lat' dir='ltr'><strong>quod</strong></span> <span class='ocrx_word' id='word_1_120' title='bbox 3030 1096 3226 1151; x_wconf 85' lang='lat' dir='ltr'><strong>nostris</strong></span> <span class='ocrx_word' id='word_1_121' title='bbox 3251 1098 3488 1154; x_wconf 89' lang='lat' dir='ltr'><strong>moribus</strong></span> <span class='ocrx_word' id='word_1_122' title='bbox 3530 1110 3556 1147; x_wconf 72' lang='lat'><strong>8</strong></span> <span class='ocrx_word' id='word_1_123' title='bbox 3601 1101 3872 1167; x_wconf 87' lang='lat' dir='ltr'><strong>instituti,</strong></span> 
     </span>
    </p>
   </div>
   <div class='ocr_carea' id='block_1_19' title="bbox 2290 1196 3876 1272">
    <p class='ocr_par' dir='ltr' id='par_1_19' title="bbox 2290 1196 3876 1272">
     <span class='ocr_line' id='line_1_19' title="bbox 2290 1196 3876 1272; baseline 0.003 -20"><span class='ocrx_word' id='word_1_124' title='bbox 2290 1200 2310 1230; x_wconf 93' lang='lat'><strong><em>&quot;</em></strong></span> <span class='ocrx_word' id='word_1_125' title='bbox 2341 1196 2534 1252; x_wconf 88' lang='lat' dir='ltr'><strong>studiis</strong></span> <span class='ocrx_word' id='word_1_126' title='bbox 2558 1197 2922 1267; x_wconf 85' lang='lat' dir='ltr'><strong>improborum</strong></span> <span class='ocrx_word' id='word_1_127' title='bbox 2958 1196 3299 1252; x_wconf 88' lang='lat' dir='ltr'><strong>dissimillimi</strong></span> <span class='ocrx_word' id='word_1_128' title='bbox 3320 1198 3658 1255; x_wconf 84' lang='lat' dir='ltr'><strong>videbantur.</strong></span> <span class='ocrx_word' id='word_1_129' title='bbox 3697 1201 3876 1272; x_wconf 87' lang='lat' dir='ltr'><strong>Itaque</strong></span> 
     </span>
    </p>
   </div>
   <div class='ocr_carea' id='block_1_20' title="bbox 1945 1310 2524 1368">
    <p class='ocr_par' dir='ltr' id='par_1_20' title="bbox 1945 1310 2524 1368">
     <span class='ocr_line' id='line_1_20' title="bbox 1945 1310 2524 1368; baseline -0.01 0"><span class='ocrx_word' id='word_1_130' title='bbox 1945 1310 2524 1368; x_wconf 80' lang='lat' dir='ltr'><strong>INTERPRETATIO.</strong></span> 
     </span>
    </p>
   </div>
   <div class='ocr_carea' id='block_1_21' title="bbox 669 1401 1038 1456">
    <p class='ocr_par' dir='ltr' id='par_1_21' title="bbox 669 1401 1038 1456">
     <span class='ocr_line' id='line_1_21' title="bbox 669 1401 1038 1456; baseline 0.003 -2"><span class='ocrx_word' id='word_1_131' title='bbox 669 1412 693 1438; x_wconf 77' lang='grc' dir='ltr'><strong>ιι</strong></span> <span class='ocrx_word' id='word_1_132' title='bbox 722 1401 1038 1456; x_wconf 80' lang='lat' dir='ltr'><strong>Doc&#39;rinam.</strong></span> 
     </span>
    </p>
   </div>
   <div class='ocr_carea' id='block_1_22' title="bbox 670 1471 1060 1528">
    <p class='ocr_par' dir='ltr' id='par_1_22' title="bbox 670 1471 1060 1528">
     <span class='ocr_line' id='line_1_22' title="bbox 670 1471 1060 1528; baseline 0.013 -6"><span class='ocrx_word' id='word_1_133' title='bbox 670 1471 697 1509; x_wconf 70' lang='grc' dir='ltr'>δ</span> <span class='ocrx_word' id='word_1_134' title='bbox 728 1472 1060 1528; x_wconf 73' lang='lat' dir='ltr'><strong>Domesticos.</strong></span> 
     </span>
    </p>
   </div>
   <div class='ocr_carea' id='block_1_23' title="bbox 669 1543 935 1598">
    <p class='ocr_par' dir='ltr' id='par_1_23' title="bbox 669 1543 935 1598">
     <span class='ocr_line' id='line_1_23' title="bbox 669 1543 935 1598; baseline 0.015 -4"><span class='ocrx_word' id='word_1_135' title='bbox 669 1553 692 1580; x_wconf 73' lang='grc' dir='ltr'><strong><em>ο</em></strong></span> <span class='ocrx_word' id='word_1_136' title='bbox 722 1543 935 1598; x_wconf 80' lang='lat' dir='ltr'><strong>Aliena&quot;.</strong></span> 
     </span>
    </p>
   </div>
   <div class='ocr_carea' id='block_1_24' title="bbox 663 1611 1412 1683">
    <p class='ocr_par' dir='ltr' id='par_1_24' title="bbox 663 1611 1412 1683">
     <span class='ocr_line' id='line_1_24' title="bbox 663 1611 1412 1683; baseline 0.005 -18"><span class='ocrx_word' id='word_1_137' title='bbox 663 1612 691 1648; x_wconf 76' lang='grc' dir='ltr'><strong>ιι</strong></span> <span class='ocrx_word' id='word_1_138' title='bbox 724 1611 933 1666; x_wconf 81' lang='lat' dir='ltr'><strong>Remota</strong></span> <span class='ocrx_word' id='word_1_139' title='bbox 959 1613 1069 1667; x_wconf 90' lang='lat' dir='ltr'><strong>loco</strong></span> <span class='ocrx_word' id='word_1_140' title='bbox 1094 1624 1141 1668; x_wconf 87' lang='lat' dir='ltr'><strong>et</strong></span> <span class='ocrx_word' id='word_1_141' title='bbox 1169 1624 1412 1683; x_wconf 85' lang='lat' dir='ltr'><strong>tempore.</strong></span> 
     </span>
    </p>
   </div>
   <div class='ocr_carea' id='block_1_25' title="bbox 2365 1397 3340 1524">
    <p class='ocr_par' dir='ltr' id='par_1_25' title="bbox 2365 1397 3340 1524">
     <span class='ocr_line' id='line_1_25' title="bbox 2365 1397 3340 1524; baseline -0.002 -71"><span class='ocrx_word' id='word_1_142' title='bbox 2365 1414 2388 1509; x_wconf 56' lang='grc' dir='ltr'><em>ἴ</em></span> <span class='ocrx_word' id='word_1_143' title='bbox 2419 1402 2670 1524; x_wconf 60' lang='lat' dir='ltr'><strong>.lSegeram</strong></span> <span class='ocrx_word' id='word_1_144' title='bbox 2693 1410 2738 1454; x_wconf 89' lang='lat' dir='ltr'><strong>et</strong></span> <span class='ocrx_word' id='word_1_145' title='bbox 2770 1400 3035 1455; x_wconf 86' lang='lat' dir='ltr'><strong>Soranum</strong></span> <span class='ocrx_word' id='word_1_146' title='bbox 3060 1397 3340 1471; x_wconf 72' lang='lat' dir='ltr'><strong>pbiIOSopL</strong></span> 
     </span>
     <span class='ocr_line' id='line_1_26' title="bbox 2455 1481 2645 1523; baseline 0.005 -1"><span class='ocrx_word' id='word_1_147' title='bbox 2455 1489 2484 1523; x_wconf 84' lang='grc' dir='ltr'><em>η</em></span> <span class='ocrx_word' id='word_1_148' title='bbox 2526 1481 2645 1523; x_wconf 84' lang='lat' dir='ltr'><strong>tcta.</strong></span> 
     </span>
    </p>
   </div>
   <div class='ocr_carea' id='block_1_26' title="bbox 2455 1481 2645 1523">
    <p class='ocr_par' dir='ltr' id='par_1_26' title="bbox 2455 1481 2645 1523">
     <span class='ocr_line' id='line_1_27' title="bbox 2455 1481 2645 1523; baseline 0 0"><span class='ocrx_word' id='word_1_149' title='bbox 2455 1481 2645 1523; x_wconf 80' lang='lat' dir='ltr'><strong>ndicta.</strong></span> 
     </span>
    </p>
   </div>
   <div class='ocr_carea' id='block_1_27' title="bbox 2359 1540 2829 1611">
    <p class='ocr_par' dir='ltr' id='par_1_27' title="bbox 2359 1540 2829 1611">
     <span class='ocr_line' id='line_1_28' title="bbox 2359 1540 2829 1611; baseline 0.004 -15"><span class='ocrx_word' id='word_1_150' title='bbox 2359 1552 2382 1589; x_wconf 73' lang='grc' dir='ltr'><strong><em>ε</em></strong></span> <span class='ocrx_word' id='word_1_151' title='bbox 2415 1540 2829 1611; x_wconf 83' lang='lat' dir='ltr'><strong>Philosopbicis.</strong></span> 
     </span>
    </p>
   </div>
   <div class='ocr_carea' id='block_1_28' title="bbox 2116 1697 2345 1757">
    <p class='ocr_par' dir='ltr' id='par_1_28' title="bbox 2116 1697 2345 1757">
     <span class='ocr_line' id='line_1_29' title="bbox 2116 1697 2345 1757; baseline -0.026 0"><span class='ocrx_word' id='word_1_152' title='bbox 2116 1697 2345 1757; x_wconf 64' lang='lat' dir='ltr'><strong>NOTAE.</strong></span> 
     </span>
    </p>
   </div>
   <div class='ocr_carea' id='block_1_29' title="bbox 593 1790 2179 1873">
    <p class='ocr_par' dir='ltr' id='par_1_29' title="bbox 593 1790 2179 1873">
     <span class='ocr_line' id='line_1_30' title="bbox 593 1790 2179 1873; baseline -0.001 -26"><span class='ocrx_word' id='word_1_153' title='bbox 593 1792 709 1873; x_wconf 76' lang='lat' dir='ltr'><strong>ipso</strong></span> <span class='ocrx_word' id='word_1_154' title='bbox 746 1790 979 1873; x_wconf 31' lang='lat' dir='ltr'><strong>Tulliopt</strong></span> <span class='ocrx_word' id='word_1_155' title='bbox 1011 1792 1077 1846; x_wconf 89' lang='lat' dir='ltr'><strong>de</strong></span> <span class='ocrx_word' id='word_1_156' title='bbox 1120 1790 1238 1857; x_wconf 91' lang='lat' dir='ltr'><strong>Or.,</strong></span> <span class='ocrx_word' id='word_1_157' title='bbox 1263 1795 1490 1846; x_wconf 87' lang='lat' dir='ltr'><strong>omnium</strong></span> <span class='ocrx_word' id='word_1_158' title='bbox 1533 1794 1939 1873; x_wconf 63' lang='lat' dir='ltr'><strong>sapientissimus</strong></span> <span class='ocrx_word' id='word_1_159' title='bbox 1969 1794 2179 1873; x_wconf 66' lang='lat' dir='ltr'><strong>sanctis-</strong></span> 
     </span>
    </p>
   </div>
   <div class='ocr_carea' id='block_1_30' title="bbox 592 1863 2175 1931">
    <p class='ocr_par' dir='ltr' id='par_1_30' title="bbox 592 1863 2175 1931">
     <span class='ocr_line' id='line_1_31' title="bbox 592 1863 2175 1931; baseline 0 -16"><span class='ocrx_word' id='word_1_160' title='bbox 592 1863 815 1925; x_wconf 84' lang='lat' dir='ltr'><strong>simeque</strong></span> <span class='ocrx_word' id='word_1_161' title='bbox 862 1863 982 1915; x_wconf 74' lang='lat' dir='ltr'><strong>vixit</strong></span> <span class='ocrx_word' id='word_1_162' title='bbox 1012 1878 1032 1917; x_wconf 90' lang='lat'><strong><em>:</em></strong></span> <span class='ocrx_word' id='word_1_163' title='bbox 1073 1872 1349 1931; x_wconf 85' lang='lat' dir='ltr'><strong>propterea</strong></span> <span class='ocrx_word' id='word_1_164' title='bbox 1396 1865 1620 1931; x_wconf 74' lang='lat' dir='ltr'><strong>populus</strong></span> <span class='ocrx_word' id='word_1_165' title='bbox 1667 1875 1893 1917; x_wconf 87' lang='lat' dir='ltr'><strong>nmrlem</strong></span> <span class='ocrx_word' id='word_1_166' title='bbox 1943 1864 2058 1931; x_wconf 89' lang='lat' dir='ltr'><strong>ejus</strong></span> <span class='ocrx_word' id='word_1_167' title='bbox 2105 1864 2175 1916; x_wconf 89' lang='lat' dir='ltr'><strong>ita</strong></span> 
     </span>
    </p>
   </div>
   <div class='ocr_carea' id='block_1_31' title="bbox 592 1932 2174 2003">
    <p class='ocr_par' dir='ltr' id='par_1_31' title="bbox 592 1932 2174 2003">
     <span class='ocr_line' id='line_1_32' title="bbox 592 1932 2174 2003; baseline 0 -18"><span class='ocrx_word' id='word_1_168' title='bbox 592 1932 788 1994; x_wconf 79' lang='lat' dir='ltr'><strong>doluit,</strong></span> <span class='ocrx_word' id='word_1_169' title='bbox 822 1943 875 1986; x_wconf 92' lang='lat' dir='ltr'><strong>ut</strong></span> <span class='ocrx_word' id='word_1_170' title='bbox 896 1932 1134 2003; x_wconf 79' lang='lat' dir='ltr'><strong>ejusdem</strong></span> <span class='ocrx_word' id='word_1_171' title='bbox 1162 1944 1502 1987; x_wconf 89' lang='lat' dir='ltr'><strong>accusatores</strong></span> <span class='ocrx_word' id='word_1_172' title='bbox 1534 1935 1726 1999; x_wconf 79' lang='lat' dir='ltr'><strong>partim</strong></span> <span class='ocrx_word' id='word_1_173' title='bbox 1757 1944 1949 1995; x_wconf 88' lang='lat' dir='ltr'><strong>morte,</strong></span> <span class='ocrx_word' id='word_1_174' title='bbox 1983 1934 2174 2003; x_wconf 80' lang='lat' dir='ltr'><strong>partim</strong></span> 
     </span>
    </p>
   </div>
   <div class='ocr_carea' id='block_1_32' title="bbox 593 2002 2179 2072">
    <p class='ocr_par' dir='ltr' id='par_1_32' title="bbox 593 2002 2179 2072">
     <span class='ocr_line' id='line_1_33' title="bbox 593 2002 2179 2072; baseline 0.001 -18"><span class='ocrx_word' id='word_1_175' title='bbox 593 2003 790 2054; x_wconf 68' lang='lat' dir='ltr'><strong>exsilio</strong></span> <span class='ocrx_word' id='word_1_176' title='bbox 825 2004 1083 2069; x_wconf 61' lang='lat' dir='ltr'><strong>punierit,</strong></span> <span class='ocrx_word' id='word_1_177' title='bbox 1116 2002 1319 2071; x_wconf 83' lang='lat' dir='ltr'><strong>ipsique</strong></span> <span class='ocrx_word' id='word_1_178' title='bbox 1349 2003 1557 2058; x_wconf 83' lang='lat' dir='ltr'><strong>Socrati</strong></span> <span class='ocrx_word' id='word_1_179' title='bbox 1599 2013 1832 2057; x_wconf 87' lang='lat' dir='ltr'><strong>statuant</strong></span> <span class='ocrx_word' id='word_1_180' title='bbox 1863 2002 2058 2059; x_wconf 67' lang='lat' dir='ltr'><strong>aeream</strong></span> <span class='ocrx_word' id='word_1_181' title='bbox 2086 2019 2179 2072; x_wconf 84' lang='lat' dir='ltr'><strong>po-</strong></span> 
     </span>
    </p>
   </div>
   <div class='ocr_carea' id='block_1_33' title="bbox 593 2072 2182 2140">
    <p class='ocr_par' dir='ltr' id='par_1_33' title="bbox 593 2072 2182 2140">
     <span class='ocr_line' id='line_1_34' title="bbox 593 2072 2182 2140; baseline 0.003 -16"><span class='ocrx_word' id='word_1_182' title='bbox 593 2087 718 2124; x_wconf 74' lang='lat' dir='ltr'><strong>suer</strong></span> <span class='ocrx_word' id='word_1_183' title='bbox 740 2082 798 2125; x_wconf 90' lang='lat' dir='ltr'><strong>t:</strong></span> <span class='ocrx_word' id='word_1_184' title='bbox 833 2072 953 2123; x_wconf 82' lang='lat' dir='ltr'><strong>obiit</strong></span> <span class='ocrx_word' id='word_1_185' title='bbox 984 2081 1159 2126; x_wconf 84' lang='lat' dir='ltr'><strong>tamen</strong></span> <span class='ocrx_word' id='word_1_186' title='bbox 1190 2083 1386 2126; x_wconf 77' lang='lat' dir='ltr'><strong>astante</strong></span> <span class='ocrx_word' id='word_1_187' title='bbox 1416 2074 1744 2140; x_wconf 79' lang='lat' dir='ltr'><strong>pltilosOpItia</strong></span> <span class='ocrx_word' id='word_1_188' title='bbox 1769 2091 1786 2127; x_wconf 90' lang='lat'><strong><em>:</em></strong></span> <span class='ocrx_word' id='word_1_189' title='bbox 1827 2089 1947 2128; x_wconf 86' lang='lat' dir='ltr'><strong>nam</strong></span> <span class='ocrx_word' id='word_1_190' title='bbox 1970 2118 1984 2140; x_wconf 90' lang='lat'><strong>,</strong></span> <span class='ocrx_word' id='word_1_191' title='bbox 2019 2082 2076 2127; x_wconf 92' lang='lat' dir='ltr'><strong>ut</strong></span> <span class='ocrx_word' id='word_1_192' title='bbox 2105 2077 2182 2128; x_wconf 88' lang='lat' dir='ltr'><strong>ait</strong></span> 
     </span>
    </p>
   </div>
   <div class='ocr_carea' id='block_1_34' title="bbox 592 2140 2180 2214">
    <p class='ocr_par' dir='ltr' id='par_1_34' title="bbox 592 2140 2180 2214">
     <span class='ocr_line' id='line_1_35' title="bbox 592 2140 2180 2214; baseline 0.001 -19"><span class='ocrx_word' id='word_1_193' title='bbox 592 2140 821 2206; x_wconf 83' lang='lat' dir='ltr'><strong>Tullius,</strong></span> <span class='ocrx_word' id='word_1_194' title='bbox 852 2143 1006 2214; x_wconf 91' lang='lat' dir='ltr'><strong>ibid.._</strong></span> <span class='ocrx_word' id='word_1_195' title='bbox 1040 2143 1491 2214; x_wconf 79' lang='lat' dir='ltr'><strong>elegantissimam&#39;</strong></span> <span class='ocrx_word' id='word_1_196' title='bbox 1517 2143 1685 2213; x_wconf 77' lang='lat' dir='ltr'><strong>Lysia:</strong></span> <span class='ocrx_word' id='word_1_197' title='bbox 1725 2148 2042 2207; x_wconf 89' lang='lat' dir='ltr'><strong>orationem,</strong></span> <span class='ocrx_word' id='word_1_198' title='bbox 2078 2160 2180 2210; x_wconf 89' lang='lat' dir='ltr'><strong>qua</strong></span> 
     </span>
    </p>
   </div>
   <div class='ocr_carea' id='block_1_35' title="bbox 592 2212 2180 2286">
    <p class='ocr_par' dir='ltr' id='par_1_35' title="bbox 592 2212 2180 2286">
     <span class='ocr_line' id='line_1_36' title="bbox 592 2212 2180 2286; baseline 0.004 -26"><span class='ocrx_word' id='word_1_199' title='bbox 592 2227 769 2286; x_wconf 71' lang='lat' dir='ltr'><strong>prose</strong></span> <span class='ocrx_word' id='word_1_200' title='bbox 799 2215 850 2264; x_wconf 88' lang='lat' dir='ltr'><strong>in</strong></span> <span class='ocrx_word' id='word_1_201' title='bbox 888 2212 1088 2286; x_wconf 81' lang='lat' dir='ltr'><strong>judicio</strong></span> <span class='ocrx_word' id='word_1_202' title='bbox 1120 2212 1375 2286; x_wconf 48' lang='lat' dir='ltr'><strong>iaceretur,</strong></span> <span class='ocrx_word' id='word_1_203' title='bbox 1406 2212 1634 2280; x_wconf 83' lang='lat' dir='ltr'><strong>respuit,</strong></span> <span class='ocrx_word' id='word_1_204' title='bbox 1678 2224 1724 2267; x_wconf 88' lang='lat' dir='ltr'><strong>et</strong></span> <span class='ocrx_word' id='word_1_205' title='bbox 1763 2216 1838 2268; x_wconf 89' lang='lat' dir='ltr'><strong>ita</strong></span> <span class='ocrx_word' id='word_1_206' title='bbox 1884 2216 1937 2267; x_wconf 85' lang='lat' dir='ltr'><strong>in</strong></span> <span class='ocrx_word' id='word_1_207' title='bbox 1976 2215 2180 2286; x_wconf 82' lang='lat' dir='ltr'><strong>judicio</strong></span> 
     </span>
    </p>
   </div>
   <div class='ocr_carea' id='block_1_36' title="bbox 593 2281 2180 2353">
    <p class='ocr_par' dir='ltr' id='par_1_36' title="bbox 593 2281 2180 2353">
     <span class='ocr_line' id='line_1_37' title="bbox 593 2281 2180 2353; baseline 0.003 -20"><span class='ocrx_word' id='word_1_208' title='bbox 593 2281 775 2347; x_wconf 87' lang='lat' dir='ltr'><strong>capitis</strong></span> <span class='ocrx_word' id='word_1_209' title='bbox 800 2297 892 2353; x_wconf 83' lang='lat' dir='ltr'><strong>pro</strong></span> <span class='ocrx_word' id='word_1_210' title='bbox 914 2298 969 2336; x_wconf 90' lang='lat' dir='ltr'><strong>se</strong></span> <span class='ocrx_word' id='word_1_211' title='bbox 994 2283 1101 2350; x_wconf 88' lang='lat' dir='ltr'><strong>ipse</strong></span> <span class='ocrx_word' id='word_1_212' title='bbox 1118 2285 1283 2353; x_wconf 71' lang='lat' dir='ltr'><strong>dixit,</strong></span> <span class='ocrx_word' id='word_1_213' title='bbox 1317 2294 1370 2335; x_wconf 87' lang='lat' dir='ltr'><strong>ut</strong></span> <span class='ocrx_word' id='word_1_214' title='bbox 1413 2300 1515 2337; x_wconf 85' lang='lat' dir='ltr'><strong>non</strong></span> <span class='ocrx_word' id='word_1_215' title='bbox 1552 2286 1769 2353; x_wconf 75' lang='lat' dir='ltr'><strong>supplex</strong></span> <span class='ocrx_word' id='word_1_216' title='bbox 1796 2295 1884 2336; x_wconf 92' lang='lat' dir='ltr'><strong>ant</strong></span> <span class='ocrx_word' id='word_1_217' title='bbox 1922 2281 2061 2346; x_wconf 75' lang='lat' dir='ltr'><strong>reus,</strong></span> <span class='ocrx_word' id='word_1_218' title='bbox 2090 2285 2180 2337; x_wconf 87' lang='lat' dir='ltr'><strong>sed</strong></span> 
     </span>
    </p>
   </div>
   <div class='ocr_carea' id='block_1_37' title="bbox 595 2351 2179 2426">
    <p class='ocr_par' dir='ltr' id='par_1_37' title="bbox 595 2351 2179 2426">
     <span class='ocr_line' id='line_1_38' title="bbox 595 2351 2179 2426; baseline 0.003 -23"><span class='ocrx_word' id='word_1_219' title='bbox 595 2360 652 2403; x_wconf 85' lang='lat' dir='ltr'><strong>ut</strong></span> <span class='ocrx_word' id='word_1_220' title='bbox 682 2351 920 2426; x_wconf 77' lang='lat' dir='ltr'><strong>magister</strong></span> <span class='ocrx_word' id='word_1_221' title='bbox 960 2362 1047 2405; x_wconf 87' lang='lat' dir='ltr'><strong>aut</strong></span> <span class='ocrx_word' id='word_1_222' title='bbox 1090 2352 1329 2405; x_wconf 86' lang='lat' dir='ltr'><strong>dominus</strong></span> <span class='ocrx_word' id='word_1_223' title='bbox 1374 2351 1796 2426; x_wconf 15' lang='lat' dir='ltr'><strong>videretur&#39;esser</strong></span> <span class='ocrx_word' id='word_1_224' title='bbox 1813 2355 2072 2426; x_wconf 83' lang='lat' dir='ltr'><strong>jud.cum.</strong></span> <span class='ocrx_word' id='word_1_225' title='bbox 2124 2356 2179 2408; x_wconf 90' lang='lat' dir='ltr'><strong>In</strong></span> 
     </span>
    </p>
   </div>
   <div class='ocr_carea' id='block_1_38' title="bbox 593 2422 2182 2493">
    <p class='ocr_par' dir='ltr' id='par_1_38' title="bbox 593 2422 2182 2493">
     <span class='ocr_line' id='line_1_39' title="bbox 593 2422 2182 2493; baseline 0.006 -25"><span class='ocrx_word' id='word_1_226' title='bbox 593 2436 703 2493; x_wconf 74' lang='lat' dir='ltr'><strong>quo</strong></span> <span class='ocrx_word' id='word_1_227' title='bbox 726 2422 988 2493; x_wconf 65' lang='lat' dir='ltr'><strong>incuriam</strong></span> <span class='ocrx_word' id='word_1_228' title='bbox 1017 2425 1199 2475; x_wconf 85' lang='lat' dir='ltr'><strong>mortis</strong></span> <span class='ocrx_word' id='word_1_229' title='bbox 1227 2426 1508 2491; x_wconf 76' lang='lat' dir='ltr'><strong>promeruit</strong></span> <span class='ocrx_word' id='word_1_230' title='bbox 1533 2438 1553 2476; x_wconf 82' lang='lat'><strong>.&#39;</strong></span> <span class='ocrx_word' id='word_1_231' title='bbox 1581 2426 1753 2493; x_wconf 88' lang='lat' dir='ltr'><strong>quod,</strong></span> <span class='ocrx_word' id='word_1_232' title='bbox 1784 2422 1986 2491; x_wconf 81' lang='lat' dir='ltr'><strong>judicio</strong></span> <span class='ocrx_word' id='word_1_233' title='bbox 2017 2423 2182 2492; x_wconf 93' lang='lat' dir='ltr'><strong>ipsius</strong></span> 
     </span>
    </p>
   </div>
   <div class='ocr_carea' id='block_1_39' title="bbox 532 2489 2197 2560">
    <p class='ocr_par' dir='ltr' id='par_1_39' title="bbox 532 2489 2197 2560">
     <span class='ocr_line' id='line_1_40' title="bbox 532 2489 2197 2560; baseline 0.002 -15"><span class='ocrx_word' id='word_1_234' title='bbox 532 2542 535 2545; x_wconf 89' lang='lat'><strong>.</strong></span> <span class='ocrx_word' id='word_1_235' title='bbox 594 2489 890 2553; x_wconf 79' lang='lat' dir='ltr'><strong>Ciceronis,</strong></span> <span class='ocrx_word' id='word_1_236' title='bbox 922 2506 1069 2545; x_wconf 87' lang='lat' dir='ltr'><strong>mors</strong></span> <span class='ocrx_word' id='word_1_237' title='bbox 1096 2489 1362 2560; x_wconf 36' lang='lat' dir='ltr'><strong>illa,‘qn:e</strong></span> <span class='ocrx_word' id='word_1_238' title='bbox 1394 2489 1834 2553; x_wconf 60' lang='lat' dir='ltr'><strong>naturedebita,</strong></span> <span class='ocrx_word' id='word_1_239' title='bbox 1868 2510 1974 2547; x_wconf 90' lang='lat' dir='ltr'><strong>non</strong></span> <span class='ocrx_word' id='word_1_240' title='bbox 2004 2489 2197 2549; x_wconf 82' lang='lat' dir='ltr'><strong>solum</strong></span> 
     </span>
    </p>
   </div>
   <div class='ocr_carea' id='block_1_40' title="bbox 596 2560 2176 2633">
    <p class='ocr_par' dir='ltr' id='par_1_40' title="bbox 596 2560 2176 2633">
     <span class='ocr_line' id='line_1_41' title="bbox 596 2560 2176 2633; baseline 0.004 -23"><span class='ocrx_word' id='word_1_241' title='bbox 596 2562 939 2633; x_wconf 75' lang='lat' dir='ltr'><strong>propatria,</strong></span> <span class='ocrx_word' id='word_1_242' title='bbox 970 2562 1063 2616; x_wconf 78' lang='lat' dir='ltr'><strong>sed</strong></span> <span class='ocrx_word' id='word_1_243' title='bbox 1093 2560 1251 2615; x_wconf 79' lang='lat' dir='ltr'><strong>etiam</strong></span> <span class='ocrx_word' id='word_1_244' title='bbox 1293 2578 1388 2630; x_wconf 91' lang='lat' dir='ltr'><strong>pro</strong></span> <span class='ocrx_word' id='word_1_245' title='bbox 1442 2568 1666 2617; x_wconf 78' lang='lat' dir='ltr'><strong>veritate</strong></span> <span class='ocrx_word' id='word_1_246' title='bbox 1710 2573 1793 2618; x_wconf 89' lang='lat' dir='ltr'><strong>est</strong></span> <span class='ocrx_word' id='word_1_247' title='bbox 1841 2563 2176 2633; x_wconf 89' lang='lat' dir='ltr'><strong>potissimum</strong></span> 
     </span>
    </p>
   </div>
   <div class='ocr_carea' id='block_1_41' title="bbox 597 2630 2182 2702">
    <p class='ocr_par' dir='ltr' id='par_1_41' title="bbox 597 2630 2182 2702">
     <span class='ocr_line' id='line_1_42' title="bbox 597 2630 2182 2702; baseline 0.003 -19"><span class='ocrx_word' id='word_1_248' title='bbox 597 2630 840 2697; x_wconf 87' lang='lat' dir='ltr'><strong>reddita,</strong></span> <span class='ocrx_word' id='word_1_249' title='bbox 885 2642 977 2685; x_wconf 86' lang='lat' dir='ltr'><strong>aut</strong></span> <span class='ocrx_word' id='word_1_250' title='bbox 1019 2633 1292 2687; x_wconf 85' lang='lat' dir='ltr'><strong>meliorem</strong></span> <span class='ocrx_word' id='word_1_251' title='bbox 1340 2649 1498 2701; x_wconf 84' lang='lat' dir='ltr'><strong>quam</strong></span> <span class='ocrx_word' id='word_1_252' title='bbox 1540 2635 1628 2702; x_wconf 87' lang='lat' dir='ltr'><strong>qui</strong></span> <span class='ocrx_word' id='word_1_253' title='bbox 1677 2642 1761 2688; x_wconf 89' lang='lat' dir='ltr'><strong>est</strong></span> <span class='ocrx_word' id='word_1_254' title='bbox 1802 2630 1855 2688; x_wconf 83' lang='lat' dir='ltr'><strong>in</strong></span> <span class='ocrx_word' id='word_1_255' title='bbox 1903 2634 2045 2697; x_wconf 86' lang='lat' dir='ltr'><strong>vita,</strong></span> <span class='ocrx_word' id='word_1_256' title='bbox 2091 2645 2182 2688; x_wconf 89' lang='lat' dir='ltr'><strong>aut</strong></span> 
     </span>
    </p>
   </div>
   <div class='ocr_carea' id='block_1_42' title="bbox 596 2702 2176 2773">
    <p class='ocr_par' dir='ltr' id='par_1_42' title="bbox 596 2702 2176 2773">
     <span class='ocr_line' id='line_1_43' title="bbox 596 2702 2176 2773; baseline 0.003 -20"><span class='ocrx_word' id='word_1_257' title='bbox 596 2711 743 2755; x_wconf 87' lang='lat' dir='ltr'><strong>certe</strong></span> <span class='ocrx_word' id='word_1_258' title='bbox 774 2716 877 2755; x_wconf 92' lang='lat' dir='ltr'><strong>non</strong></span> <span class='ocrx_word' id='word_1_259' title='bbox 906 2703 1230 2756; x_wconf 83' lang='lat' dir='ltr'><strong>deteriorem</strong></span> <span class='ocrx_word' id='word_1_260' title='bbox 1259 2702 1415 2757; x_wconf 83' lang='lat' dir='ltr'><strong>all&#39;ert</strong></span> <span class='ocrx_word' id='word_1_261' title='bbox 1459 2716 1676 2757; x_wconf 84' lang='lat' dir='ltr'><strong>statum.</strong></span> <span class='ocrx_word' id='word_1_262' title='bbox 1723 2705 1958 2773; x_wconf 77' lang='lat' dir='ltr'><strong>Denique</strong></span> <span class='ocrx_word' id='word_1_263' title='bbox 2008 2703 2176 2769; x_wconf 81' lang='lat' dir='ltr'><strong>ipsius</strong></span> 
     </span>
    </p>
   </div>
   <div class='ocr_carea' id='block_1_43' title="bbox 598 2773 2177 2843">
    <p class='ocr_par' dir='ltr' id='par_1_43' title="bbox 598 2773 2177 2843">
     <span class='ocr_line' id='line_1_44' title="bbox 598 2773 2177 2843; baseline 0.002 -19"><span class='ocrx_word' id='word_1_264' title='bbox 598 2773 836 2843; x_wconf 82' lang='lat' dir='ltr'><strong>Socratis</strong></span> <span class='ocrx_word' id='word_1_265' title='bbox 879 2773 1206 2834; x_wconf 86' lang='lat' dir='ltr'><strong>doctrinam,</strong></span> <span class='ocrx_word' id='word_1_266' title='bbox 1250 2788 1369 2840; x_wconf 79' lang='lat' dir='ltr'><strong>qua:</strong></span> <span class='ocrx_word' id='word_1_267' title='bbox 1416 2777 1667 2840; x_wconf 86' lang='lat' dir='ltr'><strong>quoniam</strong></span> <span class='ocrx_word' id='word_1_268' title='bbox 1717 2774 1883 2827; x_wconf 88' lang='lat' dir='ltr'><strong>instar</strong></span> <span class='ocrx_word' id='word_1_269' title='bbox 1935 2775 2177 2843; x_wconf 68' lang='lat' dir='ltr'><strong>pecuniae</strong></span> 
     </span>
    </p>
   </div>
   <div class='ocr_carea' id='block_1_44' title="bbox 595 2841 2180 2911">
    <p class='ocr_par' dir='ltr' id='par_1_44' title="bbox 595 2841 2180 2911">
     <span class='ocr_line' id='line_1_45' title="bbox 595 2841 2180 2911; baseline 0.002 -17"><span class='ocrx_word' id='word_1_270' title='bbox 595 2841 714 2908; x_wconf 87' lang='lat' dir='ltr'><strong>ejus</strong></span> <span class='ocrx_word' id='word_1_271' title='bbox 764 2854 935 2895; x_wconf 87' lang='lat' dir='ltr'><strong>morte</strong></span> <span class='ocrx_word' id='word_1_272' title='bbox 983 2845 1047 2894; x_wconf 85' lang='lat' dir='ltr'><strong>ad</strong></span> <span class='ocrx_word' id='word_1_273' title='bbox 1098 2845 1309 2911; x_wconf 85' lang='lat' dir='ltr'><strong>aliquos</strong></span> <span class='ocrx_word' id='word_1_274' title='bbox 1364 2854 1639 2910; x_wconf 78' lang='lat' dir='ltr'><strong>pervenit,</strong></span> <span class='ocrx_word' id='word_1_275' title='bbox 1695 2844 1897 2899; x_wconf 88' lang='lat' dir='ltr'><strong>idcirco</strong></span> <span class='ocrx_word' id='word_1_276' title='bbox 1939 2841 2180 2897; x_wconf 78' lang='lat' dir='ltr'><strong>vocatur</strong></span> 
     </span>
    </p>
   </div>
   <div class='ocr_carea' id='block_1_45' title="bbox 597 2911 2177 2981">
    <p class='ocr_par' dir='ltr' id='par_1_45' title="bbox 597 2911 2177 2981">
     <span class='ocr_line' id='line_1_46' title="bbox 597 2911 2177 2981; baseline 0.001 -17"><span class='ocrx_word' id='word_1_277' title='bbox 597 2911 837 2979; x_wconf 86' lang='lat' dir='ltr'><strong>ejusdem</strong></span> <span class='ocrx_word' id='word_1_278' title='bbox 866 2911 1170 2981; x_wconf 10' lang='lat' dir='ltr'><strong>rltazreditas,</strong></span> <span class='ocrx_word' id='word_1_279' title='bbox 1203 2912 1380 2981; x_wconf 79' lang='lat' dir='ltr'><strong>partiti</strong></span> <span class='ocrx_word' id='word_1_280' title='bbox 1422 2924 1548 2969; x_wconf 88' lang='lat' dir='ltr'><strong>sunt</strong></span> <span class='ocrx_word' id='word_1_281' title='bbox 1601 2914 1835 2980; x_wconf 75' lang='lat' dir='ltr'><strong>Epicurei</strong></span> <span class='ocrx_word' id='word_1_282' title='bbox 1886 2928 1948 2967; x_wconf 88' lang='lat' dir='ltr'><strong>ac</strong></span> <span class='ocrx_word' id='word_1_283' title='bbox 1980 2915 2177 2979; x_wconf 82' lang='lat' dir='ltr'><strong>Stoici,</strong></span> 
     </span>
    </p>
   </div>
   <div class='ocr_carea' id='block_1_46' title="bbox 596 2980 2178 3053">
    <p class='ocr_par' dir='ltr' id='par_1_46' title="bbox 596 2980 2178 3053">
     <span class='ocr_line' id='line_1_47' title="bbox 596 2980 2178 3053; baseline 0.003 -20"><span class='ocrx_word' id='word_1_284' title='bbox 596 2996 822 3053; x_wconf 72' lang='lat' dir='ltr'><strong>quorum</strong></span> <span class='ocrx_word' id='word_1_285' title='bbox 860 2980 931 3035; x_wconf 89' lang='lat' dir='ltr'><strong>illi</strong></span> <span class='ocrx_word' id='word_1_286' title='bbox 959 2982 1287 3048; x_wconf 58' lang='lat' dir='ltr'><strong>Epicurodti</strong></span> <span class='ocrx_word' id='word_1_287' title='bbox 1314 2984 1533 3039; x_wconf 86' lang='lat' dir='ltr'><strong>Zenone</strong></span> <span class='ocrx_word' id='word_1_288' title='bbox 1554 2986 1689 3038; x_wconf 85' lang='lat' dir='ltr'><strong>duce</strong></span> <span class='ocrx_word' id='word_1_289' title='bbox 1716 2985 2178 3053; x_wconf 67' lang='lat' dir='ltr'><strong>plulOSOphantur.</strong></span> 
     </span>
    </p>
   </div>
   <div class='ocr_carea' id='block_1_47' title="bbox 597 3050 2181 3122">
    <p class='ocr_par' dir='ltr' id='par_1_47' title="bbox 597 3050 2181 3122">
     <span class='ocr_line' id='line_1_48' title="bbox 597 3050 2181 3122; baseline 0.003 -17"><span class='ocrx_word' id='word_1_290' title='bbox 597 3050 730 3105; x_wconf 79' lang='lat' dir='ltr'><strong>Nam</strong></span> <span class='ocrx_word' id='word_1_291' title='bbox 758 3052 876 3105; x_wconf 63' lang='lat' dir='ltr'><strong>dum</strong></span> <span class='ocrx_word' id='word_1_292' title='bbox 910 3053 1186 3122; x_wconf 60' lang='lat' dir='ltr'><strong>praecipue</strong></span> <span class='ocrx_word' id='word_1_293' title='bbox 1215 3064 1341 3107; x_wconf 88' lang='lat' dir='ltr'><strong>sunt</strong></span> <span class='ocrx_word' id='word_1_294' title='bbox 1375 3050 1810 3122; x_wconf 77' lang='lat' dir='ltr'><strong>philosophorimi</strong></span> <span class='ocrx_word' id='word_1_295' title='bbox 1841 3050 2181 3119; x_wconf 77' lang='lat' dir='ltr'><strong>antiquorum</strong></span> 
     </span>
    </p>
   </div>
   <div class='ocr_carea' id='block_1_48' title="bbox 597 3122 2178 3194">
    <p class='ocr_par' dir='ltr' id='par_1_48' title="bbox 597 3122 2178 3194">
     <span class='ocr_line' id='line_1_49' title="bbox 597 3122 2178 3194; baseline 0.003 -21"><span class='ocrx_word' id='word_1_296' title='bbox 597 3134 779 3194; x_wconf 68' lang='lat' dir='ltr'><strong>seetse,</strong></span> <span class='ocrx_word' id='word_1_297' title='bbox 803 3139 829 3173; x_wconf 75' lang='grc' dir='ltr'><strong>ιι</strong></span> <span class='ocrx_word' id='word_1_298' title='bbox 856 3122 1046 3192; x_wconf 83' lang='lat' dir='ltr'><strong>quibus</strong></span> <span class='ocrx_word' id='word_1_299' title='bbox 1070 3133 1280 3179; x_wconf 66' lang='lat' dir='ltr'><strong>cateia:</strong></span> <span class='ocrx_word' id='word_1_300' title='bbox 1309 3135 1690 3192; x_wconf 87' lang='lat' dir='ltr'><strong>promauaruot</strong></span> <span class='ocrx_word' id='word_1_301' title='bbox 1714 3144 1728 3180; x_wconf 92' lang='lat'><strong>:</strong></span> <span class='ocrx_word' id='word_1_302' title='bbox 1758 3140 1949 3194; x_wconf 85' lang='lat' dir='ltr'><strong>nempe</strong></span> <span class='ocrx_word' id='word_1_303' title='bbox 1976 3122 2178 3187; x_wconf 87' lang='lat' dir='ltr'><strong>Ionica,</strong></span> 
     </span>
    </p>
   </div>
   <div class='ocr_carea' id='block_1_49' title="bbox 598 3192 2175 3261">
    <p class='ocr_par' dir='ltr' id='par_1_49' title="bbox 598 3192 2175 3261">
     <span class='ocr_line' id='line_1_50' title="bbox 598 3192 2175 3261; baseline 0.004 -18"><span class='ocrx_word' id='word_1_304' title='bbox 598 3192 753 3259; x_wconf 88' lang='lat' dir='ltr'><strong>cujus</strong></span> <span class='ocrx_word' id='word_1_305' title='bbox 779 3205 965 3246; x_wconf 83' lang='lat' dir='ltr'><strong>auctor</strong></span> <span class='ocrx_word' id='word_1_306' title='bbox 997 3195 1192 3247; x_wconf 89' lang='lat' dir='ltr'><strong>dicitur</strong></span> <span class='ocrx_word' id='word_1_307' title='bbox 1227 3194 1423 3250; x_wconf 84' lang='lat' dir='ltr'><strong>Thales</strong></span> <span class='ocrx_word' id='word_1_308' title='bbox 1457 3194 1717 3259; x_wconf 73' lang='lat' dir='ltr'><strong>Milesius;</strong></span> <span class='ocrx_word' id='word_1_309' title='bbox 1749 3207 1803 3250; x_wconf 92' lang='lat' dir='ltr'><strong>et</strong></span> <span class='ocrx_word' id='word_1_310' title='bbox 1830 3192 2052 3261; x_wconf 68' lang='lat' dir='ltr'><strong>Izalica,</strong></span> <span class='ocrx_word' id='word_1_311' title='bbox 2082 3211 2175 3249; x_wconf 89' lang='lat' dir='ltr'><strong>cu-</strong></span> 
     </span>
    </p>
   </div>
   <div class='ocr_carea' id='block_1_50' title="bbox 2288 1783 3870 1859">
    <p class='ocr_par' dir='ltr' id='par_1_50' title="bbox 2288 1783 3870 1859">
     <span class='ocr_line' id='line_1_51' title="bbox 2288 1783 3870 1859; baseline 0.004 -21"><span class='ocrx_word' id='word_1_312' title='bbox 2288 1794 2452 1859; x_wconf 90' lang='lat' dir='ltr'><strong>tatem</strong></span> <span class='ocrx_word' id='word_1_313' title='bbox 2509 1785 2781 1859; x_wconf 87' lang='lat' dir='ltr'><strong>vindicare</strong></span> <span class='ocrx_word' id='word_1_314' title='bbox 2824 1786 3407 1859; x_wconf 75' lang='lat' dir='ltr'><strong>conaretur,_Nearchi</strong></span> <span class='ocrx_word' id='word_1_315' title='bbox 3463 1794 3674 1859; x_wconf 84' lang='lat' dir='ltr'><strong>tyranni</strong></span> <span class='ocrx_word' id='word_1_316' title='bbox 3707 1783 3870 1853; x_wconf 80' lang='lat' dir='ltr'><strong>jussu</strong></span> 
     </span>
    </p>
   </div>
   <div class='ocr_carea' id='block_1_51' title="bbox 2283 1857 3871 1928">
    <p class='ocr_par' dir='ltr' id='par_1_51' title="bbox 2283 1857 3871 1928">
     <span class='ocr_line' id='line_1_52' title="bbox 2283 1857 3871 1928; baseline 0.006 -21"><span class='ocrx_word' id='word_1_317' title='bbox 2283 1858 2611 1928; x_wconf 81' lang='lat' dir='ltr'><strong>cruciatum,</strong></span> <span class='ocrx_word' id='word_1_318' title='bbox 2645 1858 2782 1928; x_wconf 87' lang='lat' dir='ltr'><strong>inter</strong></span> <span class='ocrx_word' id='word_1_319' title='bbox 2827 1865 3103 1928; x_wconf 65' lang='lat' dir='ltr'><strong>tormenta</strong></span> <span class='ocrx_word' id='word_1_320' title='bbox 3130 1857 3360 1928; x_wconf 81' lang='lat' dir='ltr'><strong>linguam</strong></span> <span class='ocrx_word' id='word_1_321' title='bbox 3391 1857 3641 1915; x_wconf 78' lang='lat' dir='ltr'><strong>dentibus</strong></span> <span class='ocrx_word' id='word_1_322' title='bbox 3683 1865 3871 1927; x_wconf 62' lang='lat' dir='ltr'><strong>princi-</strong></span> 
     </span>
    </p>
   </div>
   <div class='ocr_carea' id='block_1_52' title="bbox 2282 1926 3867 1997">
    <p class='ocr_par' dir='ltr' id='par_1_52' title="bbox 2282 1926 3867 1997">
     <span class='ocr_line' id='line_1_53' title="bbox 2282 1926 3867 1997; baseline 0.005 -17"><span class='ocrx_word' id='word_1_323' title='bbox 2282 1927 2428 1981; x_wconf 88' lang='lat' dir='ltr'><strong>disse</strong></span> <span class='ocrx_word' id='word_1_324' title='bbox 2467 1935 2523 1980; x_wconf 92' lang='lat' dir='ltr'><strong>et</strong></span> <span class='ocrx_word' id='word_1_325' title='bbox 2569 1927 2620 1980; x_wconf 90' lang='lat' dir='ltr'><strong>in</strong></span> <span class='ocrx_word' id='word_1_326' title='bbox 2671 1926 2851 1995; x_wconf 83' lang='lat' dir='ltr'><strong>Cyprii</strong></span> <span class='ocrx_word' id='word_1_327' title='bbox 2900 1927 3040 1997; x_wconf 78' lang='lat' dir='ltr'><strong>regis</strong></span> <span class='ocrx_word' id='word_1_328' title='bbox 3092 1926 3468 1996; x_wconf 73' lang='lat' dir='ltr'><strong>interrogantis</strong></span> <span class='ocrx_word' id='word_1_329' title='bbox 3525 1926 3713 1985; x_wconf 83' lang='lat' dir='ltr'><strong>faciem</strong></span> <span class='ocrx_word' id='word_1_330' title='bbox 3768 1949 3867 1987; x_wconf 79' lang='lat' dir='ltr'><strong>ex-</strong></span> 
     </span>
    </p>
   </div>
   <div class='ocr_carea' id='block_1_53' title="bbox 2281 1997 3869 2070">
    <p class='ocr_par' dir='ltr' id='par_1_53' title="bbox 2281 1997 3869 2070">
     <span class='ocr_line' id='line_1_54' title="bbox 2281 1997 3869 2070; baseline 0.004 -20"><span class='ocrx_word' id='word_1_331' title='bbox 2281 1997 2534 2070; x_wconf 80' lang='lat' dir='ltr'><strong>Spnisse._</strong></span> <span class='ocrx_word' id='word_1_332' title='bbox 2554 1998 2939 2070; x_wconf 73' lang='lat' dir='ltr'><strong>Anaxarchum,</strong></span> <span class='ocrx_word' id='word_1_333' title='bbox 2972 1998 3322 2070; x_wconf 84' lang='lat' dir='ltr'><strong>Democritum</strong></span> <span class='ocrx_word' id='word_1_334' title='bbox 3342 2016 3394 2070; x_wconf 56' lang='grc' dir='ltr'><em>ρ</em></span> <span class='ocrx_word' id='word_1_335' title='bbox 3421 1998 3608 2068; x_wconf 81' lang='lat' dir='ltr'><strong>Cyprio</strong></span> <span class='ocrx_word' id='word_1_336' title='bbox 3651 2011 3869 2070; x_wconf 78' lang='lat' dir='ltr'><strong>tyranno</strong></span> 
     </span>
    </p>
   </div>
   <div class='ocr_carea' id='block_1_54' title="bbox 2284 2067 3868 2138">
    <p class='ocr_par' dir='ltr' id='par_1_54' title="bbox 2284 2067 3868 2138">
     <span class='ocr_line' id='line_1_55' title="bbox 2284 2067 3868 2138; baseline 0.004 -18"><span class='ocrx_word' id='word_1_337' title='bbox 2284 2067 2707 2138; x_wconf 81' lang='lat' dir='ltr'><strong>e_.rcarni/icatum</strong></span> <span class='ocrx_word' id='word_1_338' title='bbox 2756 2069 3073 2137; x_wconf 71' lang='lat' dir='ltr'><strong>accepimus,</strong></span> <span class='ocrx_word' id='word_1_339' title='bbox 3124 2069 3293 2138; x_wconf 86' lang='lat' dir='ltr'><strong>inquit</strong></span> <span class='ocrx_word' id='word_1_340' title='bbox 3339 2067 3564 2131; x_wconf 81' lang='lat' dir='ltr'><strong>Tullius,</strong></span> <span class='ocrx_word' id='word_1_341' title='bbox 3611 2067 3868 2126; x_wconf 73' lang='lat' dir='ltr'><strong>lenonem</strong></span> 
     </span>
    </p>
   </div>
   <div class='ocr_carea' id='block_1_55' title="bbox 2283 2136 3869 2213">
    <p class='ocr_par' dir='ltr' id='par_1_55' title="bbox 2283 2136 3869 2213">
     <span class='ocr_line' id='line_1_56' title="bbox 2283 2136 3869 2213; baseline 0.003 -22"><span class='ocrx_word' id='word_1_342' title='bbox 2283 2136 2596 2213; x_wconf 45' lang='lat' dir='ltr'><strong>Elratennin</strong></span> <span class='ocrx_word' id='word_1_343' title='bbox 2627 2138 2890 2213; x_wconf 75' lang='lat' dir='ltr'><strong>tormentis</strong></span> <span class='ocrx_word' id='word_1_344' title='bbox 2917 2147 3151 2191; x_wconf 87' lang='lat' dir='ltr'><strong>necatum</strong></span> <span class='ocrx_word' id='word_1_345' title='bbox 3170 2136 3408 2213; x_wconf 32' lang='lat' dir='ltr'><strong>{nempe</strong></span> <span class='ocrx_word' id='word_1_346' title='bbox 3437 2158 3465 2190; x_wconf 72' lang='grc' dir='ltr'>ει</span> <span class='ocrx_word' id='word_1_347' title='bbox 3513 2140 3751 2213; x_wconf 64' lang='lat' dir='ltr'><strong>Nearcho</strong></span> <span class='ocrx_word' id='word_1_348' title='bbox 3785 2153 3869 2213; x_wconf 65' lang='lat' dir='ltr'><strong>ty-</strong></span> 
     </span>
    </p>
   </div>
   <div class='ocr_carea' id='block_1_56' title="bbox 2284 2205 3871 2278">
    <p class='ocr_par' dir='ltr' id='par_1_56' title="bbox 2284 2205 3871 2278">
     <span class='ocr_line' id='line_1_57' title="bbox 2284 2205 3871 2278; baseline 0.003 -15"><span class='ocrx_word' id='word_1_349' title='bbox 2284 2224 2472 2263; x_wconf 86' lang='lat' dir='ltr'><strong>ranno.</strong></span> <span class='ocrx_word' id='word_1_350' title='bbox 2504 2205 2702 2277; x_wconf 81' lang='lat' dir='ltr'><strong>Sicque</strong></span> <span class='ocrx_word' id='word_1_351' title='bbox 2730 2207 2870 2276; x_wconf 89' lang='lat' dir='ltr'><strong>apud</strong></span> <span class='ocrx_word' id='word_1_352' title='bbox 2899 2217 3109 2263; x_wconf 85' lang='lat' dir='ltr'><strong>veteres</strong></span> <span class='ocrx_word' id='word_1_353' title='bbox 3137 2205 3481 2278; x_wconf 83' lang='lat' dir='ltr'><strong>philosophos</strong></span> <span class='ocrx_word' id='word_1_354' title='bbox 3513 2211 3757 2265; x_wconf 68' lang='lat' dir='ltr'><strong>lacessita</strong></span> <span class='ocrx_word' id='word_1_355' title='bbox 3784 2205 3871 2267; x_wconf 64' lang='lat' dir='ltr'><strong>e&#39;st</strong></span> 
     </span>
    </p>
   </div>
   <div class='ocr_carea' id='block_1_57' title="bbox 2284 2278 2572 2333">
    <p class='ocr_par' dir='ltr' id='par_1_57' title="bbox 2284 2278 2572 2333">
     <span class='ocr_line' id='line_1_58' title="bbox 2284 2278 2572 2333; baseline -0.014 0"><span class='ocrx_word' id='word_1_356' title='bbox 2284 2278 2572 2333; x_wconf 80' lang='lat' dir='ltr'><strong>sapientia.</strong></span> 
     </span>
    </p>
   </div>
   <div class='ocr_carea' id='block_1_58' title="bbox 2352 2296 3866 2418">
    <p class='ocr_par' dir='ltr' id='par_1_58' title="bbox 2352 2296 3866 2418">
     <span class='ocr_line' id='line_1_59' title="bbox 2352 2296 3866 2418; baseline 0.005 -19"><span class='ocrx_word' id='word_1_357' title='bbox 2352 2296 2729 2401; x_wconf 49' lang='grc' dir='ltr'><strong>Ψῖιυὲιιηὶοε.</strong></span> <span class='ocrx_word' id='word_1_358' title='bbox 2769 2344 2788 2418; x_wconf 97' lang='grc'>]</span> <span class='ocrx_word' id='word_1_359' title='bbox 2840 2346 2923 2418; x_wconf 51' lang='lat' dir='ltr'><strong>ll,</strong></span> <span class='ocrx_word' id='word_1_360' title='bbox 2955 2346 3155 2401; x_wconf 81' lang='lat' dir='ltr'><strong>Eadem</strong></span> <span class='ocrx_word' id='word_1_361' title='bbox 3210 2347 3469 2416; x_wconf 87' lang='lat' dir='ltr'><strong>sapientia</strong></span> <span class='ocrx_word' id='word_1_362' title='bbox 3515 2350 3675 2403; x_wconf 90' lang='lat' dir='ltr'><strong>etiam</strong></span> <span class='ocrx_word' id='word_1_363' title='bbox 3726 2354 3866 2418; x_wconf 87' lang='lat' dir='ltr'><strong>apud</strong></span> 
     </span>
    </p>
   </div>
   <div class='ocr_carea' id='block_1_59' title="bbox 2285 2417 3865 2486">
    <p class='ocr_par' dir='ltr' id='par_1_59' title="bbox 2285 2417 3865 2486">
     <span class='ocr_line' id='line_1_60' title="bbox 2285 2417 3865 2486; baseline 0.002 -13"><span class='ocrx_word' id='word_1_364' title='bbox 2285 2417 2617 2473; x_wconf 74' lang='lat' dir='ltr'><strong>recentiores</strong></span> <span class='ocrx_word' id='word_1_365' title='bbox 2663 2417 3014 2486; x_wconf 79' lang='lat' dir='ltr'><strong>philoSophos</strong></span> <span class='ocrx_word' id='word_1_366' title='bbox 3058 2420 3301 2473; x_wconf 78' lang='lat' dir='ltr'><strong>lacessita</strong></span> <span class='ocrx_word' id='word_1_367' title='bbox 3345 2420 3483 2473; x_wconf 91' lang='lat' dir='ltr'><strong>luit:</strong></span> <span class='ocrx_word' id='word_1_368' title='bbox 3529 2435 3649 2473; x_wconf 85' lang='lat' dir='ltr'><strong>nam</strong></span> <span class='ocrx_word' id='word_1_369' title='bbox 3692 2417 3865 2476; x_wconf 81' lang='lat' dir='ltr'><strong>Julius</strong></span> 
     </span>
    </p>
   </div>
   <div class='ocr_carea' id='block_1_60' title="bbox 2282 2487 3869 2558">
    <p class='ocr_par' dir='ltr' id='par_1_60' title="bbox 2282 2487 3869 2558">
     <span class='ocr_line' id='line_1_61' title="bbox 2282 2487 3869 2558; baseline 0.006 -19"><span class='ocrx_word' id='word_1_370' title='bbox 2282 2487 2481 2541; x_wconf 89' lang='lat' dir='ltr'><strong>Canius</strong></span> <span class='ocrx_word' id='word_1_371' title='bbox 2511 2488 2645 2549; x_wconf 88' lang='lat' dir='ltr'><strong>sive,</strong></span> <span class='ocrx_word' id='word_1_372' title='bbox 2676 2497 2733 2540; x_wconf 93' lang='lat' dir='ltr'><strong>ut</strong></span> <span class='ocrx_word' id='word_1_373' title='bbox 2770 2487 2885 2540; x_wconf 89' lang='lat' dir='ltr'><strong>vult</strong></span> <span class='ocrx_word' id='word_1_374' title='bbox 2915 2488 3148 2554; x_wconf 84' lang='lat' dir='ltr'><strong>Lipsius,</strong></span> <span class='ocrx_word' id='word_1_375' title='bbox 3178 2487 3355 2542; x_wconf 76' lang='lat' dir='ltr'><strong>Canus</strong></span> <span class='ocrx_word' id='word_1_376' title='bbox 3399 2487 3586 2543; x_wconf 89' lang='lat' dir='ltr'><strong>eodem</strong></span> <span class='ocrx_word' id='word_1_377' title='bbox 3618 2507 3726 2558; x_wconf 89' lang='lat' dir='ltr'><strong>quo</strong></span> <span class='ocrx_word' id='word_1_378' title='bbox 3769 2493 3869 2548; x_wconf 84' lang='lat' dir='ltr'><strong>Se-</strong></span> 
     </span>
    </p>
   </div>
   <div class='ocr_carea' id='block_1_61' title="bbox 2284 2558 3865 2628">
    <p class='ocr_par' dir='ltr' id='par_1_61' title="bbox 2284 2558 3865 2628">
     <span class='ocr_line' id='line_1_62' title="bbox 2284 2558 3865 2628; baseline 0.004 -17"><span class='ocrx_word' id='word_1_379' title='bbox 2284 2571 2418 2628; x_wconf 72' lang='lat' dir='ltr'><strong>neca</strong></span> <span class='ocrx_word' id='word_1_380' title='bbox 2462 2559 2660 2611; x_wconf 79' lang='lat' dir='ltr'><strong>sat-culo</strong></span> <span class='ocrx_word' id='word_1_381' title='bbox 2689 2570 2865 2623; x_wconf 87' lang='lat' dir='ltr'><strong>natus,</strong></span> <span class='ocrx_word' id='word_1_382' title='bbox 2901 2559 3374 2623; x_wconf 58' lang='lat' dir='ltr'><strong>praestantissimus</strong></span> <span class='ocrx_word' id='word_1_383' title='bbox 3421 2558 3791 2628; x_wconf 75' lang='lat' dir='ltr'><strong>pillitlsopitus.</strong></span> <span class='ocrx_word' id='word_1_384' title='bbox 3834 2578 3865 2616; x_wconf 88' lang='lat' dir='ltr'><strong>a</strong></span> 
     </span>
    </p>
   </div>
   <div class='ocr_carea' id='block_1_62' title="bbox 2283 2624 3867 2695">
    <p class='ocr_par' dir='ltr' id='par_1_62' title="bbox 2283 2624 3867 2695">
     <span class='ocr_line' id='line_1_63' title="bbox 2283 2624 3867 2695; baseline 0.003 -14"><span class='ocrx_word' id='word_1_385' title='bbox 2283 2624 2435 2691; x_wconf 87' lang='lat' dir='ltr'><strong>Caio,</strong></span> <span class='ocrx_word' id='word_1_386' title='bbox 2460 2642 2580 2680; x_wconf 88' lang='lat' dir='ltr'><strong>cum</strong></span> <span class='ocrx_word' id='word_1_387' title='bbox 2620 2641 2727 2695; x_wconf 90' lang='lat' dir='ltr'><strong>quo</strong></span> <span class='ocrx_word' id='word_1_388' title='bbox 2755 2629 2845 2680; x_wconf 83' lang='lat' dir='ltr'><strong>ditt</strong></span> <span class='ocrx_word' id='word_1_389' title='bbox 2879 2630 3169 2682; x_wconf 77' lang='lat' dir='ltr'><strong>altercatus</strong></span> <span class='ocrx_word' id='word_1_390' title='bbox 3213 2624 3867 2693; x_wconf 39' lang='lat' dir='ltr'><strong>luerat,&#39;morte’datnna-</strong></span> 
     </span>
    </p>
   </div>
   <div class='ocr_carea' id='block_1_63' title="bbox 2285 2696 3861 2763">
    <p class='ocr_par' dir='ltr' id='par_1_63' title="bbox 2285 2696 3861 2763">
     <span class='ocr_line' id='line_1_64' title="bbox 2285 2696 3861 2763; baseline 0.004 -13"><span class='ocrx_word' id='word_1_391' title='bbox 2285 2706 2390 2760; x_wconf 89' lang='lat' dir='ltr'><strong>tus,</strong></span> <span class='ocrx_word' id='word_1_392' title='bbox 2424 2703 2559 2750; x_wconf 84' lang='lat' dir='ltr'><strong>bane</strong></span> <span class='ocrx_word' id='word_1_393' title='bbox 2588 2711 2709 2750; x_wconf 90' lang='lat' dir='ltr'><strong>cum</strong></span> <span class='ocrx_word' id='word_1_394' title='bbox 2739 2696 3032 2750; x_wconf 84' lang='lat' dir='ltr'><strong>incredibili</strong></span> <span class='ocrx_word' id='word_1_395' title='bbox 3061 2698 3222 2752; x_wconf 87' lang='lat' dir='ltr'><strong>animi</strong></span> <span class='ocrx_word' id='word_1_396' title='bbox 3250 2699 3547 2753; x_wconf 85' lang='lat' dir='ltr'><strong>constantia</strong></span> <span class='ocrx_word' id='word_1_397' title='bbox 3579 2701 3772 2763; x_wconf 89' lang='lat' dir='ltr'><strong>subiit,</strong></span> <span class='ocrx_word' id='word_1_398' title='bbox 3800 2711 3861 2757; x_wconf 92' lang='lat' dir='ltr'><strong>ut</strong></span> 
     </span>
    </p>
   </div>
   <div class='ocr_carea' id='block_1_64' title="bbox 2283 2766 3425 2836">
    <p class='ocr_par' dir='ltr' id='par_1_64' title="bbox 2283 2766 3425 2836">
     <span class='ocr_line' id='line_1_65' title="bbox 2283 2766 3425 2836; baseline 0 -15"><span class='ocrx_word' id='word_1_399' title='bbox 2283 2766 2449 2821; x_wconf 79' lang='lat' dir='ltr'><strong>refert</strong></span> <span class='ocrx_word' id='word_1_400' title='bbox 2477 2768 2594 2834; x_wconf 76' lang='lat' dir='ltr'><strong>ipSe</strong></span> <span class='ocrx_word' id='word_1_401' title='bbox 2622 2766 2893 2836; x_wconf 84' lang='lat' dir='ltr'><strong>Senecal.</strong></span> <span class='ocrx_word' id='word_1_402' title='bbox 2918 2767 2987 2821; x_wconf 91' lang='lat' dir='ltr'><strong>de</strong></span> <span class='ocrx_word' id='word_1_403' title='bbox 3010 2767 3235 2836; x_wconf 84' lang='lat' dir='ltr'><strong>Tranq.,</strong></span> <span class='ocrx_word' id='word_1_404' title='bbox 3262 2786 3311 2821; x_wconf 72' lang='grc' dir='ltr'><strong>(ι.</strong></span> <span class='ocrx_word' id='word_1_405' title='bbox 3340 2772 3425 2823; x_wconf 67' lang='lat' dir='ltr'><strong>ll.</strong></span> 
     </span>
    </p>
   </div>
   <div class='ocr_carea' id='block_1_65' title="bbox 2355 2834 3865 2909">
    <p class='ocr_par' dir='ltr' id='par_1_65' title="bbox 2355 2834 3865 2909">
     <span class='ocr_line' id='line_1_66' title="bbox 2355 2834 3865 2909; baseline 0.003 -19"><span class='ocrx_word' id='word_1_406' title='bbox 2355 2837 2377 2869; x_wconf 80' lang='grc'><strong><em>⁵</em></strong></span> <span class='ocrx_word' id='word_1_407' title='bbox 2424 2837 2489 2890; x_wconf 83' lang='lat' dir='ltr'><strong>At</strong></span> <span class='ocrx_word' id='word_1_408' title='bbox 2552 2836 2793 2909; x_wconf 76' lang='lat' dir='ltr'><strong>Senecas.</strong></span> <span class='ocrx_word' id='word_1_409' title='bbox 2834 2834 3106 2909; x_wconf 81' lang='lat' dir='ltr'><strong>]_Seneca</strong></span> <span class='ocrx_word' id='word_1_410' title='bbox 3164 2834 3539 2909; x_wconf 63' lang='lat' dir='ltr'><strong>philosophus,</strong></span> <span class='ocrx_word' id='word_1_411' title='bbox 3588 2841 3644 2895; x_wconf 91' lang='lat' dir='ltr'><strong>S.</strong></span> <span class='ocrx_word' id='word_1_412' title='bbox 3702 2841 3865 2895; x_wconf 84' lang='lat' dir='ltr'><strong>I’anlo</strong></span> 
     </span>
    </p>
   </div>
   <div class='ocr_carea' id='block_1_66' title="bbox 2285 2906 3864 2976">
    <p class='ocr_par' dir='ltr' id='par_1_66' title="bbox 2285 2906 3864 2976">
     <span class='ocr_line' id='line_1_67' title="bbox 2285 2906 3864 2976; baseline 0.005 -17"><span class='ocrx_word' id='word_1_413' title='bbox 2285 2921 2573 2975; x_wconf 62' lang='lat' dir='ltr'><strong>(liquimus,</strong></span> <span class='ocrx_word' id='word_1_414' title='bbox 2608 2908 2780 2975; x_wconf 91' lang='lat' dir='ltr'><strong>primo</strong></span> <span class='ocrx_word' id='word_1_415' title='bbox 2808 2922 2837 2959; x_wconf 88' lang='lat' dir='ltr'><strong>a</strong></span> <span class='ocrx_word' id='word_1_416' title='bbox 2867 2906 3063 2962; x_wconf 76' lang='lat' dir='ltr'><strong>Chrisﬁ</strong></span> <span class='ocrx_word' id='word_1_417' title='bbox 3110 2906 3387 2964; x_wconf 69' lang='lat' dir='ltr'><strong>nativitate</strong></span> <span class='ocrx_word' id='word_1_418' title='bbox 3417 2911 3614 2963; x_wconf 69' lang='lat' dir='ltr'><strong>siecnlo</strong></span> <span class='ocrx_word' id='word_1_419' title='bbox 3653 2912 3864 2976; x_wconf 82' lang='lat' dir='ltr'><strong>floruit,</strong></span> 
     </span>
    </p>
   </div>
   <div class='ocr_carea' id='block_1_67' title="bbox 2286 2976 3867 3049">
    <p class='ocr_par' dir='ltr' id='par_1_67' title="bbox 2286 2976 3867 3049">
     <span class='ocr_line' id='line_1_68' title="bbox 2286 2976 3867 3049; baseline 0.005 -20"><span class='ocrx_word' id='word_1_420' title='bbox 2286 2986 2585 3049; x_wconf 64' lang='lat' dir='ltr'><strong>praeceptor</strong></span> <span class='ocrx_word' id='word_1_421' title='bbox 2629 2976 2877 3049; x_wconf 79' lang='lat' dir='ltr'><strong>Neronis,</strong></span> <span class='ocrx_word' id='word_1_422' title='bbox 2921 2993 2951 3032; x_wconf 89' lang='lat' dir='ltr'><strong>a</strong></span> <span class='ocrx_word' id='word_1_423' title='bbox 3000 2994 3106 3047; x_wconf 87' lang='lat' dir='ltr'><strong>quo</strong></span> <span class='ocrx_word' id='word_1_424' title='bbox 3150 2994 3271 3033; x_wconf 90' lang='lat' dir='ltr'><strong>cum</strong></span> <span class='ocrx_word' id='word_1_425' title='bbox 3324 2980 3621 3049; x_wconf 71' lang='lat' dir='ltr'><strong>ingentibus</strong></span> <span class='ocrx_word' id='word_1_426' title='bbox 3669 2982 3867 3037; x_wconf 71' lang='grc' dir='ltr'>όίνὶιιιδ</span> 
     </span>
    </p>
   </div>
   <div class='ocr_carea' id='block_1_68' title="bbox 2284 3048 3864 3117">
    <p class='ocr_par' dir='ltr' id='par_1_68' title="bbox 2284 3048 3864 3117">
     <span class='ocr_line' id='line_1_69' title="bbox 2284 3048 3864 3117; baseline 0.003 -18"><span class='ocrx_word' id='word_1_427' title='bbox 2284 3048 2584 3101; x_wconf 89' lang='lat' dir='ltr'><strong>cumulatus</strong></span> <span class='ocrx_word' id='word_1_428' title='bbox 2633 3048 2847 3109; x_wconf 86' lang='lat' dir='ltr'><strong>fuisset,</strong></span> <span class='ocrx_word' id='word_1_429' title='bbox 2901 3061 3075 3102; x_wconf 84' lang='lat' dir='ltr'><strong>morte</strong></span> <span class='ocrx_word' id='word_1_430' title='bbox 3123 3050 3402 3104; x_wconf 68' lang='lat' dir='ltr'><strong>danmatu~</strong></span> <span class='ocrx_word' id='word_1_431' title='bbox 3450 3061 3567 3104; x_wconf 76' lang='lat' dir='ltr'><strong>est:</strong></span> <span class='ocrx_word' id='word_1_432' title='bbox 3601 3053 3864 3117; x_wconf 71' lang='lat' dir='ltr'><strong>Quamvis,</strong></span> 
     </span>
    </p>
   </div>
   <div class='ocr_carea' id='block_1_69' title="bbox 2286 3118 3864 3191">
    <p class='ocr_par' dir='ltr' id='par_1_69' title="bbox 2286 3118 3864 3191">
     <span class='ocr_line' id='line_1_70' title="bbox 2286 3118 3864 3191; baseline 0.004 -22"><span class='ocrx_word' id='word_1_433' title='bbox 2286 3126 2345 3171; x_wconf 89' lang='lat' dir='ltr'><strong>ut</strong></span> <span class='ocrx_word' id='word_1_434' title='bbox 2371 3119 2442 3171; x_wconf 90' lang='lat' dir='ltr'><strong>ait</strong></span> <span class='ocrx_word' id='word_1_435' title='bbox 2468 3118 2774 3191; x_wconf 77' lang='lat' dir='ltr'><strong>Suetonius</strong></span> <span class='ocrx_word' id='word_1_436' title='bbox 2820 3118 3031 3191; x_wconf 83' lang='lat' dir='ltr'><strong>iuVita</strong></span> <span class='ocrx_word' id='word_1_437' title='bbox 3076 3118 3324 3184; x_wconf 87' lang='lat' dir='ltr'><strong>Neronis,</strong></span> <span class='ocrx_word' id='word_1_438' title='bbox 3352 3136 3485 3191; x_wconf 67' lang='lat' dir='ltr'><strong>sirpe</strong></span> <span class='ocrx_word' id='word_1_439' title='bbox 3529 3134 3864 3176; x_wconf 74' lang='lat' dir='ltr'><strong>commeatum</strong></span> 
     </span>
    </p>
   </div>
   <div class='ocr_carea' id='block_1_70' title="bbox 2288 3189 3865 3261">
    <p class='ocr_par' dir='ltr' id='par_1_70' title="bbox 2288 3189 3865 3261">
     <span class='ocr_line' id='line_1_71' title="bbox 2288 3189 3865 3261; baseline 0.003 -21"><span class='ocrx_word' id='word_1_440' title='bbox 2288 3189 2511 3261; x_wconf 82' lang='lat' dir='ltr'><strong>petenti,</strong></span> <span class='ocrx_word' id='word_1_441' title='bbox 2539 3190 2778 3257; x_wconf 84' lang='lat' dir='ltr'><strong>bonisque</strong></span> <span class='ocrx_word' id='word_1_442' title='bbox 2800 3190 2992 3242; x_wconf 84' lang='lat' dir='ltr'><strong>cedenti</strong></span> <span class='ocrx_word' id='word_1_443' title='bbox 3023 3202 3279 3254; x_wconf 68' lang='lat' dir='ltr'><strong>persancte</strong></span> <span class='ocrx_word' id='word_1_444' title='bbox 3305 3189 3550 3255; x_wconf 75' lang='lat' dir='ltr'><strong>iurasset,</strong></span> <span class='ocrx_word' id='word_1_445' title='bbox 3580 3204 3865 3261; x_wconf 85' lang='lat' dir='ltr'><strong>suspectum</strong></span> 
     </span>
    </p>
   </div>
   <div class='ocr_carea' id='block_1_71' title="bbox 599 3259 3866 3334">
    <p class='ocr_par' dir='ltr' id='par_1_71' title="bbox 599 3259 3866 3334">
     <span class='ocr_line' id='line_1_72' title="bbox 599 3259 3866 3334; baseline 0.001 -21"><span class='ocrx_word' id='word_1_446' title='bbox 599 3262 688 3330; x_wconf 85' lang='lat' dir='ltr'><strong>jus</strong></span> <span class='ocrx_word' id='word_1_447' title='bbox 729 3275 885 3329; x_wconf 80' lang='lat' dir='ltr'><strong>caput</strong></span> <span class='ocrx_word' id='word_1_448' title='bbox 918 3264 1012 3317; x_wconf 83' lang='lat' dir='ltr'><strong>luit</strong></span> <span class='ocrx_word' id='word_1_449' title='bbox 1059 3264 1405 3334; x_wconf 82' lang='lat' dir='ltr'><strong>Pythagoras.</strong></span> <span class='ocrx_word' id='word_1_450' title='bbox 1441 3264 1635 3319; x_wconf 79' lang='lat' dir='ltr'><strong>Ionica:</strong></span> <span class='ocrx_word' id='word_1_451' title='bbox 1661 3267 1778 3319; x_wconf 77' lang='lat' dir='ltr'><strong>dou:</strong></span> <span class='ocrx_word' id='word_1_452' title='bbox 1821 3259 2183 3321; x_wconf 73' lang='lat' dir='ltr'><strong>celeberrima:</strong></span> <span class='ocrx_word' id='word_1_453' title='bbox 2212 3262 2259 3323; x_wconf 84' lang='lat' dir='ltr'><strong>C</strong></span> <span class='ocrx_word' id='word_1_454' title='bbox 2289 3274 2343 3334; x_wconf 65' lang='grc' dir='ltr'><strong>ξς</strong></span> <span class='ocrx_word' id='word_1_455' title='bbox 2371 3259 2583 3334; x_wconf 59' lang='grc' dir='ltr'><strong>[ηιξιῖαν</strong></span> <span class='ocrx_word' id='word_1_456' title='bbox 2630 3261 3007 3334; x_wconf 60' lang='grc' dir='ltr'><strong>ρςτὶιυνυηιμμιε</strong></span> <span class='ocrx_word' id='word_1_457' title='bbox 3050 3261 3238 3328; x_wconf 68' lang='lat' dir='ltr'><strong>ratius,</strong></span> <span class='ocrx_word' id='word_1_458' title='bbox 3280 3276 3434 3329; x_wconf 63' lang='lat' dir='ltr'><strong>quant</strong></span> <span class='ocrx_word' id='word_1_459' title='bbox 3476 3259 3757 3334; x_wconf 79' lang='lat' dir='ltr'><strong>nociturum</strong></span> <span class='ocrx_word' id='word_1_460' title='bbox 3796 3268 3866 3318; x_wconf 89' lang='lat' dir='ltr'><strong>ei.</strong></span> 
     </span>
    </p>
   </div>
   <div class='ocr_carea' id='block_1_72' title="bbox 601 3334 2179 3401">
    <p class='ocr_par' dir='ltr' id='par_1_72' title="bbox 601 3334 2179 3401">
     <span class='ocr_line' id='line_1_73' title="bbox 601 3334 2179 3401; baseline 0.003 -16"><span class='ocrx_word' id='word_1_461' title='bbox 601 3335 926 3387; x_wconf 81' lang='lat' dir='ltr'><strong>exstiterunt</strong></span> <span class='ocrx_word' id='word_1_462' title='bbox 970 3334 1206 3397; x_wconf 59' lang='lat' dir='ltr'><strong>familia},</strong></span> <span class='ocrx_word' id='word_1_463' title='bbox 1242 3350 1435 3401; x_wconf 83' lang='lat' dir='ltr'><strong>nempe</strong></span> <span class='ocrx_word' id='word_1_464' title='bbox 1464 3337 1904 3390; x_wconf 76' lang='lat' dir='ltr'><strong>Academicorum</strong></span> <span class='ocrx_word' id='word_1_465' title='bbox 1946 3346 2002 3388; x_wconf 84' lang='lat' dir='ltr'><strong>et</strong></span> <span class='ocrx_word' id='word_1_466' title='bbox 2032 3336 2179 3389; x_wconf 80' lang='lat' dir='ltr'><strong>l’eri-</strong></span> 
     </span>
    </p>
   </div>
   <div class='ocr_carea' id='block_1_73' title="bbox 602 3402 2185 3472">
    <p class='ocr_par' dir='ltr' id='par_1_73' title="bbox 602 3402 2185 3472">
     <span class='ocr_line' id='line_1_74' title="bbox 602 3402 2185 3472; baseline 0.005 -20"><span class='ocrx_word' id='word_1_467' title='bbox 602 3404 982 3468; x_wconf 84' lang='lat' dir='ltr'><strong>patetieorum;</strong></span> <span class='ocrx_word' id='word_1_468' title='bbox 1026 3402 1227 3458; x_wconf 76' lang='lat' dir='ltr'><strong>Italiae</strong></span> <span class='ocrx_word' id='word_1_469' title='bbox 1266 3406 1465 3472; x_wconf 86' lang='lat' dir='ltr'><strong>pariter</strong></span> <span class='ocrx_word' id='word_1_470' title='bbox 1502 3407 1642 3469; x_wconf 68' lang='lat' dir='ltr'><strong>dum,</strong></span> <span class='ocrx_word' id='word_1_471' title='bbox 1676 3408 1929 3459; x_wconf 86' lang='lat' dir='ltr'><strong>nimirum</strong></span> <span class='ocrx_word' id='word_1_472' title='bbox 1977 3408 2185 3460; x_wconf 79' lang='lat' dir='ltr'><strong>Stoico-</strong></span> 
     </span>
    </p>
   </div>
   <div class='ocr_carea' id='block_1_74' title="bbox 602 3472 2179 3543">
    <p class='ocr_par' dir='ltr' id='par_1_74' title="bbox 602 3472 2179 3543">
     <span class='ocr_line' id='line_1_75' title="bbox 602 3472 2179 3543; baseline 0.003 -18"><span class='ocrx_word' id='word_1_473' title='bbox 602 3486 719 3525; x_wconf 92' lang='lat' dir='ltr'><strong>rum</strong></span> <span class='ocrx_word' id='word_1_474' title='bbox 751 3480 808 3543; x_wconf 87' lang='lat' dir='ltr'><strong>et</strong></span> <span class='ocrx_word' id='word_1_475' title='bbox 840 3472 1255 3543; x_wconf 76' lang='lat' dir='ltr'><strong>Epicureorum,</strong></span> <span class='ocrx_word' id='word_1_476' title='bbox 1282 3476 1370 3543; x_wconf 86' lang='lat' dir='ltr'><strong>qui</strong></span> <span class='ocrx_word' id='word_1_477' title='bbox 1389 3516 1402 3533; x_wconf 92' lang='lat'><strong>,</strong></span> <span class='ocrx_word' id='word_1_478' title='bbox 1436 3488 1490 3527; x_wconf 92' lang='lat' dir='ltr'><strong>nt</strong></span> <span class='ocrx_word' id='word_1_479' title='bbox 1522 3476 1755 3542; x_wconf 77' lang='lat' dir='ltr'><strong>inqtlitltr</strong></span> <span class='ocrx_word' id='word_1_480' title='bbox 1781 3482 1837 3529; x_wconf 71' lang='grc' dir='ltr'><strong>ὃ.</strong></span> <span class='ocrx_word' id='word_1_481' title='bbox 1869 3478 2094 3543; x_wconf 72' lang='lat' dir='ltr'><strong>August.</strong></span> <span class='ocrx_word' id='word_1_482' title='bbox 2142 3477 2179 3530; x_wconf 92' lang='grc' dir='ltr'><strong>Ι.</strong></span> 
     </span>
    </p>
   </div>
   <div class='ocr_carea' id='block_1_75' title="bbox 602 3542 2185 3616">
    <p class='ocr_par' dir='ltr' id='par_1_75' title="bbox 602 3542 2185 3616">
     <span class='ocr_line' id='line_1_76' title="bbox 602 3542 2185 3616; baseline 0.006 -26"><span class='ocrx_word' id='word_1_483' title='bbox 602 3542 814 3616; x_wconf 81' lang='lat' dir='ltr'><strong>vut,_de</strong></span> <span class='ocrx_word' id='word_1_484' title='bbox 841 3542 953 3596; x_wconf 76' lang='lat' dir='ltr'><strong>Civ.</strong></span> <span class='ocrx_word' id='word_1_485' title='bbox 984 3542 1108 3607; x_wconf 85' lang='lat' dir='ltr'><strong>Del,</strong></span> <span class='ocrx_word' id='word_1_486' title='bbox 1132 3558 1184 3599; x_wconf 93' lang='lat' dir='ltr'><strong>c.</strong></span> <span class='ocrx_word' id='word_1_487' title='bbox 1214 3545 1264 3606; x_wconf 83' lang='lat'><strong>7,</strong></span> <span class='ocrx_word' id='word_1_488' title='bbox 1296 3542 1574 3615; x_wconf 81' lang='lat' dir='ltr'><strong>posuerunt</strong></span> <span class='ocrx_word' id='word_1_489' title='bbox 1596 3547 1855 3616; x_wconf 87' lang='lat' dir='ltr'><strong>judicium</strong></span> <span class='ocrx_word' id='word_1_490' title='bbox 1887 3542 2108 3600; x_wconf 78' lang='lat' dir='ltr'><strong>veritatis</strong></span> <span class='ocrx_word' id='word_1_491' title='bbox 2132 3548 2185 3600; x_wconf 90' lang='lat' dir='ltr'><strong>in</strong></span> 
     </span>
    </p>
   </div>
   <div class='ocr_carea' id='block_1_76' title="bbox 604 3613 2181 3685">
    <p class='ocr_par' dir='ltr' id='par_1_76' title="bbox 604 3613 2181 3685">
     <span class='ocr_line' id='line_1_77' title="bbox 604 3613 2181 3685; baseline 0.004 -23"><span class='ocrx_word' id='word_1_492' title='bbox 604 3613 832 3685; x_wconf 76' lang='lat' dir='ltr'><strong>sensibus</strong></span> <span class='ocrx_word' id='word_1_493' title='bbox 858 3618 1110 3675; x_wconf 71' lang='lat' dir='ltr'><strong>corporis,</strong></span> <span class='ocrx_word' id='word_1_494' title='bbox 1161 3613 1433 3681; x_wconf 84' lang='lat' dir='ltr'><strong>eorumque</strong></span> <span class='ocrx_word' id='word_1_495' title='bbox 1456 3613 1633 3682; x_wconf 84' lang='lat' dir='ltr'><strong>in/idis</strong></span> <span class='ocrx_word' id='word_1_496' title='bbox 1656 3627 1700 3668; x_wconf 89' lang='lat' dir='ltr'><strong>et</strong></span> <span class='ocrx_word' id='word_1_497' title='bbox 1731 3616 1999 3682; x_wconf 75' lang='lat' dir='ltr'><strong>fallacibus</strong></span> <span class='ocrx_word' id='word_1_498' title='bbox 2028 3633 2181 3685; x_wconf 88' lang='lat' dir='ltr'><strong>regu-</strong></span> 
     </span>
    </p>
   </div>
   <div class='ocr_carea' id='block_1_77' title="bbox 607 3682 2186 3752">
    <p class='ocr_par' dir='ltr' id='par_1_77' title="bbox 607 3682 2186 3752">
     <span class='ocr_line' id='line_1_78' title="bbox 607 3682 2186 3752; baseline 0.003 -19"><span class='ocrx_word' id='word_1_499' title='bbox 607 3682 873 3752; x_wconf 79' lang='lat' dir='ltr'><strong>lisonmia</strong></span> <span class='ocrx_word' id='word_1_500' title='bbox 915 3698 1026 3747; x_wconf 79' lang='lat' dir='ltr'><strong>qua:</strong></span> <span class='ocrx_word' id='word_1_501' title='bbox 1070 3685 1361 3746; x_wconf 76' lang='lat' dir='ltr'><strong>discuntur,</strong></span> <span class='ocrx_word' id='word_1_502' title='bbox 1412 3688 1662 3739; x_wconf 84' lang='lat' dir='ltr'><strong>metienda</strong></span> <span class='ocrx_word' id='word_1_503' title='bbox 1706 3704 1810 3740; x_wconf 85' lang='lat' dir='ltr'><strong>esse</strong></span> <span class='ocrx_word' id='word_1_504' title='bbox 1851 3682 2186 3752; x_wconf 77' lang='lat' dir='ltr'><strong>censuerunt;</strong></span> 
     </span>
    </p>
   </div>
   <div class='ocr_carea' id='block_1_78' title="bbox 602 3750 2183 3824">
    <p class='ocr_par' dir='ltr' id='par_1_78' title="bbox 602 3750 2183 3824">
     <span class='ocr_line' id='line_1_79' title="bbox 602 3750 2183 3824; baseline 0.005 -21"><span class='ocrx_word' id='word_1_505' title='bbox 602 3750 804 3818; x_wconf 85' lang='lat' dir='ltr'><strong>quique</strong></span> <span class='ocrx_word' id='word_1_506' title='bbox 849 3764 1127 3821; x_wconf 67' lang='lat' dir='ltr'><strong>propterea</strong></span> <span class='ocrx_word' id='word_1_507' title='bbox 1176 3760 1536 3807; x_wconf 68' lang='lat' dir='ltr'><strong>reclamantetn</strong></span> <span class='ocrx_word' id='word_1_508' title='bbox 1576 3756 1969 3824; x_wconf 84' lang='lat' dir='ltr'><strong>renitentemque</strong></span> <span class='ocrx_word' id='word_1_509' title='bbox 2009 3750 2183 3823; x_wconf 48' lang='lat' dir='ltr'><strong>philo;</strong></span> 
     </span>
    </p>
   </div>
   <div class='ocr_carea' id='block_1_79' title="bbox 604 3824 2183 3894">
    <p class='ocr_par' dir='ltr' id='par_1_79' title="bbox 604 3824 2183 3894">
     <span class='ocr_line' id='line_1_80' title="bbox 604 3824 2183 3894; baseline 0.004 -21"><span class='ocrx_word' id='word_1_510' title='bbox 604 3824 846 3888; x_wconf 76' lang='lat' dir='ltr'><strong>Sopliiatn</strong></span> <span class='ocrx_word' id='word_1_511' title='bbox 876 3826 1112 3889; x_wconf 75' lang='lat' dir='ltr'><strong>experti.</strong></span> <span class='ocrx_word' id='word_1_512' title='bbox 1144 3825 1560 3894; x_wconf 63' lang='grc' dir='ltr'><strong>ιιΙιίιοςυρΙιίοειιιι</strong></span> <span class='ocrx_word' id='word_1_513' title='bbox 1592 3836 1833 3887; x_wconf 87' lang='lat' dir='ltr'><strong>vestem,</strong></span> <span class='ocrx_word' id='word_1_514' title='bbox 1870 3828 1919 3879; x_wconf 89' lang='lat' dir='ltr'><strong>id</strong></span> <span class='ocrx_word' id='word_1_515' title='bbox 1952 3837 2036 3881; x_wconf 90' lang='lat' dir='ltr'><strong>est</strong></span> <span class='ocrx_word' id='word_1_516' title='bbox 2068 3828 2183 3880; x_wconf 90' lang='lat' dir='ltr'><strong>dic-</strong></span> 
     </span>
    </p>
   </div>
   <div class='ocr_carea' id='block_1_80' title="bbox 605 3893 2186 3966">
    <p class='ocr_par' dir='ltr' id='par_1_80' title="bbox 605 3893 2186 3966">
     <span class='ocr_line' id='line_1_81' title="bbox 605 3893 2186 3966; baseline 0.005 -23"><span class='ocrx_word' id='word_1_517' title='bbox 605 3894 798 3966; x_wconf 76' lang='lat' dir='ltr'><strong>tiones,</strong></span> <span class='ocrx_word' id='word_1_518' title='bbox 829 3893 1023 3961; x_wconf 79' lang='lat' dir='ltr'><strong>quibus</strong></span> <span class='ocrx_word' id='word_1_519' title='bbox 1063 3905 1390 3963; x_wconf 76' lang='lat' dir='ltr'><strong>tt-gerentnr,</strong></span> <span class='ocrx_word' id='word_1_520' title='bbox 1423 3896 1737 3949; x_wconf 83' lang='lat' dir='ltr'><strong>tlisciderunt</strong></span> <span class='ocrx_word' id='word_1_521' title='bbox 1771 3911 2037 3966; x_wconf 81' lang='lat' dir='ltr'><strong>verosque</strong></span> <span class='ocrx_word' id='word_1_522' title='bbox 2070 3898 2186 3966; x_wconf 84' lang='lat' dir='ltr'><strong>phi-</strong></span> 
     </span>
    </p>
   </div>
   <div class='ocr_carea' id='block_1_81' title="bbox 605 3962 1254 4029">
    <p class='ocr_par' dir='ltr' id='par_1_81' title="bbox 605 3962 1254 4029">
     <span class='ocr_line' id='line_1_82' title="bbox 605 3962 1254 4029; baseline 0.003 -14"><span class='ocrx_word' id='word_1_523' title='bbox 605 3962 858 4029; x_wconf 87' lang='lat' dir='ltr'><strong>losophos</strong></span> <span class='ocrx_word' id='word_1_524' title='bbox 883 3966 1086 4017; x_wconf 80' lang='lat' dir='ltr'><strong>mentiti</strong></span> <span class='ocrx_word' id='word_1_525' title='bbox 1111 3962 1254 4018; x_wconf 79' lang='lat' dir='ltr'><strong>sunt.</strong></span> 
     </span>
    </p>
   </div>
   <div class='ocr_carea' id='block_1_82' title="bbox 679 4033 2187 4105">
    <p class='ocr_par' dir='ltr' id='par_1_82' title="bbox 679 4033 2187 4105">
     <span class='ocr_line' id='line_1_83' title="bbox 679 4033 2187 4105; baseline 0.005 -20"><span class='ocrx_word' id='word_1_526' title='bbox 679 4034 691 4062; x_wconf 88' lang='grc'>¹</span> <span class='ocrx_word' id='word_1_527' title='bbox 740 4035 1062 4102; x_wconf 72' lang='lat' dir='ltr'><strong>Anaxagora:</strong></span> <span class='ocrx_word' id='word_1_528' title='bbox 1106 4036 1294 4105; x_wconf 73' lang='lat' dir='ltr'><strong>fugam.</strong></span> <span class='ocrx_word' id='word_1_529' title='bbox 1327 4033 1345 4104; x_wconf 39' lang='lat' dir='ltr'><strong>‘l</strong></span> <span class='ocrx_word' id='word_1_530' title='bbox 1401 4036 1454 4088; x_wconf 91' lang='lat' dir='ltr'><strong>In</strong></span> <span class='ocrx_word' id='word_1_531' title='bbox 1501 4038 1813 4103; x_wconf 77' lang='lat' dir='ltr'><strong>Anaxagora</strong></span> <span class='ocrx_word' id='word_1_532' title='bbox 1858 4037 2019 4091; x_wconf 88' lang='lat' dir='ltr'><strong>etiam</strong></span> <span class='ocrx_word' id='word_1_533' title='bbox 2064 4050 2187 4093; x_wconf 83' lang='lat' dir='ltr'><strong>ante</strong></span> 
     </span>
    </p>
   </div>
   <div class='ocr_carea' id='block_1_83' title="bbox 607 4101 2189 4175">
    <p class='ocr_par' dir='ltr' id='par_1_83' title="bbox 607 4101 2189 4175">
     <span class='ocr_line' id='line_1_84' title="bbox 607 4101 2189 4175; baseline 0.003 -19"><span class='ocrx_word' id='word_1_534' title='bbox 607 4101 844 4156; x_wconf 79' lang='lat' dir='ltr'><strong>Platonis</strong></span> <span class='ocrx_word' id='word_1_535' title='bbox 869 4113 1082 4158; x_wconf 73' lang='lat' dir='ltr'><strong>tetatem</strong></span> <span class='ocrx_word' id='word_1_536' title='bbox 1110 4101 1368 4171; x_wconf 51' lang='lat' dir='ltr'><strong>sapientia</strong></span> <span class='ocrx_word' id='word_1_537' title='bbox 1403 4106 1539 4159; x_wconf 89' lang='lat' dir='ltr'><strong>male</strong></span> <span class='ocrx_word' id='word_1_538' title='bbox 1568 4101 1787 4175; x_wconf 77' lang='lat' dir='ltr'><strong>excepti</strong></span> <span class='ocrx_word' id='word_1_539' title='bbox 1823 4108 1941 4161; x_wconf 90' lang='lat' dir='ltr'><strong>fuit.</strong></span> <span class='ocrx_word' id='word_1_540' title='bbox 1977 4113 2189 4160; x_wconf 78' lang='lat' dir='ltr'><strong>Anaxa-</strong></span> 
     </span>
    </p>
   </div>
   <div class='ocr_carea' id='block_1_84' title="bbox 605 4176 2183 4243">
    <p class='ocr_par' dir='ltr' id='par_1_84' title="bbox 605 4176 2183 4243">
     <span class='ocr_line' id='line_1_85' title="bbox 605 4176 2183 4243; baseline 0.004 -19"><span class='ocrx_word' id='word_1_541' title='bbox 605 4187 762 4240; x_wconf 71' lang='lat' dir='ltr'><strong>goias</strong></span> <span class='ocrx_word' id='word_1_542' title='bbox 803 4176 944 4227; x_wconf 85' lang='lat' dir='ltr'><strong>enim</strong></span> <span class='ocrx_word' id='word_1_543' title='bbox 990 4176 1104 4243; x_wconf 87' lang='lat' dir='ltr'><strong>ipso</strong></span> <span class='ocrx_word' id='word_1_544' title='bbox 1148 4178 1370 4230; x_wconf 66' lang='lat' dir='ltr'><strong>Sol-rate</strong></span> <span class='ocrx_word' id='word_1_545' title='bbox 1407 4176 1692 4243; x_wconf 87' lang='lat' dir='ltr'><strong>antiquior,</strong></span> <span class='ocrx_word' id='word_1_546' title='bbox 1721 4178 1947 4231; x_wconf 87' lang='lat' dir='ltr'><strong>docente</strong></span> <span class='ocrx_word' id='word_1_547' title='bbox 1986 4179 2183 4242; x_wconf 87' lang='lat' dir='ltr'><strong>&#39;l‘nllio,</strong></span> 
     </span>
    </p>
   </div>
   <div class='ocr_carea' id='block_1_85' title="bbox 604 4244 2188 4315">
    <p class='ocr_par' dir='ltr' id='par_1_85' title="bbox 604 4244 2188 4315">
     <span class='ocr_line' id='line_1_86' title="bbox 604 4244 2188 4315; baseline 0.006 -23"><span class='ocrx_word' id='word_1_548' title='bbox 604 4244 737 4315; x_wconf 69' lang='lat' dir='ltr'><strong>ilhit</strong></span> <span class='ocrx_word' id='word_1_549' title='bbox 770 4246 1048 4297; x_wconf 84' lang='lat' dir='ltr'><strong>materiam</strong></span> <span class='ocrx_word' id='word_1_550' title='bbox 1079 4246 1370 4313; x_wconf 74' lang='lat' dir='ltr'><strong>infinitam,</strong></span> <span class='ocrx_word' id='word_1_551' title='bbox 1404 4247 1496 4299; x_wconf 83' lang='lat' dir='ltr'><strong>sed</strong></span> <span class='ocrx_word' id='word_1_552' title='bbox 1528 4248 1641 4315; x_wconf 62' lang='grc' dir='ltr'><strong>θῇυς</strong></span> <span class='ocrx_word' id='word_1_553' title='bbox 1670 4251 1954 4313; x_wconf 73' lang='lat' dir='ltr'><strong>particulas</strong></span> <span class='ocrx_word' id='word_1_554' title='bbox 1984 4250 2188 4303; x_wconf 79' lang='lat' dir='ltr'><strong>similes</strong></span> 
     </span>
    </p>
   </div>
   <div class='ocr_carea' id='block_1_86' title="bbox 605 4313 2188 4385">
    <p class='ocr_par' dir='ltr' id='par_1_86' title="bbox 605 4313 2188 4385">
     <span class='ocr_line' id='line_1_87' title="bbox 605 4313 2188 4385; baseline 0.004 -19"><span class='ocrx_word' id='word_1_555' title='bbox 605 4313 747 4366; x_wconf 69' lang='lat' dir='ltr'><strong>inter</strong></span> <span class='ocrx_word' id='word_1_556' title='bbox 776 4330 833 4367; x_wconf 68' lang='lat' dir='ltr'><strong>se</strong></span> <span class='ocrx_word' id='word_1_557' title='bbox 878 4316 1128 4381; x_wconf 59' lang='lat' dir='ltr'><strong>minutas,</strong></span> <span class='ocrx_word' id='word_1_558' title='bbox 1171 4331 1263 4370; x_wconf 86' lang='lat' dir='ltr'><strong>cas</strong></span> <span class='ocrx_word' id='word_1_559' title='bbox 1310 4313 1857 4384; x_wconf 20' lang='lat' dir='ltr'><strong>pritnttm’confnsas,</strong></span> <span class='ocrx_word' id='word_1_560' title='bbox 1909 4328 2087 4385; x_wconf 77' lang='lat' dir='ltr'><strong>postea</strong></span> <span class='ocrx_word' id='word_1_561' title='bbox 2134 4321 2188 4373; x_wconf 90' lang='lat' dir='ltr'><strong>in</strong></span> 
     </span>
    </p>
   </div>
   <div class='ocr_carea' id='block_1_87' title="bbox 604 4386 2185 4456">
    <p class='ocr_par' dir='ltr' id='par_1_87' title="bbox 604 4386 2185 4456">
     <span class='ocr_line' id='line_1_88' title="bbox 604 4386 2185 4456; baseline 0.003 -20"><span class='ocrx_word' id='word_1_562' title='bbox 604 4386 846 4437; x_wconf 68' lang='lat' dir='ltr'><strong>ordinent</strong></span> <span class='ocrx_word' id='word_1_563' title='bbox 894 4386 1151 4440; x_wconf 84' lang='lat' dir='ltr'><strong>adduetas</strong></span> <span class='ocrx_word' id='word_1_564' title='bbox 1201 4398 1380 4443; x_wconf 86' lang='lat' dir='ltr'><strong>tuente</strong></span> <span class='ocrx_word' id='word_1_565' title='bbox 1418 4388 1619 4441; x_wconf 84' lang='lat' dir='ltr'><strong>divina.</strong></span> <span class='ocrx_word' id='word_1_566' title='bbox 1664 4390 1741 4441; x_wconf 82' lang='lat' dir='ltr'><strong>Ex</strong></span> <span class='ocrx_word' id='word_1_567' title='bbox 1784 4406 1890 4456; x_wconf 89' lang='lat' dir='ltr'><strong>quo</strong></span> <span class='ocrx_word' id='word_1_568' title='bbox 1928 4389 2185 4456; x_wconf 69' lang='lat' dir='ltr'><strong>ciuilecit,</strong></span> 
     </span>
    </p>
   </div>
   <div class='ocr_carea' id='block_1_88' title="bbox 604 4456 2184 4525">
    <p class='ocr_par' dir='ltr' id='par_1_88' title="bbox 604 4456 2184 4525">
     <span class='ocr_line' id='line_1_89' title="bbox 604 4456 2184 4525; baseline 0.005 -20"><span class='ocrx_word' id='word_1_569' title='bbox 604 4456 773 4508; x_wconf 56' lang='lat' dir='ltr'><strong>solent</strong></span> <span class='ocrx_word' id='word_1_570' title='bbox 825 4471 928 4509; x_wconf 90' lang='lat' dir='ltr'><strong>non</strong></span> <span class='ocrx_word' id='word_1_571' title='bbox 969 4472 1092 4511; x_wconf 74' lang='lat' dir='ltr'><strong>esse</strong></span> <span class='ocrx_word' id='word_1_572' title='bbox 1140 4457 1339 4521; x_wconf 89' lang='lat' dir='ltr'><strong>Deum,</strong></span> <span class='ocrx_word' id='word_1_573' title='bbox 1378 4459 1471 4511; x_wconf 82' lang='lat' dir='ltr'><strong>sed</strong></span> <span class='ocrx_word' id='word_1_574' title='bbox 1519 4458 1815 4525; x_wconf 85' lang='lat' dir='ltr'><strong>lampadem</strong></span> <span class='ocrx_word' id='word_1_575' title='bbox 1863 4461 2184 4513; x_wconf 82' lang='lat' dir='ltr'><strong>ardentem:</strong></span> 
     </span>
    </p>
   </div>
   <div class='ocr_carea' id='block_1_89' title="bbox 603 4528 2189 4597">
    <p class='ocr_par' dir='ltr' id='par_1_89' title="bbox 603 4528 2189 4597">
     <span class='ocr_line' id='line_1_90' title="bbox 603 4528 2189 4597; baseline 0.006 -22"><span class='ocrx_word' id='word_1_576' title='bbox 603 4541 666 4575; x_wconf 86' lang='lat' dir='ltr'><strong>ac</strong></span> <span class='ocrx_word' id='word_1_577' title='bbox 695 4538 971 4590; x_wconf 79' lang='lat' dir='ltr'><strong>propterea</strong></span> <span class='ocrx_word' id='word_1_578' title='bbox 1009 4528 1061 4581; x_wconf 90' lang='lat' dir='ltr'><strong>in</strong></span> <span class='ocrx_word' id='word_1_579' title='bbox 1093 4528 1336 4581; x_wconf 73' lang='lat' dir='ltr'><strong>exsilium</strong></span> <span class='ocrx_word' id='word_1_580' title='bbox 1386 4530 1588 4596; x_wconf 72' lang='lat' dir='ltr'><strong>pulsm,</strong></span> <span class='ocrx_word' id='word_1_581' title='bbox 1616 4540 1707 4583; x_wconf 88' lang='lat' dir='ltr'><strong>aut</strong></span> <span class='ocrx_word' id='word_1_582' title='bbox 1752 4530 1929 4597; x_wconf 81' lang='lat' dir='ltr'><strong>potius</strong></span> <span class='ocrx_word' id='word_1_583' title='bbox 1960 4531 2189 4584; x_wconf 88' lang='lat' dir='ltr'><strong>libenter</strong></span> 
     </span>
    </p>
   </div>
   <div class='ocr_carea' id='block_1_90' title="bbox 606 4599 2187 4669">
    <p class='ocr_par' dir='ltr' id='par_1_90' title="bbox 606 4599 2187 4669">
     <span class='ocr_line' id='line_1_91' title="bbox 606 4599 2187 4669; baseline 0.005 -23"><span class='ocrx_word' id='word_1_584' title='bbox 606 4600 878 4669; x_wconf 78' lang='lat' dir='ltr'><strong>prolectus</strong></span> <span class='ocrx_word' id='word_1_585' title='bbox 905 4608 988 4652; x_wconf 60' lang='lat' dir='ltr'><strong>est</strong></span> <span class='ocrx_word' id='word_1_586' title='bbox 1012 4614 1025 4651; x_wconf 89' lang='lat'>:</span> <span class='ocrx_word' id='word_1_587' title='bbox 1059 4600 1224 4652; x_wconf 78' lang='lat' dir='ltr'><strong>fertur</strong></span> <span class='ocrx_word' id='word_1_588' title='bbox 1251 4599 1446 4669; x_wconf 82' lang='lat' dir='ltr'><strong>quippe</strong></span> <span class='ocrx_word' id='word_1_589' title='bbox 1473 4614 1630 4669; x_wconf 81' lang='lat' dir='ltr'><strong>agros</strong></span> <span class='ocrx_word' id='word_1_590' title='bbox 1658 4609 1713 4654; x_wconf 89' lang='lat' dir='ltr'><strong>et</strong></span> <span class='ocrx_word' id='word_1_591' title='bbox 1745 4601 2057 4668; x_wconf 83' lang='lat' dir='ltr'><strong>pattimOnia</strong></span> <span class='ocrx_word' id='word_1_592' title='bbox 2092 4616 2187 4654; x_wconf 87' lang='lat' dir='ltr'><strong>sua</strong></span> 
     </span>
    </p>
   </div>
   <div class='ocr_carea' id='block_1_91' title="bbox 607 4666 2189 4739">
    <p class='ocr_par' dir='ltr' id='par_1_91' title="bbox 607 4666 2189 4739">
     <span class='ocr_line' id='line_1_92' title="bbox 607 4666 2189 4739; baseline 0.004 -22"><span class='ocrx_word' id='word_1_593' title='bbox 607 4666 911 4739; x_wconf 74' lang='lat' dir='ltr'><strong>reliquisse,</strong></span> <span class='ocrx_word' id='word_1_594' title='bbox 941 4680 994 4722; x_wconf 93' lang='lat' dir='ltr'><strong>nt</strong></span> <span class='ocrx_word' id='word_1_595' title='bbox 1032 4666 1279 4723; x_wconf 86' lang='lat' dir='ltr'><strong>discendi</strong></span> <span class='ocrx_word' id='word_1_596' title='bbox 1312 4666 1693 4739; x_wconf 75' lang='lat' dir='ltr'><strong>quaerendique</strong></span> <span class='ocrx_word' id='word_1_597' title='bbox 1724 4666 1917 4723; x_wconf 73' lang='lat' dir='ltr'><strong>divina:</strong></span> <span class='ocrx_word' id='word_1_598' title='bbox 1954 4674 2189 4725; x_wconf 88' lang='lat' dir='ltr'><strong>delecta-</strong></span> 
     </span>
    </p>
   </div>
   <div class='ocr_carea' id='block_1_92' title="bbox 608 4736 2189 4816">
    <p class='ocr_par' dir='ltr' id='par_1_92' title="bbox 608 4736 2189 4816">
     <span class='ocr_line' id='line_1_93' title="bbox 608 4736 2189 4816; baseline 0.007 -31"><span class='ocrx_word' id='word_1_599' title='bbox 608 4736 732 4816; x_wconf 78' lang='lat' dir='ltr'><strong>tioni</strong></span> <span class='ocrx_word' id='word_1_600' title='bbox 760 4746 870 4790; x_wconf 90' lang='lat' dir='ltr'><strong>toto</strong></span> <span class='ocrx_word' id='word_1_601' title='bbox 897 4756 955 4792; x_wconf 80' lang='lat' dir='ltr'><strong>se</strong></span> <span class='ocrx_word' id='word_1_602' title='bbox 986 4742 1164 4794; x_wconf 87' lang='lat' dir='ltr'><strong>animo</strong></span> <span class='ocrx_word' id='word_1_603' title='bbox 1184 4736 1426 4795; x_wconf 78' lang='lat' dir='ltr'><strong>dederet.</strong></span> <span class='ocrx_word' id='word_1_604' title='bbox 1456 4736 1686 4795; x_wconf 76' lang='lat' dir='ltr'><strong>Consule</strong></span> <span class='ocrx_word' id='word_1_605' title='bbox 1712 4742 1998 4811; x_wconf 79' lang='lat' dir='ltr'><strong>Diogenem</strong></span> <span class='ocrx_word' id='word_1_606' title='bbox 2032 4744 2189 4796; x_wconf 81' lang='lat' dir='ltr'><strong>Laer-</strong></span> 
     </span>
    </p>
   </div>
   <div class='ocr_carea' id='block_1_93' title="bbox 605 4815 758 4859">
    <p class='ocr_par' dir='ltr' id='par_1_93' title="bbox 605 4815 758 4859">
     <span class='ocr_line' id='line_1_94' title="bbox 605 4815 758 4859; baseline -0.007 -1"><span class='ocrx_word' id='word_1_607' title='bbox 605 4815 758 4859; x_wconf 85' lang='lat' dir='ltr'><strong>tium.</strong></span> 
     </span>
    </p>
   </div>
   <div class='ocr_carea' id='block_1_94' title="bbox 675 4878 2186 4953">
    <p class='ocr_par' dir='ltr' id='par_1_94' title="bbox 675 4878 2186 4953">
     <span class='ocr_line' id='line_1_95' title="bbox 675 4878 2186 4953; baseline 0.005 -21"><span class='ocrx_word' id='word_1_608' title='bbox 675 4879 695 4908; x_wconf 86' lang='grc'><strong>¹¹</strong></span> <span class='ocrx_word' id='word_1_609' title='bbox 728 4878 958 4932; x_wconf 85' lang='lat' dir='ltr'><strong>Socratis</strong></span> <span class='ocrx_word' id='word_1_610' title='bbox 984 4897 1245 4935; x_wconf 82' lang='lat' dir='ltr'><strong>venenum.</strong></span> <span class='ocrx_word' id='word_1_611' title='bbox 1274 4880 1294 4953; x_wconf 72' lang='grc' dir='ltr'>Ῑ</span> <span class='ocrx_word' id='word_1_612' title='bbox 1338 4883 1411 4935; x_wconf 83' lang='lat' dir='ltr'><strong>De</strong></span> <span class='ocrx_word' id='word_1_613' title='bbox 1458 4882 1679 4937; x_wconf 89' lang='lat' dir='ltr'><strong>Socrate</strong></span> <span class='ocrx_word' id='word_1_614' title='bbox 1704 4883 1813 4951; x_wconf 91' lang='lat' dir='ltr'><strong>jam</strong></span> <span class='ocrx_word' id='word_1_615' title='bbox 1838 4884 2037 4937; x_wconf 89' lang='lat' dir='ltr'><strong>dictum</strong></span> <span class='ocrx_word' id='word_1_616' title='bbox 2070 4893 2186 4939; x_wconf 83' lang='lat' dir='ltr'><strong>est:</strong></span> 
     </span>
    </p>
   </div>
   <div class='ocr_carea' id='block_1_95' title="bbox 607 4953 2187 5015">
    <p class='ocr_par' dir='ltr' id='par_1_95' title="bbox 607 4953 2187 5015">
     <span class='ocr_line' id='line_1_96' title="bbox 607 4953 2187 5015; baseline 0.006 -18"><span class='ocrx_word' id='word_1_617' title='bbox 607 4961 845 5009; x_wconf 65' lang='lat' dir='ltr'><strong>superest</strong></span> <span class='ocrx_word' id='word_1_618' title='bbox 891 4967 1058 5015; x_wconf 71' lang='lat' dir='ltr'><strong>genus</strong></span> <span class='ocrx_word' id='word_1_619' title='bbox 1090 4960 1276 5005; x_wconf 79' lang='lat' dir='ltr'><strong>mortis</strong></span> <span class='ocrx_word' id='word_1_620' title='bbox 1306 4953 1483 5005; x_wconf 87' lang='lat' dir='ltr'><strong>illius:</strong></span> <span class='ocrx_word' id='word_1_621' title='bbox 1516 4956 1749 5008; x_wconf 71' lang='lat' dir='ltr'><strong>decessu</strong></span> <span class='ocrx_word' id='word_1_622' title='bbox 1778 4966 1957 5006; x_wconf 79' lang='lat' dir='ltr'><strong>autern</strong></span> <span class='ocrx_word' id='word_1_623' title='bbox 1997 4955 2187 5007; x_wconf 88' lang='lat' dir='ltr'><strong>hausto</strong></span> 
     </span>
    </p>
   </div>
   <div class='ocr_carea' id='block_1_96' title="bbox 607 5018 2184 5091">
    <p class='ocr_par' dir='ltr' id='par_1_96' title="bbox 607 5018 2184 5091">
     <span class='ocr_line' id='line_1_97' title="bbox 607 5018 2184 5091; baseline 0.008 -26"><span class='ocrx_word' id='word_1_624' title='bbox 607 5030 770 5091; x_wconf 82' lang='lat' dir='ltr'><strong>succo</strong></span> <span class='ocrx_word' id='word_1_625' title='bbox 799 5018 985 5072; x_wconf 73' lang='lat' dir='ltr'><strong>cicuta:</strong></span> <span class='ocrx_word' id='word_1_626' title='bbox 1013 5032 1289 5083; x_wconf 70' lang='lat' dir='ltr'><strong>venenato,</strong></span> <span class='ocrx_word' id='word_1_627' title='bbox 1315 5039 1421 5089; x_wconf 87' lang='lat' dir='ltr'><strong>quo</strong></span> <span class='ocrx_word' id='word_1_628' title='bbox 1442 5027 1798 5077; x_wconf 79' lang='lat' dir='ltr'><strong>Athenienses</strong></span> <span class='ocrx_word' id='word_1_629' title='bbox 1823 5026 1885 5075; x_wconf 83' lang='lat' dir='ltr'><strong>ad</strong></span> <span class='ocrx_word' id='word_1_630' title='bbox 1918 5024 2184 5091; x_wconf 88' lang='lat' dir='ltr'><strong>publiemn</strong></span> 
     </span>
    </p>
   </div>
   <div class='ocr_carea' id='block_1_97' title="bbox 609 5087 2190 5163">
    <p class='ocr_par' dir='ltr' id='par_1_97' title="bbox 609 5087 2190 5163">
     <span class='ocr_line' id='line_1_98' title="bbox 609 5087 2190 5163; baseline 0.008 -26"><span class='ocrx_word' id='word_1_631' title='bbox 609 5087 797 5163; x_wconf 69' lang='lat' dir='ltr'><strong>nutris</strong></span> <span class='ocrx_word' id='word_1_632' title='bbox 838 5091 1155 5155; x_wconf 75' lang='lat' dir='ltr'><strong>supplicium</strong></span> <span class='ocrx_word' id='word_1_633' title='bbox 1206 5087 1527 5147; x_wconf 80' lang='lat' dir='ltr'><strong>utebantur:</strong></span> <span class='ocrx_word' id='word_1_634' title='bbox 1572 5095 1692 5147; x_wconf 91' lang='lat' dir='ltr'><strong>hinc</strong></span> <span class='ocrx_word' id='word_1_635' title='bbox 1726 5087 1982 5152; x_wconf 82' lang='lat' dir='ltr'><strong>Socrates.</strong></span> <span class='ocrx_word' id='word_1_636' title='bbox 2019 5096 2190 5163; x_wconf 88' lang='lat' dir='ltr'><strong>inquit</strong></span> 
     </span>
    </p>
   </div>
   <div class='ocr_carea' id='block_1_98' title="bbox 607 5155 2190 5233">
    <p class='ocr_par' dir='ltr' id='par_1_98' title="bbox 607 5155 2190 5233">
     <span class='ocr_line' id='line_1_99' title="bbox 607 5155 2190 5233; baseline 0.006 -26"><span class='ocrx_word' id='word_1_637' title='bbox 607 5155 818 5222; x_wconf 76' lang='lat' dir='ltr'><strong>Cicero,</strong></span> <span class='ocrx_word' id='word_1_638' title='bbox 852 5174 967 5233; x_wconf 81' lang='lat' dir='ltr'><strong>cum</strong></span> <span class='ocrx_word' id='word_1_639' title='bbox 994 5177 1118 5233; x_wconf 82' lang='lat' dir='ltr'><strong>pene</strong></span> <span class='ocrx_word' id='word_1_640' title='bbox 1141 5164 1243 5225; x_wconf 81' lang='lat' dir='ltr'><strong>iant</strong></span> <span class='ocrx_word' id='word_1_641' title='bbox 1268 5165 1321 5214; x_wconf 90' lang='lat' dir='ltr'><strong>in</strong></span> <span class='ocrx_word' id='word_1_642' title='bbox 1352 5182 1505 5215; x_wconf 88' lang='lat' dir='ltr'><strong>manu</strong></span> <span class='ocrx_word' id='word_1_643' title='bbox 1548 5165 1859 5233; x_wconf 85' lang='lat' dir='ltr'><strong>mortiferum</strong></span> <span class='ocrx_word' id='word_1_644' title='bbox 1886 5165 2013 5215; x_wconf 83' lang='lat' dir='ltr'><strong>illud</strong></span> <span class='ocrx_word' id='word_1_645' title='bbox 2054 5155 2190 5217; x_wconf 75' lang='lat' dir='ltr'><strong>terte-</strong></span> 
     </span>
    </p>
   </div>
   <div class='ocr_carea' id='block_1_99' title="bbox 604 5228 2185 5297">
    <p class='ocr_par' dir='ltr' id='par_1_99' title="bbox 604 5228 2185 5297">
     <span class='ocr_line' id='line_1_100' title="bbox 604 5228 2185 5297; baseline 0.007 -20"><span class='ocrx_word' id='word_1_646' title='bbox 604 5237 680 5279; x_wconf 84' lang='lat' dir='ltr'><strong>rel</strong></span> <span class='ocrx_word' id='word_1_647' title='bbox 711 5228 983 5296; x_wconf 87' lang='lat' dir='ltr'><strong>poculum,</strong></span> <span class='ocrx_word' id='word_1_648' title='bbox 1013 5230 1210 5283; x_wconf 79' lang='lat' dir='ltr'><strong>locutus</strong></span> <span class='ocrx_word' id='word_1_649' title='bbox 1241 5237 1311 5283; x_wconf 86' lang='lat' dir='ltr'><strong>ita</strong></span> <span class='ocrx_word' id='word_1_650' title='bbox 1338 5245 1438 5297; x_wconf 70' lang='lat' dir='ltr'><strong>est,</strong></span> <span class='ocrx_word' id='word_1_651' title='bbox 1463 5245 1520 5287; x_wconf 87' lang='lat' dir='ltr'><strong>ut</strong></span> <span class='ocrx_word' id='word_1_652' title='bbox 1558 5253 1659 5287; x_wconf 91' lang='lat' dir='ltr'><strong>non</strong></span> <span class='ocrx_word' id='word_1_653' title='bbox 1684 5228 1749 5287; x_wconf 80' lang='lat' dir='ltr'><strong>ad</strong></span> <span class='ocrx_word' id='word_1_654' title='bbox 1781 5245 1989 5286; x_wconf 87' lang='lat' dir='ltr'><strong>mortem</strong></span> <span class='ocrx_word' id='word_1_655' title='bbox 2021 5237 2185 5296; x_wconf 87' lang='lat' dir='ltr'><strong>trudi,</strong></span> 
     </span>
    </p>
   </div>
   <div class='ocr_carea' id='block_1_100' title="bbox 606 5300 2186 5371">
    <p class='ocr_par' dir='ltr' id='par_1_100' title="bbox 606 5300 2186 5371">
     <span class='ocr_line' id='line_1_101' title="bbox 606 5300 2186 5371; baseline 0.005 -20"><span class='ocrx_word' id='word_1_656' title='bbox 606 5314 777 5371; x_wconf 62' lang='lat' dir='ltr'><strong>verum</strong></span> <span class='ocrx_word' id='word_1_657' title='bbox 804 5300 857 5371; x_wconf 90' lang='lat' dir='ltr'><strong>in</strong></span> <span class='ocrx_word' id='word_1_658' title='bbox 880 5302 1057 5351; x_wconf 73' lang='lat' dir='ltr'><strong>cazlutn</strong></span> <span class='ocrx_word' id='word_1_659' title='bbox 1085 5302 1337 5355; x_wconf 85' lang='lat' dir='ltr'><strong>videretur</strong></span> <span class='ocrx_word' id='word_1_660' title='bbox 1356 5307 1662 5358; x_wconf 82' lang='lat' dir='ltr'><strong>ascendere:</strong></span> <span class='ocrx_word' id='word_1_661' title='bbox 1684 5320 1737 5360; x_wconf 89' lang='lat' dir='ltr'><strong>et</strong></span> <span class='ocrx_word' id='word_1_662' title='bbox 1767 5306 1967 5362; x_wconf 68' lang='lat' dir='ltr'><strong>Senvca</strong></span> <span class='ocrx_word' id='word_1_663' title='bbox 1986 5345 2000 5369; x_wconf 92' lang='lat'><strong>,</strong></span> <span class='ocrx_word' id='word_1_664' title='bbox 2026 5306 2186 5371; x_wconf 68' lang='lat' dir='ltr'><strong>epist.</strong></span> 
     </span>
    </p>
   </div>
   <div class='ocr_carea' id='block_1_101' title="bbox 608 5368 2190 5442">
    <p class='ocr_par' dir='ltr' id='par_1_101' title="bbox 608 5368 2190 5442">
     <span class='ocr_line' id='line_1_102' title="bbox 608 5368 2190 5442; baseline 0.006 -21"><span class='ocrx_word' id='word_1_665' title='bbox 608 5369 698 5433; x_wconf 81' lang='lat' dir='ltr'><strong>o7,</strong></span> <span class='ocrx_word' id='word_1_666' title='bbox 727 5368 905 5432; x_wconf 78' lang='lat' dir='ltr'><strong>Calix,</strong></span> <span class='ocrx_word' id='word_1_667' title='bbox 938 5371 1103 5442; x_wconf 78' lang='lat' dir='ltr'><strong>inquit</strong></span> <span class='ocrx_word' id='word_1_668' title='bbox 1122 5415 1135 5433; x_wconf 86' lang='lat'><strong>,</strong></span> <span class='ocrx_word' id='word_1_669' title='bbox 1169 5386 1460 5436; x_wconf 82' lang='lat' dir='ltr'><strong>venenatus,</strong></span> <span class='ocrx_word' id='word_1_670' title='bbox 1485 5378 1571 5442; x_wconf 87' lang='lat' dir='ltr'><strong>qui</strong></span> <span class='ocrx_word' id='word_1_671' title='bbox 1597 5378 1857 5431; x_wconf 89' lang='lat' dir='ltr'><strong>Socratem</strong></span> <span class='ocrx_word' id='word_1_672' title='bbox 1881 5368 2139 5431; x_wconf 76' lang='lat' dir='ltr'><strong>transtulit</strong></span> <span class='ocrx_word' id='word_1_673' title='bbox 2163 5394 2190 5430; x_wconf 86' lang='lat' dir='ltr'><strong>e</strong></span> 
     </span>
    </p>
   </div>
   <div class='ocr_carea' id='block_1_102' title="bbox 606 5441 1103 5495">
    <p class='ocr_par' dir='ltr' id='par_1_102' title="bbox 606 5441 1103 5495">
     <span class='ocr_line' id='line_1_103' title="bbox 606 5441 1103 5495; baseline 0.008 -4"><span class='ocrx_word' id='word_1_674' title='bbox 606 5457 808 5494; x_wconf 82' lang='lat' dir='ltr'><strong>carcere</strong></span> <span class='ocrx_word' id='word_1_675' title='bbox 830 5442 881 5493; x_wconf 87' lang='lat' dir='ltr'><strong>in</strong></span> <span class='ocrx_word' id='word_1_676' title='bbox 904 5441 1103 5495; x_wconf 78' lang='lat' dir='ltr'><strong>cwlum.</strong></span> 
     </span>
    </p>
   </div>
   <div class='ocr_carea' id='block_1_103' title="bbox 679 5511 2192 5582">
    <p class='ocr_par' dir='ltr' id='par_1_103' title="bbox 679 5511 2192 5582">
     <span class='ocr_line' id='line_1_104' title="bbox 679 5511 2192 5582; baseline 0.003 -18"><span class='ocrx_word' id='word_1_677' title='bbox 679 5511 698 5539; x_wconf 84' lang='grc'><strong>³</strong></span> <span class='ocrx_word' id='word_1_678' title='bbox 730 5512 947 5564; x_wconf 78' lang='lat' dir='ltr'><strong>Zenonis</strong></span> <span class='ocrx_word' id='word_1_679' title='bbox 993 5522 1262 5566; x_wconf 87' lang='lat' dir='ltr'><strong>tormenta.</strong></span> <span class='ocrx_word' id='word_1_680' title='bbox 1300 5513 1310 5582; x_wconf 88' lang='grc'><strong>1</strong></span> <span class='ocrx_word' id='word_1_681' title='bbox 1351 5514 1405 5565; x_wconf 91' lang='lat' dir='ltr'><strong>In</strong></span> <span class='ocrx_word' id='word_1_682' title='bbox 1446 5515 1663 5569; x_wconf 76' lang='lat' dir='ltr'><strong>Zenone</strong></span> <span class='ocrx_word' id='word_1_683' title='bbox 1693 5516 1852 5569; x_wconf 87' lang='lat' dir='ltr'><strong>etiam</strong></span> <span class='ocrx_word' id='word_1_684' title='bbox 1902 5526 2024 5569; x_wconf 84' lang='lat' dir='ltr'><strong>ante</strong></span> <span class='ocrx_word' id='word_1_685' title='bbox 2076 5517 2192 5569; x_wconf 83' lang='lat' dir='ltr'><strong>Pla-</strong></span> 
     </span>
    </p>
   </div>
   <div class='ocr_carea' id='block_1_104' title="bbox 611 5585 2186 5651">
    <p class='ocr_par' dir='ltr' id='par_1_104' title="bbox 611 5585 2186 5651">
     <span class='ocr_line' id='line_1_105' title="bbox 611 5585 2186 5651; baseline 0.005 -19"><span class='ocrx_word' id='word_1_686' title='bbox 611 5586 750 5633; x_wconf 80' lang='lat' dir='ltr'><strong>tonis</strong></span> <span class='ocrx_word' id='word_1_687' title='bbox 777 5594 987 5636; x_wconf 79' lang='lat' dir='ltr'><strong>a~tatem</strong></span> <span class='ocrx_word' id='word_1_688' title='bbox 1016 5585 1272 5648; x_wconf 79' lang='lat' dir='ltr'><strong>sapientia</strong></span> <span class='ocrx_word' id='word_1_689' title='bbox 1304 5589 1441 5639; x_wconf 86' lang='lat' dir='ltr'><strong>male</strong></span> <span class='ocrx_word' id='word_1_690' title='bbox 1467 5597 1686 5651; x_wconf 83' lang='lat' dir='ltr'><strong>excepta</strong></span> <span class='ocrx_word' id='word_1_691' title='bbox 1719 5588 1835 5639; x_wconf 84' lang='lat' dir='ltr'><strong>l&#39;uit.</strong></span> <span class='ocrx_word' id='word_1_692' title='bbox 1866 5586 2010 5639; x_wconf 72' lang='lat' dir='ltr'><strong>Zeno</strong></span> <span class='ocrx_word' id='word_1_693' title='bbox 2042 5588 2186 5641; x_wconf 70' lang='lat' dir='ltr'><strong>enim</strong></span> 
     </span>
    </p>
   </div>
   <div class='ocr_carea' id='block_1_105' title="bbox 610 5653 2183 5726">
    <p class='ocr_par' dir='ltr' id='par_1_105' title="bbox 610 5653 2183 5726">
     <span class='ocr_line' id='line_1_106' title="bbox 610 5653 2183 5726; baseline 0.006 -23"><span class='ocrx_word' id='word_1_694' title='bbox 610 5653 726 5726; x_wconf 81' lang='lat' dir='ltr'><strong>ipso</strong></span> <span class='ocrx_word' id='word_1_695' title='bbox 764 5668 975 5720; x_wconf 68' lang='lat' dir='ltr'><strong>qnojtte</strong></span> <span class='ocrx_word' id='word_1_696' title='bbox 1008 5662 1230 5708; x_wconf 74' lang='lat' dir='ltr'><strong>Sperate</strong></span> <span class='ocrx_word' id='word_1_697' title='bbox 1269 5657 1535 5725; x_wconf 81' lang='lat' dir='ltr'><strong>antiquior</strong></span> <span class='ocrx_word' id='word_1_698' title='bbox 1578 5658 1739 5708; x_wconf 85' lang='lat' dir='ltr'><strong>multa</strong></span> <span class='ocrx_word' id='word_1_699' title='bbox 1788 5670 2003 5726; x_wconf 80' lang='lat' dir='ltr'><strong>propter</strong></span> <span class='ocrx_word' id='word_1_700' title='bbox 2035 5675 2183 5709; x_wconf 62' lang='lat' dir='ltr'><strong>suum</strong></span> 
     </span>
    </p>
   </div>
   <div class='ocr_carea' id='block_1_106' title="bbox 607 5722 2181 5795">
    <p class='ocr_par' dir='ltr' id='par_1_106' title="bbox 607 5722 2181 5795">
     <span class='ocr_line' id='line_1_107' title="bbox 607 5722 2181 5795; baseline 0.005 -24"><span class='ocrx_word' id='word_1_701' title='bbox 607 5722 789 5795; x_wconf 52' lang='lat' dir='ltr'><strong>sapien</strong></span> <span class='ocrx_word' id='word_1_702' title='bbox 820 5728 944 5795; x_wconf 10' lang='lat' dir='ltr'><strong>iam?</strong></span> <span class='ocrx_word' id='word_1_703' title='bbox 973 5739 1234 5778; x_wconf 79' lang='lat' dir='ltr'><strong>tormenta</strong></span> <span class='ocrx_word' id='word_1_704' title='bbox 1289 5722 1471 5793; x_wconf 64' lang='lat' dir='ltr'><strong>passtis</strong></span> <span class='ocrx_word' id='word_1_705' title='bbox 1519 5737 1637 5779; x_wconf 57' lang='lat' dir='ltr'><strong>est:</strong></span> <span class='ocrx_word' id='word_1_706' title='bbox 1668 5728 1758 5779; x_wconf 76' lang='lat' dir='ltr'><strong>sed</strong></span> <span class='ocrx_word' id='word_1_707' title='bbox 1788 5722 2051 5795; x_wconf 49' lang='lat' dir='ltr'><strong>apta-natu</strong></span> <span class='ocrx_word' id='word_1_708' title='bbox 2098 5729 2181 5779; x_wconf 75' lang='lat' dir='ltr'><strong>illa</strong></span> 
     </span>
    </p>
   </div>
   <div class='ocr_carea' id='block_1_107' title="bbox 607 5792 2181 5860">
    <p class='ocr_par' dir='ltr' id='par_1_107' title="bbox 607 5792 2181 5860">
     <span class='ocr_line' id='line_1_108' title="bbox 607 5792 2181 5860; baseline 0.005 -19"><span class='ocrx_word' id='word_1_709' title='bbox 607 5792 830 5857; x_wconf 69' lang='lat' dir='ltr'><strong>liii-rint,</strong></span> <span class='ocrx_word' id='word_1_710' title='bbox 861 5794 1045 5860; x_wconf 40' lang='lat' dir='ltr'><strong>quisve</strong></span> <span class='ocrx_word' id='word_1_711' title='bbox 1078 5797 1287 5848; x_wconf 82' lang='lat' dir='ltr'><strong>illorum</strong></span> <span class='ocrx_word' id='word_1_712' title='bbox 1316 5813 1397 5849; x_wconf 70' lang='lat' dir='ltr'><strong>aflt</strong></span> <span class='ocrx_word' id='word_1_713' title='bbox 1420 5810 1502 5849; x_wconf 83' lang='grc' dir='ltr'>ιι-ι·</span> <span class='ocrx_word' id='word_1_714' title='bbox 1533 5814 1635 5849; x_wconf 89' lang='lat' dir='ltr'><strong>non</strong></span> <span class='ocrx_word' id='word_1_715' title='bbox 1670 5792 1895 5849; x_wconf 73' lang='lat' dir='ltr'><strong>constat.</strong></span> <span class='ocrx_word' id='word_1_716' title='bbox 1934 5797 2181 5849; x_wconf 69' lang='grc' dir='ltr'>Ιίιιειυιιίο</span> 
     </span>
    </p>
   </div>
   <div class='ocr_carea' id='block_1_108' title="bbox 604 5862 2175 5933">
    <p class='ocr_par' dir='ltr' id='par_1_108' title="bbox 604 5862 2175 5933">
     <span class='ocr_line' id='line_1_109' title="bbox 604 5862 2175 5933; baseline 0.005 -19"><span class='ocrx_word' id='word_1_717' title='bbox 604 5862 707 5915; x_wconf 82' lang='lat' dir='ltr'><strong>ltus</strong></span> <span class='ocrx_word' id='word_1_718' title='bbox 737 5874 815 5915; x_wconf 87' lang='lat' dir='ltr'><strong>e-t</strong></span> <span class='ocrx_word' id='word_1_719' title='bbox 851 5863 1149 5933; x_wconf 71' lang='lat' dir='ltr'><strong>lationem,</strong></span> <span class='ocrx_word' id='word_1_720' title='bbox 1179 5868 1303 5920; x_wconf 89' lang='lat' dir='ltr'><strong>dum</strong></span> <span class='ocrx_word' id='word_1_721' title='bbox 1338 5869 1419 5920; x_wconf 73' lang='grc' dir='ltr'><strong>Ιιιι⁸</strong></span> <span class='ocrx_word' id='word_1_722' title='bbox 1455 5869 1633 5922; x_wconf 80' lang='lat' dir='ltr'><strong>Eleum</strong></span> <span class='ocrx_word' id='word_1_723' title='bbox 1670 5870 1890 5931; x_wconf 81' lang='lat' dir='ltr'><strong>patriam</strong></span> <span class='ocrx_word' id='word_1_724' title='bbox 1922 5870 1975 5920; x_wconf 91' lang='lat' dir='ltr'><strong>in</strong></span> <span class='ocrx_word' id='word_1_725' title='bbox 2015 5870 2175 5922; x_wconf 80' lang='lat' dir='ltr'><strong>libcr-</strong></span> 
     </span>
    </p>
   </div>
   <div class='ocr_carea' id='block_1_109' title="bbox 2292 3328 3867 3400">
    <p class='ocr_par' dir='ltr' id='par_1_109' title="bbox 2292 3328 3867 3400">
     <span class='ocr_line' id='line_1_110' title="bbox 2292 3328 3867 3400; baseline 0.004 -18"><span class='ocrx_word' id='word_1_726' title='bbox 2292 3328 2387 3383; x_wconf 83' lang='lat' dir='ltr'><strong>llic</strong></span> <span class='ocrx_word' id='word_1_727' title='bbox 2431 3329 2777 3400; x_wconf 85' lang='lat' dir='ltr'><strong>philosophus</strong></span> <span class='ocrx_word' id='word_1_728' title='bbox 2821 3331 2916 3400; x_wconf 83' lang='lat' dir='ltr'><strong>sibi</strong></span> <span class='ocrx_word' id='word_1_729' title='bbox 2960 3346 3109 3381; x_wconf 80' lang='lat' dir='ltr'><strong>venas</strong></span> <span class='ocrx_word' id='word_1_730' title='bbox 3156 3328 3467 3396; x_wconf 67' lang='lat' dir='ltr'><strong>pra&#39;secans,</strong></span> <span class='ocrx_word' id='word_1_731' title='bbox 3500 3332 3669 3400; x_wconf 75' lang='lat' dir='ltr'><strong>inquit</strong></span> <span class='ocrx_word' id='word_1_732' title='bbox 3716 3348 3867 3388; x_wconf 75' lang='lat' dir='ltr'><strong>vetns</strong></span> 
     </span>
    </p>
   </div>
   <div class='ocr_carea' id='block_1_110' title="bbox 2291 3398 3868 3469">
    <p class='ocr_par' dir='ltr' id='par_1_110' title="bbox 2291 3398 3868 3469">
     <span class='ocr_line' id='line_1_111' title="bbox 2291 3398 3868 3469; baseline 0.003 -18"><span class='ocrx_word' id='word_1_733' title='bbox 2291 3400 2554 3469; x_wconf 87' lang='lat' dir='ltr'><strong>interpres</strong></span> <span class='ocrx_word' id='word_1_734' title='bbox 2593 3398 2894 3463; x_wconf 68' lang='lat' dir='ltr'><strong>Iuvenalis,</strong></span> <span class='ocrx_word' id='word_1_735' title='bbox 2922 3409 3023 3453; x_wconf 85' lang='lat' dir='ltr'><strong>sat.</strong></span> <span class='ocrx_word' id='word_1_736' title='bbox 3045 3401 3100 3463; x_wconf 81' lang='lat'><strong>5,</strong></span> <span class='ocrx_word' id='word_1_737' title='bbox 3134 3415 3437 3467; x_wconf 85' lang='lat' dir='ltr'><strong>crurumque</strong></span> <span class='ocrx_word' id='word_1_738' title='bbox 3464 3398 3613 3455; x_wconf 82' lang='lat' dir='ltr'><strong>venas</strong></span> <span class='ocrx_word' id='word_1_739' title='bbox 3658 3407 3868 3456; x_wconf 88' lang='lat' dir='ltr'><strong>abrum-</strong></span> 
     </span>
    </p>
   </div>
   <div class='ocr_carea' id='block_1_111' title="bbox 2287 3470 3868 3539">
    <p class='ocr_par' dir='ltr' id='par_1_111' title="bbox 2287 3470 3868 3539">
     <span class='ocr_line' id='line_1_112' title="bbox 2287 3470 3868 3539; baseline 0.004 -19"><span class='ocrx_word' id='word_1_740' title='bbox 2287 3485 2428 3535; x_wconf 87' lang='lat' dir='ltr'><strong>pens,</strong></span> <span class='ocrx_word' id='word_1_741' title='bbox 2460 3478 2508 3522; x_wconf 89' lang='lat' dir='ltr'><strong>et</strong></span> <span class='ocrx_word' id='word_1_742' title='bbox 2551 3470 2771 3522; x_wconf 88' lang='lat' dir='ltr'><strong>durante</strong></span> <span class='ocrx_word' id='word_1_743' title='bbox 2817 3478 2983 3521; x_wconf 89' lang='lat' dir='ltr'><strong>tractu</strong></span> <span class='ocrx_word' id='word_1_744' title='bbox 3014 3472 3412 3539; x_wconf 83' lang='lat' dir='ltr'><strong>lentitudiueque</strong></span> <span class='ocrx_word' id='word_1_745' title='bbox 3456 3474 3654 3535; x_wconf 88' lang='lat' dir='ltr'><strong>mortis,</strong></span> <span class='ocrx_word' id='word_1_746' title='bbox 3686 3473 3868 3527; x_wconf 81' lang='lat' dir='ltr'><strong>hausto</strong></span> 
     </span>
    </p>
   </div>
   <div class='ocr_carea' id='block_1_112' title="bbox 2289 3540 3869 3612">
    <p class='ocr_par' dir='ltr' id='par_1_112' title="bbox 2289 3540 3869 3612">
     <span class='ocr_line' id='line_1_113' title="bbox 2289 3540 3869 3612; baseline 0.004 -21"><span class='ocrx_word' id='word_1_747' title='bbox 2289 3553 2500 3612; x_wconf 83' lang='lat' dir='ltr'><strong>veneno,</strong></span> <span class='ocrx_word' id='word_1_748' title='bbox 2528 3549 2575 3591; x_wconf 83' lang='lat' dir='ltr'><strong>ct</strong></span> <span class='ocrx_word' id='word_1_749' title='bbox 2616 3540 3093 3612; x_wconf 73' lang='lat' dir='ltr'><strong>postremocalida:</strong></span> <span class='ocrx_word' id='word_1_750' title='bbox 3128 3557 3277 3608; x_wconf 71' lang='lat' dir='ltr'><strong>aqua:</strong></span> <span class='ocrx_word' id='word_1_751' title='bbox 3318 3550 3552 3611; x_wconf 84' lang='lat' dir='ltr'><strong>stagnant</strong></span> <span class='ocrx_word' id='word_1_752' title='bbox 3603 3545 3869 3612; x_wconf 78' lang='lat' dir='ltr'><strong>introiens,</strong></span> 
     </span>
    </p>
   </div>
   <div class='ocr_carea' id='block_1_113' title="bbox 2287 3610 3872 3680">
    <p class='ocr_par' dir='ltr' id='par_1_113' title="bbox 2287 3610 3872 3680">
     <span class='ocr_line' id='line_1_114' title="bbox 2287 3610 3872 3680; baseline 0.003 -18"><span class='ocrx_word' id='word_1_753' title='bbox 2287 3610 2604 3680; x_wconf 70' lang='lat' dir='ltr'><strong>exanimatus</strong></span> <span class='ocrx_word' id='word_1_754' title='bbox 2640 3618 2736 3663; x_wconf 86' lang='lat' dir='ltr'><strong>est.</strong></span> <span class='ocrx_word' id='word_1_755' title='bbox 2764 3610 3056 3671; x_wconf 82' lang='lat' dir='ltr'><strong>Nimirum,</strong></span> <span class='ocrx_word' id='word_1_756' title='bbox 3086 3621 3144 3665; x_wconf 90' lang='lat' dir='ltr'><strong>ut</strong></span> <span class='ocrx_word' id='word_1_757' title='bbox 3172 3613 3288 3680; x_wconf 87' lang='lat' dir='ltr'><strong>ipse</strong></span> <span class='ocrx_word' id='word_1_758' title='bbox 3315 3610 3516 3665; x_wconf 80' lang='lat' dir='ltr'><strong>Seneca</strong></span> <span class='ocrx_word' id='word_1_759' title='bbox 3546 3614 3747 3666; x_wconf 76' lang='lat' dir='ltr'><strong>amicos</strong></span> <span class='ocrx_word' id='word_1_760' title='bbox 3774 3610 3872 3667; x_wconf 49' lang='lat' dir='ltr'><strong>ad;</strong></span> 
     </span>
    </p>
   </div>
   <div class='ocr_carea' id='block_1_114' title="bbox 2290 3679 3867 3748">
    <p class='ocr_par' dir='ltr' id='par_1_114' title="bbox 2290 3679 3867 3748">
     <span class='ocr_line' id='line_1_115' title="bbox 2290 3679 3867 3748; baseline 0.004 -16"><span class='ocrx_word' id='word_1_761' title='bbox 2290 3679 2517 3733; x_wconf 89' lang='lat' dir='ltr'><strong>mirabili</strong></span> <span class='ocrx_word' id='word_1_762' title='bbox 2559 3680 2878 3743; x_wconf 77' lang='lat' dir='ltr'><strong>consuintia,</strong></span> <span class='ocrx_word' id='word_1_763' title='bbox 2910 3679 3203 3748; x_wconf 84' lang='lat' dir='ltr'><strong>antequam</strong></span> <span class='ocrx_word' id='word_1_764' title='bbox 3238 3693 3559 3747; x_wconf 88' lang='lat' dir='ltr'><strong>moreretur,</strong></span> <span class='ocrx_word' id='word_1_765' title='bbox 3604 3684 3867 3739; x_wconf 86' lang='lat' dir='ltr'><strong>allocutus</strong></span> 
     </span>
    </p>
   </div>
   <div class='ocr_carea' id='block_1_115' title="bbox 2289 3749 3866 3821">
    <p class='ocr_par' dir='ltr' id='par_1_115' title="bbox 2289 3749 3866 3821">
     <span class='ocr_line' id='line_1_116' title="bbox 2289 3749 3866 3821; baseline 0.004 -21"><span class='ocrx_word' id='word_1_766' title='bbox 2289 3750 2406 3801; x_wconf 87' lang='lat' dir='ltr'><strong>ait:</strong></span> <span class='ocrx_word' id='word_1_767' title='bbox 2444 3749 2640 3803; x_wconf 78' lang='lat' dir='ltr'><strong>Neroni</strong></span> <span class='ocrx_word' id='word_1_768' title='bbox 2678 3750 2900 3803; x_wconf 79' lang='lat' dir='ltr'><strong>sterienti</strong></span> <span class='ocrx_word' id='word_1_769' title='bbox 2933 3752 3064 3804; x_wconf 82' lang='lat' dir='ltr'><strong>nihil</strong></span> <span class='ocrx_word' id='word_1_770' title='bbox 3099 3751 3241 3804; x_wconf 89' lang='lat' dir='ltr'><strong>aliud</strong></span> <span class='ocrx_word' id='word_1_771' title='bbox 3278 3768 3573 3818; x_wconf 82' lang='lat' dir='ltr'><strong>supererat,</strong></span> <span class='ocrx_word' id='word_1_772' title='bbox 3604 3767 3716 3821; x_wconf 88' lang='lat' dir='ltr'><strong>post</strong></span> <span class='ocrx_word' id='word_1_773' title='bbox 3754 3771 3866 3807; x_wconf 81' lang='lat' dir='ltr'><strong>ma-</strong></span> 
     </span>
    </p>
   </div>
   <div class='ocr_carea' id='block_1_116' title="bbox 2289 3821 3868 3896">
    <p class='ocr_par' dir='ltr' id='par_1_116' title="bbox 2289 3821 3868 3896">
     <span class='ocr_line' id='line_1_117' title="bbox 2289 3821 3868 3896; baseline 0.005 -25"><span class='ocrx_word' id='word_1_774' title='bbox 2289 3828 2413 3871; x_wconf 89' lang='lat' dir='ltr'><strong>trem</strong></span> <span class='ocrx_word' id='word_1_775' title='bbox 2443 3821 2753 3896; x_wconf 78' lang='lat' dir='ltr'><strong>fratremque</strong></span> <span class='ocrx_word' id='word_1_776' title='bbox 2789 3822 3104 3896; x_wconf 59' lang='lat' dir='ltr'><strong>intrfectos,</strong></span> <span class='ocrx_word' id='word_1_777' title='bbox 3131 3839 3283 3892; x_wconf 88' lang='lat' dir='ltr'><strong>quam</strong></span> <span class='ocrx_word' id='word_1_778' title='bbox 3323 3834 3378 3876; x_wconf 86' lang='lat' dir='ltr'><strong>ut</strong></span> <span class='ocrx_word' id='word_1_779' title='bbox 3417 3824 3702 3877; x_wconf 63' lang='lat' dir='ltr'><strong>educatoris</strong></span> <span class='ocrx_word' id='word_1_780' title='bbox 3731 3842 3868 3896; x_wconf 79' lang='lat' dir='ltr'><strong>pra:-</strong></span> 
     </span>
    </p>
   </div>
   <div class='ocr_carea' id='block_1_117' title="bbox 2289 3891 3079 3958">
    <p class='ocr_par' dir='ltr' id='par_1_117' title="bbox 2289 3891 3079 3958">
     <span class='ocr_line' id='line_1_118' title="bbox 2289 3891 3079 3958; baseline 0.003 -16"><span class='ocrx_word' id='word_1_781' title='bbox 2289 3891 2605 3958; x_wconf 78' lang='lat' dir='ltr'><strong>centorisque</strong></span> <span class='ocrx_word' id='word_1_782' title='bbox 2627 3906 2795 3944; x_wconf 88' lang='lat' dir='ltr'><strong>necem</strong></span> <span class='ocrx_word' id='word_1_783' title='bbox 2820 3892 3079 3957; x_wconf 55' lang='lat' dir='ltr'><strong>adiiceret.</strong></span> 
     </span>
    </p>
   </div>
   <div class='ocr_carea' id='block_1_118' title="bbox 2361 3958 3869 4031">
    <p class='ocr_par' dir='ltr' id='par_1_118' title="bbox 2361 3958 3869 4031">
     <span class='ocr_line' id='line_1_119' title="bbox 2361 3958 3869 4031; baseline 0.003 -19"><span class='ocrx_word' id='word_1_784' title='bbox 2361 3959 2383 3990; x_wconf 78' lang='grc'>⁸</span> <span class='ocrx_word' id='word_1_785' title='bbox 2415 3961 2479 4012; x_wconf 80' lang='lat' dir='ltr'><strong>At</strong></span> <span class='ocrx_word' id='word_1_786' title='bbox 2520 3960 2767 4015; x_wconf 87' lang='lat' dir='ltr'><strong>Soranos.</strong></span> <span class='ocrx_word' id='word_1_787' title='bbox 2810 3958 3050 4030; x_wconf 78' lang='lat' dir='ltr'><strong>IBareas</strong></span> <span class='ocrx_word' id='word_1_788' title='bbox 3092 3961 3351 4029; x_wconf 87' lang='lat' dir='ltr'><strong>Soranus,</strong></span> <span class='ocrx_word' id='word_1_789' title='bbox 3400 3966 3869 4031; x_wconf 70' lang='lat' dir='ltr'><strong>prirstantissimns</strong></span> 
     </span>
    </p>
   </div>
   <div class='ocr_carea' id='block_1_119' title="bbox 2290 4030 3875 4102">
    <p class='ocr_par' dir='ltr' id='par_1_119' title="bbox 2290 4030 3875 4102">
     <span class='ocr_line' id='line_1_120' title="bbox 2290 4030 3875 4102; baseline 0.003 -20"><span class='ocrx_word' id='word_1_790' title='bbox 2290 4030 2418 4102; x_wconf 88' lang='lat' dir='ltr'><strong>item</strong></span> <span class='ocrx_word' id='word_1_791' title='bbox 2463 4033 2841 4102; x_wconf 74' lang='lat' dir='ltr'><strong>philosoplms,</strong></span> <span class='ocrx_word' id='word_1_792' title='bbox 2887 4034 3105 4086; x_wconf 72' lang='lat' dir='ltr'><strong>Seneca:</strong></span> <span class='ocrx_word' id='word_1_793' title='bbox 3154 4030 3412 4102; x_wconf 69' lang='lat' dir='ltr'><strong>inqualis,</strong></span> <span class='ocrx_word' id='word_1_794' title='bbox 3454 4034 3659 4101; x_wconf 88' lang='lat' dir='ltr'><strong>justitia</strong></span> <span class='ocrx_word' id='word_1_795' title='bbox 3705 4047 3875 4102; x_wconf 72' lang='lat' dir='ltr'><strong>atque</strong></span> 
     </span>
    </p>
   </div>
   <div class='ocr_carea' id='block_1_120' title="bbox 2291 4100 3873 4172">
    <p class='ocr_par' dir='ltr' id='par_1_120' title="bbox 2291 4100 3873 4172">
     <span class='ocr_line' id='line_1_121' title="bbox 2291 4100 3873 4172; baseline 0.004 -19"><span class='ocrx_word' id='word_1_796' title='bbox 2291 4101 2550 4154; x_wconf 89' lang='lat' dir='ltr'><strong>industria</strong></span> <span class='ocrx_word' id='word_1_797' title='bbox 2600 4100 2924 4156; x_wconf 70' lang='lat' dir='ltr'><strong>oll‘ensiones</strong></span> <span class='ocrx_word' id='word_1_798' title='bbox 2966 4100 3466 4168; x_wconf 28' lang='lat' dir='ltr'><strong>ejusdem‘Noronis</strong></span> <span class='ocrx_word' id='word_1_799' title='bbox 3495 4105 3563 4158; x_wconf 90' lang='lat' dir='ltr'><strong>ita</strong></span> <span class='ocrx_word' id='word_1_800' title='bbox 3606 4100 3787 4172; x_wconf 77' lang='lat' dir='ltr'><strong>auxit,</strong></span> <span class='ocrx_word' id='word_1_801' title='bbox 3815 4120 3873 4159; x_wconf 89' lang='lat' dir='ltr'><strong>nt</strong></span> 
     </span>
    </p>
   </div>
   <div class='ocr_carea' id='block_1_121' title="bbox 2292 4172 3868 4243">
    <p class='ocr_par' dir='ltr' id='par_1_121' title="bbox 2292 4172 3868 4243">
     <span class='ocr_line' id='line_1_122' title="bbox 2292 4172 3868 4243; baseline 0.004 -21"><span class='ocrx_word' id='word_1_802' title='bbox 2292 4172 2357 4222; x_wconf 87' lang='lat' dir='ltr'><strong>ad</strong></span> <span class='ocrx_word' id='word_1_803' title='bbox 2392 4180 2615 4243; x_wconf 86' lang='lat' dir='ltr'><strong>mortem</strong></span> <span class='ocrx_word' id='word_1_804' title='bbox 2645 4182 2797 4243; x_wconf 85' lang='lat' dir='ltr'><strong>actus</strong></span> <span class='ocrx_word' id='word_1_805' title='bbox 2828 4173 2989 4225; x_wconf 91' lang='lat' dir='ltr'><strong>fuerit</strong></span> <span class='ocrx_word' id='word_1_806' title='bbox 3009 4174 3078 4225; x_wconf 89' lang='lat' dir='ltr'><strong>ab</strong></span> <span class='ocrx_word' id='word_1_807' title='bbox 3109 4174 3299 4227; x_wconf 86' lang='lat' dir='ltr'><strong>eodem</strong></span> <span class='ocrx_word' id='word_1_808' title='bbox 3330 4186 3576 4243; x_wconf 86' lang='lat' dir='ltr'><strong>tyranno,</strong></span> <span class='ocrx_word' id='word_1_809' title='bbox 3606 4178 3693 4243; x_wconf 90' lang='lat' dir='ltr'><strong>qui</strong></span> <span class='ocrx_word' id='word_1_810' title='bbox 3723 4193 3868 4240; x_wconf 68' lang='lat' dir='ltr'><strong>inag—</strong></span> 
     </span>
    </p>
   </div>
   <div class='ocr_carea' id='block_1_122' title="bbox 2293 4242 3869 4312">
    <p class='ocr_par' dir='ltr' id='par_1_122' title="bbox 2293 4242 3869 4312">
     <span class='ocr_line' id='line_1_123' title="bbox 2293 4242 3869 4312; baseline 0.003 -19"><span class='ocrx_word' id='word_1_811' title='bbox 2293 4242 2589 4295; x_wconf 73' lang='lat' dir='ltr'><strong>nitudincm</strong></span> <span class='ocrx_word' id='word_1_812' title='bbox 2641 4242 3035 4310; x_wconf 81' lang='lat' dir='ltr'><strong>imperatOriam</strong></span> <span class='ocrx_word' id='word_1_813' title='bbox 3075 4243 3222 4296; x_wconf 61' lang='lat' dir='ltr'><strong>ccede</strong></span> <span class='ocrx_word' id='word_1_814' title='bbox 3269 4242 3551 4312; x_wconf 76' lang='lat' dir='ltr'><strong>insigniora</strong></span> <span class='ocrx_word' id='word_1_815' title='bbox 3601 4242 3869 4311; x_wconf 80' lang='lat' dir='ltr'><strong>virorum,</strong></span> 
     </span>
    </p>
   </div>
   <div class='ocr_carea' id='block_1_123' title="bbox 2296 4312 3869 4379">
    <p class='ocr_par' dir='ltr' id='par_1_123' title="bbox 2296 4312 3869 4379">
     <span class='ocr_line' id='line_1_124' title="bbox 2296 4312 3869 4379; baseline 0.006 -18"><span class='ocrx_word' id='word_1_816' title='bbox 2296 4316 2447 4376; x_wconf 85' lang='lat' dir='ltr'><strong>quasi</strong></span> <span class='ocrx_word' id='word_1_817' title='bbox 2477 4312 2623 4378; x_wconf 73' lang='lat' dir='ltr'><strong>regio</strong></span> <span class='ocrx_word' id='word_1_818' title='bbox 2655 4315 2890 4366; x_wconf 83' lang='lat' dir='ltr'><strong>facinore</strong></span> <span class='ocrx_word' id='word_1_819' title='bbox 2929 4324 3198 4368; x_wconf 83' lang='lat' dir='ltr'><strong>ostentare</strong></span> <span class='ocrx_word' id='word_1_820' title='bbox 3235 4314 3528 4379; x_wconf 82' lang='lat' dir='ltr'><strong>videbatur,</strong></span> <span class='ocrx_word' id='word_1_821' title='bbox 3556 4324 3613 4367; x_wconf 87' lang='lat' dir='ltr'><strong>ut</strong></span> <span class='ocrx_word' id='word_1_822' title='bbox 3640 4317 3714 4369; x_wconf 87' lang='lat' dir='ltr'><strong>ait</strong></span> <span class='ocrx_word' id='word_1_823' title='bbox 3742 4317 3869 4371; x_wconf 82' lang='lat' dir='ltr'><strong>Cor-</strong></span> 
     </span>
    </p>
   </div>
   <div class='ocr_carea' id='block_1_124' title="bbox 2298 4382 3071 4436">
    <p class='ocr_par' dir='ltr' id='par_1_124' title="bbox 2298 4382 3071 4436">
     <span class='ocr_line' id='line_1_125' title="bbox 2298 4382 3071 4436; baseline 0.003 -3"><span class='ocrx_word' id='word_1_824' title='bbox 2298 4383 2469 4436; x_wconf 90' lang='lat' dir='ltr'><strong>nelius</strong></span> <span class='ocrx_word' id='word_1_825' title='bbox 2489 4382 2658 4436; x_wconf 85' lang='lat' dir='ltr'><strong>Tacit.</strong></span> <span class='ocrx_word' id='word_1_826' title='bbox 2686 4383 2878 4435; x_wconf 84' lang='lat' dir='ltr'><strong>Annal.</strong></span> <span class='ocrx_word' id='word_1_827' title='bbox 2904 4383 2939 4435; x_wconf 93' lang='lat' dir='ltr'><strong>l.</strong></span> <span class='ocrx_word' id='word_1_828' title='bbox 2966 4399 3071 4436; x_wconf 80' lang='lat' dir='ltr'><strong>xvi.</strong></span> 
     </span>
    </p>
   </div>
   <div class='ocr_carea' id='block_1_125' title="bbox 2363 4451 3869 4523">
    <p class='ocr_par' dir='ltr' id='par_1_125' title="bbox 2363 4451 3869 4523">
     <span class='ocr_line' id='line_1_126' title="bbox 2363 4451 3869 4523; baseline 0.001 -18"><span class='ocrx_word' id='word_1_829' title='bbox 2363 4451 2440 4505; x_wconf 88' lang='lat' dir='ltr'><strong>Ne</strong></span> <span class='ocrx_word' id='word_1_830' title='bbox 2472 4463 2622 4520; x_wconf 87' lang='lat' dir='ltr'><strong>putes</strong></span> <span class='ocrx_word' id='word_1_831' title='bbox 2668 4452 2755 4505; x_wconf 90' lang='lat' dir='ltr'><strong>hic</strong></span> <span class='ocrx_word' id='word_1_832' title='bbox 2792 4452 3001 4518; x_wconf 59' lang='lat' dir='ltr'><strong>(lanios,</strong></span> <span class='ocrx_word' id='word_1_833' title='bbox 3034 4456 3274 4516; x_wconf 78' lang='lat' dir='ltr'><strong>Senecas,</strong></span> <span class='ocrx_word' id='word_1_834' title='bbox 3299 4464 3345 4507; x_wconf 80' lang='lat' dir='ltr'><strong>et</strong></span> <span class='ocrx_word' id='word_1_835' title='bbox 3386 4454 3613 4509; x_wconf 87' lang='lat' dir='ltr'><strong>Soranas</strong></span> <span class='ocrx_word' id='word_1_836' title='bbox 3658 4455 3869 4523; x_wconf 71' lang='lat' dir='ltr'><strong>signili-</strong></span> 
     </span>
    </p>
   </div>
   <div class='ocr_carea' id='block_1_126' title="bbox 2293 4524 3863 4591">
    <p class='ocr_par' dir='ltr' id='par_1_126' title="bbox 2293 4524 3863 4591">
     <span class='ocr_line' id='line_1_127' title="bbox 2293 4524 3863 4591; baseline 0.001 -17"><span class='ocrx_word' id='word_1_837' title='bbox 2293 4536 2418 4576; x_wconf 86' lang='lat' dir='ltr'><strong>care</strong></span> <span class='ocrx_word' id='word_1_838' title='bbox 2446 4524 2726 4576; x_wconf 84' lang='lat' dir='ltr'><strong>imitatores</strong></span> <span class='ocrx_word' id='word_1_839' title='bbox 2747 4532 2811 4577; x_wconf 92' lang='lat' dir='ltr'><strong>et-</strong></span> <span class='ocrx_word' id='word_1_840' title='bbox 2833 4540 3072 4588; x_wconf 83' lang='lat' dir='ltr'><strong>sequaces</strong></span> <span class='ocrx_word' id='word_1_841' title='bbox 3098 4524 3360 4590; x_wconf 86' lang='lat' dir='ltr'><strong>ejusmodi</strong></span> <span class='ocrx_word' id='word_1_842' title='bbox 3395 4525 3826 4591; x_wconf 61' lang='lat' dir='ltr'><strong>philosotiberutn</strong></span> <span class='ocrx_word' id='word_1_843' title='bbox 3847 4567 3863 4589; x_wconf 82' lang='lat'><strong>,</strong></span> 
     </span>
    </p>
   </div>
   <div class='ocr_carea' id='block_1_127' title="bbox 2297 4594 3867 4663">
    <p class='ocr_par' dir='ltr' id='par_1_127' title="bbox 2297 4594 3867 4663">
     <span class='ocr_line' id='line_1_128' title="bbox 2297 4594 3867 4663; baseline 0.005 -21"><span class='ocrx_word' id='word_1_844' title='bbox 2297 4594 2747 4659; x_wconf 81' lang='lat' dir='ltr'><strong>quemadmodum</strong></span> <span class='ocrx_word' id='word_1_845' title='bbox 2798 4596 3084 4646; x_wconf 84' lang='lat' dir='ltr'><strong>arbitratur</strong></span> <span class='ocrx_word' id='word_1_846' title='bbox 3129 4595 3362 4647; x_wconf 83' lang='lat' dir='ltr'><strong>Thomas</strong></span> <span class='ocrx_word' id='word_1_847' title='bbox 3412 4595 3665 4662; x_wconf 83' lang='lat' dir='ltr'><strong>Anglicus</strong></span> <span class='ocrx_word' id='word_1_848' title='bbox 3705 4611 3720 4647; x_wconf 92' lang='lat'><strong>:</strong></span> <span class='ocrx_word' id='word_1_849' title='bbox 3768 4596 3867 4663; x_wconf 80' lang='lat' dir='ltr'><strong>ipsi</strong></span> 
     </span>
    </p>
   </div>
   <div class='ocr_carea' id='block_1_128' title="bbox 2293 4664 3870 4735">
    <p class='ocr_par' dir='ltr' id='par_1_128' title="bbox 2293 4664 3870 4735">
     <span class='ocr_line' id='line_1_129' title="bbox 2293 4664 3870 4735; baseline 0.003 -20"><span class='ocrx_word' id='word_1_850' title='bbox 2293 4675 2418 4716; x_wconf 90' lang='lat' dir='ltr'><strong>sunt</strong></span> <span class='ocrx_word' id='word_1_851' title='bbox 2460 4664 2791 4730; x_wconf 77' lang='lat' dir='ltr'><strong>philosOplti,</strong></span> <span class='ocrx_word' id='word_1_852' title='bbox 2823 4665 2912 4730; x_wconf 90' lang='lat' dir='ltr'><strong>qui</strong></span> <span class='ocrx_word' id='word_1_853' title='bbox 2962 4678 3178 4735; x_wconf 86' lang='lat' dir='ltr'><strong>propter</strong></span> <span class='ocrx_word' id='word_1_854' title='bbox 3209 4665 3463 4730; x_wconf 87' lang='lat' dir='ltr'><strong>majorem</strong></span> <span class='ocrx_word' id='word_1_855' title='bbox 3507 4664 3728 4735; x_wconf 75' lang='grc' dir='ltr'><strong>ἔμφασιν</strong></span> <span class='ocrx_word' id='word_1_856' title='bbox 3771 4683 3870 4719; x_wconf 83' lang='lat' dir='ltr'><strong>nn-</strong></span> 
     </span>
    </p>
   </div>
   <div class='ocr_carea' id='block_1_129' title="bbox 2295 4734 3868 4802">
    <p class='ocr_par' dir='ltr' id='par_1_129' title="bbox 2295 4734 3868 4802">
     <span class='ocr_line' id='line_1_130' title="bbox 2295 4734 3868 4802; baseline 0.003 -18"><span class='ocrx_word' id='word_1_857' title='bbox 2295 4750 2441 4786; x_wconf 88' lang='lat' dir='ltr'><strong>mero</strong></span> <span class='ocrx_word' id='word_1_858' title='bbox 2472 4737 2662 4801; x_wconf 87' lang='lat' dir='ltr'><strong>plurali</strong></span> <span class='ocrx_word' id='word_1_859' title='bbox 2705 4738 3116 4802; x_wconf 75' lang='lat' dir='ltr'><strong>exprimuntur:</strong></span> <span class='ocrx_word' id='word_1_860' title='bbox 3150 4734 3238 4789; x_wconf 86' lang='lat' dir='ltr'><strong>Sic</strong></span> <span class='ocrx_word' id='word_1_861' title='bbox 3267 4737 3496 4790; x_wconf 88' lang='lat' dir='ltr'><strong>dicmtus</strong></span> <span class='ocrx_word' id='word_1_862' title='bbox 3525 4734 3868 4801; x_wconf 75' lang='lat' dir='ltr'><strong>Alexandros,</strong></span> 
     </span>
    </p>
   </div>
   <div class='ocr_carea' id='block_1_130' title="bbox 2291 4804 2748 4873">
    <p class='ocr_par' dir='ltr' id='par_1_130' title="bbox 2291 4804 2748 4873">
     <span class='ocr_line' id='line_1_131' title="bbox 2291 4804 2748 4873; baseline 0.007 -18"><span class='ocrx_word' id='word_1_863' title='bbox 2291 4804 2618 4873; x_wconf 77' lang='lat' dir='ltr'><strong>Augustines,</strong></span> <span class='ocrx_word' id='word_1_864' title='bbox 2641 4813 2748 4858; x_wconf 90' lang='lat' dir='ltr'><strong>etc.</strong></span> 
     </span>
    </p>
   </div>
   <div class='ocr_carea' id='block_1_131' title="bbox 2364 4880 3871 4953">
    <p class='ocr_par' dir='ltr' id='par_1_131' title="bbox 2364 4880 3871 4953">
     <span class='ocr_line' id='line_1_132' title="bbox 2364 4880 3871 4953; baseline 0.001 -15"><span class='ocrx_word' id='word_1_865' title='bbox 2364 4885 2383 4914; x_wconf 88' lang='grc'>⁷</span> <span class='ocrx_word' id='word_1_866' title='bbox 2415 4884 2615 4938; x_wconf 86' lang='lat' dir='ltr'><strong>Studiis</strong></span> <span class='ocrx_word' id='word_1_867' title='bbox 2653 4885 2925 4953; x_wconf 86' lang='lat' dir='ltr'><strong>impiorum</strong></span> <span class='ocrx_word' id='word_1_868' title='bbox 2976 4880 3350 4952; x_wconf 85' lang='lat' dir='ltr'><strong>dissimillimi.]</strong></span> <span class='ocrx_word' id='word_1_869' title='bbox 3382 4884 3583 4938; x_wconf 89' lang='lat' dir='ltr'><strong>Idcirco</strong></span> <span class='ocrx_word' id='word_1_870' title='bbox 3602 4885 3743 4938; x_wconf 86' lang='lat' dir='ltr'><strong>enim</strong></span> <span class='ocrx_word' id='word_1_871' title='bbox 3773 4886 3871 4939; x_wconf 84' lang='lat' dir='ltr'><strong>im-</strong></span> 
     </span>
    </p>
   </div>
   <div class='ocr_carea' id='block_1_132' title="bbox 2294 4953 3863 5022">
    <p class='ocr_par' dir='ltr' id='par_1_132' title="bbox 2294 4953 3863 5022">
     <span class='ocr_line' id='line_1_133' title="bbox 2294 4953 3863 5022; baseline 0.002 -16"><span class='ocrx_word' id='word_1_872' title='bbox 2294 4954 2446 5021; x_wconf 92' lang='lat' dir='ltr'><strong>probi</strong></span> <span class='ocrx_word' id='word_1_873' title='bbox 2470 4955 2592 5008; x_wconf 89' lang='lat' dir='ltr'><strong>odio</strong></span> <span class='ocrx_word' id='word_1_874' title='bbox 2616 4956 2809 5008; x_wconf 89' lang='lat' dir='ltr'><strong>habent</strong></span> <span class='ocrx_word' id='word_1_875' title='bbox 2841 4956 3057 5022; x_wconf 88' lang='lat' dir='ltr'><strong>probos,</strong></span> <span class='ocrx_word' id='word_1_876' title='bbox 3082 4953 3266 5021; x_wconf 86' lang='lat' dir='ltr'><strong>eisque</strong></span> <span class='ocrx_word' id='word_1_877' title='bbox 3287 4965 3502 5020; x_wconf 88' lang='lat' dir='ltr'><strong>nocent,</strong></span> <span class='ocrx_word' id='word_1_878' title='bbox 3527 4957 3650 5022; x_wconf 88' lang='lat' dir='ltr'><strong>quia</strong></span> <span class='ocrx_word' id='word_1_879' title='bbox 3676 4956 3863 5009; x_wconf 88' lang='lat' dir='ltr'><strong>bormu</strong></span> 
     </span>
    </p>
   </div>
   <div class='ocr_carea' id='block_1_133' title="bbox 2293 5024 3869 5094">
    <p class='ocr_par' dir='ltr' id='par_1_133' title="bbox 2293 5024 3869 5094">
     <span class='ocr_line' id='line_1_134' title="bbox 2293 5024 3869 5094; baseline 0.001 -15"><span class='ocrx_word' id='word_1_880' title='bbox 2293 5025 2611 5094; x_wconf 88' lang='lat' dir='ltr'><strong>illorumque</strong></span> <span class='ocrx_word' id='word_1_881' title='bbox 2633 5026 3005 5093; x_wconf 73' lang='lat' dir='ltr'><strong>cogitationes,</strong></span> <span class='ocrx_word' id='word_1_882' title='bbox 3034 5024 3327 5076; x_wconf 87' lang='lat' dir='ltr'><strong>locutiones</strong></span> <span class='ocrx_word' id='word_1_883' title='bbox 3354 5034 3408 5076; x_wconf 84' lang='lat' dir='ltr'><strong>et</strong></span> <span class='ocrx_word' id='word_1_884' title='bbox 3434 5041 3593 5093; x_wconf 88' lang='lat' dir='ltr'><strong>opera</strong></span> <span class='ocrx_word' id='word_1_885' title='bbox 3629 5028 3769 5080; x_wconf 88' lang='lat' dir='ltr'><strong>inter</strong></span> <span class='ocrx_word' id='word_1_886' title='bbox 3810 5045 3869 5080; x_wconf 88' lang='lat' dir='ltr'><strong>se</strong></span> 
     </span>
    </p>
   </div>
   <div class='ocr_carea' id='block_1_134' title="bbox 2293 5093 3867 5163">
    <p class='ocr_par' dir='ltr' id='par_1_134' title="bbox 2293 5093 3867 5163">
     <span class='ocr_line' id='line_1_135' title="bbox 2293 5093 3867 5163; baseline -0.001 -15"><span class='ocrx_word' id='word_1_887' title='bbox 2293 5105 2417 5148; x_wconf 84' lang='lat' dir='ltr'><strong>sunt</strong></span> <span class='ocrx_word' id='word_1_888' title='bbox 2445 5096 2714 5149; x_wconf 89' lang='lat' dir='ltr'><strong>contraria</strong></span> <span class='ocrx_word' id='word_1_889' title='bbox 2742 5113 2754 5147; x_wconf 87' lang='lat'><strong>:</strong></span> <span class='ocrx_word' id='word_1_890' title='bbox 2790 5094 3236 5163; x_wconf 84' lang='lat' dir='ltr'><strong>quemadmodum</strong></span> <span class='ocrx_word' id='word_1_891' title='bbox 3267 5093 3526 5149; x_wconf 85' lang='lat' dir='ltr'><strong>docemur</strong></span> <span class='ocrx_word' id='word_1_892' title='bbox 3556 5096 3867 5161; x_wconf 73' lang='lat' dir='ltr'><strong>Sapientia-,</strong></span> 
     </span>
    </p>
   </div>
   <div class='ocr_carea' id='block_1_135' title="bbox 2296 5165 3869 5235">
    <p class='ocr_par' dir='ltr' id='par_1_135' title="bbox 2296 5165 3869 5235">
     <span class='ocr_line' id='line_1_136' title="bbox 2296 5165 3869 5235; baseline 0.001 -17"><span class='ocrx_word' id='word_1_893' title='bbox 2296 5180 2331 5218; x_wconf 87' lang='lat' dir='ltr'><strong>tt</strong></span> <span class='ocrx_word' id='word_1_894' title='bbox 2357 5182 2371 5219; x_wconf 87' lang='lat'><strong>:</strong></span> <span class='ocrx_word' id='word_1_895' title='bbox 2402 5166 2863 5219; x_wconf 85' lang='lat' dir='ltr'><strong>Circumveniamns</strong></span> <span class='ocrx_word' id='word_1_896' title='bbox 2894 5180 3011 5235; x_wconf 77' lang='lat' dir='ltr'><strong>ergo</strong></span> <span class='ocrx_word' id='word_1_897' title='bbox 3030 5165 3231 5235; x_wconf 83' lang='lat' dir='ltr'><strong>justum</strong></span> <span class='ocrx_word' id='word_1_898' title='bbox 3250 5204 3263 5226; x_wconf 90' lang='lat'><strong>,</strong></span> <span class='ocrx_word' id='word_1_899' title='bbox 3292 5167 3535 5231; x_wconf 88' lang='lat' dir='ltr'><strong>quoniam</strong></span> <span class='ocrx_word' id='word_1_900' title='bbox 3572 5168 3767 5220; x_wconf 70' lang='lat' dir='ltr'><strong>inutilis</strong></span> <span class='ocrx_word' id='word_1_901' title='bbox 3798 5180 3869 5219; x_wconf 31' lang='lat' dir='ltr'><strong>est</strong></span> 
     </span>
    </p>
   </div>
   <div class='ocr_carea' id='block_1_136' title="bbox 2295 5235 3868 5307">
    <p class='ocr_par' dir='ltr' id='par_1_136' title="bbox 2295 5235 3868 5307">
     <span class='ocr_line' id='line_1_137' title="bbox 2295 5235 3868 5307; baseline 0.001 -20"><span class='ocrx_word' id='word_1_902' title='bbox 2295 5238 2457 5301; x_wconf 83' lang='lat' dir='ltr'><strong>nobis,</strong></span> <span class='ocrx_word' id='word_1_903' title='bbox 2491 5250 2538 5290; x_wconf 90' lang='lat' dir='ltr'><strong>et</strong></span> <span class='ocrx_word' id='word_1_904' title='bbox 2566 5237 2850 5307; x_wconf 83' lang='lat' dir='ltr'><strong>contrarius</strong></span> <span class='ocrx_word' id='word_1_905' title='bbox 2877 5251 2947 5287; x_wconf 79' lang='lat' dir='ltr'><strong>est</strong></span> <span class='ocrx_word' id='word_1_906' title='bbox 2978 5235 3213 5307; x_wconf 81' lang='lat' dir='ltr'><strong>operibus</strong></span> <span class='ocrx_word' id='word_1_907' title='bbox 3244 5236 3450 5301; x_wconf 81' lang='lat' dir='ltr'><strong>nostris,</strong></span> <span class='ocrx_word' id='word_1_908' title='bbox 3480 5247 3527 5289; x_wconf 90' lang='lat' dir='ltr'><strong>et</strong></span> <span class='ocrx_word' id='word_1_909' title='bbox 3558 5238 3868 5307; x_wconf 85' lang='lat' dir='ltr'><strong>improperat</strong></span> 
     </span>
    </p>
   </div>
   <div class='ocr_carea' id='block_1_137' title="bbox 2298 5305 3871 5377">
    <p class='ocr_par' dir='ltr' id='par_1_137' title="bbox 2298 5305 3871 5377">
     <span class='ocr_line' id='line_1_138' title="bbox 2298 5305 3871 5377; baseline 0 -20"><span class='ocrx_word' id='word_1_910' title='bbox 2298 5308 2439 5358; x_wconf 79' lang='lat' dir='ltr'><strong>nobis</strong></span> <span class='ocrx_word' id='word_1_911' title='bbox 2467 5317 2669 5377; x_wconf 69' lang='lat' dir='ltr'><strong>peccata</strong></span> <span class='ocrx_word' id='word_1_912' title='bbox 2695 5305 2843 5375; x_wconf 83' lang='lat' dir='ltr'><strong>legis,</strong></span> <span class='ocrx_word' id='word_1_913' title='bbox 2867 5315 2912 5358; x_wconf 79' lang='lat' dir='ltr'><strong>et</strong></span> <span class='ocrx_word' id='word_1_914' title='bbox 2934 5306 3175 5377; x_wconf 64' lang='lat' dir='ltr'><strong>dit/amat</strong></span> <span class='ocrx_word' id='word_1_915' title='bbox 3186 5306 3239 5377; x_wconf 86' lang='lat' dir='ltr'><strong>in</strong></span> <span class='ocrx_word' id='word_1_916' title='bbox 3254 5319 3568 5377; x_wconf 74' lang='lat' dir='ltr'><strong>nospeccata</strong></span> <span class='ocrx_word' id='word_1_917' title='bbox 3585 5305 3871 5377; x_wconf 68' lang='lat' dir='ltr'><strong>disc.pli_nas</strong></span> 
     </span>
    </p>
   </div>
   <div class='ocr_carea' id='block_1_138' title="bbox 2292 5372 3869 5443">
    <p class='ocr_par' dir='ltr' id='par_1_138' title="bbox 2292 5372 3869 5443">
     <span class='ocr_line' id='line_1_139' title="bbox 2292 5372 3869 5443; baseline 0.001 -15"><span class='ocrx_word' id='word_1_918' title='bbox 2292 5372 2500 5429; x_wconf 56' lang='lat' dir='ltr'><strong>nostra).</strong></span> <span class='ocrx_word' id='word_1_919' title='bbox 2519 5372 2777 5427; x_wconf 76' lang='lat' dir='ltr'><strong>Promittit</strong></span> <span class='ocrx_word' id='word_1_920' title='bbox 2797 5392 2850 5429; x_wconf 84' lang='lat' dir='ltr'><strong>se</strong></span> <span class='ocrx_word' id='word_1_921' title='bbox 2869 5377 3127 5429; x_wconf 84' lang='lat' dir='ltr'><strong>scientiam</strong></span> <span class='ocrx_word' id='word_1_922' title='bbox 3147 5375 3242 5428; x_wconf 88' lang='lat' dir='ltr'><strong>Dei</strong></span> <span class='ocrx_word' id='word_1_923' title='bbox 3266 5372 3467 5436; x_wconf 71' lang='lat' dir='ltr'><strong>habere,</strong></span> <span class='ocrx_word' id='word_1_924' title='bbox 3506 5387 3553 5429; x_wconf 85' lang='lat' dir='ltr'><strong>et</strong></span> <span class='ocrx_word' id='word_1_925' title='bbox 3591 5372 3754 5443; x_wconf 80' lang='lat' dir='ltr'><strong>ﬁliam</strong></span> <span class='ocrx_word' id='word_1_926' title='bbox 3777 5375 3869 5429; x_wconf 72' lang='lat' dir='ltr'><strong>Dei</strong></span> 
     </span>
    </p>
   </div>
   <div class='ocr_carea' id='block_1_139' title="bbox 2295 5443 3871 5517">
    <p class='ocr_par' dir='ltr' id='par_1_139' title="bbox 2295 5443 3871 5517">
     <span class='ocr_line' id='line_1_140' title="bbox 2295 5443 3871 5517; baseline -0.002 -19"><span class='ocrx_word' id='word_1_927' title='bbox 2295 5464 2351 5498; x_wconf 87' lang='lat' dir='ltr'><strong>se</strong></span> <span class='ocrx_word' id='word_1_928' title='bbox 2374 5447 2619 5498; x_wconf 88' lang='lat' dir='ltr'><strong>nominat.</strong></span> <span class='ocrx_word' id='word_1_929' title='bbox 2648 5443 2837 5517; x_wconf 67' lang='lat' dir='ltr'><strong>Factus</strong></span> <span class='ocrx_word' id='word_1_930' title='bbox 2856 5456 2927 5498; x_wconf 77' lang='lat' dir='ltr'><strong>est</strong></span> <span class='ocrx_word' id='word_1_931' title='bbox 2958 5445 3105 5498; x_wconf 84' lang='lat' dir='ltr'><strong>nobis</strong></span> <span class='ocrx_word' id='word_1_932' title='bbox 3131 5447 3181 5497; x_wconf 91' lang='lat' dir='ltr'><strong>in</strong></span> <span class='ocrx_word' id='word_1_933' title='bbox 3210 5448 3581 5499; x_wconf 82' lang='lat' dir='ltr'><strong>traductionem</strong></span> <span class='ocrx_word' id='word_1_934' title='bbox 3606 5451 3871 5517; x_wconf 77' lang='lat' dir='ltr'><strong>cogitatio-</strong></span> 
     </span>
    </p>
   </div>
   <div class='ocr_carea' id='block_1_140' title="bbox 2297 5515 3869 5582">
    <p class='ocr_par' dir='ltr' id='par_1_140' title="bbox 2297 5515 3869 5582">
     <span class='ocr_line' id='line_1_141' title="bbox 2297 5515 3869 5582; baseline 0 -15"><span class='ocrx_word' id='word_1_935' title='bbox 2297 5533 2415 5569; x_wconf 85' lang='lat' dir='ltr'><strong>num</strong></span> <span class='ocrx_word' id='word_1_936' title='bbox 2448 5526 2756 5568; x_wconf 79' lang='lat' dir='ltr'><strong>nostrarum.</strong></span> <span class='ocrx_word' id='word_1_937' title='bbox 2798 5515 2979 5570; x_wconf 82' lang='lat' dir='ltr'><strong>Gravis</strong></span> <span class='ocrx_word' id='word_1_938' title='bbox 3004 5527 3074 5567; x_wconf 78' lang='lat' dir='ltr'><strong>cst</strong></span> <span class='ocrx_word' id='word_1_939' title='bbox 3105 5518 3245 5568; x_wconf 85' lang='lat' dir='ltr'><strong>nobis</strong></span> <span class='ocrx_word' id='word_1_940' title='bbox 3274 5518 3423 5568; x_wconf 88' lang='lat' dir='ltr'><strong>etiam</strong></span> <span class='ocrx_word' id='word_1_941' title='bbox 3454 5520 3523 5569; x_wconf 85' lang='lat' dir='ltr'><strong>ad</strong></span> <span class='ocrx_word' id='word_1_942' title='bbox 3559 5515 3831 5569; x_wconf 59' lang='lat' dir='ltr'><strong>uidendum</strong></span> <span class='ocrx_word' id='word_1_943' title='bbox 3852 5561 3869 5582; x_wconf 73' lang='lat'><strong>,</strong></span> 
     </span>
    </p>
   </div>
   <div class='ocr_carea' id='block_1_141' title="bbox 2293 5587 3868 5653">
    <p class='ocr_par' dir='ltr' id='par_1_141' title="bbox 2293 5587 3868 5653">
     <span class='ocr_line' id='line_1_142' title="bbox 2293 5587 3868 5653; baseline -0.001 -17"><span class='ocrx_word' id='word_1_944' title='bbox 2293 5590 2533 5653; x_wconf 79' lang='lat' dir='ltr'><strong>quoniam</strong></span> <span class='ocrx_word' id='word_1_945' title='bbox 2578 5588 2840 5639; x_wconf 53' lang='lat' dir='ltr'><strong>dissimilis</strong></span> <span class='ocrx_word' id='word_1_946' title='bbox 2880 5598 2951 5640; x_wconf 85' lang='lat' dir='ltr'><strong>est</strong></span> <span class='ocrx_word' id='word_1_947' title='bbox 3001 5587 3119 5639; x_wconf 84' lang='lat' dir='ltr'><strong>aliis</strong></span> <span class='ocrx_word' id='word_1_948' title='bbox 3166 5592 3262 5639; x_wconf 76' lang='lat' dir='ltr'><strong>vita</strong></span> <span class='ocrx_word' id='word_1_949' title='bbox 3308 5588 3468 5651; x_wconf 78' lang='lat' dir='ltr'><strong>illius,</strong></span> <span class='ocrx_word' id='word_1_950' title='bbox 3500 5598 3546 5640; x_wconf 74' lang='lat' dir='ltr'><strong>tt</strong></span> <span class='ocrx_word' id='word_1_951' title='bbox 3587 5590 3868 5641; x_wconf 76' lang='lat' dir='ltr'><strong>immutata</strong></span> 
     </span>
    </p>
   </div>
   <div class='ocr_carea' id='block_1_142' title="bbox 2289 5658 3869 5726">
    <p class='ocr_par' dir='ltr' id='par_1_142' title="bbox 2289 5658 3869 5726">
     <span class='ocr_line' id='line_1_143' title="bbox 2289 5658 3869 5726; baseline 0.001 -17"><span class='ocrx_word' id='word_1_952' title='bbox 2289 5669 2406 5709; x_wconf 81' lang='lat' dir='ltr'><strong>sunt</strong></span> <span class='ocrx_word' id='word_1_953' title='bbox 2439 5660 2529 5707; x_wconf 70' lang='lat' dir='ltr'><strong>rite</strong></span> <span class='ocrx_word' id='word_1_954' title='bbox 2568 5660 2697 5725; x_wconf 77' lang='lat' dir='ltr'><strong>r&#39;jns.</strong></span> <span class='ocrx_word' id='word_1_955' title='bbox 2741 5658 3006 5726; x_wconf 85' lang='lat' dir='ltr'><strong>Tanquam</strong></span> <span class='ocrx_word' id='word_1_956' title='bbox 3041 5674 3261 5725; x_wconf 83' lang='lat' dir='ltr'><strong>nugaces</strong></span> <span class='ocrx_word' id='word_1_957' title='bbox 3301 5660 3538 5711; x_wconf 79' lang='lat' dir='ltr'><strong>trslitnati</strong></span> <span class='ocrx_word' id='word_1_958' title='bbox 3587 5676 3760 5711; x_wconf 78' lang='lat' dir='ltr'><strong>sumus</strong></span> <span class='ocrx_word' id='word_1_959' title='bbox 3806 5664 3869 5710; x_wconf 75' lang='lat' dir='ltr'><strong>alt</strong></span> 
     </span>
    </p>
   </div>
   <div class='ocr_carea' id='block_1_143' title="bbox 2288 5729 3868 5794">
    <p class='ocr_par' dir='ltr' id='par_1_143' title="bbox 2288 5729 3868 5794">
     <span class='ocr_line' id='line_1_144' title="bbox 2288 5729 3868 5794; baseline -0.003 -15"><span class='ocrx_word' id='word_1_960' title='bbox 2288 5729 2379 5779; x_wconf 88' lang='lat' dir='ltr'><strong>illo</strong></span> <span class='ocrx_word' id='word_1_961' title='bbox 2403 5746 2421 5781; x_wconf 88' lang='lat'><strong><em>:</em></strong></span> <span class='ocrx_word' id='word_1_962' title='bbox 2447 5738 2492 5781; x_wconf 83' lang='lat' dir='ltr'><strong>et</strong></span> <span class='ocrx_word' id='word_1_963' title='bbox 2519 5731 2732 5780; x_wconf 67' lang='lat' dir='ltr'><strong>abstinet</strong></span> <span class='ocrx_word' id='word_1_964' title='bbox 2762 5745 2815 5780; x_wconf 83' lang='lat' dir='ltr'><strong>sc</strong></span> <span class='ocrx_word' id='word_1_965' title='bbox 2834 5745 2865 5780; x_wconf 93' lang='lat' dir='ltr'><strong>a</strong></span> <span class='ocrx_word' id='word_1_966' title='bbox 2886 5731 2977 5781; x_wconf 84' lang='lat' dir='ltr'><strong>viis</strong></span> <span class='ocrx_word' id='word_1_967' title='bbox 3006 5729 3191 5781; x_wconf 87' lang='lat' dir='ltr'><strong>nostris</strong></span> <span class='ocrx_word' id='word_1_968' title='bbox 3222 5738 3460 5794; x_wconf 69' lang='lat' dir='ltr'><strong>tanquam</strong></span> <span class='ocrx_word' id='word_1_969' title='bbox 3498 5729 3560 5781; x_wconf 91' lang='lat' dir='ltr'><strong>ab</strong></span> <span class='ocrx_word' id='word_1_970' title='bbox 3589 5732 3868 5781; x_wconf 67' lang='lat' dir='ltr'><strong>immuniti—</strong></span> 
     </span>
    </p>
   </div>
   <div class='ocr_carea' id='block_1_144' title="bbox 2288 5799 3871 5870">
    <p class='ocr_par' dir='ltr' id='par_1_144' title="bbox 2288 5799 3871 5870">
     <span class='ocr_line' id='line_1_145' title="bbox 2288 5799 3871 5870; baseline 0.001 -20"><span class='ocrx_word' id='word_1_971' title='bbox 2288 5800 2389 5865; x_wconf 84' lang='lat' dir='ltr'><strong>tiis,</strong></span> <span class='ocrx_word' id='word_1_972' title='bbox 2417 5808 2463 5851; x_wconf 87' lang='lat' dir='ltr'><strong>et</strong></span> <span class='ocrx_word' id='word_1_973' title='bbox 2486 5803 2694 5867; x_wconf 79' lang='lat' dir='ltr'><strong>pra-fert</strong></span> <span class='ocrx_word' id='word_1_974' title='bbox 2716 5799 2989 5853; x_wconf 78' lang='lat' dir='ltr'><strong>novissima</strong></span> <span class='ocrx_word' id='word_1_975' title='bbox 3007 5799 3298 5867; x_wconf 82' lang='lat' dir='ltr'><strong>justorunt,</strong></span> <span class='ocrx_word' id='word_1_976' title='bbox 3326 5810 3370 5852; x_wconf 89' lang='lat' dir='ltr'><strong>et</strong></span> <span class='ocrx_word' id='word_1_977' title='bbox 3391 5799 3643 5870; x_wconf 83' lang='lat' dir='ltr'><strong>gloriatur</strong></span> <span class='ocrx_word' id='word_1_978' title='bbox 3669 5812 3871 5868; x_wconf 58' lang='lat' dir='ltr'><strong>patrum</strong></span> 
     </span>
    </p>
   </div>
   <div class='ocr_carea' id='block_1_145' title="bbox 2285 5870 2758 5925">
    <p class='ocr_par' dir='ltr' id='par_1_145' title="bbox 2285 5870 2758 5925">
     <span class='ocr_line' id='line_1_146' title="bbox 2285 5870 2758 5925; baseline 0.004 -3"><span class='ocrx_word' id='word_1_979' title='bbox 2285 5886 2337 5924; x_wconf 83' lang='lat' dir='ltr'><strong>se</strong></span> <span class='ocrx_word' id='word_1_980' title='bbox 2365 5871 2544 5925; x_wconf 84' lang='lat' dir='ltr'><strong>habere</strong></span> <span class='ocrx_word' id='word_1_981' title='bbox 2578 5870 2758 5924; x_wconf 88' lang='lat' dir='ltr'><strong>Deum.</strong></span> 
     </span>
    </p>
   </div>
  </div>
