4292 6262
597 377 691 430 fill

743 493 995 547 Invictum
1042 495 1210 562 potuit
1237 504 1419 546 tenere
1451 491 1654 543 vultum
1681 505 1695 548 ;

633 584 666 633 ὅ
743 583 854 636 Non
884 582 1029 638 illum
1055 583 1229 636 rabies
1253 583 1519 650 minaeque
1544 579 1686 648 ponti

743 674 963 730 Versum
988 675 1225 729 funditus
1254 673 1538 728 excitantis
1564 681 1752 726 aestum
1774 713 1789 733 ,

737 765 845 820 Nec
867 767 1036 833 ruptis
1061 767 1268 835 quoties
1291 780 1454 834 vagus
1475 765 1701 818 caminis

736 859 844 930 39
869 859 1102 912 Toroiiet
1125 857 1387 912 fiunilicos
1418 857 1653 911 Vesevus
1692 855 1864 924 ignes,

1827 372 1935 426 AN.
1979 369 2184 425 MANL.
2230 367 2378 423 SEV.
2421 363 2641 419 BOETlI

2212 491 2262 548 Α

3764 358 3869 412 διε

2435 485 2536 537 Aut
2559 480 2728 536 celsas
2757 475 2902 530 soliti
2931 474 3089 529 ferire
3115 472 3306 526 lurreis

2291 575 2357 628 lli
2430 571 2681 626 Ardentis
2711 569 2794 620 via
2819 563 3054 618 fulminis
3085 563 3342 617 movebit.

2429 664 2538 736 ω
2564 661 2700 729 Quid
2728 667 2928 712 tantum
2961 657 3142 711 miseri
3169 658 3306 710 feros
3339 664 3594 726 tyrannos

2435 758 2695 812 Mirantur
2725 752 2843 807 sine
2867 751 3073 805 viribus
3111 749 3409 804 furenteis?

1943 938 2527 996 INTERPRETATIO.

598 1043 937 1104 indomitam;
988 1042 1122 1095 hunc
1149 1057 1249 1093 non
1279 1039 1570 1094 sollicitabit
1600 1047 1685 1090 aut
1734 1039 1879 1105 {uror
1916 1044 2176 1101 terrorque

598 1114 756 1165 utaris
776 1113 1012 1182 agitantis
1039 1129 1258 1165 summos
1282 1112 1508 1179 imosque
1534 1113 1723 1182 [luctus
1752 1123 1895 1168 suos,
1919 1115 2005 1157 aut
2031 1119 2176 1182 mo‘ns

606 1176 869 1245 Vesuvius,
901 1199 1012 1234 cum
1040 1183 1325 1234 incbnstans
1355 1176 1540 1233 emittit
1557 1181 1790 1252 flammas
1813 1182 2066 1252 fumantes
2099 1176 2176 1252 fa:

599 1264 679 1306 clo
708 1255 878 1317 exitu,
913 1264 1000 1304 aut
1031 1253 1126 1306 iter
1167 1252 1396 1316 fulminis
1447 1251 1646 1303 accensi
1675 1288 1686 1308 .
1739 1247 1877 1316 quod
1927 1247 2177 1298 consuevit

2278 1040 2541 1100 percutere
2563 1027 2670 1081 alta
2705 1026 2948 1096 triti/icio.
2970 1024 3087 1100 ‘Cur
3112 1025 3337 1100 infelices
3361 1027 3661 1100 inistiipent
3694 1037 3869 1100 tyran-

2287 1095 2378 1154 nos
2409 1099 2663 1163 crudeles,
2690 1095 2928 1152 accensos
2956 1097 3130 1166 furore.
3162 1098 3322 1149 inani.
3359 1095 3506 1148 Nihil
3528 1095 3689 1166 optes,
3716 1095 3871 1151 nihil-

2282 1188 2379 1238 que
2405 1180 2616 1232 metuas,
2643 1180 2860 1238 tumque
2888 1166 3175 1221 exarmabis
3205 1169 3428 1235 furorem
3460 1165 3693 1232 c/frmati'
3720 1170 3868 1236 infir-

2132 1348 2362 1407 ΝΟΤᾹΞ.

600 1473 778 1513 rarum
808 1455 1043 1520 erigatur
1079 1475 1088 1507 :
1148 1456 1340 1523 legitur
1359 1469 1422 1509 ex
1456 1455 1630 1516 vultu,
1665 1453 1756 1520 qui
1789 1467 1922 1523 cum
1956 1463 2056 1503 nec
2085 1447 2177 1500 tri-

599 1528 1004 1588 stioradversis,
1029 1541 1126 1580 nec
1151 1521 1370 1580 hilarior
1399 1524 1650 1579 secundis
1678 1525 1791 1585 fiat,
1820 1521 2037 1575 invictus
2069 1534 2181 1570 uri-

599 1611 712 1654 net.
747 1599 859 1650 Non
895 1612 1112 1663 possum
1162 1606 1338 1649 tacere
1374 1596 1540 1649 verba
1585 1594 1823 1655 lloratii,
1872 1607 1926 1645 ιιι
1973 1590 2178 1649 Carm.,

589 1669 706 1735 .od.,
743 1670 796 1729 5.
823 1669 1068 1734 quamvis
1088 1667 1340 1719 omnibus
1363 1675 1510 1729 nota,

783 1757 971 1806 Justum
997 1766 1047 1806 et
1069 1765 1290 1807 tenacem
1313 1759 1550 1817 propositi
1581 1757 1752 1810 virum,

779 1818 882 1867 Non
909 1822 1086 1868 civium
1110 1818 1251 1866 ardor
1278 1817 1736 1878 praxajubentium,

782 1879 886 1926 Non
910 1881 1070 1926 vultus
1092 1882 1324 1928 instantis
1349 1881 1541 1939 tyranni

783 1942 949 1988 Mente
973 1944 1128 2001 quatit
1148 1939 1320 1998 Soliila,
1350 1952 1513 2000 neque
1539 1939 1720 1986 Auster

782 2003 886 2049 lius
917 2004 1130 2063 inquieti
1155 2002 1378 2050 turbidus
1401 2003 1585 2063 Adrize,

783 2063 886 2112 Nec
903 2062 1204 2112 fulminantis
1222 2075 1394 2121 magna
1410 2062 1548 2110 Jovis
1572 2072 1744 2110 manus
1771 2073 1781 2107 ε

847 2125 904 2172 Si
930 2123 1112 2172 fractus
1137 2123 1359 2172 illabatur
1384 2125 1519 2171 orbis

884 2184 1210 2248 .Impavidum
1235 2183 1418 2234 ferient
1441 2187 1614 2233 rttinze.

675 2266 724 2320 5.
757 2265 876 2322 Non
909 2267 1055 2321 illum
1080 2268 1244 2321 rabies
1273 2267 1523 2335 minorque
1567 2264 1728 2332 ponti.
1758 2261 1778 2334 ]
1809 2261 1848 2335 lg.
1887 2261 2030 2316 Mare
2060 2273 2187 2335 ven-—

607 2337 677 2391 tis
729 2337 1026 2407 praesertim
1057 2338 1315 2406 agitatum
1356 2330 1735 2404 turbatumque
1757 2330 1909 2407 A'adeo
1950 2330 2188 2385 terribile

598 2417 699 2470 est,
729 2405 786 2460 iit
815 2408 943 2461 viris
971 2405 1130 2461 etiam
1164 2407 1479 2461 fortissimis
1512 2415 1711 2460 metum
1756 2405 2000 2456 incutere
2030 2415 2187 2469 posse

599 2478 841 2532 videatur
867 2495 880 2530 :
910 2477 1054 2532 unde
1085 2477 1360 2541 Horatius,
1392 2477 1574 2529 Carm.
1611 2476 1648 2528 l.
1682 2491 1719 2537 t,
1745 2473 1837 2529 od.
1867 2473 1901 2528 ’5
1936 2491 1948 2524 2

904 2565 982 2618 llli
1007 2567 1154 2616 robur
1180 2573 1233 2616 et
1250 2579 1319 2615 aes
1343 2565 1523 2626 triplex

777 2628 925 2690 Circa
937 2637 1109 2690 pectus
1131 2635 1255 2687 erat,
1280 2631 1364 2690 qui
1391 2625 1613 2690 fragilem
1631 2628 1756 2674 truci

903 2689 1154 2739 Commisit
1168 2689 1342 2749 pelago
1358 2689 1514 2738 ratein

779 2750 989 2812 Primus,
1011 2765 1105 2800 nec
1128 2747 1299 2802 timuit
1316 2752 1621 2811 praecipitem
1634 2747 1846 2798 Africum

901 2811 1248 2862 Decertantem
1265 2811 1580 2873 aquilonibus

779 2872 1068 2924 Necstristes
1090 2873 1299 2936 Hyadas,
1315 2871 1421 2922 'uec
1446 2874 1638 2922 rabiem
1661 2871 1791 2921 Noli.

671 2953 807 3010 Hinc
833 2954 1087 3008 dicuntur
1126 2955 1292 3008 rabies
1325 2954 1575 3021 minasque
1607 2954 1772 3006 maris
1799 2969 1812 3004 :
1849 2949 2026 3021 rabies
2066 2948 2185 3017 qui~

600 3026 747 3085 dem,
773 3024 915 3093 quod
948 3039 1098 3078 more
1138 3026 1308 3078 rabidi
1345 3020 1639 3078 furentisve
1669 3023 1819 3093 canis
1847 3020 1952 3074 huc
1981 3028 2038 3073 et
2059 3021 2185 3074 illuc

599 3091 835 3161 rapiatur
863 3112 876 3147 :
910 3096 1065 3148 mina:
1090 3109 1238 3160 vero,
1266 3093 1408 3164 quod
1434 3093 1695 3164 sublimes
1726 3091 1922 3164 fluctus
1955 3099 2181 3144 mortem

599 3165 880 3218 intentent.
945 3164 1035 3220 Sic
1059 3167 1200 3218 enim
1235 3162 1415 3233 Virgil.
1447 3180 1463 3216 ι
1497 3162 1648 3225 Em,
1683 3179 1730 3215 v.
1772 3162 1872 3216 166
1904 3181 1918 3216 :

717 3256 842 3318 illnc
864 3263 1012 3318 atque
1037 3257 1148 3305 hinc
1171 3266 1317 3306 vasta!
1338 3269 1489 3318 rupes
1512 3257 1793 3317 geminique
1814 3255 2058 3303 minantur

722 3316 773 3364 In
796 3316 971 3365 ea‘luin
996 3319 1197 3380 scopuli.

599 3398 750 3470 Atqui
773 3398 1003 3470 quisquis
1037 3400 1252 3467 pedibus
1283 3399 1494 3470 subjecit
1531 3401 1730 3470 fatum,
1762 3397 1854 3470 ille
1884 3397 1989 3470 his
2019 3395 2181 3470 maris

599 3467 850 3533 periculis
883 3484 989 3521 non
1023 3482 1268 3522 mutetur
1299 3487 1312 3521 ε
1340 3467 1482 3538 quod
1529 3473 1642 3523 haec
1672 3468 1806 3522 nihil
1846 3467 1992 3520 aliud
2043 3469 2176 3538 sint,

599 3553 750 3603 quam
792 3539 1048 3606 praesagia
1096 3542 1309 3602 mortis,
1342 3537 1501 3608 quam
1539 3538 1630 3592 ille
1667 3540 1982 3608 contemnit.
2042 3537 2182 3590 Marc

598 3617 778 3675 autem
793 3609 984 3675 vocari
1011 3618 1220 3671 pontum
1257 3607 1629 3675 jatnldiximns
1689 3617 1819 3661 met.
1843 3607 1901 3671 2,
1935 3624 1986 3660 v.
2020 3608 2106 3661 14.

665 3677 728 3729 8.
765 3674 1001 3730 Vesevus.
1035 3676 1052 3746 ~|
1099 3678 1160 3731 Il.
1194 3674 1360 3731 'l‘erra
1400 3681 1594 3735 etiam.
1640 3693 1702 3732 ea
1734 3677 2032 3747 praesertim
2061 3691 2183 3743 qua:

596 3761 627 3800 e
655 3761 754 3799 suo
777 3748 895 3800 sinu
920 3749 1113 3800 emittit
1145 3751 1315 3814 ignes.
1347 3748 1604 3801 terribilis
1629 3759 1710 3800 est
1739 3765 1752 3800 :
1803 3763 1976 3816 neque
2003 3756 2179 3800 tamen

599 3821 733 3868 lianc
757 3855 772 3876 ,
803 3832 1025 3885 propter
1053 3817 1363 3883 praedictam
1396 3819 1680 3881 rationein,
1738 3822 1930 3871 metuit
1967 3818 2056 3886 qui
2086 3818 2180 3869 sub

599 3886 804 3953 pedibus
833 3889 968 3939 dedit
1002 3887 1188 3954 fatum.
1242 3888 1560 3957 llujnsmntli
1593 3899 1678 3942 est
1702 3888 1958 3941 Vesevus.
2015 3887 2181 3940 Vese-

601 3972 698 4027 vus
722 3969 897 4010 autem
923 3959 1012 4027 qui
1037 3968 1090 4010 et
1124 3957 1405 4022 Vesuvius,
1440 3973 1595 4012 mons
1621 3966 1706 4012 est
1725 3959 2036 4021 Campania:
2061 3973 2183 4022 pro-

600 4043 662 4092 pe
687 4026 894 4090 Nolam,
915 4026 980 4082 ex
1001 4028 1150 4096 cujus
1174 4030 1456 4082 cacumine
1476 4030 1672 4097 saepius
1690 4038 1980 4094 erumpunt
2009 4031 2174 4094 ignes,

598 4108 770 4150 morie
793 4099 1084 4162 prii-serum
1108 4098 1262 4151 Plinii
1296 4098 1522 4152 infames
1550 4115 1561 4150 :
1595 4099 1742 4152 aiunt
1769 4101 1916 4152 enim
1941 4099 2182 4152 celeber-

598 4169 790 4221 rimum
820 4167 960 4220 hunc
987 4177 1260 4222 auctorem
1281 4209 1295 4232 ,
1327 4170 1418 4238 qui
1455 4169 1810 4237 cognoscendi
1859 4169 2015 4232 hujus
2044 4170 2180 4233 ignis

600 4239 775 4292 studio
797 4252 862 4291 eo
885 4252 945 4292 se
973 4241 1295 4300 coitulerat,
1327 4240 1474 4292 fumo
1501 4239 1843 4307 flammisque
1871 4238 1992 4292 inde
2018 4241 2181 4292 emis-

600 4310 670 4360 sis
697 4309 1018 4363 exstinctum
1070 4309 1256 4362 fuisse.
1289 4309 1457 4377 Hujus
1486 4311 1685 4362 montis
1730 4309 1972 4363 meminit
2005 4309 2178 4375 Virgi-

599 4379 700 4430 lius
725 4395 774 4501 ἂι
802 4380 1026 4447 Georg,
1080 4395 1132 4431 v.
1176 4379 1316 4443 224,
1367 4380 1458 4434 tibi
1495 4381 1614 4448 ejus
1657 4379 1984 4434 fertilitatem
2026 4393 2176 4433 com-

600 4463 719 4501 tnen
763 4459 836 4501 at.

600 4459 836 4502 mendat.

719 4541 887 4591 Talem
913 4540 1052 4588 dives
1069 4548 1172 4589 arat
1193 4540 1354 4602 Capua
1376 4549 1426 4590 et
1446 4541 1598 4589 vicina
1623 4540 1819 4590 Vesevo

717 4603 815 4652 Ora
832 4603 968 4664 jug‘o.

669 4684 819 4748 Ignes
845 4684 1060 4753 quidem
1108 4683 1295 4738 Vesevi
1327 4693 1451 4737 sunt
1480 4684 1695 4754 fumi/iri
1725 4699 1742 4736 :
1772 4684 1892 4747 quia
1931 4686 2178 4738 oriuntur

597 4773 657 4807 es
697 4757 938 4808 terreStri
966 4755 1328 4817 exhalatione,
1361 4769 1480 4823 qua:
1507 4756 1741 4822 quamliu
1772 4754 1931 4808 teri-is
1971 4755 2175 4808 inclusa

598 4825 974 4894 i-oiwriugitur
999 4869 1013 4887 ,
1063 4824 1238 4876 fumus
1278 4833 1394 4886 est,
1441 4833 1496 4878 at
1538 4825 1757 4878 liberius
1803 4839 1898 4893 per
1925 4840 2046 4880 aera
2078 4826 2178 4878 iter

599 4907 753 4947 nacta
783 4896 1049 4947 flammam
1071 4894 1324 4962 concipit,
1341 4897 1518 4948 statim
1539 4904 1756 4962 propter
1769 4896 2026 4962 majorem
2050 4910 2173 4964 par-

599 4967 730 5017 tium
763 4966 1158 5018 concretionem
1189 4965 1469 5033 pristinam
1525 4965 1652 5017 tuini
1695 4965 1921 5017 formam
1961 4980 2174 5018 resum-

599 5046 752 5098 ptnra
785 5051 798 5085 :
831 5045 1108 5101 propterea
1137 5049 1202 5085 ex
1226 5051 1283 5086 ea
1316 5045 1518 5098 monte,
1573 5044 1629 5085 ut
1656 5037 1803 5086 aiunt
1831 5035 2162 5088 Conimbric.

603 5106 821 5157 Mereor.
856 5112 1009 5155 tract.
1036 5104 1130 5165 12,
1160 5119 1278 5172 cap.
1308 5105 1372 5168 5,
1398 5104 1674 5174 aliquando
1699 5105 1854 5157 nubes
1895 5105 2168 5157 ascendere

603 5175 709 5253 fisa
727 5181 800 5224 est
819 5212 834 5233 .
865 5187 978 5253 qua:
1005 5174 1109 5236 pini
1143 5174 1529 5253 similitudinem
1556 5185 1601 5227 et
1627 5178 1847 5253 formam
1888 5174 2162 5253 referebat.

601 5249 666 5295 At
699 5248 848 5310 ignes
896 5242 948 5294 lii
996 5257 1101 5295 non
1131 5247 1383 5304 emit-aut.
1434 5245 1532 5297 nisi
1570 5242 1735 5301 ruptis
1774 5242 2019 5305 caminis,
2052 5245 2166 5296 sive

601 5314 747 5366 exitu
769 5314 868 5366 sibi
895 5311 1062 5364 facto:
1088 5314 1337 5380 quoniam
1360 5318 1403 5367 si
1432 5315 1720 5376 exhalatio,
1749 5313 1997 5380 prteilicta
2030 5314 2167 5383 ignis

610 5384 930 5438 subterranei
964 5383 1206 5447 materia,
1235 5383 1372 5434 viain
1402 5384 1695 5437 invenisset
1731 5384 1954 5446 factam;
1989 5383 2041 5437 in
2071 5398 2169 5436 au-

605 5468 691 5506 ras
721 5455 894 5522 potius
925 5452 1163 5520 abiissct,
1195 5467 1349 5520 quam
1383 5455 1433 5507 in
1465 5455 1637 5521 igni-in
1668 5470 1682 5506 :
1711 5455 1852 5522 quod
1881 5469 2003 5506 cum
2049 5453 2162 5519 fiat,

606 5525 913 5588 iiiteri-u,.tis
931 5523 1154 5581 vicibus.
1184 5532 1462 5592 propterea
1492 5539 1644 5577 mons
1672 5525 1760 5577 ille
1785 5538 1924 5578 nunc
1947 5534 2172 5577 vocatur

601 5609 755 5645 vatius
762 5631 775 5645 ο

665 5612 775 5715 τᾶ.
804 5661 900 5713 Via
944 5662 1193 5730 fulminis.
1223 5660 1242 5731 1
1281 5661 1366 5714 Ill.
1392 5661 1624 5728 Cretum,
1656 5663 1956 5730 prieseriim
1991 5660 2174 5715 fulmi-

605 5745 758 5791 naiis,
789 5732 1028 5800 aile0que
1055 5732 1346 5797 fulgurans,
1375 5743 1425 5785 et
1453 5737 1650 5786 tonans
1676 5736 1907 5786 maxime
1929 5732 2171 5786 terribile

605 5811 712 5863 est;
775 5802 914 5867 quod
962 5811 1277 5868 praesentem
1309 5805 1572 5856 intentare
1623 5811 1849 5857 mortem
1901 5802 2160 5855 videatur.

2287 1443 2422 1496 Ilinc
2441 1441 2532 1509 qui
2577 1440 2736 1509 malm
2760 1439 3104 1492 conscientiae
3125 1439 3355 1493 stimulis
3383 1439 3495 1493 sive
3521 1442 3693 1507 potius
3723 1441 3870 1494 luiiis

2286 1508 2582 1580 agitantur,
2614 1510 2686 1580 ί1ιὶ
2721 1508 2942 1561 fulmina
2977 1509 3274 1574 praecipue,
3303 1509 3544 1575 adeoque
3591 1512 3864 1565 fulminum

2289 1581 2573 1650 prirsaeia,
2603 1579 2808 1648 fulgura
2841 1591 2894 1631 et
2918 1581 3149 1650 tonitrua
3176 1590 3419 1632 metuunt
3447 1620 3459 1631 .
3488 1580 3626 1634 sicut
3653 1581 3715 1634 C.
3750 1580 3865 1636 Ca2-

2289 1649 2379 1707 Sar
2407 1650 2639 1717 Caligula
2662 1691 2675 1714 ,
2705 1651 2816 1718 qui,
2840 1662 2894 1702 ut
2945 1649 3179 1717 loquitur
3207 1651 3516 1708 Suetonius.
3564 1653 3682 1704 deos
3705 1661 3870 1706 tanto-

2295 1739 2411 1790 pere
2431 1729 2787 1782 eontemneret,
2817 1719 2885 1772 ad
2907 1719 3114 1772 minima
3149 1722 3375 1773 tonitrua
3405 1730 3449 1773 et
3477 1721 3682 1789 fulgura
3699 1726 3869 1775 conni-

2223 1821 2265 1878 Β
2293 1810 2423 1854 vere,
2457 1800 2622 1878 caput.
2653 1791 2943 1878 obuoluere;
2995 1790 3064 1842 ad
3103 1805 3222 1878 pero
3257 1790 3458 1878 maiora
3501 1792 3824 1873 proriperese
3847 1810 3870 1845 e

2293 1875 2486 1921 straro.
2520 1859 2633 1914 sub
2662 1859 2945 1928 lectumque
2987 1861 3202 1913 condere
3238 1859 3430 1915 solebat
3461 1859 3671 1915 :‘sicut
3709 1864 3870 1914 etiam

2293 1933 2518 2003 quilibet
2548 1931 2772 1996 impius,
2815 1930 3014 1997 judicio
3052 1930 3328 1984 Juvenalis
3360 1931 3395 1982 1.
3442 1946 3491 1992 v,
3525 1940 3625 1982 sat.
3661 1933 3746 1997 15,
3773 1935 3869 1983 Ιίιιο

2294 2005 2438 2058 mine
2462 2011 2690 2056 terretur
2721 2020 2730 2051 :

2414 2092 2476 2141 Hi
2499 2098 2613 2140 sunt
2635 2094 2717 2152 qui
2743 2091 2986 2150 trepidant
3009 2095 3058 2140 et
3083 2091 3140 2138 ad
3164 2092 3321 2138 omnia
3345 2089 3534 2152 fulgura
3561 2091 3742 2152 pallent

2413 2154 2534 2202 Cum
2559 2159 2693 2201 tonat
2719 2166 2730 2200 :
2759 2153 3012 2200 exanimes
3035 2154 3188 2212 primo
3211 2164 3406 2213 quoque.
3447 2167 3692 2201 murmure
3716 2156 3828 2201 (τινιὶ
3857 2168 3868 2201 ;

2413 2216 2519 2277 Non
2541 2217 2678 2277 quasi
2700 2213 2928 2263 fortuitus
2949 2225 3043 2262 nec
3063 2220 3316 2277 ventorum
3339 2215 3497 2273 rabie,
3521 2217 3608 2264 sed

2415 2273 2575 2326 Iratus
2597 2277 2733 2325 cadat
2749 2277 2800 2324 in
2825 2283 2984 2324 terras
3005 2273 3253 2334 etjudicet
3279 2275 3422 2336 ignis.

2363 2360 2588 2414 Fulmen
2617 2369 2794 2413 autem
2824 2367 2875 2412 ct
2903 2357 3074 2426 fulgur
3101 2371 3206 2412 non
3229 2359 3406 2411 solum
3427 2357 3656 2428 origine,
3687 2373 3870 2414 verum

2289 2434 2453 2485 etiam
2486 2441 2671 2484 natura
2694 2429 3044 2484 conveniunt.
3089 2428 3427 2482 Conveniunt
3461 2429 3676 2498 quidem
3706 2431 3868 2498 erigi—

2293 2519 2377 2563 ne,
2408 2501 2548 2568 qttod
2578 2510 2884 2568 utrumque,
2925 2498 3184 2552 Varronis
3229 2499 3457 2552 arbitrio
3498 2498 3552 2552 iii
3582 2516 3632 2553 tv
3670 2499 3794 2554 del.
3827 2501 3865 2560 l.

2291 2588 2320 2626 a
2352 2572 2552 2641 fulgore
2589 2570 2818 2641 dicatur.
2867 2569 3207 2623 Conveniunt
3236 2569 3396 2622 etiam
3449 2579 3636 2641 natura
3661 2611 3674 2632 ,
3723 2572 3865 2639 quod

2290 2639 2575 2711 utrtimque
2617 2640 2686 2694 sit
2717 2641 2985 2693 exhalatio
3014 2654 3259 2711 accensa.
3307 2642 3374 2693 At
3409 2639 3682 2707 diﬂ‘erunt,
3729 2641 3868 2708 quod

2290 2712 2470 2777 fulgur
2495 2710 2590 2764 vix
2621 2722 2823 2769 natum.
2869 2713 3045 2779 perit:
3092 2710 3290 2764 fulmen
3339 2726 3444 2764 non
3486 2713 3634 2776 prius
3661 2715 3867 2765 exstin-

2289 2783 2487 2850 guitur,
2513 2797 2671 2852 quam
2706 2782 2770 2834 ad
2816 2791 2988 2835 terras
3018 2795 3184 2852 usque
3209 2782 3536 2848 pervenerit.
3579 2782 3756 2836 simile
3787 2783 3870 2836 his

2291 2853 2486 2917 stellis,
2514 2851 2645 2921 quas
2689 2854 2861 2922 inquit
2889 2851 3076 2921 Virgil.
3108 2868 3121 2904 ι
3148 2851 3368 2920 Georg,
3396 2869 3444 2905 v.
3470 2854 3574 2907 565
3615 2874 3625 2905 ;

2515 3003 2518 3006 .
2726 2965 2884 3014 \‘en'o
2911 2965 3226 3027 impendente
3253 2965 3443 3015 videbis

2415 3027 2698 3088 Praecipites
2721 3027 2846 3075 οιιιΙυ
2873 3029 2964 3075 labi
2991 3028 3242 3086 noctisque
3261 3040 3350 3088 per
3374 3029 3570 3075 umbras

2415 3088 2736 3138 Flammarum
2761 3089 2929 3151 longos
2945 3102 2971 3137 a
2991 3095 3133 3151 tergo
3155 3090 3408 3138 albi-scere
3428 3095 3623 3138 tractus.

2212 3193 2256 3255 ρ
2326 3245 2334 3254 ⁸
2363 3173 2651 3255 Ρτοιιῑοςρξι
2677 3173 2982 3255 nominatur
3013 3172 3103 3255 hic.
3135 3173 3483 3255 via‘fulminis
3513 3173 3757 3255 ardentis,
3787 3173 3868 3224 ili-

2289 3245 2534 3311 citurque
2565 3243 2762 3296 fulmen
2794 3243 3000 3295 solitum
3027 3242 3188 3295 celsas
3213 3243 3364 3306 ferire
3389 3253 3569 3296 turres.
3605 3243 3862 3296 Nimirum

2289 3328 2513 3368 accensa
2541 3313 2624 3367 illa
2654 3313 2923 3366 exhalatio
2967 3314 3194 3366 nubibus
3224 3328 3476 3376 excussa,
3530 3322 3620 3366 aut
3651 3328 3743 3379 per
3772 3330 3869 3367 iiu-

2289 3385 2432 3438 bium
2464 3383 2628 3436 latera
2659 3384 2946 3444 emittitur,
2975 3393 3067 3437 aut
3102 3399 3193 3451 per
3220 3385 3530 3436 inferiorem
3561 3384 3716 3437 nobis
3743 3385 3871 3437 Sub-

2284 3455 2442 3522 jcctai
2482 3464 2704 3520 partem.
2756 3454 2813 3507 Si
2857 3460 3085 3519 primum
3116 3473 3126 3504 :
3164 3453 3401 3507 fulminis
3428 3453 3504 3506 \ia
3547 3455 3623 3508 sic
3656 3455 3868 3523 obliqua

2286 3533 2390 3586 est,
2424 3524 2554 3577 illuil
2597 3535 2652 3576 ut
2683 3524 2934 3580 sublimia
2957 3525 3134 3592 potius
3185 3541 3341 3593 quam
3376 3525 3594 3577 humilia
3631 3526 3729 3578 sibi
3771 3527 3865 3579 ob-

2287 3597 2426 3648 viam
2457 3597 2667 3647 habeat.
2702 3595 2756 3646 Si
2793 3609 2922 3646 vero
2943 3596 3168 3648 alterum
3203 3595 3690 3661 :qui'tnadmudum
3715 3612 3863 3648 men-

2285 3680 2342 3718 sa
2373 3663 2520 3717 curio
2547 3664 2842 3732 supposita.
2871 3669 3078 3717 corium
3111 3664 3286 3717 redilit
3329 3665 3598 3730 perforatu
3639 3665 3865 3728 facilius,

2285 3736 2367 3806 sic
2389 3750 2586 3806 corpus
2613 3735 2842 3806 sublime
2893 3735 3016 3806 nubi
3045 3735 3366 3806 subjectum,
3416 3737 3630 3799 nubem,
3661 3753 3763 3806 qua
3809 3740 3864 3788 il-

2286 3805 2372 3858 lud
2398 3805 2520 3858 huic
2547 3805 2836 3870 restionilet
2856 3847 2870 3866 ,
2897 3804 3069 3858 reddit
3101 3804 3448 3870 fi-agiliorem.
3467 3804 3706 3870 adeoque
3730 3808 3864 3859 viain

2284 3876 2384 3928 sibi
2417 3883 2588 3940 parat,
2621 3890 2722 3940 qua
2777 3875 3000 3930 fulmine
3047 3886 3234 3929 ruente
3285 3877 3635 3944 perculiitur.
3671 3877 3862 3929 Vi-rum

2285 3960 2383 3998 nec
2414 3945 2612 3998 fulmen
2641 3945 2766 3998 illud
2816 3954 2992 4012 potest
3015 3945 3419 3999 maluminferre
3433 3949 3644 4014 gravius
3668 3958 3860 4008 moi-te,

2282 4031 2441 4084 quam
2472 4030 2592 4068 cum
2628 4033 2730 4068 non
2754 4025 2953 4069 metuat
2981 4015 3092 4079 ille,
3123 4015 3190 4068 tle
3221 4032 3327 4084 quo
3360 4032 3500 4069 nunc
3523 4017 3698 4084 agitur
3729 4035 3744 4080 ;
3779 4019 3864 4070 ιιι-

2282 4088 2428 4140 circo
2455 4101 2553 4140 nec
2579 4086 2798 4140 fulmine
2813 4095 3076 4140 movetur.
3097 4088 3288 4141 Senec.
3309 4087 3358 4140 in
3377 4087 3624 4158 Thyest.,
3649 4104 3700 4143 v.
3729 4090 3861 4142 347:

2532 4178 2636 4241 Res
2664 4181 2838 4241 estqui
2863 4181 3026 4241 posuit
3042 4185 3260 4228 metus...

2529 4240 2686 4298 Quem
2709 4240 2804 4289 non
2825 4240 3073 4290 cencutiet
3090 4242 3270 4290 cadetis

2530 4301 2726 4363 Obliqui
2754 4303 2831 4351 via
2852 4302 3120 4351 fulminis...

2533 4363 2620 4421 Qui
2650 4362 2754 4411 tuto
2778 4366 2959 4423 positus
2986 4362 3107 4423 loco,

2527 4425 2655 4473 Infra
2679 4439 2734 4473 se
2754 4425 2885 4474 videt
2907 4427 3084 4482 omnia,

2530 4487 2852 4547 gci‘urritque
2875 4499 2962 4533 suo
2987 4486 3145 4535 libens

2530 4545 2648 4595 Fato
2674 4561 2685 4594 :
2715 4545 2806 4596 nec
2828 4551 3049 4608 queritur
3075 4549 3213 4595 mori.

2359 4630 2444 4684 ll.
2476 4630 2620 4703 Quid
2639 4631 2772 4697 feros
2803 4630 3109 4703 tyrannos.]
3151 4632 3388 4700 Denique
3428 4632 3516 4698 qui
3551 4646 3722 4699 neque
3753 4631 3863 4684 llu-

2282 4709 2462 4754 ctuum
2493 4702 2820 4772 marinorum
2852 4701 3138 4772 furoribus,
3167 4718 3338 4767 neque
3365 4703 3562 4772 ignium
3591 4706 3864 4756 subterra-

2285 4786 2506 4823 neorum
2542 4771 2820 4834 incendiis,
2838 4786 3008 4838 neque
3029 4771 3521 4825 Jovisl'uluiinantis
3545 4773 3736 4825 ictibus
3760 4783 3826 4825 te!
3849 4803 3864 4812 -

2282 4851 2449 4900 retur.
2483 4841 2566 4894 hic
2592 4844 2758 4912 multo
2785 4843 2962 4894 minus
2991 4843 3181 4912 metuit
3217 4852 3491 4912 tyrannos,
3515 4857 3739 4910 quorum
3769 4845 3863 4895 mi-

2283 4925 2384 4963 nor
2409 4926 2531 4964 esse
2558 4911 2772 4965 videtur
2814 4911 3040 4965 nocendi
3103 4911 3357 4977 potestas.
3418 4911 3687 4982 Tgrmnus
3723 4912 3860 4981 apud

2279 4991 2489 5053 veteres
2517 4983 2654 5035 idem
2684 4992 2801 5036 erat
2835 4982 2976 5053 quod
3007 4998 3097 5036 rex
3137 4984 3250 5036 sive
3287 4984 3521 5053 princeps
3553 5000 3572 5035 :
3601 4997 3761 5045 a'que
3793 4985 3863 5033 ita

2278 5052 2415 5105 forte
2444 5061 2661 5106 vocatus
2690 5068 2717 5104 a
2747 5052 2982 5105 turribtts
3011 5054 3130 5105 sive
3159 5052 3476 5106 sublimibus
3522 5052 3784 5116 indiliviis,
3811 5053 3862 5105 iii

2275 5121 2468 5189 quibus
2499 5137 2716 5175 manere
2743 5123 2921 5176 solent
2963 5136 3116 5190 reges
3151 5139 3164 5174 :
3209 5122 3352 5176 unde
3383 5123 3635 5175 lluratius
3667 5137 3833 5189 paupe

2274 5191 2688 5314 ratn‘tabernas
2729 5206 3020 5261 regumque
3051 5200 3226 5247 turres
3273 5193 3498 5259 opponit
3548 5193 3581 5245 l.
3617 5191 3860 5252 iCarm.,

2274 5275 2306 5314 ο
2351 5299 2365 5313 .
2462 5279 2474 5312 :

2273 5275 2474 5314 οα.4;

2400 5348 2580 5413 Pallida
2603 5363 2735 5398 mors
2759 5363 2899 5411 isquo
2923 5325 3081 5411 pulsat
3102 5351 3228 5411 pede
3253 5363 3522 5413 pauperum
3543 5352 3772 5400 tabernas

2523 5409 3022 5473 llegumque'turres;
3049 5426 3078 5461 ο
3097 5409 3241 5462 beate
3256 5409 3426 5462 'Seitti.

2350 5491 2440 5548 Sic
2464 5491 2712 5561 Virgilius
2739 5493 2805 5547 de
2831 5506 3060 5562 tyranno
3098 5497 3331 5564 loquitur
3360 5511 3429 5548 vn
3454 5493 3611 5556 IEn.,
3644 5513 3697 5548 ν.
3725 5495 3860 5551 Ξθῦε

2405 5583 2523 5631 l’ars
2546 5583 2662 5632 mihi
2683 5586 2813 5645 pacis
2836 5587 2931 5634 erit
2951 5585 3172 5634 dextram
3193 5588 3417 5647 tetigisse
3436 5587 3636 5647 tyranni.

2280 5663 2386 5736 Sed
2424 5663 2931 5736 apudrecentiores
2975 5679 3222 5720 auctores
3267 5675 3534 5736 tyrannus-
3561 5667 3649 5720 ille
3689 5666 3861 5721 solum

2283 5734 2479 5786 dicitur
2510 5735 2754 5802 princeps
2782 5738 2867 5802 qui
2902 5751 3149 5802 suprema
3176 5752 3267 5788 sua
3291 5734 3560 5801 potestate
3584 5737 3821 5791 abutitur
3845 5753 3858 5765 '

2283 5818 2387 5869 quo
2419 5803 2575 5856 modo
2604 5803 2744 5857 idem
2770 5804 2948 5873 Virgil.
2987 5821 3033 5857 ix
3059 5805 3207 5869 (Em,
3242 5821 3294 5857 v.
3326 5806 3468 5859 565.
