4254 6250
604 360 710 414 615

1836 348 1947 402 AN.
1988 346 2194 402 MANL.
2236 346 2385 403 SEV.
2433 346 2650 401 BOETII

3773 331 3880 385 (iiii

608 467 854 526 [laiceiue
884 469 967 521 est
998 463 1338 530 bibliotheca,
1379 476 1537 531 quam
1579 458 1933 514 cert'ssimam
1974 462 2065 515 tibi
2098 476 2183 513 se—
2216 465 2261 522 Α
2290 462 2334 515 si
2362 471 2386 507 ις
2422 476 2515 513 eas
2545 461 2625 513 Vel
2655 458 2881 513 slmliosi
2927 455 3203 526 sapientia:
3249 460 3520 523 regerent,
3568 450 3649 504 vel
3694 464 3880 503 earum

607 562 727 613 dem
772 557 972 612 nostris
1002 556 1053 609 itt
1081 564 1106 591 ⁸
1134 553 1356 607 Laribus
1386 554 1497 619 ipsa
1519 551 1834 619 delt-geras?
1876 553 1927 604 in
1970 568 2073 617 qua
2107 553 2185 621 (5)

610 666 819 705 mecum
851 664 993 718 smpe
1021 646 1284 709 residens,
1306 646 1373 699 de
1399 646 1700 698 divinarum
1733 644 2192 714 humanarumque

611 758 795 796 rerum
821 740 1042 794 scientia
1070 738 1405 791 disserebas?
1430 734 1457 773 ι)
1483 736 1627 789 Talis
1654 747 1674 773 ε
1703 736 1932 801 habitus,
1969 738 2194 805 talisque

616 835 793 889 vultus
831 842 966 894 erat,
1008 846 1129 885 emn
1180 840 1352 883 tecum
1384 825 1410 864 ἀ
1442 842 1644 882 naturae
1691 838 1898 882 secreta
1947 830 2191 892 ritnarer,

615 943 738 981 cum
787 924 916 978 tnihi
956 934 978 961 ο
1024 924 1258 976 siderum
1312 919 1424 973 vias
1468 919 1619 973 radio
1664 920 2017 985 describi-res,
2074 936 2195 973 cum

624 1015 845 1071 fmores
872 1022 1083 1068 nostros
1114 1014 1379 1079 tonusque
1414 1014 1535 1065 vita:
1575 1011 1835 1065 rationem
1875 1012 1940 1064 ad
1966 1012 2202 1066 caelestis

616 1108 820 1162 ordinis
864 1103 1136 1173 exemplar
1170 1101 1467 1156 formares?
1508 1099 1618 1172 Μ
1649 1101 1662 1130 ¹
1698 1100 1945 1155 iltncciue
1984 1104 2201 1170 prannia

617 1198 896 1253 referimus
938 1195 1031 1249 tibi
1076 1192 1472 1261 obsequentes?
1510 1191 1670 1259 Atqui
1710 1200 1764 1245 tu
1806 1192 1943 1245 hanc
1979 1203 2203 1247 senten-

618 1292 747 1346 tiam
774 1288 1010 1344 Platonis
1049 1302 1143 1341 ore
1182 1283 1430 1349 sanxisti,
1468 1282 1657 1339 beatas
1697 1283 1811 1339 fore
1852 1284 2203 1353 respublicas,

2298 564 2533 607 rectores
2572 561 2656 605 stu
2681 554 2786 605 lere
2829 551 3105 617 sap'entia:
3142 549 3473 617 contigisset.
3520 544 3600 598 Tu
3640 543 3879 610 ejusdem

2299 646 2397 696 viri
2445 659 2539 697 ore
2585 644 2722 696 hanc
2752 642 3085 710 sapientibus
3126 638 3152 676 ιι
3189 637 3532 706 capessenda:
3576 634 3884 703 reipubliea:

2304 735 2660 788 necessmiam
2692 733 2773 802 (5)
2796 749 3010 787 causam
3040 748 3159 786 esse
3191 731 3465 794 monuisti,
3516 742 3583 781 ue
3628 722 3886 794 improbis

2308 828 2691 895 llagrtiosisque
2745 826 2954 879 civibus
3001 824 3211 878 urbium
3262 823 3443 876 relicta
3495 818 3886 889 gubernacula,

2310 932 2512 986 pestem
2555 920 2708 973 bonis
2751 934 2813 972 ac
2858 917 3145 986 perniciem
3200 916 3478 968 inferrent.
3533 914 3679 964 llanc
3731 909 3891 978 igitur

2306 1016 2678 1067 auctoritatem
2719 1021 2959 1074 secutus,
2986 1010 3126 1077 quod
3164 1023 3193 1061 a
3225 1017 3277 1062 te
3306 1005 3322 1044 ί
3359 1008 3497 1059 inter
3528 1010 3732 1057 secreta
3780 1002 3890 1053 otia

2307 1108 2620 1169 didiceram,
2646 1104 2936 1160 transferre
2960 1104 3011 1158 in
3030 1114 3205 1157 actum
3227 1099 3453 1170 publicas
3470 1093 3889 1150 administratio-

2311 1201 2396 1256 nis
2420 1201 2620 1271 optavi.
2652 1202 2670 1231 ²
2699 1201 2779 1253 Τιι
2805 1197 2957 1263 mihi,
2979 1205 3034 1252 et
3059 1195 3149 1265 qui
3180 1203 3233 1249 te
3257 1190 3578 1263 sapientium
3625 1185 3895 1241 mentibus

1968 1414 2539 1474 INTERPRETATIO.

688 1528 714 1554 ι
756 1517 918 1569 Domo
946 1529 1136 1568 nostra.

690 1587 716 1625 δ
757 1590 856 1640 An.

695 1669 718 1695 (ε
761 1655 1046 1711 Habitudo.

688 1726 715 1765 ἀ
760 1728 985 1798 Physica
1006 1742 1060 1798 n7.

692 1810 716 1838 ε
756 1797 1153 1853 Astronomiam.

2377 1507 2404 1626 ιζ
2449 1507 2752 1643 ἴξιὲἲὲίῗέλὶ
2783 1582 3030 1641 regerent.
3061 1582 3148 1624 aut
3181 1586 3323 1641 reges
3353 1547 3857 1639 philosOpItareutn'ﬂ

2374 1646 2403 1685 ιι
2441 1646 2903 1700 Administrandw.

2386 1720 2401 1756 ί
2447 1718 2735 1774 Studendo.

2149 1899 2375 1957 NOTAE.

621 2031 823 2089 Deinde
874 2038 1059 2084 natura
1107 2024 1458 2094 philosophia)
1515 2024 1785 2091 aperitur,
1835 2023 2053 2094 antiqua
2104 2023 2205 2078 hac
2236 2025 2279 2084 Β
2308 2029 2396 2096 aut
2418 2016 2693 2096 tangueqnt
2715 2016 2827 2096 ejus
2845 2012 3295 2096 [unctionem-itm:
3299 2009 3515 2096 {itemia
3538 2011 3634 2062 hac
3656 2012 3900 2096 societate

620 2100 986 2175 philosoplie
1021 2096 1363 2175 definitione,
1425 2096 1716 2175 divinarum
1765 2096 2206 2175 humanarumque

620 2164 789 2229 i'erum
810 2164 1020 2224 scientia
1040 2182 1060 2220 :
1091 2165 1437 2235 PhilosOphus
1462 2165 1627 2227 enim,
1654 2165 1822 2233 inquit
1854 2164 2116 2235 'l'ullius,t
2137 2165 2205 2218 de

619 2245 795 2304 Orat.,
816 2242 861 2294 is
888 2248 958 2293 est
980 2238 1069 2308 qui
1095 2236 1323 2289 omnium
1350 2252 1518 2308 rerum
1542 2236 1826 2308 divinarum
1846 2244 1997 2301 atque
2022 2234 2206 2308 Imma:

622 2329 803 2367 narum
824 2303 1060 2363 naturam
1079 2321 1363 2377 causasque
1379 2306 1569 2377 noscit.
1584 2305 1688 2360 Sed
1713 2319 1817 2357 non
1842 2319 1945 2377 una
1965 2314 2047 2358 est
2064 2303 2204 2370 apud

620 2394 872 2437 auctores
912 2379 1101 2433 ltonun
1146 2374 1525 2430 vocabulorum
1561 2374 1970 2443 interpretatio:
2019 2386 2204 2427 nostro

620 2451 821 2524 judicio
848 2449 937 2503 hic
963 2464 1043 2501 res
1071 2447 1254 2500 divina:
1283 2454 1407 2524 sunt
1435 2456 1671 2504 tuentes;
1703 2461 1781 2524 res
1810 2461 1939 2524 vero
1964 2444 2207 2524 hungime

622 2513 751 2579 sunt
780 2533 1007 2587 corpora
1048 2534 1061 2569 :
1102 2530 1225 2571 cum
1267 2516 1410 2571 enim
1443 2514 1809 2587 mensiomnis
1844 2514 2041 2587 sit__aut
2070 2513 2208 2587 Deus

624 2601 717 2647 aut
745 2594 853 2644 Deo
880 2582 1095 2653 similis,
1125 2602 1233 2640 non
1262 2586 1359 2640 abs
1387 2602 1445 2640 re
1474 2584 1752 2639 vocabitur
1779 2601 1858 2638 res
1890 2585 2107 2638 divina:
2133 2582 2207 2637 si-

624 2662 828 2718 militer
863 2675 984 2714 cum
1021 2672 1216 2725 corpus
1254 2670 1414 2710 omne
1448 2656 1520 2710 sit
1553 2666 1644 2708 aut
1671 2656 1962 2709 humanum
1991 2662 2082 2725 aut
2112 2654 2211 2725 hu-

626 2747 789 2790 mano
816 2729 1014 2791 simile,
1045 2722 1245 2794 poterit
1284 2726 1445 2780 etiam
1484 2725 1591 2779 dici
1628 2741 1707 2779 res
1748 2728 1992 2779 humana.
2021 2722 2209 2779 Omnis

626 2814 801 2858 autem
852 2798 1187 2866 philosophia
1238 2806 1485 2852 versatur
1536 2796 1589 2849 itt
1639 2794 1864 2866 scientia
1914 2794 2110 2866 mentis
2156 2802 2211 2848 et

626 2863 871 2941 corporis
896 2911 931 2941 ,_
952 2863 1486 2941 eOrBtnq_tle,_qttibtl§
1505 2868 1635 2941 duae
1665 2865 1771 2941 illa:
1802 2880 1890 2919 res
1918 2863 2061 2941 affici
2089 2878 2209 2941 pos-

626 2935 784 3005 sunt,
815 2939 1116 2996 modorum.
1161 2937 1398 3003 Denique
1428 2936 1782 3006 philosophiae
1816 2935 2058 3004 species,
2095 2935 2215 3003 qui-

630 3015 731 3068 bus
761 3010 975 3066 Boetius
1000 3008 1293 3062 instructus
1322 3006 1543 3070 dicitur,
1573 3006 1659 3060 hic
1688 3016 2037 3061 numerantur
2078 3014 2209 3069 tres,

632 3097 824 3152 nempe
850 3079 1092 3152 physica,
1118 3086 1468 3152 quzeinaturce
1504 3085 1710 3152 secreta
1731 3077 1970 3152 rimatur,
2005 3079 2106 3152 hoc
2130 3084 2214 3130 est

628 3145 977 3222 valde'quwr'it
1006 3150 1081 3222 vel
1111 3145 1165 3202 iit
1193 3147 1336 3201 rimis
1375 3163 1589 3222 quoque
1612 3162 1631 3200 :
1668 3148 1808 3203 sicut
1849 3146 1950 3222 hoc
1989 3145 2211 3222 verbum

631 3217 1021 3291 in'erpretatur
1046 3219 1263 3291 Festus;
1312 3217 1625 3291 astronomia
1639 3258 1654 3282 ,
1699 3233 1819 3287 qua:
1841 3217 2215 3291 siderumuvias

2310 2081 2569 2160 princeps.
2598 2081 2933 2160 Ad_virtu_tem
2961 2085 3046 2136 ille
3076 2082 3222 2160 prati!
3240 2082 3278 2160 ?_
3293 2082 3568 2160 Sequimur
3596 2098 3614 2133 :
3645 2081 3712 2134 ad
3740 2082 3901 2160 vitia;

2307 2152 2634 2214 inclinantes.
2660 2155 2795 2209 Bene
2817 2155 3052 2223 beateque
3079 2152 3220 2222 agit?
3241 2153 3480 2218 ﬂoremus
3544 2152 3900 2223 improspere?

2310 2232 2531 2284 labimur
2550 2235 2637 2280 aut
2657 2227 2854 2279 ruimus
2875 2240 2989 2277 cum
3014 2222 3127 2275 illo.
3153 2223 3318 2289 Atque
3338 2230 3392 2273 ut
3417 2239 3447 2273 a
3473 2222 3581 2275 sole
3599 2222 3654 2274 in
3674 2222 3901 2291 subjecto

2309 2301 2404 2354 hoc
2430 2298 2549 2352 orbe
2579 2299 2671 2350 tua:
2696 2304 2783 2349 aut
2814 2296 3030 2348 tenebra:
3056 2309 3073 2347 :
3100 2295 3171 2345 sic
3199 2309 3229 2343 a
3257 2292 3485 2362 principe
3511 2293 3648 2361 apud
3672 2294 3902 2345 subditos

2310 2386 2467 2437 prava
2493 2369 2729 2434 pleraque
2746 2375 2837 2418 aut
2859 2375 3015 2417 recta.
3038 2362 3212 2417 Ctesar
3233 2363 3320 2415 ille
3341 2379 3440 2415 non
3462 2364 3689 2416 animose
3711 2364 3897 2434 magis,

2309 2457 2462 2511 quant
2491 2454 2605 2492 vere
2631 2438 2763 2489 dixit
2785 2450 2805 2488 :

2625 2530 2887 2578 Procerum
2913 2534 3074 2575 motus
3096 2525 3202 2575 haec
3218 2533 3391 2576 cuncta
3417 2533 3711 2589 sequuntur.

2439 2592 2715 2641 Humanum
2758 2592 2925 2651 paucis
2950 2589 3066 2638 vivit
3089 2601 3267 2650 genus.

2387 2674 2523 2729 llinc
2557 2673 2675 2740 ipse
2705 2671 2914 2726 Boetius
2943 2670 3077 2724 hanc
3104 2671 3458 2724 auctoritatem
3484 2682 3683 2726 secutus
3704 2673 3843 2740 quod
3871 2687 3904 2726 a

2314 2744 2657 2815 phiIOSophia
2684 2742 2823 2815 inter
2849 2752 3055 2815 secreta
3083 2741 3216 2815 otia,
3242 2744 3356 2815 sive
3380 2752 3699 2815 eat-terarum
3730 2742 3904 2815 homi-

2317 2810 2442 2870 num
2474 2812 2757 2881 colloquiis
2792 2821 2845 2866 et
2882 2810 3401 2880 interpellationibus
3446 2828 3549 2864 non
3590 2812 3904 2879 impeditus.

2314 2886 2582 2950 didicerat,
2610 2882 2887 2949 transferre
2920 2884 2974 2935 in
3004 2891 3174 2934 actum
3196 2882 3412 2949 publice:
3446 2883 3905 2937 administrationis

2315 2956 2527 3026 aptavit,
2569 2968 2598 3007 a
2628 2953 2849 3017 theoria,
2882 2952 2961 3006 ttti
2988 2952 3297 3023 loquuntur,
3328 2952 3397 3006 ad
3432 2954 3635 3021 praxim
3658 2967 3907 3023 progres-

2318 3041 2433 3082 SIIS.

2390 3098 2410 3128 ²
2433 3094 2511 3149 Tu
2538 3092 2709 3163 mihi]
2754 3092 2841 3147 IV.
2872 3092 3087 3146 Boetius
3116 3092 3265 3145 addit
3291 3108 3350 3147 se
3373 3102 3635 3159 prmceuta
3666 3091 3905 3161 philoso-

2318 3167 2475 3236 phica
2500 3166 2788 3233 diligenter
2810 3174 3132 3236 exsecutum
3153 3163 3337 3236 fuisse,
3373 3178 3539 3236 Seque
3562 3178 3628 3216 eo
3649 3164 3905 3236 duntaxat

2331 3232 2433 3292 line
2460 3236 2529 3289 ad
2554 3232 2906 3301 magistratum
2934 3234 3252 3288 accessisse.
3288 3232 3525 3286 Vallitms
3557 3245 3734 3285 monet
3766 3235 3905 3287 scri-

631 3286 1210 3377 (aliill;delc.l'ibib;.h0.(‘,
1239 3297 1321 3342 est
1344 3290 1514 3357 virga,
1547 3304 1650 3377 qua
1674 3286 2213 3377 descriptiquuithis-
2242 3316 2287 3377 C

2242 3316 2287 3377 ο
2842 3286 3276 3377 magister-intimi,-
3321 3304 3461 3367 qttod
3487 3304 3719 3377 _B0etius_
3740 3286 3905 3358 fuerit

632 3365 753 3417 dam
784 3361 967 3427 figuris
994 3357 1151 3409 varie
1179 3367 1445 3410 terrarum
1473 3358 1705 3423 malique
1728 3363 1908 3427 partes
1936 3357 2007 3411 ob
2029 3357 2214 3410 oculos

635 3426 937 3499 pulmntur;
975 3438 1029 3479 et
1064 3430 1227 3499 etltica
1257 3426 1370 3479 sive
1402 3426 1785 3499 moralis,rqu:e
1809 3442 1979 3499 Amores
2020 3436 2217 3499 nostros

633 3496 888 3568 totiusque
925 3500 1040 3551 vitm
1076 3497 1327 3568 rationem
1363 3496 1431 3548 ad
1474 3498 1686 3568 ctelestis
1724 3497 1919 3549 ordinis
1960 3498 2219 3568 cogentplar

632 3576 770 3641 farm
792 3566 852 3630 -t;
883 3568 981 3641 lto_-
1005 3576 1084 3620 est
1113 3567 1177 3618 ad
1204 3568 1527 3641 voluntatem
1551 3567 1957 3641 (livinaquusn
1977 3566 2115 3641 sicut
2138 3575 2219 3619 est

637 3636 807 3708 prima
833 3637 979 3691 Ouini
1003 3654 1071 3688 un
1103 3651 1284 3708 causa,
1314 3636 1392 3689 sic
1422 3636 1587 3702 prima
1614 3648 1697 3690 est
1728 3637 1994 3690 actionum
2028 3638 2217 3708 huma-

637 3704 825 3764 narum
858 3710 1059 3774 regula.
1111 3705 1243 3759 llinc
1281 3709 1532 3773 propheta
1575 3721 1689 3768 rex,
1722 3708 1854 3774 psal.
1884 3720 2048 3768 cxut,
2083 3704 2220 3759 Doce

635 3797 713 3834 me
736 3785 898 3846 facere
926 3779 1242 3846 voluntatem
1262 3784 1423 3841 tuam,
1444 3779 1565 3846 quia
1586 3776 1720 3829 Deus
1748 3793 1884 3827 meus
1910 3793 1959 3828 es
1984 3785 2058 3829 tu.
2086 3775 2219 3829 Hinc

638 3854 697 3905 S.
722 3845 915 3903 Paulus
943 3850 1060 3901 Act.
1090 3861 1140 3899 Ix
1169 3864 1181 3897 :
1217 3845 1462 3911 Domine,
1482 3847 1605 3915 quid
1637 3863 1714 3899 me
1744 3847 1816 3899 vis
1846 3847 2057 3915 facere?
2086 3846 2219 3899 Hinc

632 3921 797 3975 etiam
831 3928 1011 3971 noster
1037 3928 1220 3970 auctor
1250 3916 1283 3971 I.
1317 3931 1375 3981 tt,
1410 3927 1537 3970 met.
1565 3917 1747 3969 ultimo
1779 3932 1794 3969 :
1838 3917 1882 3969 0
1907 3916 2032 3983 (alia:
2057 3916 2220 3969 homi-

635 4008 759 4044 num
783 4005 961 4059 genus,
984 3988 1024 4040 si
1051 3996 1238 4040 vestros
1263 3988 1457 4039 animos
1481 4002 1644 4050 antor,
1677 4002 1776 4056 quo
1805 3987 1984 4040 caelum
2005 3987 2215 4057 regitur,

637 4070 797 4114 reaat.

694 4079 993 4183 auiiwccine
1011 4126 1264 4197 prremia.)
1298 4127 1380 4180 Ill.
1406 4124 1621 4180 Boetius
1653 4124 1895 4180 meminit
1919 4133 2218 4195 prtccepto-

638 4216 754 4253 rttm
789 4197 1301 4265 philosophicorum,
1347 4212 1572 4266 quorum
1608 4206 1747 4255 tanta
1786 4207 1869 4251 est
1906 4197 1972 4249 ad
2006 4211 2221 4263 rempu-

642 4272 829 4323 blicam
875 4268 1073 4336 optime
1125 4267 1604 4321 administrandam
1669 4267 1904 4329 utilitas,
1974 4276 2030 4319 ut
2078 4266 2219 4319 idem

642 4341 856 4393 Booti-ts
881 4355 999 4391 cum
1028 4339 1044 4390 i
1071 4353 1140 4389 vsa
1166 4338 1505 4403 l’hilosuphia
1538 4338 1728 4391 merito
1756 4336 2010 4404 cooqneri
2036 4336 2216 4390 videa-

641 4421 726 4464 tur
764 4413 829 4464 de
870 4409 979 4461 suis
1018 4408 1408 4461 calamitaibus
1440 4425 1451 4458 :
1486 4409 1735 4469 hwccine,
1765 4408 1961 4474 inquit,
2010 4407 2220 4471 praemia

640 4484 907 4547 referimus
939 4479 1022 4529 tibi
1051 4480 1410 4547 obsequentes?
1438 4478 1677 4541 Sunttna,
1704 4479 1941 4544 inquam,
1965 4486 2048 4530 est
2080 4494 2218 4539 pne-

642 4561 916 4620 ceptorum
960 4548 1451 4620 philOSuphicttrutn
1484 4547 1547 4599 ad
1582 4548 1967 4620 rempublicam
2020 4547 2221 4612 Optime

641 4618 927 4685 regi-udam
958 4619 1161 4671 utilitas
1181 4662 1195 4678 ,
1228 4619 1368 4686 quod
1403 4618 1485 4671 bis
1512 4618 1675 4670 veluti
1706 4618 1979 4687 principiis
2023 4620 2223 4670 nitatur

643 4692 832 4755 \irtns,
862 4702 917 4743 ut
943 4689 1217 4753 pra'senlis‘
1242 4689 1319 4742 sic
1346 4690 1532 4742 futura:
1561 4688 1826 4742 felicitatis
1852 4702 2059 4741 semen.
2090 4688 2223 4741 lliuc

642 4762 810 4823 Plato,
848 4763 883 4812 I.
915 4775 942 4807 ν
974 4760 1039 4813 de
1066 4762 1293 4827 licpub.,
1339 4769 1657 4823 suggerente
1704 4761 1816 4819 ἱιιδη
1866 4758 2220 4825 pltil050phia,

640 4832 734 4890 ait,
760 4833 928 4882 beatas
956 4834 1063 4893 fore
1087 4830 1427 4898 respublicas;
1449 4830 1493 4881 si
1518 4846 1601 4882 eas
1625 4833 1698 4881 vel
1724 4830 1938 4884 studiosi
1961 4829 2225 4891 sapientia:

642 4913 905 4966 νιῃηνειιις
954 4910 1215 4967 quatenus
1267 4898 1568 4967 tllti'OSleti
1618 4902 1670 4954 itt
1725 4899 2088 4967 magi~tratum
2133 4914 2225 4952 ve-

644 4970 790 5021 niunt
808 5011 821 5029 ,
855 4971 927 5020 vel
951 4986 1127 5021 earum
1156 4984 1369 5022 rectores
1394 4972 1595 5023 studere
1621 4972 1883 5037 sapientia:
1904 4969 2224 5038 contigisset:

642 5051 903 5106 quatenus
944 5039 1032 5103 qui
1076 5040 1127 5091 iu
1174 5042 1541 5107 magistratum
1586 5049 1864 5101 venerunt,
1915 5038 2217 5106 philosolibi

646 5108 796 5159 liunt.
835 5108 964 5159 llinc
994 5110 1219 5177 ejusdem
1249 5113 1363 5171 ori,
1397 5111 1644 5162 nimirum
1683 5110 1918 5161 Platonis
1948 5109 2158 5173 dialogo
2186 5110 2218 5161 6

641 5179 708 5231 de
728 5177 955 5249 Repub.,
985 5194 1070 5228 ore
1094 5180 1223 5229 hunc
1249 5182 1556 5249 sapientibus
1584 5180 1902 5237 capessendis
1928 5180 2221 5244 reipublicw

643 5248 973 5300 necessariam
994 5263 1199 5299 causam
1224 5265 1329 5300 esse
1352 5254 1543 5303 monuit
1573 5251 1678 5315 phil
1719 5250 1926 5313 sophia,
1950 5264 2010 5300 η’
2033 5249 2218 5312 impro-

642 5320 716 5372 bis
749 5317 1116 5389 ﬂagitiosisqne
1153 5318 1341 5370 civibus
1388 5323 1585 5372 urinam
1630 5322 1804 5372 rilicta
1853 5319 2214 5388 gubernacula,

642 5405 833 5457 pestem
863 5389 1001 5440 battis
1034 5404 1092 5439 ac
1129 5392 1399 5453 pernicmn
1427 5392 1667 5454 inferrent
1710 5409 1727 5444 :
1769 5402 1821 5442 ut
1859 5389 2000 5440 enim
2030 5390 2219 5455 nptitni

643 5463 1007 5514 moderatores
1038 5458 1147 5510 suis
1175 5474 1379 5529 pta-cep
1406 5458 1451 5510 is
1481 5462 1845 5529 exentplistpt-
1878 5460 2120 5513 subditos
2152 5461 2215 5512 ad

642 5530 893 5584 virtutem
926 5531 1126 5582 ducunt
1166 5544 1179 5579 :
1224 5528 1300 5579 sic
1348 5530 1471 5581 mali
1518 5546 1615 5582 suo
1646 5536 1828 5585 saltent
1876 5532 2123 5598 exemplo
2151 5531 2219 5583 ad

642 5601 848 5653 vilium.
884 5600 1017 5652 Nam
1049 5602 1119 5651 ita
1140 5601 1362 5667 profecto
1384 5610 1477 5658 est,
1511 5600 1680 5668 inquit
1705 5602 1912 5668 Lipsius
1947 5600 1999 5651 in
2032 5601 2220 5665 praefa-

641 5670 787 5725 tione
810 5671 1167 5733 l‘oli‘icortnn,
1188 5678 1326 5721 arcta
1350 5671 1569 5739 quadam
1593 5683 1686 5721 rati
1705 5689 1768 5721 nu
1792 5672 2004 5721 devincti
2021 5687 2218 5731 sumus,

642 5741 730 5805 qui
759 5742 870 5807 imp.
890 5756 1066 5791 runtur
1095 5756 1207 5790 cum
1237 5741 1533 5809 imperante.
1577 5739 1642 5792 Et
1681 5752 1729 5791 ut
1758 5743 1809 5791 in
1840 5755 2051 5807 corpore
2079 5755 2218 5791 mens

642 5822 769 5857 sana
799 5819 881 5867 aut
910 5810 1095 5860 insana
1122 5825 1226 5861 esse
1256 5826 1354 5862 non
1386 5820 1567 5878 potes',
1597 5812 1691 5862 nisi
1724 5820 1774 5859 at
1808 5812 1997 5877 pariter
2023 5810 2130 5877 vigil
2165 5822 2218 5860 nt

2322 3377 2582 3446 magister
2610 3373 3074 3441 officiorum,qu:c
3100 3373 3330 3446 dignitas
3361 3374 3556 3440 passim
3587 3373 3906 3443 magisteria-

2322 3458 2399 3500 tus
2413 3441 2735 3516 appellatur,
2760 3446 2899 3512 quod
2924 3460 3005 3516 tne
3030 3459 3114 3502 ea,
3140 3441 3270 3516 qtae
3285 3441 3498 3497 Boetius
3519 3441 3821 3516 prteclarea
3845 3460 3908 3499 se

2323 3513 2463 3571 facta
2485 3513 2606 3571 mox
2639 3525 2902 3577 recenset,
2945 3514 2997 3566 in
3039 3530 3099 3567 ca
3130 3513 3386 3580 dignitate
3417 3515 3738 3566 constitutus
3765 3513 3907 3568 fece-

2324 3588 2413 3642 rit.
2444 3588 2547 3641 Sed
2581 3588 2693 3638 ha-c
2720 3586 2790 3639 ita
2824 3584 3038 3645 fuerint,
3067 3583 3194 3637 nihil
3228 3584 3310 3636 hic
3338 3586 3647 3635 mutandum
3680 3584 3905 3638 arbitra-
3975 3640 3980 3644 _

2326 3674 2465 3717 tuttr,
2493 3657 2634 3724 quod
2659 3655 2924 3724 generalis
2948 3654 3031 3707 hic
3061 3654 3307 3722 loquendi
3331 3655 3519 3706 Illtttllls
3546 3653 3720 3721 aptior
3745 3655 3816 3708 sit
3836 3656 3904 3708 ad

2328 3729 2658 3793 probandum
2694 3725 2935 3779 Boetiutu
2966 3724 3243 3793 pra-cepti.
3281 3724 3661 3792 phitosupbicis
3692 3739 3907 3795 semper

2331 3798 2494 3851 fuisse
2531 3795 2980 3855 addiCIissitunm,
3015 3795 3082 3846 ita
3114 3808 3171 3847 ut
3199 3809 3265 3848 ne
3291 3795 3356 3847 ad
3388 3810 3546 3847 unam
3576 3795 3786 3864 quidem
3820 3797 3907 3849 di-

2326 3869 2607 3936 gnitatem,
2638 3867 2734 3918 nisi
2762 3866 3015 3936 communi
3054 3865 3299 3936 bonorum
3338 3867 3563 3917 omnium
3601 3866 3769 3917 studia
3811 3870 3909 3917 itu-

2330 3935 2516 4007 pulsus
2554 3935 2855 4004 pervenerit
2896 3950 3047 4007 :_qu.i
3090 3935 3159 4007 de
3198 3950 3257 3987 re
3293 3943 3349 4007 ut
3384 3937 3561 4007 nullus
3604 3946 3908 4007 superesset

2328 4004 2603 4061 ilttlsitanui
2628 4006 2796 4063 locus.
2824 4004 3221 4072 jusjurandum,
3251 4004 3502 4058 altirmati
3529 4021 3661 4058 tneut
3693 4006 3909 4073 religio-

2328 4093 2441 4131 sam
2473 4077 2687 4130 adhibet
2719 4093 2731 4126 :
2778 4075 2851 4127 Tu
2883 4076 3004 4126 milii
3031 4085 3077 4126 et
3110 4078 3241 4127 Dens
3270 4076 3478 4128 conscii.
3513 4076 3600 4129 Stc
3630 4078 3688 4129 S.
3716 4076 3909 4130 Paulus

2333 4150 2486 4201 llom.
2516 4164 2552 4211 t,
2586 4159 2633 4200 et
2666 4148 2728 4198 ad
2764 4145 2986 4210 Philipp.
3023 4159 3059 4208 ι,
3090 4144 3232 4213 jurat
3263 4159 3277 4197 :
3314 4144 3474 4199 Testis
3504 4146 3629 4198 mihi
3652 4157 3723 4200 est
3752 4145 3908 4200 Deus.

2326 4219 2415 4274 Sic
2439 4219 2586 4286 jurat
2617 4217 2773 4270 Nisus
2803 4216 3016 4269 (Eueni.
3052 4230 3124 4280 Ix,
3157 4230 3209 4267 ν.
3237 4215 3369 4269 428ε

2447 4330 2487 4377 0
2516 4327 2695 4387 Rutuli,
2724 4339 2830 4375 mea
2851 4326 2979 4373 fraus
2994 4327 3154 4389 omnis
3179 4339 3190 4373 :
3218 4326 3334 4373 nihil
3361 4327 3472 4383 iste,
3500 4338 3592 4374 uer
3616 4339 3781 4389 ausus,

2447 4390 2551 4439 Nec
2574 4394 2730 4451 potuit
2751 4404 2762 4438 ε
2788 4389 2965 4437 οιυιιιιιι
2993 4388 3083 4435 hoc
3107 4396 3160 4434 et
3182 4390 3371 4435 conscia
3391 4390 3548 4435 sidera
3569 4396 3736 4435 testor.

2396 4496 2607 4563 Optime
2641 4495 2853 4547 tandem
2890 4491 3025 4545 Deus
3060 4492 3255 4545 dicitttr
3287 4492 3659 4561 philosophiam
3696 4493 3910 4561 sapien-

2252 4580 2302 4639 υ
2326 4565 2451 4618 tium
2480 4566 2732 4639 mentibus
2757 4564 3028 4615 inseruisse
3050 4578 3068 4615 :
3094 4578 3213 4615 nam
3249 4564 3909 4639 philosophiacognitione

2326 4645 2380 4689 et
2407 4650 2591 4688 amore
2626 4635 2947 4702 optimarum
2982 4648 3158 4685 rerum
3193 4633 3491 4687 continetur
3516 4652 3528 4686 :
3558 4635 3697 4688 sicut
3729 4645 3909 4688 autem

2329 4707 2467 4760 Deus
2506 4708 2737 4759 creando
2785 4704 3082 4765 materiam,
3126 4704 3302 4758 eidem
3346 4704 3567 4771 figuram
3610 4715 3659 4758 et
3707 4713 3911 4759 motum

2326 4776 2405 4830 sic
2443 4777 2737 4841 impressit,
2772 4785 2828 4827 ut
2858 4773 3108 4841 quidquid
3146 4775 3371 4827 subinde
3402 4774 3523 4827 huic
3554 4778 3789 4828 materiae
3816 4791 3911 4828 ac-

2327 4847 2468 4900 Cedit
2492 4848 2670 4914 ligarat
2698 4855 2752 4898 et
2780 4852 2975 4908 motus,
3002 4845 3051 4895 id
3083 4844 3211 4896 nihil
3239 4845 3379 4897 aliud
3411 4847 3479 4897 sit
3507 4862 3666 4913 quam
3693 4846 3911 4912 quidam

2329 4916 2520 4983 prioris
2552 4916 2732 4983 figurae
2760 4925 2814 4968 et
2841 4923 3013 4965 tnotns
3041 4914 3248 4977 modus,
3276 4920 3392 4967 sive
3420 4922 3478 4968 ut
3508 4918 3794 4984 loquuntur
3822 4917 3911 4968 de-

2330 4988 2617 5039 terminatio
2642 5002 2658 5039 :
2692 4985 2830 5037 haud
2859 4984 3012 5037 aliter
3036 4984 3173 5037 Dens
3200 4986 3434 5037 creando
3465 5001 3696 5040 memetn
3724 4986 3913 5039 huma-

2330 5072 2472 5117 nam,
2514 5058 2686 5109 eidem
2730 5067 3002 5107 notionem
3045 5062 3101 5106 et
3144 5054 3541 5107 inclinationem
3576 5056 3643 5108 de
3673 5070 3737 5109 eo
3765 5059 3906 5122 quod

2328 5137 2400 5179 est
2428 5129 2540 5180 sive
2563 5126 2629 5178 de
2660 5127 2774 5193 ipso
2798 5124 2905 5176 Deo
2934 5125 3004 5175 ita
3038 5124 3319 5189 impressit,
3356 5136 3411 5177 ut
3439 5125 3692 5193 qnulquid
3726 5138 3909 5193 postea

2330 5199 2382 5249 in
2412 5197 2599 5250 eadem
2630 5205 2804 5247 mente
2833 5194 3003 5247 oritur
3030 5195 3268 5247 uotionis
3295 5205 3348 5247 ct
3380 5194 3761 5257 inclinationis,
3804 5198 3908 5248 sal-

2328 5275 2435 5318 tem
2463 5267 2781 5333 optitnarutn
2808 5280 3004 5325 ι·‹·ιίιιιι,
3031 5265 3077 5316 id
3105 5264 3234 5317 nihil
3260 5265 3401 5317 aliud
3426 5266 3671 5334 sitquam
3693 5266 3907 5333 quidam

2326 5340 2459 5404 prio:
2479 5335 2521 5387 is
2545 5336 2774 5387 nationis
2797 5344 2850 5385 et
2873 5335 3229 5404 inclmatiouis
3259 5336 3468 5399 modus,
3494 5340 3628 5401 sive,
3653 5347 3710 5389 ut
3737 5336 3904 5400 aiunt,

2326 5402 2704 5459 determinatio.
2740 5404 2870 5458 llinc
2890 5402 3167 5458 Lucretius
3191 5406 3281 5458 lib.
3316 5422 3376 5458 v:

2446 5515 2564 5579 Nam
2587 5516 2649 5574 si,
2678 5520 2731 5563 ut
2755 5515 2855 5575 ipsa
2874 5517 3003 5579 petit
3024 5516 3249 5579 maiestas
3272 5519 3465 5579 (nauita
3492 5531 3678 5579 rerum,

2449 5577 2715 5640 Dicendum
2741 5585 2817 5625 est
2842 5577 3009 5625 :Deus
3035 5580 3114 5627 ille
3154 5578 3258 5633 fuit,
3290 5577 3439 5638 Deus,
3470 5577 3672 5628 inclute
3691 5580 3902 5640 Memmi,

2445 5639 2536 5701 Qui
2564 5640 2921 5701 princspsvitze
2944 5641 3178 5687 rationem
3206 5641 3390 5687 invenit
3414 5653 3541 5699 eam,
3570 5655 3681 5701 quas

2452 5700 2587 5762 l‘iunc
2604 5699 2875 5759 appellatur
2898 5702 3136 5759 sapientia
3168 5715 3178 5747 :
3203 5703 3385 5762 quique
3410 5715 3498 5760 per
3521 5699 3679 5751 artem

2450 5760 2697 5808 I’luctibns
2719 5775 2748 5809 e
2772 5763 2914 5809 lanis
2935 5768 3096 5819 ruant,
3120 5760 3366 5821 tantisque
3387 5765 3608 5811 tenebris

2454 5820 2503 5868 ln
2528 5830 2621 5870 tant
2645 5823 2904 5884 tranquillo
2927 5830 2975 5868 et
3000 5830 3093 5870 tant
3124 5825 3250 5871 ciara
3276 5820 3385 5871 luce
3406 5823 3593 5874 locatit.
