4292 6262
344 405 443 462 617

1262 400 1354 457 DE
1393 392 1905 456 CONSOLATIONE
1942 387 2413 450 PHILOSOPHIIE
2452 388 2578 444 LIB.
2622 387 2680 441 l.l

3490 384 3591 439 618

342 513 569 573 inseruit
597 512 763 580 Deus,
795 522 821 550 ι
849 512 1070 579 conscii,
1104 512 1304 567 nullum
1345 526 1432 567 me
1465 511 1574 581 (l0)
1608 509 1673 563 ad
1696 508 1723 547 δ
1755 506 1918 577 magi-
1944 512 1996 572 Α
2024 506 2131 560 uita
2157 514 2181 552 ε
2209 504 2556 558 barbarorum
2583 514 2795 570 semper
2817 500 3050 554 avaritia
3088 499 3344 567 vexabat,
3388 499 3597 569 objecta

340 618 587 673 stratum,
633 607 734 662 nisi
773 622 1056 661 commune
1102 606 1360 660 honorum
1403 606 1637 658 onmium
1683 603 1914 657 studium

341 701 614 757 detulisse.
658 698 765 772 45
793 697 811 730 ¹
841 697 968 754 lnde
994 713 1114 753 cum
1148 697 1404 768 improbis
1438 698 1647 765 graves}
1678 706 1698 733 ο
1734 695 1917 749 inexo-

341 791 641 860 rabilesque
682 790 996 854 discordiae,
1040 798 1092 843 et
1143 788 1282 859 quod
1321 787 1661 842 conscientia:
1700 786 1915 841 libertas

342 885 523 951 habet,
551 898 648 955 pro
678 883 874 939 tuendo
894 882 1037 950 jure,
1083 890 1257 950 spreta
1308 880 1669 949 potentiorum
1701 892 1913 946 semper

341 976 369 1019 δ
392 978 631 1035 oti'ensio.
659 978 679 1007 ²
698 976 915 1043 Quoties
945 990 1044 1044 ego
1066 973 1409 1043 Conigastum
1441 973 1495 1025 in
1527 970 1803 1025 imbecillis
1825 984 1917 1024 cu-

341 1071 531 1142 jusque
560 1068 799 1123 fortunas
833 1067 1089 1135 impetum
1122 1063 1402 1119 facientem
1428 1071 1451 1100 ε
1476 1062 1664 1117 obvius
1694 1060 1913 1129 excepi!

343 1164 364 1195 ³
384 1162 600 1232 Quoties
628 1159 936 1231 'l‘riguillam
972 1159 991 1197 ί
1022 1159 1184 1230 regiae
1227 1158 1304 1229 (ὅ)
1332 1157 1677 1229 prtcpositnm
1707 1156 1916 1217 domus.

341 1257 408 1309 ab
439 1256 640 1322 incepta
670 1260 1077 1322 perpetrataque
1100 1251 1212 1319 jam
1242 1265 1463 1320 prorsus
1496 1249 1687 1321 injuria
1714 1248 1917 1317 dejeci!

342 1344 678 1417 “Quoties
704 1345 954 1412 miseros,
986 1358 1120 1414 quos
1146 1344 1368 1399 inﬁnitis
1396 1344 1677 1399 calumniis
1702 1342 1725 1374 ⁵
1754 1342 1923 1410 impu-

2018 596 2272 667 periculis
2308 596 2627 649 auctoritate
2661 592 2897 663 protexi!
2940 593 3215 663 Nunquam
3258 607 3344 647 me
3378 593 3444 647 ab
3479 593 3599 662 jure

1993 690 2084 747 uad
2114 690 2360 759 injuriam
2387 689 2671 759 quisquam
2708 686 2958 741 detraxit.
2991 685 3400 739 Provincialium
3428 685 3592 739 fortu-

2018 798 2117 836 nas
2144 792 2253 836 tum
2282 782 2507 851 privatis
2538 779 2771 849 rapinis,
2804 790 2912 832 tum
2942 778 3165 849 publicis
3192 775 3221 813 ιι
3256 777 3599 847 vectigalibus

2018 874 2373 944 pessumdari,
2405 886 2509 925 non
2533 870 2689 929 aliter
2715 870 2792 939 (5)
2816 884 2971 939 quam
2999 869 3085 937 qui
3120 866 3481 937 patiebantur,
3515 868 3597 920 in-

2022 965 2191 1020 dolui.
2213 964 2316 1036 57
2340 963 2497 1029 Cum,
2526 961 2732 1016 acerbae
2766 961 2920 1015 famis
2954 970 3212 1029 tempore,
3240 960 3417 1029 gravis
3444 970 3599 1029 atque

2023 1056 2414 1125 inexplicabilis
2443 1056 2463 1087 ⁵
2488 1054 2681 1108 indicta
2717 1051 2730 1090 ί
2760 1055 3026 1122 coemptio
3056 1052 3395 1121 proﬂigatura
3425 1051 3600 1120 inopia

2027 1148 2372 1218 Campaniam
2422 1146 2749 1215 provinciam
2784 1144 3077 1208 videretur,
3120 1153 3385 1198 certamen
3417 1143 3600 1198 adver-

2027 1257 2144 1297 sum
2183 1241 2195 1292 i
2238 1240 2546 1311 praifectum
2580 1236 2847 1308 praetorii,
2884 1236 3183 1290 communis
3210 1234 3475 1289 commodi
3520 1250 3601 1287 ra-

2031 1337 2177 1391 tione
2224 1335 2471 1403 suScepi,
2519 1347 2643 1403 rege
2674 1329 2697 1367 ¹ι
2723 1339 3075 1400 cognoscente
3120 1329 3400 1394 contendi,
3442 1337 3496 1384 et
3537 1343 3600 1383 ne

1677 1453 2254 1511 INTERPRETATIO.

421 1561 447 1588 ι
483 1551 651 1604 Testes
678 1551 829 1605 estis.

416 1620 446 1660 ιι
484 1620 902 1677 Procurationem
932 1621 1156 1676 muneris
1186 1620 1394 1691 publici.

420 1703 443 1729 ε
486 1691 863 1761 lmplacabiles.

415 1761 443 1800 d
486 1761 785 1817 lnimicilia.

418 1843 440 1870 ε
486 1832 785 1886 Occurrens.
1376 1891 1382 1902 ,

419 1902 439 1943 ί
488 1902 654 1973 Vulgo
680 1903 956 1959 intendant
981 1903 1049 1960 de
1074 1903 1124 1957 la
1150 1904 1355 1958 maison
1390 1905 1591 1976 royale.

1955 1896 2005 1955 B

2101 1558 2125 1595 κ
2166 1546 2467 1601 Gothorum.

2101 1616 2129 1653 ¹³
2168 1617 2394 1672 Tribulis
2424 1614 2630 1681 iniquis.

2107 1688 2123 1723 ί
2177 1688 2343 1758 Vulgo
2370 1685 2672 1758 monopolc.

2104 1758 2119 1807 ἑ
2177 1752 2338 1821 ινηιῑιο
2370 1756 2631 1822 capitaine
2660 1753 2756 1809 des
2794 1752 3006 1824 gardcs.

2105 1826 2131 1865 ¹ί
2171 1826 2521 1884 Theoderico.

1861 1991 2089 2050 ΝΟΤᾹΕ.

422 2088 607 2162 Unde
637 2106 753 2162 eum
798 2089 1087 2162 improbis.]
1144 2092 1295 2160 Quod
1347 2091 1597 2146 videlicet
1642 2091 1926 2161 praeceptis

346 2159 730 2231 pliilosophicis
780 2159 1022 2216 addictus
1070 2159 1180 2215 non
1232 2164 1332 2217 nisi
1379 2159 1930 2215 communi—bonorum

348 2232 572 2286 omnium
623 2232 792 2285 studio
834 2232 898 2285 ad
949 2232 1313 2301 magistratum
1360 2234 1649 2288 accesserit
1694 2235 1928 2292 Boetius.

348 2302 525 2358 eidem
574 2303 787 2355 luerunt
826 2318 941 2355 cum
979 2304 1221 2372 improbis
1260 2320 1453 2373 graves,
1500 2304 1931 2369 inexorabilesque

348 2374 619 2427 discordiw
645 2388 663 2425 :
699 2374 818 2426 hinc
847 2374 989 2427 enim
1017 2375 1241 2427 diversa:
1278 2376 1441 2428 Boetii
1474 2388 1526 2428 et
1569 2375 1928 2440 improborum

348 2443 695 2516 cogitationes
722 2461 733 2494 :
772 2443 893 2497 hinc
919 2461 1009 2512 pro
1043 2445 1228 2498 tuendo
1249 2448 1371 2516 jure
1397 2455 1567 2516 spreta
1596 2445 1930 2513 potentiorum

349 2530 546 2583 semper
583 2513 793 2581 o/fensio
830 2532 841 2564 :
873 2530 991 2583 qua:
1030 2522 1111 2568 est
1152 2513 1467 2569 conscientia:
1505 2513 1709 2567 libertas
1742 2530 1759 2569 :
1800 2529 1930 2568 con-

349 2584 570 2639 scientia
601 2588 739 2638 cnim
770 2585 855 2638 hic
885 2585 1015 2638 nihil
1044 2595 1122 2639 est
1151 2586 1291 2639 aliud
1323 2601 1478 2655 quam
1509 2600 1663 2639 mens
1689 2586 1798 2638 veri
1836 2586 1929 2637 ho-

353 2656 516 2721 nique
547 2663 601 2706 ut
629 2656 838 2709 conscia
866 2656 943 2709 sic
964 2658 1206 2710 convicta
1233 2674 1247 2709 :
1280 2667 1419 2710 tanta
1452 2664 1536 2711 est
1565 2665 1741 2711 autem
1773 2655 1928 2723 hujus

350 2726 691 2781 conscientiae
718 2725 951 2792 libertas,
979 2735 1035 2779 ut
1061 2727 1127 2779 ab
1153 2728 1403 2781 omnibus
1426 2726 1697 2780 hominum
1723 2725 1931 2793 injuriis

351 2799 424 2851 sit
446 2805 575 2849 tnta.
602 2797 733 2849 Hinc
752 2797 972 2862 plurima
1001 2796 1217 2851 fuerunt
1244 2798 1411 2851 Boetii
1445 2799 1493 2850 in
1513 2812 1640 2852 suos
1661 2798 1805 2851 cives
1832 2797 1928 2850 be-

355 2866 567 2931 neﬁcia,
595 2868 661 2921 de
684 2866 877 2936 quibus
906 2883 1150 2922 seorsum
1181 2868 1462 2923 dicendum
1504 2878 1601 2923 est.

424 2939 444 2967 ‘
477 2936 682 3002 Quaties
716 2953 808 3005 ego
842 2937 1215 3009 Conigastum.]
1256 2939 1489 2993 Primum
1526 2939 1688 2992 Boetii
1722 2939 1927 3009 inisuos

354 3007 506 3079 cives
533 3009 802 3063 meritum.
846 3010 1165 3079 Conigastus,
1200 3007 1311 3064 Sive
1340 3018 1399 3063 ut
1436 3010 1623 3063 scribit
1649 3008 1927 3079 Cassiodo-

358 3092 447 3131 rus
468 3076 795 3148 Cunigastus,
822 3081 900 3132 vir
928 3076 1027 3133 fuit
1051 3090 1240 3149 potens
1267 3082 1405 3148 apud
1432 3095 1606 3145 regem
1629 3077 1926 3133 Theoderi-

358 3164 511 3212 cum,
540 3153 679 3217 quod
707 3155 785 3204 vel
814 3165 879 3205 ex
912 3164 977 3203 eo
1005 3162 1175 3218 patet.
1208 3150 1347 3218 quod
1366 3191 1381 3215 ,
1421 3151 1689 3205 referente
1715 3149 1930 3203 Cassio-

2033 2082 2311 2155 pendiarii.
2340 2081 2597 2135 Nimirum
2620 2094 2746 2155 cum
2778 2080 3044 2155 provincia
3064 2082 3283 2155 proprie
3312 2082 3383 2136 sit
3408 2086 3553 2153 regio
3579 2103 3606 2143 a

2034 2151 2232 2223 populo
2256 2152 2498 2205 Romano
2524 2163 2580 2204 ut
2602 2152 2807 2204 distans
2836 2152 2913 2205 sic
2939 2152 3104 2223 armis
3131 2151 3339 2206 devicta
3368 2151 3607 2220 autquo.

2035 2221 2407 2291 inodocunque
2437 2225 2485 2275 in
2512 2230 2827 2289 potestatem
2852 2221 3073 2275 adducta
3099 2236 3254 2289 quam
3284 2226 3608 2291 magistratui

2035 2312 2135 2350 suo
2173 2293 2644 2347 adminiSIrandatn
2682 2291 2985 2348 subiecerat
3024 2293 3320 2362 (provincia
3358 2297 3497 2348 enim
3534 2302 3611 2354 sic

2036 2367 2231 2420 dicitur
2253 2364 2403 2437 quasi
2436 2363 2581 2437 regio
2608 2362 2787 2437 procul
2819 2365 3074 2437 vincenda
3112 2372 3209 2437 aut
3226 2364 3395 2431 potius
3424 2367 3607 2437 victa),

2036 2448 2321 2506 promerca
2346 2433 2914 2506 Romanisaliierant
2946 2435 3091 2506 socii,
3126 2434 3212 2486 alii
3245 2433 3609 2505 provinciales,-

2033 2502 2158 2561 socii
2191 2505 2322 2567 suis,
2348 2504 2680 2575 provinciales
2705 2502 2891 2575 alienis
2921 2504 3169 2575 vivebant
3202 2506 3443 2575 legibus:
3475 2502 3611 2566 unde

2033 2578 2241 2640 Cicero,
2265 2575 2416 2630 Verr.
2441 2576 2541 2629 ὅθι
2562 2575 2613 2627 in
2636 2573 2933 2646 Maniliano.
2965 2574 3061 2627 hos
3091 2573 3280 2628 merito
3306 2577 3610 2646 distinguit:

2032 2648 2257 2711 Bellum,
2279 2647 2466 2719 inquit,
2491 2661 2638 2715 grave
2665 2653 2711 2719 et
2734 2645 3074 2719 periculosum
3094 2645 3268 2719 uestris
3288 2645 3611 2719 vectigalibus

2033 2728 2183 2788 atque
2234 2713 2404 2769 sociis.
2468 2713 2640 2788 Atque
2691 2713 2787 2767 hos
2826 2713 3433 2788 provincialeslloetius
3472 2730 3611 2782 tanta

2036 2785 2195 2842 animi
2237 2785 2598 2858 magnitudine
2629 2786 2879 2858 proterit,
2911 2794 2968 2837 nt
3004 2786 3203 2839 nemini
3235 2786 3395 2842 ullam
3427 2806 3611 2858 passus

2037 2858 2197 2913 fuerit
2224 2854 2412 2930 inl‘e'rri
2447 2856 2689 2930 injuriam
2718 2872 2739 2930 :_
2760 2854 3034 2930 Nunquam
3063 2872 3166 2930 me,
3196 2858 3384 2924 inquit,
3413 2854 3473 2912 ab
3493 2865 3611 2930 jure

2035 2931 2101 2982 ad
2138 2929 2381 2999 injuriam
2412 2929 2675 2999 quisquam
2706 2925 2965 2999 detraxit;
3002 2936 3103 2999 aut
3126 2928 3191 2988 si,
3239 2943 3342 2980 non
3370 2925 3611 2989 obstante

2036 3000 2152 3068 ejus
2178 2995 2468 3066 diligentia,
2496 2995 2796 3068 contigerit,
2823 2996 3210 3068 provincialium
3228 2999 3475 3068 fortunas
3503 3012 3611 3057 tum

2038 3065 2249 3143 privatis
2280 3065 2474 3143 rapinis
2504 3069 2639 3143 (utﬁa
2667 3065 3035 3143 ConigaSIo_et
3062 3066 3356 3143 Trignilla),
3385 3081 3490 3123 tum
3517 3092 3611 3143 pu-

2038 3135 2178 3211 blicis
2223 3136 2544 3211 vectigalibus
2583 3136 2665 3207 (ut
2710 3138 2776 3188 ab
2820 3151 2933 3211 Ipso
2959 3135 3321 3211 Theoderico,
3348 3144 3434 3206 qui
3475 3135 3610 3211 apud

357 3206 508 3293 doro,
542 3206 577 3271 ιζ
606 3235 717 3293 vni,
748 3234 832 3288 ep.
856 3221 946 3293 28,
976 3206 1311 3293 A'thalaricus
1339 3206 1431 3275 rex
1457 3221 1523 3293 ad
1550 3235 1670 3274 eum
1698 3220 1928 3293 scripse-
1961 3230 2008 3293 ο
2037 3211 2052 3263 1

1914 3246 1928 3257 .
1961 3230 2008 3293 c
2037 3210 2431 3293 Cassipdorurn,
2471 3206 2603 3293 γει..
2633 3224 2683 3271 v,
2726 3220 2821 3293 \en.‘
2846 3206 2930 3270 39,
2986 3207 3054 3293 ad
3081 3223 3243 3288 .suum
3293 3206 3609 3293 cpmrnodiinz

358 3289 444 3351 rit,
472 3289 823 3359 eumdemque
854 3291 1107 3345 illustrem
1134 3291 1432 3359 appellarit.
1465 3292 1561 3343 llic
1584 3299 1756 3343 autem
1784 3288 1936 3343 Coni-

361 3368 531 3429 guttus
552 3375 611 3414 ea
636 3375 735 3428 qua
760 3361 893 3428 apud
919 3360 1305 3417 Theodericum
1330 3362 1584 3429 pollebat,
1619 3361 1935 3415 auctoritate

361 3430 590 3493 abusus,
626 3431 676 3484 in
713 3430 987 3485 imbecillis
1016 3431 1273 3500 cujusque
1304 3432 1542 3486 fortunas
1580 3431 1808 3486 faciebat
1836 3432 1937 3484 im-

363 3510 562 3566 petum,
589 3516 744 3570 quem
776 3503 985 3555 BOetius
1009 3514 1107 3570 pro
1129 3518 1222 3557 sua
1244 3504 1439 3557 virtute
1467 3504 1662 3570 saepius
1684 3502 1937 3569 repressit

364 3572 614 3638 magister
636 3572 928 3625 ciliciorum
960 3574 1129 3625 obuius
1150 3589 1170 3627 :
1196 3574 1350 3642 bujus
1375 3575 1568 3643 quippe
1599 3574 1935 3642 magisuatus

361 3652 476 3694 erat
521 3643 798 3709 praefectos
840 3646 1226 3711 provinciarum
1271 3644 1537 3712 judicare,
1582 3654 1665 3709 et,
1704 3643 1935 3710 querelis

361 3713 761 3785 provincialium
792 3715 1047 3785 acceptis,
1078 3714 1145 3768 de
1175 3714 1239 3767 iis
1267 3717 1331 3768 ad
1358 3716 1672 3785 principem,
1702 3713 1853 3781 cujus
1880 3712 1933 3767 in

368 3782 486 3834 aula
515 3786 840 3848 versabatur,
870 3783 1087 3837 referre.

438 3850 688 3925 iQuoties
714 3852 1060 3925 Triguillam]
1103 3853 1402 3909 Secundum
1445 3855 1609 3909 Boetii
1661 3854 1930 3918 meritum,

368 3922 539 3989 primo
569 3932 714 3994 tanto
745 3925 944 3991 majus,
982 3922 1178 3993 quanto
1223 3925 1472 3992 Triguilla
1504 3927 1789 3994 Conigasto
1829 3941 1932 3979 non

364 3994 539 4067 i_mpar_
552 3992 927 4067 improbitate,
962 3992 1148 4050 eadem
1181 4006 1295 4067 erat
1321 3995 1606 4067 Conigasto
1636 3992 1929 4067 potentior:

360 4062 618 4132 Triguilla
651 4068 791 4118 enim
828 4075 944 4119 erat
999 4068 1159 4135 regiae
1184 4062 1497 4122 Theoderici
1526 4062 1714 4121 donius
1742 4065 1952 4136 prtefe?

361 4141 500 4186 ctus.

431 4202 455 4233 ’⁵
483 4201 759 4279 _Impunita
803 4205 1135 4279 barbarorum
1182 4206 1443 4279 avaritia.]
1486 4207 1722 4279 Tertium
1770 4206 1936 4279 Boetii

364 4274 921 4349 meritum_prioribus
953 4274 1253 4344 eo'majus,
1296 4274 1443 4348 quod
1479 4283 1597 4349 plus
1638 4278 1706 4330 sit
1746 4278 1932 4349 turbae,

362 4358 521 4411 quam
553 4344 708 4400 unius
738 4348 959 4415 improbi
989 4350 1142 4400 malis
1170 4344 1404 4401 consiliis
1431 4344 1699 4403 résisrere.
1744 4348 1938 4399 Barba-

364 4428 456 4466 rus
482 4426 657 4487 autem
681 4416 972 4484 antiquitus
999 4417 1085 4471 ille
1112 4418 1329 4473 cuilibet
1351 4420 1492 4487 genti
1522 4418 1798 4472 dicebatur
1822 4417 1933 4486 qui,

364 4484 508 4552 quod
534 4494 842 4550 extraneus,
876 4487 1142 4556 vulgarem
1176 4484 1421 4557 loquendi
1453 4490 1665 4541 modum
1697 4502 1799 4541 non
1826 4484 1936 4540 tam

363 4559 710 4621 pronuntiare
743 4572 897 4625 quam
939 4560 1318 4613 murmurando
1357 4559 1681 4612 confundere
1722 4558 1934 4611 videba-

362 4635 488 4676 tur:
522 4626 643 4697 hinc
679 4628 915 4680 nonnulli
955 4628 1239 4697 conjiciunt
1264 4644 1446 4683 vocem
1484 4631 1641 4692 hunc,
1669 4629 1928 4692 barbarus,

364 4708 485 4749 esse
519 4696 584 4750 de
619 4712 840 4769 numero
872 4696 1063 4751 eorum
1087 4701 1458 4754 vocabulorum
1492 4715 1611 4769 quae
1639 4699 1778 4763 quod
1816 4713 1926 4753 rem

361 4777 394 4839 a
425 4779 486 4839 se
510 4768 852 4839 significatam
888 4771 1125 4823 aemulari
1155 4772 1451 4830 videantur.
1482 4768 1794 4839 τὲεποιημένα
1822 4770 1932 4823 sive

362 4836 559 4907 factitia
593 4840 769 4891 vocari
805 4840 998 4904 solent,
1019 4853 1071 4892 ut
1110 4841 1303 4901 balare,
1348 4840 1531 4907 boare,
1556 4836 1753 4894 hinnire
1789 4855 1806 4892 :
1841 4840 1933 4892 alii

359 4905 477 4975 ejus
512 4907 768 4975 originem
810 4909 1039 4964 inferunt
1075 4926 1138 4966 ex
1172 4913 1398 4966 Arabico
1427 4905 1612 4966 barbar
1650 4925 1930 4963 murmuro.

360 4974 497 5049 Hinc
520 4974 715 5032 Graecis
748 4980 1045 5047 quicunque
1071 4981 1240 5037 Graaci
1274 4999 1376 5037 non
1408 4994 1578 5049 erant,
1609 4982 1809 5034 barbari
1848 4982 1934 5033 di-

360 5046 619 5120 cebantur
648 5065 663 5100 :
693 5046 827 5102 sicut
854 5051 1070 5115 Latinis,
1099 5056 1398 5120 quicunque
1428 5071 1535 5108 non
1562 5046 1712 5109 erant
1738 5049 1930 5105 Latini.

359 5114 513 5171 Unde
537 5118 782 5172 Horatius
806 5121 973 5189 Epod.
1002 5114 1086 5174 ut:

606 5228 1031 5296 Son_a_nte_t_nistum
1057 5232 1192 5296 tibiis
1212 5245 1409 5282 carmen
1426 5232 1544 5296 lyra,

700 5290 801 5338 Hac
827 5292 1046 5357 Dorium,
1074 5294 1169 5342 illis
1188 5290 1475 5345 barbarum'll

360 5441 373 5453 .
429 5370 577 5452 Quod
594 5382 770 5429 autem
789 5379 1027 5453 extranei
1052 5377 1147 5443 illi,
1164 5388 1219 5432 ut
1236 5390 1355 5448 pote
1377 5380 1613 5436 moribus
1632 5380 1937 5448 dissimiles,

358 5448 412 5523 in
450 5448 592 5523 cives
631 5460 790 5523 suam
827 5448 1195 5523 crudelitatem
1219 5466 1488 5523 exercere
1516 5465 1938 5518 consueverant,

356 5512 474 5594 fieri
501 5514 667 5582 potuit
690 5532 813 5594 usu,
847 5529 903 5594 ut_
918 5518 1160 5574 barbarus
1180 5521 1319 5594 idem
1344 5531 1486 5578 esset
1507 5523 1647 5593 quod
1668 5524 1890 5578 crudelis
1911 5512 1931 5578 ἐ

356 5583 656 5664 lucentem
705 5587 903 5664 barbari
942 5593 1269 5664 etuextranei
1316 5604 1370 5647 et
1406 5583 1648 5649 crudeles
1681 5608 1839 5648 sunt:
1886 5596 1932 5649 si

356 5653 569 5734 quidem
600 5656 966 5734 intelliguntur
995 5660 1165 5734 Gothi.
1195 5678 1419 5732 quorum
1446 5665 1695 5734 impunita
1720 5667 1935 5719 avaritia

353 5726 501 5807 cives
526 5743 719 5807 semper
738 5730 971 5807 vexabat,
998 5732 1095 5807 nisi
1115 5726 1233 5787 hare
1256 5734 1420 5807 Boetii
1449 5726 1590 5807 curis
1612 5739 1935 5802 reprimere-

356 5806 445 5875 tur
472 5814 496 5875 ε.
513 5800 657 5875 cives
682 5808 857 5875 autem
883 5800 958 5853 illi
975 5802 1228 5875 dicuntur
1241 5806 1593 5875 provinciales,
1614 5800 1731 5873 quia
1752 5807 1938 5861 alienis

359 5868 611 5923 vivebant
639 5869 843 5938 legibus
875 5884 939 5925 ac
972 5873 1185 5942 insuper
1211 5868 1497 5945 vectigales
1528 5868 1680 5929 erant
1710 5878 1820 5933 sive
1847 5878 1938 5934 sti-

632 5960 906 6027 PA'I'IOL.
954 5962 1171 6031 LXIII.

2043 3282 2263 3346 amplius
2291 3269 2497 3346 festinat
2525 3269 2742 3350 exigere)
2762 3269 3111 3350 pbssumdari,
3148 3294 3253 3350 non
3279 3276 3430 3332 alitir
3460 3300 3611 3350 quam

2041 3353 2126 3421 qui
2148 3350 2488 3420 patiebantur,
2517 3347 2793 3399 indoluerit
2818 3363 2833 3398 :
2858 3348 2999 3400 velut
3018 3347 3139 3410 Job,
3169 3349 3277 3421 qui,
3308 3364 3427 3418 cap.
3460 3347 3607 3420 ists,

2040 3419 2182 3489 pater
2206 3423 2301 3488 fuit
2322 3433 2602 3487 pauperum
2632 3427 2676 3470 et
2701 3433 2901 3490 causam
2923 3434 3072 3490 quam
3098 3419 3363 3490 nesciebat,
3394 3423 3612 3490 diligen-

2041 3488 2230 3545 tissime
2250 3489 2609 3555 investiqabat:
2628 3488 3095 3559 conterebul_molas
3117 3489 3276 3559 iniqui
3301 3503 3344 3543 et
3369 3495 3430 3545 de
3450 3488 3613 3548 denti-

2041 3566 2128 3615 bus
2163 3561 2305 3615 illius
2340 3559 2599 3629 auferebat
2631 3558 2873 3629 praedam.
2913 3557 3149 3626 Denique
3175 3557 3393 3628 vectigal
3426 3566 3502 3618 sic
3530 3565 3635 3619 di-t

2041 3644 2185 3704 ctum
2228 3630 2367 3704 quod
2411 3649 2446 3704 «Ξ
2477 3638 2690 3704 vectura
2722 3628 2999 3704 pendetur,
3031 3630 3281 3683 tributum
3328 3643 3441 3686 erat
3469 3637 3609 3704 quod

2038 3698 2669 3776 provincialesﬂomanis
2704 3698 2982 3776 solvebant
3017 3714 3112 3767 pro
3141 3698 3498 3776 commercio,
3516 3721 3612 3776 pro

2039 3770 2201 3842 agris,
2236 3787 2330 3841 pro
2357 3770 2526 3844 silvis,
2560 3785 2654 3844 nec
2687 3783 2791 3822 non
2823 3772 2981 3822 etiam
3015 3785 3108 3837 pro
3132 3772 3243 3824 sale
3272 3790 3283 3823 :
3315 3776 3454 3829 unde
3483 3770 3613 3844 qua.

2040 3839 2161 3897 tuor
2185 3839 2334 3896 erant
2359 3839 2694 3913 vectigalium
2726 3854 2948 3906 genera;
2976 3856 3171 3913 nempe
3198 3839 3613 3913 portorium,'de-

2037 3929 2218 3974 cunne,
2241 3915 2489 3980 scriptura
2509 3922 2555 3964 et
2576 3912 2852 3980 salinarum
2876 3911 3086 3964 reditus.

2109 3985 2130 4015 ⁸
2157 3979 2359 4038 Indicta
2375 3979 2667 4053 coemptio.]
2714 3985 2965 4053 Quartum
2999 3981 3164 4035 Boetii
3197 3984 3441 4039 meritum
3480 4003 3613 4053 prag-

2038 4056 2195 4109 dictis
2240 4054 2440 4108 idcirco
2480 4051 2673 4118 majus,
2715 4052 2852 4120 quod
2885 4051 3064 4124 Boetio
3107 4061 3232 4108 tunc
3272 4051 3609 4124 pugnandum

2037 4126 2158 4189 fuit,
2195 4140 2298 4178 n0n
2337 4125 2510 4177 solum
2549 4124 2802 4176 adversus
2836 4122 3093 4190 quosdam
3135 4122 3386 4194 privatos,
3425 4145 3608 4184 verum

2038 4198 2198 4249 etiam
2227 4197 2470 4267 adversus
2491 4195 2783 4267 prafectum
2806 4195 3055 4267 praetorii,
3080 4206 3130 4267 et
3160 4196 3418 4252 adversus
3442 4200 3612 4267 ipsum

2041 4267 2366 4334 principem;
2404 4265 2519 4318 sine
2552 4264 2706 4330 cujus
2738 4266 3054 4334 auctoritate
3081 4263 3195 4319 lucc
3225 4263 3472 4333 coemptio
3506 4287 3613 4326 non

2041 4331 2229 4391 ﬁebat;
2250 4335 2505 4403 Coemptio
2535 4341 2709 4387 autem
2742 4331 2995 4387 Romanis
3034 4345 3174 4388 certa
3216 4347 3331 4390 erat
3362 4331 3612 4397 connubii

2041 4406 2231 4467 forma,
2259 4421 2359 4477 qua
2388 4416 2610 4477 uterque
2637 4403 2828 4477 conjux
2856 4404 3073 4477 alterius
3102 4406 3235 4458 bona
3276 4407 3347 4459 ita
3378 4413 3611 4477 eruebat,

2041 4486 2093 4529 ut
2120 4478 2253 4529 alter
2278 4473 2497 4529 alterius
2525 4474 2695 4527 haeres
2726 4474 2877 4545 fieret
2910 4492 2922 4527 :
2955 4473 3443 4530 Jurisconsnltorum
3473 4473 3612 4545 inge;

2040 4547 2143 4621 nio,
2176 4546 2349 4621 inquit
2383 4547 2574 4621 Cicero
2602 4559 2694 4612 pro
2723 4543 2876 4607 Mur.,
2907 4561 3047 4598 senes
3076 4545 3142 4595 ad
3171 4551 3502 4610 cocmplionrs
3527 4540 3614 4621 j‘a-

1960 4611 2013 4671 D
2038 4611 2724 4685 cicadasinteriniendo’rum
2762 4628 3026 4685 sacrorum
3062 4630 3216 4667 causa
3246 4621 3433 4685 reperti
3468 4611 3609 4674 sunt.

2041 4687 2442 4761 Hinccoemptio
2470 4684 2661 4761 dicitur
2710 4685 2883 4761 etiarn
2909 4684 3036 4761 illud
3080 4684 3457 4761 commercium
3507 4708 3612 4761 quo

2042 4757 2390 4825 pmvinciales
2428 4758 2584 4808 etiam
2623 4754 2767 4806 inviti
2808 4753 2920 4807 urbi
2946 4756 3031 4825 vel
3059 4756 3309 4808 exercitui
3346 4753 3607 4817 annoan

2043 4841 2209 4895 parvo
2266 4826 2476 4899 nullove
2540 4825 2719 4899 pretio
2756 4824 3427 4899 suppeditare_cogunti_u.
3496 4834 3607 4899 Sic,

2042 4905 2260 4970 a_ttctor_e
2283 4894 2475 4970 Suida,
2502 4911 2627 4970 onus
2661 4894 2792 4970 illud
2810 4897 2954 4970 quod
2983 4894 3304 4970 Iustinianus
3334 4894 3610 4970 Bithynice,

2046 4967 2288 5042 Phrygia:
2340 4965 2643 5042 et__T_hraciaz
2682 4966 2862 5042 incolis
2888 4967 3142 5042 frumenti
3170 4963 3477 5042 Byzantium
3499 4963 3614 5042 per;

2046 5036 2243 5107 ferendi
2268 5037 2553 5090 conditione
2583 5037 2853 5088 durissima
2880 5036 3138 5101 imposuit,
3171 5040 3435 5105 coemptio.
3468 5036 3615 5099 Grc-

2038 5109 2117 5163 cis
2142 5115 2336 5167 συνωνὴ
2362 5117 2604 5179 vocatum
2634 5108 2748 5159 fuit.
2792 5107 2868 5159 Ex
2888 5121 2993 5179 quo
3017 5121 3199 5160 rursus
3226 5110 3335 5162 tieri
3360 5116 3529 5179 potuit
3557 5128 3614 5172 ut

2040 5181 2418 5233 commercium
2460 5178 2610 5245 illud,
2655 5192 2758 5246 quo
2795 5177 3041 5229 omnibus
3081 5177 3366 5246 speciebus
3405 5185 3472 5238 ab
3508 5203 3613 5241 uno

2040 5252 2299 5318 coemptis
2343 5264 2537 5323 omnes
2569 5251 2775 5317 species
2815 5261 2918 5323 non
2954 5247 3053 5301 nisi
3093 5248 3159 5300 ab
3184 5265 3287 5323 uno
3313 5256 3467 5309 vendi
3496 5273 3616 5323 pos-

2040 5329 2186 5381 sunt,
2215 5323 2459 5389 coemptio
2478 5320 2775 5380 diceretur,
2803 5318 2959 5385 vulgo
2982 5320 3354 5386 monopolium.
3394 5318 3617 5379 Constat

2044 5392 2131 5444 hic
2175 5406 2281 5444 non
2330 5390 2547 5457 intelligi
2589 5390 2949 5458 coemptionem
2995 5389 3322 5458 conjngnm:
3366 5394 3461 5447 scd
3507 5411 3611 5447 non

2044 5476 2194 5528 aeque
2218 5470 2456 5524 constat,
2483 5462 2652 5526 inquit
2688 5460 3021 5523 Sitzmanus,
3065 5469 3235 5511 utrum
3282 5464 3616 5527 provinciales

2042 5547 2071 5581 a
2096 5530 2218 5597 ﬁsco
2246 5532 2435 5602 species
2462 5530 2769 5582 annonarias
2798 5546 2956 5602 emere
2985 5532 3314 5602 augerentur?
3341 5548 3405 5583 an
3432 5550 3518 5586 eas
3545 5537 3615 5602 ﬁ-

2041 5616 2123 5654 sco
2156 5602 2367 5653 uendere
2401 5601 2682 5669 forensibus
2717 5601 2888 5663 pretiis
2920 5599 3381 5667 compellerentur?
3421 5599 3613 5659 verum

2041 5684 2159 5724 cum
2182 5673 2426 5743 coemptio
2450 5671 2561 5743 hmo
2580 5671 2773 5722 indicta
2799 5671 2962 5743 fuerit
2972 5671 3169 5743 acerba:
3190 5672 3339 5737 fumis
3364 5682 3617 5743 tempore;

2041 5755 2161 5794 cum
2188 5739 2396 5818 dicatur
2418 5741 2584 5818 gravis
2613 5752 2761 5818 atque
2792 5739 3157 5818 inexplicabilis
3172 5756 3339 5818 ;_cum
3369 5739 3617 5818 pro/liga;

2046 5824 2157 5865 tura
2206 5813 2376 5883 inapia
2415 5812 2747 5883 Campaniam
2800 5812 3109 5883 provinciam
3164 5813 3443 5881 rideretur;
3496 5812 3616 5873 cum

2049 5880 2311 5939 commune
2347 5883 2663 5939 commodum
2694 5880 2795 5936 hac
2831 5880 3139 5948 lazdcrclur;
3175 5894 3453 5953 propterea
3480 5892 3621 5949 arui-

3226 5974 3305 6038 20
