  <div class='ocr_page' id='page_1' title='image "/cluster/home/n/w/nwhite01/storage/ocr_20150623/63/hvd.32044073498792/315.png"; bbox 0 0 4292 6262; ppageno 0'>
   <div class='ocr_carea' id='block_1_1' title="bbox 672 387 774 444">
    <p class='ocr_par' dir='ltr' id='par_1_1' title="bbox 672 387 774 444">
     <span class='ocr_line' id='line_1_1' title="bbox 672 387 774 444; baseline 0 0"><span class='ocrx_word' id='word_1_1' title='bbox 672 387 774 444; x_wconf 78' lang='grc'><strong>819</strong></span> 
     </span>
    </p>
   </div>
   <div class='ocr_carea' id='block_1_2' title="bbox 1915 381 2737 445">
    <p class='ocr_par' dir='ltr' id='par_1_2' title="bbox 1915 381 2737 445">
     <span class='ocr_line' id='line_1_2' title="bbox 1915 381 2737 445; baseline 0.005 -4"><span class='ocrx_word' id='word_1_2' title='bbox 1915 381 2026 442; x_wconf 70' lang='grc' dir='ltr'><strong>ΑΝ.</strong></span> <span class='ocrx_word' id='word_1_3' title='bbox 2066 381 2274 442; x_wconf 63' lang='lat' dir='ltr'><strong>MAN!“</strong></span> <span class='ocrx_word' id='word_1_4' title='bbox 2315 383 2466 442; x_wconf 82' lang='lat' dir='ltr'><strong>SEV.</strong></span> <span class='ocrx_word' id='word_1_5' title='bbox 2505 386 2737 445; x_wconf 77' lang='lat' dir='ltr'><strong>BOETH</strong></span> 
     </span>
    </p>
   </div>
   <div class='ocr_carea' id='block_1_3' title="bbox 3839 393 3940 453">
    <p class='ocr_par' dir='ltr' id='par_1_3' title="bbox 3839 393 3940 453">
     <span class='ocr_line' id='line_1_3' title="bbox 3839 393 3940 453; baseline 0 -4"><span class='ocrx_word' id='word_1_6' title='bbox 3839 393 3940 453; x_wconf 69' lang='lat'><strong>620</strong></span> 
     </span>
    </p>
   </div>
   <div class='ocr_carea' id='block_1_4' title="bbox 671 498 3940 580">
    <p class='ocr_par' dir='ltr' id='par_1_4' title="bbox 671 498 3940 580">
     <span class='ocr_line' id='line_1_4' title="bbox 671 498 3940 580; baseline 0.001 -18"><span class='ocrx_word' id='word_1_7' title='bbox 671 503 938 576; x_wconf 76' lang='lat' dir='ltr'><strong>coemptio</strong></span> <span class='ocrx_word' id='word_1_8' title='bbox 963 503 1280 575; x_wconf 72' lang='lat' dir='ltr'><strong>exigeretur,</strong></span> <span class='ocrx_word' id='word_1_9' title='bbox 1309 501 1467 558; x_wconf 83' lang='lat' dir='ltr'><strong>evici.</strong></span> <span class='ocrx_word' id='word_1_10' title='bbox 1490 499 1600 574; x_wconf 58' lang='lat'><strong>5.3</strong></span> <span class='ocrx_word' id='word_1_11' title='bbox 1623 502 1640 532; x_wconf 83' lang='grc' dir='ltr'>ί</span> <span class='ocrx_word' id='word_1_12' title='bbox 1690 498 1975 556; x_wconf 76' lang='lat' dir='ltr'><strong>Paulinum</strong></span> <span class='ocrx_word' id='word_1_13' title='bbox 2005 509 2033 539; x_wconf 78' lang='grc' dir='ltr'>ι</span> <span class='ocrx_word' id='word_1_14' title='bbox 2059 504 2253 556; x_wconf 76' lang='lat' dir='ltr'><strong>censu-</strong></span> <span class='ocrx_word' id='word_1_15' title='bbox 2276 505 2334 569; x_wconf 72' lang='grc' dir='ltr'>Α</span> <span class='ocrx_word' id='word_1_16' title='bbox 2357 503 2545 560; x_wconf 88' lang='lat' dir='ltr'><strong>videor</strong></span> <span class='ocrx_word' id='word_1_17' title='bbox 2570 501 2648 576; x_wconf 80' lang='lat'><strong>(5)</strong></span> <span class='ocrx_word' id='word_1_18' title='bbox 2681 511 2705 541; x_wconf 75' lang='lat'>&#39;</span> <span class='ocrx_word' id='word_1_19' title='bbox 2736 502 3090 559; x_wconf 82' lang='lat' dir='ltr'><strong>exacerbasse</strong></span> <span class='ocrx_word' id='word_1_20' title='bbox 3131 503 3468 559; x_wconf 82' lang='lat' dir='ltr'><strong>discordias?</strong></span> <span class='ocrx_word' id='word_1_21' title='bbox 3509 505 3618 562; x_wconf 82' lang='lat' dir='ltr'><strong>Sed</strong></span> <span class='ocrx_word' id='word_1_22' title='bbox 3651 520 3772 564; x_wconf 89' lang='lat' dir='ltr'><strong>esse</strong></span> <span class='ocrx_word' id='word_1_23' title='bbox 3799 509 3940 580; x_wconf 89' lang='lat' dir='ltr'><strong>apud</strong></span> 
     </span>
    </p>
   </div>
   <div class='ocr_carea' id='block_1_5' title="bbox 671 593 2254 666">
    <p class='ocr_par' dir='ltr' id='par_1_5' title="bbox 671 593 2254 666">
     <span class='ocr_line' id='line_1_5' title="bbox 671 593 2254 666; baseline -0.004 -14"><span class='ocrx_word' id='word_1_24' title='bbox 671 597 839 653; x_wconf 85' lang='lat' dir='ltr'><strong>larem</strong></span> <span class='ocrx_word' id='word_1_25' title='bbox 869 597 1062 661; x_wconf 85' lang='lat' dir='ltr'><strong>virum,</strong></span> <span class='ocrx_word' id='word_1_26' title='bbox 1103 597 1253 666; x_wconf 87' lang='lat' dir='ltr'><strong>cujus</strong></span> <span class='ocrx_word' id='word_1_27' title='bbox 1290 609 1420 664; x_wconf 90' lang='lat' dir='ltr'><strong>opes</strong></span> <span class='ocrx_word' id='word_1_28' title='bbox 1460 593 1487 632; x_wconf 75' lang='grc' dir='ltr'>δ</span> <span class='ocrx_word' id='word_1_29' title='bbox 1533 593 1771 649; x_wconf 76' lang='lat' dir='ltr'><strong>Palatini</strong></span> <span class='ocrx_word' id='word_1_30' title='bbox 1803 607 1966 648; x_wconf 86' lang='lat' dir='ltr'><strong>canes</strong></span> <span class='ocrx_word' id='word_1_31' title='bbox 2002 594 2114 663; x_wconf 83' lang='lat' dir='ltr'><strong>jam</strong></span> <span class='ocrx_word' id='word_1_32' title='bbox 2157 607 2254 663; x_wconf 75' lang='lat' dir='ltr'><strong>ape</strong></span> 
     </span>
    </p>
   </div>
   <div class='ocr_carea' id='block_1_6' title="bbox 672 686 2251 759">
    <p class='ocr_par' dir='ltr' id='par_1_6' title="bbox 672 686 2251 759">
     <span class='ocr_line' id='line_1_6' title="bbox 672 686 2251 759; baseline -0.002 -16"><span class='ocrx_word' id='word_1_33' title='bbox 672 701 828 759; x_wconf 86' lang='lat' dir='ltr'><strong>atque</strong></span> <span class='ocrx_word' id='word_1_34' title='bbox 864 688 1153 744; x_wconf 80' lang='lat' dir='ltr'><strong>ambitione</strong></span> <span class='ocrx_word' id='word_1_35' title='bbox 1196 688 1575 750; x_wconf 85' lang='lat' dir='ltr'><strong>devorassent,</strong></span> <span class='ocrx_word' id='word_1_36' title='bbox 1622 687 1692 741; x_wconf 84' lang='lat' dir='ltr'><strong>ab</strong></span> <span class='ocrx_word' id='word_1_37' title='bbox 1737 687 1870 756; x_wconf 84' lang='lat' dir='ltr'><strong>ipsis</strong></span> <span class='ocrx_word' id='word_1_38' title='bbox 1921 696 1944 726; x_wconf 80' lang='grc' dir='ltr'><strong><em>ο</em></strong></span> <span class='ocrx_word' id='word_1_39' title='bbox 1994 686 2251 742; x_wconf 88' lang='lat' dir='ltr'><strong>hiantium</strong></span> 
     </span>
    </p>
   </div>
   <div class='ocr_carea' id='block_1_7' title="bbox 674 778 2257 851">
    <p class='ocr_par' dir='ltr' id='par_1_7' title="bbox 674 778 2257 851">
     <span class='ocr_line' id='line_1_7' title="bbox 674 778 2257 851; baseline -0.001 -16"><span class='ocrx_word' id='word_1_40' title='bbox 674 782 914 836; x_wconf 79' lang='lat' dir='ltr'><strong>faucibus</strong></span> <span class='ocrx_word' id='word_1_41' title='bbox 943 781 1094 837; x_wconf 82' lang='lat' dir='ltr'><strong>traxi.</strong></span> <span class='ocrx_word' id='word_1_42' title='bbox 1125 780 1200 836; x_wconf 84' lang='lat' dir='ltr'><strong>Ne</strong></span> <span class='ocrx_word' id='word_1_43' title='bbox 1229 781 1474 836; x_wconf 75' lang='lat' dir='ltr'><strong>Albinum</strong></span> <span class='ocrx_word' id='word_1_44' title='bbox 1502 782 1840 836; x_wconf 80' lang='lat' dir='ltr'><strong>consularem</strong></span> <span class='ocrx_word' id='word_1_45' title='bbox 1873 783 2046 837; x_wconf 86' lang='lat' dir='ltr'><strong>virum</strong></span> <span class='ocrx_word' id='word_1_46' title='bbox 2064 778 2093 820; x_wconf 71' lang='grc' dir='ltr'>ιι</span> <span class='ocrx_word' id='word_1_47' title='bbox 2120 795 2257 851; x_wconf 77' lang='lat' dir='ltr'><strong>prte-</strong></span> 
     </span>
    </p>
   </div>
   <div class='ocr_carea' id='block_1_8' title="bbox 671 872 2254 944">
    <p class='ocr_par' dir='ltr' id='par_1_8' title="bbox 671 872 2254 944">
     <span class='ocr_line' id='line_1_8' title="bbox 671 872 2254 944; baseline 0.001 -18"><span class='ocrx_word' id='word_1_48' title='bbox 671 874 915 944; x_wconf 67' lang='lat' dir='ltr'><strong>iudicatae</strong></span> <span class='ocrx_word' id='word_1_49' title='bbox 971 872 1323 928; x_wconf 83' lang='lat' dir='ltr'><strong>accusationis</strong></span> <span class='ocrx_word' id='word_1_50' title='bbox 1382 888 1536 943; x_wconf 77' lang='lat' dir='ltr'><strong>poena</strong></span> <span class='ocrx_word' id='word_1_51' title='bbox 1585 875 1924 944; x_wconf 83' lang='lat' dir='ltr'><strong>corriperet,</strong></span> <span class='ocrx_word' id='word_1_52' title='bbox 1972 874 2114 930; x_wconf 89' lang='lat' dir='ltr'><strong>odiis</strong></span> <span class='ocrx_word' id='word_1_53' title='bbox 2164 885 2254 928; x_wconf 79' lang='lat' dir='ltr'><strong>me</strong></span> 
     </span>
    </p>
   </div>
   <div class='ocr_carea' id='block_1_9' title="bbox 671 964 2250 1038">
    <p class='ocr_par' dir='ltr' id='par_1_9' title="bbox 671 964 2250 1038">
     <span class='ocr_line' id='line_1_9' title="bbox 671 964 2250 1038; baseline -0.001 -17"><span class='ocrx_word' id='word_1_54' title='bbox 671 964 920 1037; x_wconf 80' lang='lat' dir='ltr'><strong>Cypriani</strong></span> <span class='ocrx_word' id='word_1_55' title='bbox 957 965 1210 1022; x_wconf 82' lang='lat' dir='ltr'><strong>delatoris</strong></span> <span class='ocrx_word' id='word_1_56' title='bbox 1248 966 1492 1036; x_wconf 90' lang='lat' dir='ltr'><strong>opposui.</strong></span> <span class='ocrx_word' id='word_1_57' title='bbox 1561 965 1771 1024; x_wconf 83' lang='lat' dir='ltr'><strong>Satisne</strong></span> <span class='ocrx_word' id='word_1_58' title='bbox 1798 968 1853 1024; x_wconf 91' lang='lat' dir='ltr'><strong>in</strong></span> <span class='ocrx_word' id='word_1_59' title='bbox 1894 983 1982 1024; x_wconf 90' lang='lat' dir='ltr'><strong>me</strong></span> <span class='ocrx_word' id='word_1_60' title='bbox 2025 975 2250 1038; x_wconf 78' lang='lat' dir='ltr'><strong>magnas</strong></span> 
     </span>
    </p>
   </div>
   <div class='ocr_carea' id='block_1_10' title="bbox 2354 594 3939 667">
    <p class='ocr_par' dir='ltr' id='par_1_10' title="bbox 2354 594 3939 667">
     <span class='ocr_line' id='line_1_10' title="bbox 2354 594 3939 667; baseline 0.005 -17"><span class='ocrx_word' id='word_1_61' title='bbox 2354 605 2580 651; x_wconf 67' lang='lat' dir='ltr'><strong>caeteros</strong></span> <span class='ocrx_word' id='word_1_62' title='bbox 2609 594 2626 633; x_wconf 69' lang='grc' dir='ltr'>ί</span> <span class='ocrx_word' id='word_1_63' title='bbox 2655 595 2818 650; x_wconf 86' lang='lat' dir='ltr'><strong>tutior</strong></span> <span class='ocrx_word' id='word_1_64' title='bbox 2842 595 3025 663; x_wconf 85' lang='lat' dir='ltr'><strong>debui,</strong></span> <span class='ocrx_word' id='word_1_65' title='bbox 3069 595 3160 666; x_wconf 89' lang='lat' dir='ltr'><strong>qui</strong></span> <span class='ocrx_word' id='word_1_66' title='bbox 3190 596 3320 651; x_wconf 91' lang='lat' dir='ltr'><strong>mihi</strong></span> <span class='ocrx_word' id='word_1_67' title='bbox 3346 611 3529 652; x_wconf 85' lang='lat' dir='ltr'><strong>amore</strong></span> <span class='ocrx_word' id='word_1_68' title='bbox 3554 598 3776 667; x_wconf 80' lang='lat' dir='ltr'><strong>justitize</strong></span> <span class='ocrx_word' id='word_1_69' title='bbox 3804 601 3939 657; x_wconf 81' lang='lat' dir='ltr'><strong>nihil</strong></span> 
     </span>
    </p>
   </div>
   <div class='ocr_carea' id='block_1_11' title="bbox 2355 686 3934 757">
    <p class='ocr_par' dir='ltr' id='par_1_11' title="bbox 2355 686 3934 757">
     <span class='ocr_line' id='line_1_11' title="bbox 2355 686 3934 757; baseline 0.005 -17"><span class='ocrx_word' id='word_1_70' title='bbox 2355 688 2494 756; x_wconf 90' lang='lat' dir='ltr'><strong>apud</strong></span> <span class='ocrx_word' id='word_1_71' title='bbox 2530 687 2764 752; x_wconf 85' lang='lat' dir='ltr'><strong>aulicos,</strong></span> <span class='ocrx_word' id='word_1_72' title='bbox 2800 702 2906 757; x_wconf 92' lang='lat' dir='ltr'><strong>quo</strong></span> <span class='ocrx_word' id='word_1_73' title='bbox 2930 686 2954 720; x_wconf 80' lang='grc'><strong><em>²</em></strong></span> <span class='ocrx_word' id='word_1_74' title='bbox 3007 687 3388 756; x_wconf 77' lang='lat' dir='ltr'><strong>ntagisessem</strong></span> <span class='ocrx_word' id='word_1_75' title='bbox 3423 688 3607 757; x_wconf 77' lang='lat' dir='ltr'><strong>tutiOr,</strong></span> <span class='ocrx_word' id='word_1_76' title='bbox 3648 701 3934 748; x_wconf 79' lang='lat' dir='ltr'><strong>reservavi.</strong></span> 
     </span>
    </p>
   </div>
   <div class='ocr_carea' id='block_1_12' title="bbox 2357 777 3938 851">
    <p class='ocr_par' dir='ltr' id='par_1_12' title="bbox 2357 777 3938 851">
     <span class='ocr_line' id='line_1_12' title="bbox 2357 777 3938 851; baseline 0.001 -16"><span class='ocrx_word' id='word_1_77' title='bbox 2357 777 2466 851; x_wconf 61' lang='grc'><strong>49</strong></span> <span class='ocrx_word' id='word_1_78' title='bbox 2491 779 2512 811; x_wconf 83' lang='grc'><em>³</em></span> <span class='ocrx_word' id='word_1_79' title='bbox 2559 778 2762 844; x_wconf 87' lang='lat' dir='ltr'><strong>Quibus</strong></span> <span class='ocrx_word' id='word_1_80' title='bbox 2802 787 2978 832; x_wconf 88' lang='lat' dir='ltr'><strong>autem</strong></span> <span class='ocrx_word' id='word_1_81' title='bbox 3006 777 3369 832; x_wconf 81' lang='lat' dir='ltr'><strong>deferentibus</strong></span> <span class='ocrx_word' id='word_1_82' title='bbox 3397 788 3422 827; x_wconf 82' lang='lat' dir='ltr'><strong>tt</strong></span> <span class='ocrx_word' id='word_1_83' title='bbox 3454 781 3683 849; x_wconf 77' lang='lat' dir='ltr'><strong>perculsi</strong></span> <span class='ocrx_word' id='word_1_84' title='bbox 3722 783 3938 837; x_wconf 79' lang='lat' dir='ltr'><strong>sumus?</strong></span> 
     </span>
    </p>
   </div>
   <div class='ocr_carea' id='block_1_13' title="bbox 2359 870 3934 945">
    <p class='ocr_par' dir='ltr' id='par_1_13' title="bbox 2359 870 3934 945">
     <span class='ocr_line' id='line_1_13' title="bbox 2359 870 3934 945; baseline 0.003 -19"><span class='ocrx_word' id='word_1_85' title='bbox 2359 874 2386 910; x_wconf 66' lang='grc' dir='ltr'>ι</span> <span class='ocrx_word' id='word_1_86' title='bbox 2407 887 2632 942; x_wconf 87' lang='lat' dir='ltr'><strong>quorum</strong></span> <span class='ocrx_word' id='word_1_87' title='bbox 2660 870 2683 902; x_wconf 74' lang='grc'><strong>⁵</strong></span> <span class='ocrx_word' id='word_1_88' title='bbox 2736 871 2981 936; x_wconf 83' lang='lat' dir='ltr'><strong>Basilius,</strong></span> <span class='ocrx_word' id='word_1_89' title='bbox 3011 871 3136 925; x_wconf 87' lang='lat' dir='ltr'><strong>olitn</strong></span> <span class='ocrx_word' id='word_1_90' title='bbox 3166 872 3312 942; x_wconf 79' lang='lat' dir='ltr'><strong>regio</strong></span> <span class='ocrx_word' id='word_1_91' title='bbox 3335 874 3633 928; x_wconf 87' lang='lat' dir='ltr'><strong>ministerio</strong></span> <span class='ocrx_word' id='word_1_92' title='bbox 3659 875 3934 945; x_wconf 82' lang='lat' dir='ltr'><strong>depulsus,</strong></span> 
     </span>
    </p>
   </div>
   <div class='ocr_carea' id='block_1_14' title="bbox 2359 961 3937 1030">
    <p class='ocr_par' dir='ltr' id='par_1_14' title="bbox 2359 961 3937 1030">
     <span class='ocr_line' id='line_1_14' title="bbox 2359 961 3937 1030; baseline 0.004 -13"><span class='ocrx_word' id='word_1_93' title='bbox 2359 964 2413 1017; x_wconf 89' lang='lat' dir='ltr'><strong>in</strong></span> <span class='ocrx_word' id='word_1_94' title='bbox 2443 962 2769 1017; x_wconf 72' lang='lat' dir='ltr'><strong>delationem</strong></span> <span class='ocrx_word' id='word_1_95' title='bbox 2813 962 2980 1018; x_wconf 73' lang='lat' dir='ltr'><strong>nostri</strong></span> <span class='ocrx_word' id='word_1_96' title='bbox 3025 961 3280 1030; x_wconf 87' lang='lat' dir='ltr'><strong>nominis,</strong></span> <span class='ocrx_word' id='word_1_97' title='bbox 3316 961 3331 1000; x_wconf 80' lang='grc' dir='ltr'><strong>ί</strong></span> <span class='ocrx_word' id='word_1_98' title='bbox 3367 964 3524 1019; x_wconf 84' lang='lat' dir='ltr'><strong>alieni</strong></span> <span class='ocrx_word' id='word_1_99' title='bbox 3557 966 3683 1022; x_wconf 75' lang='lat' dir='ltr'><strong>teris</strong></span> <span class='ocrx_word' id='word_1_100' title='bbox 3707 967 3937 1024; x_wconf 59' lang='lat' dir='ltr'><strong>accessi</strong></span> 
     </span>
    </p>
   </div>
   <div class='ocr_carea' id='block_1_15' title="bbox 1994 1073 2568 1137">
    <p class='ocr_par' dir='ltr' id='par_1_15' title="bbox 1994 1073 2568 1137">
     <span class='ocr_line' id='line_1_15' title="bbox 1994 1073 2568 1137; baseline -0.016 1"><span class='ocrx_word' id='word_1_101' title='bbox 1994 1073 2568 1137; x_wconf 82' lang='lat' dir='ltr'><strong>INTERPRETATIO.</strong></span> 
     </span>
    </p>
   </div>
   <div class='ocr_carea' id='block_1_16' title="bbox 745 1193 1430 1266">
    <p class='ocr_par' dir='ltr' id='par_1_16' title="bbox 745 1193 1430 1266">
     <span class='ocr_line' id='line_1_16' title="bbox 745 1193 1430 1266; baseline 0.003 -20"><span class='ocrx_word' id='word_1_102' title='bbox 745 1206 771 1266; x_wconf 49' lang='grc' dir='ltr'><em>μ</em></span> <span class='ocrx_word' id='word_1_103' title='bbox 813 1196 913 1264; x_wconf 96' lang='lat' dir='ltr'><strong>Qui</strong></span> <span class='ocrx_word' id='word_1_104' title='bbox 942 1194 1072 1248; x_wconf 88' lang='lat' dir='ltr'><strong>alias</strong></span> <span class='ocrx_word' id='word_1_105' title='bbox 1106 1193 1280 1248; x_wconf 78' lang='lat' dir='ltr'><strong>consul</strong></span> <span class='ocrx_word' id='word_1_106' title='bbox 1317 1196 1430 1266; x_wconf 79' lang='lat' dir='ltr'><strong>fuit.</strong></span> 
     </span>
    </p>
   </div>
   <div class='ocr_carea' id='block_1_17' title="bbox 743 1265 1682 1332">
    <p class='ocr_par' dir='ltr' id='par_1_17' title="bbox 743 1265 1682 1332">
     <span class='ocr_line' id='line_1_17' title="bbox 743 1265 1682 1332; baseline -0.003 -11"><span class='ocrx_word' id='word_1_107' title='bbox 743 1265 771 1304; x_wconf 69' lang='grc' dir='ltr'><strong>ι’</strong></span> <span class='ocrx_word' id='word_1_108' title='bbox 809 1266 975 1320; x_wconf 85' lang='lat' dir='ltr'><strong>Aulici</strong></span> <span class='ocrx_word' id='word_1_109' title='bbox 1011 1266 1215 1319; x_wconf 89' lang='lat' dir='ltr'><strong>canibus</strong></span> <span class='ocrx_word' id='word_1_110' title='bbox 1262 1268 1682 1332; x_wconf 86' lang='lat' dir='ltr'><strong>intpudenttores.</strong></span> 
     </span>
    </p>
   </div>
   <div class='ocr_carea' id='block_1_18' title="bbox 749 1337 1675 1405">
    <p class='ocr_par' dir='ltr' id='par_1_18' title="bbox 749 1337 1675 1405">
     <span class='ocr_line' id='line_1_18' title="bbox 749 1337 1675 1405; baseline -0.001 -16"><span class='ocrx_word' id='word_1_111' title='bbox 749 1349 771 1375; x_wconf 74' lang='grc' dir='ltr'><strong>ο</strong></span> <span class='ocrx_word' id='word_1_112' title='bbox 820 1337 1059 1390; x_wconf 80' lang='lat' dir='ltr'><strong>Virorum</strong></span> <span class='ocrx_word' id='word_1_113' title='bbox 1100 1337 1332 1405; x_wconf 75' lang='lat' dir='ltr'><strong>cupidius</strong></span> <span class='ocrx_word' id='word_1_114' title='bbox 1370 1337 1675 1405; x_wconf 85' lang='lat' dir='ltr'><strong>aptantium.</strong></span> 
     </span>
    </p>
   </div>
   <div class='ocr_carea' id='block_1_19' title="bbox 745 1405 1010 1461">
    <p class='ocr_par' dir='ltr' id='par_1_19' title="bbox 745 1405 1010 1461">
     <span class='ocr_line' id='line_1_19' title="bbox 745 1405 1010 1461; baseline 0 -3"><span class='ocrx_word' id='word_1_115' title='bbox 745 1405 771 1445; x_wconf 75' lang='grc' dir='ltr'><strong>τι</strong></span> <span class='ocrx_word' id='word_1_116' title='bbox 813 1405 1010 1461; x_wconf 66' lang='lat' dir='ltr'><strong>Falsas.</strong></span> 
     </span>
    </p>
   </div>
   <div class='ocr_carea' id='block_1_20' title="bbox 748 1476 1106 1532">
    <p class='ocr_par' dir='ltr' id='par_1_20' title="bbox 748 1476 1106 1532">
     <span class='ocr_line' id='line_1_20' title="bbox 748 1476 1106 1532; baseline 0.006 -2"><span class='ocrx_word' id='word_1_117' title='bbox 748 1491 771 1516; x_wconf 69' lang='grc' dir='ltr'><strong>ι’</strong></span> <span class='ocrx_word' id='word_1_118' title='bbox 812 1476 1106 1532; x_wconf 75' lang='lat' dir='ltr'><strong>Exacuisse.</strong></span> 
     </span>
    </p>
   </div>
   <div class='ocr_carea' id='block_1_21' title="bbox 2437 1187 3638 1258">
    <p class='ocr_par' dir='ltr' id='par_1_21' title="bbox 2437 1187 3638 1258">
     <span class='ocr_line' id='line_1_21' title="bbox 2437 1187 3638 1258; baseline 0 -15"><span class='ocrx_word' id='word_1_119' title='bbox 2437 1189 2457 1229; x_wconf 74' lang='grc' dir='ltr'>ί</span> <span class='ocrx_word' id='word_1_120' title='bbox 2500 1190 2605 1244; x_wconf 88' lang='lat' dir='ltr'><strong>Eos</strong></span> <span class='ocrx_word' id='word_1_121' title='bbox 2640 1188 2937 1258; x_wconf 62' lang='lat' dir='ltr'><strong>praesertim</strong></span> <span class='ocrx_word' id='word_1_122' title='bbox 2971 1187 3160 1256; x_wconf 85' lang='lat' dir='ltr'><strong>quibus</strong></span> <span class='ocrx_word' id='word_1_123' title='bbox 3196 1202 3354 1257; x_wconf 92' lang='lat' dir='ltr'><strong>opem</strong></span> <span class='ocrx_word' id='word_1_124' title='bbox 3395 1189 3638 1245; x_wconf 84' lang='lat' dir='ltr'><strong>tuleram.</strong></span> 
     </span>
    </p>
   </div>
   <div class='ocr_carea' id='block_1_22' title="bbox 2437 1259 2879 1313">
    <p class='ocr_par' dir='ltr' id='par_1_22' title="bbox 2437 1259 2879 1313">
     <span class='ocr_line' id='line_1_22' title="bbox 2437 1259 2879 1313; baseline -0.002 1"><span class='ocrx_word' id='word_1_125' title='bbox 2437 1269 2462 1307; x_wconf 75' lang='grc' dir='ltr'><strong><em>κ</em></strong></span> <span class='ocrx_word' id='word_1_126' title='bbox 2493 1259 2879 1313; x_wconf 73' lang='lat' dir='ltr'><strong>Exsulavimus.</strong></span> 
     </span>
    </p>
   </div>
   <div class='ocr_carea' id='block_1_23' title="bbox 2431 1330 3468 1402">
    <p class='ocr_par' dir='ltr' id='par_1_23' title="bbox 2431 1330 3468 1402">
     <span class='ocr_line' id='line_1_23' title="bbox 2431 1330 3468 1402; baseline 0.004 -20"><span class='ocrx_word' id='word_1_127' title='bbox 2431 1331 2462 1402; x_wconf 56' lang='lat' dir='ltr'><strong>il</strong></span> <span class='ocrx_word' id='word_1_128' title='bbox 2495 1331 2632 1402; x_wconf 84' lang='lat' dir='ltr'><strong>Viris</strong></span> <span class='ocrx_word' id='word_1_129' title='bbox 2661 1331 2866 1402; x_wconf 75' lang='lat' dir='ltr'><strong>scilicet</strong></span> <span class='ocrx_word' id='word_1_130' title='bbox 2886 1330 3121 1402; x_wconf 74' lang='lat' dir='ltr'><strong>iniquis,</strong></span> <span class='ocrx_word' id='word_1_131' title='bbox 3155 1331 3287 1384; x_wconf 80' lang='lat' dir='ltr'><strong>inter</strong></span> <span class='ocrx_word' id='word_1_132' title='bbox 3314 1347 3468 1402; x_wconf 81' lang='lat' dir='ltr'><strong>quos.</strong></span> 
     </span>
    </p>
   </div>
   <div class='ocr_carea' id='block_1_24' title="bbox 2437 1399 3208 1471">
    <p class='ocr_par' dir='ltr' id='par_1_24' title="bbox 2437 1399 3208 1471">
     <span class='ocr_line' id='line_1_24' title="bbox 2437 1399 3208 1471; baseline -0.001 -16"><span class='ocrx_word' id='word_1_133' title='bbox 2437 1400 2452 1439; x_wconf 75' lang='grc' dir='ltr'><strong>ί</strong></span> <span class='ocrx_word' id='word_1_134' title='bbox 2496 1401 2660 1471; x_wconf 83' lang='lat' dir='ltr'><strong>Vulgo</strong></span> <span class='ocrx_word' id='word_1_135' title='bbox 2683 1399 2898 1455; x_wconf 86' lang='lat' dir='ltr'><strong>accablé</strong></span> <span class='ocrx_word' id='word_1_136' title='bbox 2919 1403 2986 1454; x_wconf 87' lang='lat' dir='ltr'><strong>de</strong></span> <span class='ocrx_word' id='word_1_137' title='bbox 3014 1399 3208 1456; x_wconf 89' lang='lat' dir='ltr'><strong>dettes.</strong></span> 
     </span>
    </p>
   </div>
   <div class='ocr_carea' id='block_1_25' title="bbox 2186 1581 2420 1641">
    <p class='ocr_par' dir='ltr' id='par_1_25' title="bbox 2186 1581 2420 1641">
     <span class='ocr_line' id='line_1_25' title="bbox 2186 1581 2420 1641; baseline -0.021 -1"><span class='ocrx_word' id='word_1_138' title='bbox 2186 1581 2393 1641; x_wconf 62' lang='lat' dir='ltr'><strong>NOTIE</strong></span> <span class='ocrx_word' id='word_1_139' title='bbox 2407 1621 2420 1635; x_wconf 96' lang='lat'><strong>.</strong></span> 
     </span>
    </p>
   </div>
   <div class='ocr_carea' id='block_1_26' title="bbox 677 1703 2242 1775">
    <p class='ocr_par' dir='ltr' id='par_1_26' title="bbox 677 1703 2242 1775">
     <span class='ocr_line' id='line_1_26' title="bbox 677 1703 2242 1775; baseline -0.004 -11"><span class='ocrx_word' id='word_1_140' title='bbox 677 1721 879 1765; x_wconf 89' lang='lat' dir='ltr'><strong>tramur</strong></span> <span class='ocrx_word' id='word_1_141' title='bbox 904 1707 1004 1760; x_wconf 89' lang='lat' dir='ltr'><strong>hac</strong></span> <span class='ocrx_word' id='word_1_142' title='bbox 1035 1707 1346 1774; x_wconf 80' lang='lat' dir='ltr'><strong>coemptione</strong></span> <span class='ocrx_word' id='word_1_143' title='bbox 1371 1713 1651 1775; x_wconf 89' lang='lat' dir='ltr'><strong>utrumque</strong></span> <span class='ocrx_word' id='word_1_144' title='bbox 1690 1703 2004 1773; x_wconf 80' lang='lat' dir='ltr'><strong>signiﬁcari,</strong></span> <span class='ocrx_word' id='word_1_145' title='bbox 2036 1711 2089 1757; x_wconf 92' lang='lat' dir='ltr'><strong>et</strong></span> <span class='ocrx_word' id='word_1_146' title='bbox 2121 1717 2242 1773; x_wconf 85' lang='lat' dir='ltr'><strong>pro-</strong></span> 
     </span>
    </p>
   </div>
   <div class='ocr_carea' id='block_1_27' title="bbox 675 1775 2245 1846">
    <p class='ocr_par' dir='ltr' id='par_1_27' title="bbox 675 1775 2245 1846">
     <span class='ocr_line' id='line_1_27' title="bbox 675 1775 2245 1846; baseline -0.003 -14"><span class='ocrx_word' id='word_1_147' title='bbox 675 1780 928 1834; x_wconf 86' lang='lat' dir='ltr'><strong>viuciales</strong></span> <span class='ocrx_word' id='word_1_148' title='bbox 955 1779 1234 1846; x_wconf 60' lang='lat' dir='ltr'><strong>prcedictas</strong></span> <span class='ocrx_word' id='word_1_149' title='bbox 1258 1778 1464 1844; x_wconf 89' lang='lat' dir='ltr'><strong>species</strong></span> <span class='ocrx_word' id='word_1_150' title='bbox 1493 1776 1620 1830; x_wconf 83' lang='lat' dir='ltr'><strong>ﬁsco</strong></span> <span class='ocrx_word' id='word_1_151' title='bbox 1646 1776 1876 1830; x_wconf 84' lang='lat' dir='ltr'><strong>vendere</strong></span> <span class='ocrx_word' id='word_1_152' title='bbox 1902 1775 2095 1829; x_wconf 91' lang='lat' dir='ltr'><strong>minori</strong></span> <span class='ocrx_word' id='word_1_153' title='bbox 2125 1789 2245 1846; x_wconf 87' lang='lat' dir='ltr'><strong>pre-</strong></span> 
     </span>
    </p>
   </div>
   <div class='ocr_carea' id='block_1_28' title="bbox 673 1845 2327 1938">
    <p class='ocr_par' dir='ltr' id='par_1_28' title="bbox 673 1845 2327 1938">
     <span class='ocr_line' id='line_1_28' title="bbox 673 1845 2327 1938; baseline -0.005 -35"><span class='ocrx_word' id='word_1_154' title='bbox 673 1853 770 1938; x_wconf 70' lang='lat' dir='ltr'><strong>tio,</strong></span> <span class='ocrx_word' id='word_1_155' title='bbox 794 1851 936 1938; x_wconf 64' lang='lat' dir='ltr'><strong>etnab</strong></span> <span class='ocrx_word' id='word_1_156' title='bbox 959 1845 1074 1930; x_wconf 84' lang='lat' dir='ltr'><strong>ipso</strong></span> <span class='ocrx_word' id='word_1_157' title='bbox 1095 1848 1308 1938; x_wconf 50' lang='lat' dir='ltr'><strong>etisdem</strong></span> <span class='ocrx_word' id='word_1_158' title='bbox 1333 1845 1521 1938; x_wconf 63' lang='lat' dir='ltr'><strong>majori</strong></span> <span class='ocrx_word' id='word_1_159' title='bbox 1549 1847 1719 1938; x_wconf 76' lang='lat' dir='ltr'><strong>pretio</strong></span> <span class='ocrx_word' id='word_1_160' title='bbox 1744 1845 2244 1938; x_wconf 75' lang='lat' dir='ltr'><strong>emerecogendos:</strong></span> <span class='ocrx_word' id='word_1_161' title='bbox 2279 1877 2327 1938; x_wconf 64' lang='grc' dir='ltr'><strong>Β</strong></span> 
     </span>
    </p>
   </div>
   <div class='ocr_carea' id='block_1_29' title="bbox 675 1916 2248 1984">
    <p class='ocr_par' dir='ltr' id='par_1_29' title="bbox 675 1916 2248 1984">
     <span class='ocr_line' id='line_1_29' title="bbox 675 1916 2248 1984; baseline -0.004 -10"><span class='ocrx_word' id='word_1_162' title='bbox 675 1923 799 1974; x_wconf 86' lang='lat' dir='ltr'><strong>hinc</strong></span> <span class='ocrx_word' id='word_1_163' title='bbox 841 1916 1052 1972; x_wconf 69' lang='lat' dir='ltr'><strong>Boetius</strong></span> <span class='ocrx_word' id='word_1_164' title='bbox 1095 1920 1334 1971; x_wconf 85' lang='lat' dir='ltr'><strong>adversus</strong></span> <span class='ocrx_word' id='word_1_165' title='bbox 1383 1917 1677 1984; x_wconf 76' lang='lat' dir='ltr'><strong>prtefectum</strong></span> <span class='ocrx_word' id='word_1_166' title='bbox 1727 1916 1948 1982; x_wconf 74' lang='lat' dir='ltr'><strong>prtrtorii</strong></span> <span class='ocrx_word' id='word_1_167' title='bbox 1997 1925 2248 1968; x_wconf 81' lang='lat' dir='ltr'><strong>certamen</strong></span> 
     </span>
    </p>
   </div>
   <div class='ocr_carea' id='block_1_30' title="bbox 675 1987 2249 2060">
    <p class='ocr_par' dir='ltr' id='par_1_30' title="bbox 675 1987 2249 2060">
     <span class='ocr_line' id='line_1_30' title="bbox 675 1987 2249 2060; baseline -0.006 -15"><span class='ocrx_word' id='word_1_168' title='bbox 675 1990 913 2060; x_wconf 78' lang='lat' dir='ltr'><strong>suscepit,</strong></span> <span class='ocrx_word' id='word_1_169' title='bbox 943 2005 1057 2059; x_wconf 89' lang='lat' dir='ltr'><strong>rege</strong></span> <span class='ocrx_word' id='word_1_170' title='bbox 1078 1989 1408 2060; x_wconf 78' lang='lat' dir='ltr'><strong>Theoderico</strong></span> <span class='ocrx_word' id='word_1_171' title='bbox 1437 1987 2079 2060; x_wconf 81' lang='lat' dir='ltr'><strong>cognoscente_contendit_,</strong></span> <span class='ocrx_word' id='word_1_172' title='bbox 2110 1996 2154 2039; x_wconf 90' lang='lat' dir='ltr'><strong>et</strong></span> <span class='ocrx_word' id='word_1_173' title='bbox 2186 2001 2249 2060; x_wconf 75' lang='lat' dir='ltr'><strong>ne</strong></span> 
     </span>
    </p>
   </div>
   <div class='ocr_carea' id='block_1_31' title="bbox 673 2056 2248 2129">
    <p class='ocr_par' dir='ltr' id='par_1_31' title="bbox 673 2056 2248 2129">
     <span class='ocr_line' id='line_1_31' title="bbox 673 2056 2248 2129; baseline -0.004 -14"><span class='ocrx_word' id='word_1_174' title='bbox 673 2056 919 2126; x_wconf 86' lang='lat' dir='ltr'><strong>coemptio</strong></span> <span class='ocrx_word' id='word_1_175' title='bbox 939 2056 1239 2129; x_wconf 65' lang='lat' dir='ltr'><strong>exigeretur.</strong></span> <span class='ocrx_word' id='word_1_176' title='bbox 1272 2059 1435 2112; x_wconf 79' lang='lat' dir='ltr'><strong>evicit.</strong></span> <span class='ocrx_word' id='word_1_177' title='bbox 1483 2059 1586 2112; x_wconf 86' lang='lat' dir='ltr'><strong>Sed</strong></span> <span class='ocrx_word' id='word_1_178' title='bbox 1609 2059 1738 2129; x_wconf 86' lang='lat' dir='ltr'><strong>quid</strong></span> <span class='ocrx_word' id='word_1_179' title='bbox 1756 2056 2078 2129; x_wconf 79' lang='lat' dir='ltr'><strong>Campania?</strong></span> <span class='ocrx_word' id='word_1_180' title='bbox 2121 2056 2248 2129; x_wconf 90' lang='lat' dir='ltr'><strong>quid</strong></span> 
     </span>
    </p>
   </div>
   <div class='ocr_carea' id='block_1_32' title="bbox 676 2127 2249 2202">
    <p class='ocr_par' dir='ltr' id='par_1_32' title="bbox 676 2127 2249 2202">
     <span class='ocr_line' id='line_1_32' title="bbox 676 2127 2249 2202; baseline -0.003 -19"><span class='ocrx_word' id='word_1_181' title='bbox 676 2131 945 2202; x_wconf 75' lang='lat' dir='ltr'><strong>prwfectus</strong></span> <span class='ocrx_word' id='word_1_182' title='bbox 983 2127 1250 2202; x_wconf 67' lang='lat' dir='ltr'><strong>praetorii?</strong></span> <span class='ocrx_word' id='word_1_183' title='bbox 1301 2128 1782 2202; x_wconf 66' lang='lat' dir='ltr'><strong>Campania__r_cgio</strong></span> <span class='ocrx_word' id='word_1_184' title='bbox 1825 2127 1991 2202; x_wconf 57' lang='lat' dir='ltr'><strong>Italiae</strong></span> <span class='ocrx_word' id='word_1_185' title='bbox 2035 2127 2249 2202; x_wconf 61' lang='lat' dir='ltr'><strong>fertilis-</strong></span> 
     </span>
    </p>
   </div>
   <div class='ocr_carea' id='block_1_33' title="bbox 675 2197 2244 2269">
    <p class='ocr_par' dir='ltr' id='par_1_33' title="bbox 675 2197 2244 2269">
     <span class='ocr_line' id='line_1_33' title="bbox 675 2197 2244 2269; baseline -0.004 -13"><span class='ocrx_word' id='word_1_186' title='bbox 675 2197 807 2257; x_wconf 84' lang='lat' dir='ltr'><strong>sima</strong></span> <span class='ocrx_word' id='word_1_187' title='bbox 836 2219 849 2254; x_wconf 86' lang='lat'><strong>:</strong></span> <span class='ocrx_word' id='word_1_188' title='bbox 881 2197 1016 2254; x_wconf 80' lang='lat' dir='ltr'><strong>hanc</strong></span> <span class='ocrx_word' id='word_1_189' title='bbox 1049 2210 1166 2269; x_wconf 90' lang='lat' dir='ltr'><strong>post</strong></span> <span class='ocrx_word' id='word_1_190' title='bbox 1192 2199 1417 2253; x_wconf 77' lang='lat' dir='ltr'><strong>Plinium</strong></span> <span class='ocrx_word' id='word_1_191' title='bbox 1441 2198 1694 2269; x_wconf 77' lang='lat' dir='ltr'><strong>de_.~cribit</strong></span> <span class='ocrx_word' id='word_1_192' title='bbox 1718 2198 1908 2252; x_wconf 82' lang='lat' dir='ltr'><strong>Florus</strong></span> <span class='ocrx_word' id='word_1_193' title='bbox 1936 2199 1974 2252; x_wconf 93' lang='lat' dir='ltr'><strong>l.</strong></span> <span class='ocrx_word' id='word_1_194' title='bbox 2005 2214 2041 2261; x_wconf 87' lang='lat' dir='ltr'><strong>t,</strong></span> <span class='ocrx_word' id='word_1_195' title='bbox 2072 2213 2121 2251; x_wconf 91' lang='lat' dir='ltr'><strong>c.</strong></span> <span class='ocrx_word' id='word_1_196' title='bbox 2150 2197 2244 2250; x_wconf 74' lang='lat' dir='ltr'><strong>i6:</strong></span> 
     </span>
    </p>
   </div>
   <div class='ocr_carea' id='block_1_34' title="bbox 678 2267 2251 2338">
    <p class='ocr_par' dir='ltr' id='par_1_34' title="bbox 678 2267 2251 2338">
     <span class='ocr_line' id='line_1_34' title="bbox 678 2267 2251 2338; baseline -0.003 -12"><span class='ocrx_word' id='word_1_197' title='bbox 678 2273 939 2335; x_wconf 82' lang='lat' dir='ltr'><strong>Omnium,</strong></span> <span class='ocrx_word' id='word_1_198' title='bbox 972 2267 1163 2338; x_wconf 81' lang='lat' dir='ltr'><strong>inquit,</strong></span> <span class='ocrx_word' id='word_1_199' title='bbox 1189 2287 1287 2322; x_wconf 85' lang='lat' dir='ltr'><strong>non</strong></span> <span class='ocrx_word' id='word_1_200' title='bbox 1317 2270 1468 2322; x_wconf 80' lang='lat' dir='ltr'><strong>modo</strong></span> <span class='ocrx_word' id='word_1_201' title='bbox 1496 2267 1671 2333; x_wconf 89' lang='lat' dir='ltr'><strong>Italia,</strong></span> <span class='ocrx_word' id='word_1_202' title='bbox 1701 2269 1787 2322; x_wconf 87' lang='lat' dir='ltr'><strong>sed</strong></span> <span class='ocrx_word' id='word_1_203' title='bbox 1816 2278 1917 2321; x_wconf 91' lang='lat' dir='ltr'><strong>toto</strong></span> <span class='ocrx_word' id='word_1_204' title='bbox 1943 2268 2061 2322; x_wconf 88' lang='lat' dir='ltr'><strong>orbe</strong></span> <span class='ocrx_word' id='word_1_205' title='bbox 2090 2277 2251 2322; x_wconf 87' lang='lat' dir='ltr'><strong>terra-</strong></span> 
     </span>
    </p>
   </div>
   <div class='ocr_carea' id='block_1_35' title="bbox 674 2338 2250 2413">
    <p class='ocr_par' dir='ltr' id='par_1_35' title="bbox 674 2338 2250 2413">
     <span class='ocr_line' id='line_1_35' title="bbox 674 2338 2250 2413; baseline -0.003 -17"><span class='ocrx_word' id='word_1_206' title='bbox 674 2360 807 2407; x_wconf 88' lang='lat' dir='ltr'><strong>rum,</strong></span> <span class='ocrx_word' id='word_1_207' title='bbox 834 2343 1176 2413; x_wconf 85' lang='lat' dir='ltr'><strong>pulcherrima</strong></span> <span class='ocrx_word' id='word_1_208' title='bbox 1199 2338 1491 2413; x_wconf 79' lang='lat' dir='ltr'><strong>Cantpanite</strong></span> <span class='ocrx_word' id='word_1_209' title='bbox 1531 2341 1682 2407; x_wconf 84' lang='lat' dir='ltr'><strong>plaga</strong></span> <span class='ocrx_word' id='word_1_210' title='bbox 1701 2349 1792 2413; x_wconf 74' lang='lat' dir='ltr'><strong>est.</strong></span> <span class='ocrx_word' id='word_1_211' title='bbox 1814 2338 2014 2413; x_wconf 26' lang='lat' dir='ltr'><strong>JNi/ttl</strong></span> <span class='ocrx_word' id='word_1_212' title='bbox 2044 2339 2250 2413; x_wconf 79' lang='lat' dir='ltr'><strong>mollius</strong></span> 
     </span>
    </p>
   </div>
   <div class='ocr_carea' id='block_1_36' title="bbox 674 2408 2249 2482">
    <p class='ocr_par' dir='ltr' id='par_1_36' title="bbox 674 2408 2249 2482">
     <span class='ocr_line' id='line_1_36' title="bbox 674 2408 2249 2482; baseline -0.001 -16"><span class='ocrx_word' id='word_1_213' title='bbox 674 2417 796 2468; x_wconf 66' lang='lat' dir='ltr'><strong>caelo</strong></span> <span class='ocrx_word' id='word_1_214' title='bbox 829 2408 847 2466; x_wconf 75' lang='grc' dir='ltr'><em>ἑ</em></span> <span class='ocrx_word' id='word_1_215' title='bbox 874 2413 1089 2482; x_wconf 80' lang='lat' dir='ltr'><strong>denique</strong></span> <span class='ocrx_word' id='word_1_216' title='bbox 1116 2412 1186 2464; x_wconf 88' lang='lat' dir='ltr'><strong>bis</strong></span> <span class='ocrx_word' id='word_1_217' title='bbox 1215 2408 1424 2480; x_wconf 70' lang='lat' dir='ltr'><strong>ﬂoribus</strong></span> <span class='ocrx_word' id='word_1_218' title='bbox 1450 2418 1654 2482; x_wconf 69' lang='lat' dir='ltr'><strong>vernat.</strong></span> <span class='ocrx_word' id='word_1_219' title='bbox 1693 2410 1741 2461; x_wconf 85' lang='grc' dir='ltr'><strong><em>Ν</em></strong></span> <span class='ocrx_word' id='word_1_220' title='bbox 1752 2409 2076 2482; x_wconf 68' lang='lat' dir='ltr'><strong>iltil_uberius</strong></span> <span class='ocrx_word' id='word_1_221' title='bbox 2101 2408 2249 2464; x_wconf 86' lang='lat' dir='ltr'><strong>solo:</strong></span> 
     </span>
    </p>
   </div>
   <div class='ocr_carea' id='block_1_37' title="bbox 673 2479 2254 2549">
    <p class='ocr_par' dir='ltr' id='par_1_37' title="bbox 673 2479 2254 2549">
     <span class='ocr_line' id='line_1_37' title="bbox 673 2479 2254 2549; baseline -0.003 -13"><span class='ocrx_word' id='word_1_222' title='bbox 673 2485 791 2537; x_wconf 84' lang='lat' dir='ltr'><strong>ideo</strong></span> <span class='ocrx_word' id='word_1_223' title='bbox 819 2482 985 2537; x_wconf 83' lang='lat' dir='ltr'><strong>Liberi</strong></span> <span class='ocrx_word' id='word_1_224' title='bbox 1005 2479 1298 2547; x_wconf 67' lang='lat' dir='ltr'><strong>Cererisque</strong></span> <span class='ocrx_word' id='word_1_225' title='bbox 1326 2491 1576 2534; x_wconf 84' lang='lat' dir='ltr'><strong>certamen</strong></span> <span class='ocrx_word' id='word_1_226' title='bbox 1603 2480 1810 2532; x_wconf 85' lang='lat' dir='ltr'><strong>dicitur.</strong></span> <span class='ocrx_word' id='word_1_227' title='bbox 1848 2479 1997 2534; x_wconf 85' lang='lat' dir='ltr'><strong>Niltil</strong></span> <span class='ocrx_word' id='word_1_228' title='bbox 2023 2479 2254 2549; x_wconf 71' lang='lat' dir='ltr'><strong>hospita-</strong></span> 
     </span>
    </p>
   </div>
   <div class='ocr_carea' id='block_1_38' title="bbox 676 2549 2252 2619">
    <p class='ocr_par' dir='ltr' id='par_1_38' title="bbox 676 2549 2252 2619">
     <span class='ocr_line' id='line_1_38' title="bbox 676 2549 2252 2619; baseline -0.002 -11"><span class='ocrx_word' id='word_1_229' title='bbox 676 2557 775 2608; x_wconf 84' lang='lat' dir='ltr'><strong>lius</strong></span> <span class='ocrx_word' id='word_1_230' title='bbox 801 2554 972 2607; x_wconf 86' lang='lat' dir='ltr'><strong>mari:</strong></span> <span class='ocrx_word' id='word_1_231' title='bbox 1005 2553 1085 2604; x_wconf 81' lang='lat' dir='ltr'><strong>hic</strong></span> <span class='ocrx_word' id='word_1_232' title='bbox 1118 2553 1196 2604; x_wconf 86' lang='lat' dir='ltr'><strong>illi</strong></span> <span class='ocrx_word' id='word_1_233' title='bbox 1232 2553 1426 2604; x_wconf 84' lang='lat' dir='ltr'><strong>nobiles</strong></span> <span class='ocrx_word' id='word_1_234' title='bbox 1457 2561 1653 2619; x_wconf 86' lang='lat' dir='ltr'><strong>portus,</strong></span> <span class='ocrx_word' id='word_1_235' title='bbox 1702 2552 1908 2612; x_wconf 80' lang='lat' dir='ltr'><strong>Caieta,</strong></span> <span class='ocrx_word' id='word_1_236' title='bbox 1944 2549 2170 2603; x_wconf 81' lang='lat' dir='ltr'><strong>Misenus</strong></span> <span class='ocrx_word' id='word_1_237' title='bbox 2205 2560 2252 2605; x_wconf 81' lang='lat' dir='ltr'><strong>et</strong></span> 
     </span>
    </p>
   </div>
   <div class='ocr_carea' id='block_1_39' title="bbox 676 2621 2254 2694">
    <p class='ocr_par' dir='ltr' id='par_1_39' title="bbox 676 2621 2254 2694">
     <span class='ocr_line' id='line_1_39' title="bbox 676 2621 2254 2694; baseline -0.003 -15"><span class='ocrx_word' id='word_1_238' title='bbox 676 2636 892 2694; x_wconf 76' lang='lat' dir='ltr'><strong>tepentes</strong></span> <span class='ocrx_word' id='word_1_239' title='bbox 926 2625 1144 2694; x_wconf 68' lang='lat' dir='ltr'><strong>fontibus</strong></span> <span class='ocrx_word' id='word_1_240' title='bbox 1173 2621 1314 2674; x_wconf 72' lang='lat' dir='ltr'><strong>Baiae</strong></span> <span class='ocrx_word' id='word_1_241' title='bbox 1338 2639 1355 2675; x_wconf 92' lang='lat'><strong><em>:</em></strong></span> <span class='ocrx_word' id='word_1_242' title='bbox 1386 2623 1652 2685; x_wconf 83' lang='lat' dir='ltr'><strong>Lucrinus,</strong></span> <span class='ocrx_word' id='word_1_243' title='bbox 1678 2632 1722 2674; x_wconf 87' lang='lat' dir='ltr'><strong>et</strong></span> <span class='ocrx_word' id='word_1_244' title='bbox 1736 2623 2254 2694; x_wconf 45' lang='lat' dir='ltr'><strong>.tlvernuquuazdam</strong></span> 
     </span>
    </p>
   </div>
   <div class='ocr_carea' id='block_1_40' title="bbox 675 2687 2248 2756">
    <p class='ocr_par' dir='ltr' id='par_1_40' title="bbox 675 2687 2248 2756">
     <span class='ocr_line' id='line_1_40' title="bbox 675 2687 2248 2756; baseline -0.002 -8"><span class='ocrx_word' id='word_1_245' title='bbox 675 2687 830 2749; x_wconf 75' lang='lat' dir='ltr'><strong>moris</strong></span> <span class='ocrx_word' id='word_1_246' title='bbox 850 2687 972 2748; x_wconf 84' lang='lat' dir='ltr'><strong>otia.</strong></span> <span class='ocrx_word' id='word_1_247' title='bbox 997 2692 1098 2747; x_wconf 81' lang='lat' dir='ltr'><strong>Hic</strong></span> <span class='ocrx_word' id='word_1_248' title='bbox 1117 2695 1285 2746; x_wconf 84' lang='lat' dir='ltr'><strong>amicti</strong></span> <span class='ocrx_word' id='word_1_249' title='bbox 1309 2694 1490 2745; x_wconf 82' lang='lat' dir='ltr'><strong>vitibus</strong></span> <span class='ocrx_word' id='word_1_250' title='bbox 1512 2703 1701 2745; x_wconf 80' lang='lat' dir='ltr'><strong>montes</strong></span> <span class='ocrx_word' id='word_1_251' title='bbox 1723 2691 1946 2751; x_wconf 76' lang='lat' dir='ltr'><strong>Gaurus,</strong></span> <span class='ocrx_word' id='word_1_252' title='bbox 1968 2687 2248 2756; x_wconf 82' lang='lat' dir='ltr'><strong>Falernus,</strong></span> 
     </span>
    </p>
   </div>
   <div class='ocr_carea' id='block_1_41' title="bbox 678 2761 2255 2830">
    <p class='ocr_par' dir='ltr' id='par_1_41' title="bbox 678 2761 2255 2830">
     <span class='ocr_line' id='line_1_41' title="bbox 678 2761 2255 2830; baseline -0.001 -11"><span class='ocrx_word' id='word_1_253' title='bbox 678 2766 950 2829; x_wconf 78' lang='lat' dir='ltr'><strong>Massicus,</strong></span> <span class='ocrx_word' id='word_1_254' title='bbox 965 2777 1008 2820; x_wconf 90' lang='lat' dir='ltr'><strong>et</strong></span> <span class='ocrx_word' id='word_1_255' title='bbox 1028 2765 1390 2826; x_wconf 80' lang='lat' dir='ltr'><strong>pulcherrimus</strong></span> <span class='ocrx_word' id='word_1_256' title='bbox 1411 2769 1632 2816; x_wconf 84' lang='lat' dir='ltr'><strong>Omnium</strong></span> <span class='ocrx_word' id='word_1_257' title='bbox 1654 2762 1896 2816; x_wconf 79' lang='lat' dir='ltr'><strong>Vesuvius</strong></span> <span class='ocrx_word' id='word_1_258' title='bbox 1911 2761 2103 2815; x_wconf 75' lang='lat' dir='ltr'><strong>/Etntei</strong></span> <span class='ocrx_word' id='word_1_259' title='bbox 2122 2765 2255 2830; x_wconf 84' lang='lat' dir='ltr'><strong>ignis</strong></span> 
     </span>
    </p>
   </div>
   <div class='ocr_carea' id='block_1_42' title="bbox 675 2832 2248 2898">
    <p class='ocr_par' dir='ltr' id='par_1_42' title="bbox 675 2832 2248 2898">
     <span class='ocr_line' id='line_1_42' title="bbox 675 2832 2248 2898; baseline -0.003 -8"><span class='ocrx_word' id='word_1_260' title='bbox 675 2839 920 2890; x_wconf 86' lang='lat' dir='ltr'><strong>imitator.</strong></span> <span class='ocrx_word' id='word_1_261' title='bbox 977 2834 1134 2890; x_wconf 82' lang='lat' dir='ltr'><strong>Urbes</strong></span> <span class='ocrx_word' id='word_1_262' title='bbox 1180 2836 1247 2886; x_wconf 81' lang='lat' dir='ltr'><strong>ad</strong></span> <span class='ocrx_word' id='word_1_263' title='bbox 1290 2851 1451 2898; x_wconf 86' lang='lat' dir='ltr'><strong>mare,</strong></span> <span class='ocrx_word' id='word_1_264' title='bbox 1495 2832 1738 2896; x_wconf 70' lang='lat' dir='ltr'><strong>Formiae,</strong></span> <span class='ocrx_word' id='word_1_265' title='bbox 1784 2833 1978 2898; x_wconf 65' lang='lat' dir='ltr'><strong>Cumaz,</strong></span> <span class='ocrx_word' id='word_1_266' title='bbox 2025 2832 2248 2898; x_wconf 83' lang='lat' dir='ltr'><strong>Puteoli,</strong></span> 
     </span>
    </p>
   </div>
   <div class='ocr_carea' id='block_1_43' title="bbox 677 2903 2250 2974">
    <p class='ocr_par' dir='ltr' id='par_1_43' title="bbox 677 2903 2250 2974">
     <span class='ocr_line' id='line_1_43' title="bbox 677 2903 2250 2974; baseline -0.002 -15"><span class='ocrx_word' id='word_1_267' title='bbox 677 2907 949 2970; x_wconf 83' lang='lat' dir='ltr'><strong>Neapolis,</strong></span> <span class='ocrx_word' id='word_1_268' title='bbox 978 2904 1372 2965; x_wconf 81' lang='lat' dir='ltr'><strong>Herculaneum,</strong></span> <span class='ocrx_word' id='word_1_269' title='bbox 1400 2903 1651 2974; x_wconf 83' lang='lat' dir='ltr'><strong>Pompeii,</strong></span> <span class='ocrx_word' id='word_1_270' title='bbox 1678 2912 1722 2956; x_wconf 89' lang='lat' dir='ltr'><strong>et</strong></span> <span class='ocrx_word' id='word_1_271' title='bbox 1745 2905 1854 2974; x_wconf 88' lang='lat' dir='ltr'><strong>ipsa</strong></span> <span class='ocrx_word' id='word_1_272' title='bbox 1875 2913 2027 2974; x_wconf 70' lang='lat' dir='ltr'><strong>caput</strong></span> <span class='ocrx_word' id='word_1_273' title='bbox 2051 2905 2250 2974; x_wconf 85' lang='lat' dir='ltr'><strong>urbium</strong></span> 
     </span>
    </p>
   </div>
   <div class='ocr_carea' id='block_1_44' title="bbox 677 2973 2252 3049">
    <p class='ocr_par' dir='ltr' id='par_1_44' title="bbox 677 2973 2252 3049">
     <span class='ocr_line' id='line_1_44' title="bbox 677 2973 2252 3049; baseline -0.003 -17"><span class='ocrx_word' id='word_1_274' title='bbox 677 2978 872 3049; x_wconf 80' lang='lat' dir='ltr'><strong>Capua,</strong></span> <span class='ocrx_word' id='word_1_275' title='bbox 895 2977 1152 3045; x_wconf 85' lang='lat' dir='ltr'><strong>quondam</strong></span> <span class='ocrx_word' id='word_1_276' title='bbox 1179 2978 1308 3028; x_wconf 89' lang='lat' dir='ltr'><strong>inter</strong></span> <span class='ocrx_word' id='word_1_277' title='bbox 1331 2987 1427 3049; x_wconf 79' lang='lat' dir='ltr'><strong>tres</strong></span> <span class='ocrx_word' id='word_1_278' title='bbox 1450 2973 1719 3037; x_wconf 53' lang='lat' dir='ltr'><strong>maximas,</strong></span> <span class='ocrx_word' id='word_1_279' title='bbox 1748 2973 1957 3026; x_wconf 76' lang='lat' dir='ltr'><strong>Romam</strong></span> <span class='ocrx_word' id='word_1_280' title='bbox 1983 2973 2252 3049; x_wconf 82' lang='lat' dir='ltr'><strong>Carthagi-</strong></span> 
     </span>
    </p>
   </div>
   <div class='ocr_carea' id='block_1_45' title="bbox 679 3046 2251 3117">
    <p class='ocr_par' dir='ltr' id='par_1_45' title="bbox 679 3046 2251 3117">
     <span class='ocr_line' id='line_1_45' title="bbox 679 3046 2251 3117; baseline -0.001 -17"><span class='ocrx_word' id='word_1_281' title='bbox 679 3046 890 3117; x_wconf 52' lang='lat' dir='ltr'><strong>neltque</strong></span> <span class='ocrx_word' id='word_1_282' title='bbox 929 3055 1215 3100; x_wconf 81' lang='lat' dir='ltr'><strong>numerata.</strong></span> <span class='ocrx_word' id='word_1_283' title='bbox 1262 3047 1550 3117; x_wconf 74' lang='lat' dir='ltr'><strong>Przrfectus</strong></span> <span class='ocrx_word' id='word_1_284' title='bbox 1589 3057 1765 3099; x_wconf 88' lang='lat' dir='ltr'><strong>autem</strong></span> <span class='ocrx_word' id='word_1_285' title='bbox 1803 3046 2056 3112; x_wconf 77' lang='lat' dir='ltr'><strong>prtetorii.</strong></span> <span class='ocrx_word' id='word_1_286' title='bbox 2093 3053 2149 3096; x_wconf 91' lang='lat' dir='ltr'><strong>ut</strong></span> <span class='ocrx_word' id='word_1_287' title='bbox 2177 3048 2251 3098; x_wconf 87' lang='lat' dir='ltr'><strong>ait</strong></span> 
     </span>
    </p>
   </div>
   <div class='ocr_carea' id='block_1_46' title="bbox 677 3116 2250 3185">
    <p class='ocr_par' dir='ltr' id='par_1_46' title="bbox 677 3116 2250 3185">
     <span class='ocr_line' id='line_1_46' title="bbox 677 3116 2250 3185; baseline -0.003 -13"><span class='ocrx_word' id='word_1_288' title='bbox 677 3116 924 3183; x_wconf 77' lang='lat' dir='ltr'><strong>llosinus,</strong></span> <span class='ocrx_word' id='word_1_289' title='bbox 951 3117 1156 3183; x_wconf 85' lang='lat' dir='ltr'><strong>dicitur,</strong></span> <span class='ocrx_word' id='word_1_290' title='bbox 1182 3119 1266 3185; x_wconf 88' lang='lat' dir='ltr'><strong>qui</strong></span> <span class='ocrx_word' id='word_1_291' title='bbox 1297 3116 1542 3169; x_wconf 86' lang='lat' dir='ltr'><strong>militibus</strong></span> <span class='ocrx_word' id='word_1_292' title='bbox 1576 3117 1638 3169; x_wconf 85' lang='lat' dir='ltr'><strong>iis</strong></span> <span class='ocrx_word' id='word_1_293' title='bbox 1669 3125 1904 3181; x_wconf 76' lang='lat' dir='ltr'><strong>prwerat,</strong></span> <span class='ocrx_word' id='word_1_294' title='bbox 1933 3132 2060 3185; x_wconf 79' lang='lat' dir='ltr'><strong>quos</strong></span> <span class='ocrx_word' id='word_1_295' title='bbox 2093 3117 2250 3181; x_wconf 63' lang='lat' dir='ltr'><strong>impeo</strong></span> 
     </span>
    </p>
   </div>
   <div class='ocr_carea' id='block_1_47' title="bbox 676 3186 2250 3255">
    <p class='ocr_par' dir='ltr' id='par_1_47' title="bbox 676 3186 2250 3255">
     <span class='ocr_line' id='line_1_47' title="bbox 676 3186 2250 3255; baseline -0.002 -13"><span class='ocrx_word' id='word_1_296' title='bbox 676 3205 870 3244; x_wconf 87' lang='lat' dir='ltr'><strong>ratores</strong></span> <span class='ocrx_word' id='word_1_297' title='bbox 925 3191 978 3243; x_wconf 83' lang='lat' dir='ltr'><strong>in</strong></span> <span class='ocrx_word' id='word_1_298' title='bbox 1026 3189 1104 3241; x_wconf 53' lang='lat' dir='ltr'><strong>sui</strong></span> <span class='ocrx_word' id='word_1_299' title='bbox 1145 3189 1427 3242; x_wconf 80' lang='lat' dir='ltr'><strong>custodiam</strong></span> <span class='ocrx_word' id='word_1_300' title='bbox 1466 3186 1762 3255; x_wconf 87' lang='lat' dir='ltr'><strong>allegerant.</strong></span> <span class='ocrx_word' id='word_1_301' title='bbox 1817 3187 2074 3239; x_wconf 84' lang='lat' dir='ltr'><strong>Nimirum</strong></span> <span class='ocrx_word' id='word_1_302' title='bbox 2113 3186 2250 3253; x_wconf 87' lang='lat' dir='ltr'><strong>apud</strong></span> 
     </span>
    </p>
   </div>
   <div class='ocr_carea' id='block_1_48' title="bbox 678 3249 2325 3326">
    <p class='ocr_par' dir='ltr' id='par_1_48' title="bbox 678 3249 2325 3326">
     <span class='ocr_line' id='line_1_48' title="bbox 678 3249 2325 3326; baseline -0.001 -12"><span class='ocrx_word' id='word_1_303' title='bbox 678 3264 975 3324; x_wconf 71' lang='lat' dir='ltr'><strong>Romanos,</strong></span> <span class='ocrx_word' id='word_1_304' title='bbox 1015 3259 1228 3326; x_wconf 73' lang='lat' dir='ltr'><strong>regibus</strong></span> <span class='ocrx_word' id='word_1_305' title='bbox 1265 3259 1489 3324; x_wconf 85' lang='lat' dir='ltr'><strong>exactis,</strong></span> <span class='ocrx_word' id='word_1_306' title='bbox 1517 3249 1675 3311; x_wconf 79' lang='lat' dir='ltr'><strong>iidem</strong></span> <span class='ocrx_word' id='word_1_307' title='bbox 1709 3258 1797 3322; x_wconf 91' lang='lat' dir='ltr'><strong>qui</strong></span> <span class='ocrx_word' id='word_1_308' title='bbox 1825 3257 1967 3326; x_wconf 89' lang='lat' dir='ltr'><strong>quod</strong></span> <span class='ocrx_word' id='word_1_309' title='bbox 2001 3249 2250 3311; x_wconf 83' lang='lat' dir='ltr'><strong>consule-</strong></span> <span class='ocrx_word' id='word_1_310' title='bbox 2277 3249 2325 3312; x_wconf 85' lang='lat' dir='ltr'>C</span> 
     </span>
    </p>
   </div>
   <div class='ocr_carea' id='block_1_49' title="bbox 675 3327 2246 3395">
    <p class='ocr_par' dir='ltr' id='par_1_49' title="bbox 675 3327 2246 3395">
     <span class='ocr_line' id='line_1_49' title="bbox 675 3327 2246 3395; baseline -0.003 -10"><span class='ocrx_word' id='word_1_311' title='bbox 675 3343 795 3386; x_wconf 89' lang='lat' dir='ltr'><strong>rent</strong></span> <span class='ocrx_word' id='word_1_312' title='bbox 837 3342 1109 3394; x_wconf 90' lang='lat' dir='ltr'><strong>senatum,</strong></span> <span class='ocrx_word' id='word_1_313' title='bbox 1159 3329 1440 3390; x_wconf 83' lang='lat' dir='ltr'><strong>consules;</strong></span> <span class='ocrx_word' id='word_1_314' title='bbox 1487 3330 1626 3395; x_wconf 90' lang='lat' dir='ltr'><strong>quod</strong></span> <span class='ocrx_word' id='word_1_315' title='bbox 1665 3327 1970 3394; x_wconf 80' lang='lat' dir='ltr'><strong>judicarent</strong></span> <span class='ocrx_word' id='word_1_316' title='bbox 2007 3327 2246 3393; x_wconf 87' lang='lat' dir='ltr'><strong>judiccs.</strong></span> 
     </span>
    </p>
   </div>
   <div class='ocr_carea' id='block_1_50' title="bbox 676 3398 2249 3468">
    <p class='ocr_par' dir='ltr' id='par_1_50' title="bbox 676 3398 2249 3468">
     <span class='ocr_line' id='line_1_50' title="bbox 676 3398 2249 3468; baseline -0.001 -15"><span class='ocrx_word' id='word_1_317' title='bbox 676 3410 801 3455; x_wconf 86' lang='lat' dir='ltr'><strong>sunt</strong></span> <span class='ocrx_word' id='word_1_318' title='bbox 842 3401 1129 3468; x_wconf 74' lang='lat' dir='ltr'><strong>appellati;</strong></span> <span class='ocrx_word' id='word_1_319' title='bbox 1183 3409 1441 3467; x_wconf 71' lang='lat' dir='ltr'><strong>praetores</strong></span> <span class='ocrx_word' id='word_1_320' title='bbox 1480 3412 1692 3466; x_wconf 84' lang='lat' dir='ltr'><strong>quoque</strong></span> <span class='ocrx_word' id='word_1_321' title='bbox 1733 3407 1858 3452; x_wconf 88' lang='lat' dir='ltr'><strong>sunt</strong></span> <span class='ocrx_word' id='word_1_322' title='bbox 1895 3398 2062 3463; x_wconf 88' lang='lat' dir='ltr'><strong>dicti,</strong></span> <span class='ocrx_word' id='word_1_323' title='bbox 2108 3399 2249 3466; x_wconf 89' lang='lat' dir='ltr'><strong>quod</strong></span> 
     </span>
    </p>
   </div>
   <div class='ocr_carea' id='block_1_51' title="bbox 677 3469 2250 3540">
    <p class='ocr_par' dir='ltr' id='par_1_51' title="bbox 677 3469 2250 3540">
     <span class='ocr_line' id='line_1_51' title="bbox 677 3469 2250 3540; baseline -0.001 -16"><span class='ocrx_word' id='word_1_324' title='bbox 677 3472 868 3540; x_wconf 79' lang='lat' dir='ltr'><strong>populo</strong></span> <span class='ocrx_word' id='word_1_325' title='bbox 891 3473 1141 3540; x_wconf 64' lang='lat' dir='ltr'><strong>praeirent</strong></span> <span class='ocrx_word' id='word_1_326' title='bbox 1165 3487 1178 3522; x_wconf 89' lang='lat'><strong>:</strong></span> <span class='ocrx_word' id='word_1_327' title='bbox 1203 3469 1294 3522; x_wconf 91' lang='lat' dir='ltr'><strong>sed</strong></span> <span class='ocrx_word' id='word_1_328' title='bbox 1321 3477 1598 3540; x_wconf 82' lang='lat' dir='ltr'><strong>crescente</strong></span> <span class='ocrx_word' id='word_1_329' title='bbox 1628 3469 1803 3535; x_wconf 83' lang='lat' dir='ltr'><strong>p0puli</strong></span> <span class='ocrx_word' id='word_1_330' title='bbox 1834 3469 2052 3540; x_wconf 75' lang='lat' dir='ltr'><strong>Romani</strong></span> <span class='ocrx_word' id='word_1_331' title='bbox 2086 3469 2250 3540; x_wconf 82' lang='lat' dir='ltr'><strong>impe-</strong></span> 
     </span>
    </p>
   </div>
   <div class='ocr_carea' id='block_1_52' title="bbox 677 3538 2252 3609">
    <p class='ocr_par' dir='ltr' id='par_1_52' title="bbox 677 3538 2252 3609">
     <span class='ocr_line' id='line_1_52' title="bbox 677 3538 2252 3609; baseline -0.002 -13"><span class='ocrx_word' id='word_1_332' title='bbox 677 3538 786 3608; x_wconf 80' lang='lat' dir='ltr'><strong>rio,</strong></span> <span class='ocrx_word' id='word_1_333' title='bbox 819 3538 1156 3609; x_wconf 72' lang='lat' dir='ltr'><strong>magistratus</strong></span> <span class='ocrx_word' id='word_1_334' title='bbox 1188 3541 1255 3592; x_wconf 92' lang='lat' dir='ltr'><strong>ita</strong></span> <span class='ocrx_word' id='word_1_335' title='bbox 1287 3538 1619 3606; x_wconf 81' lang='lat' dir='ltr'><strong>multiplicati</strong></span> <span class='ocrx_word' id='word_1_336' title='bbox 1654 3547 1800 3600; x_wconf 86' lang='lat' dir='ltr'><strong>sunt,</strong></span> <span class='ocrx_word' id='word_1_337' title='bbox 1830 3549 1885 3591; x_wconf 92' lang='lat' dir='ltr'><strong>ut</strong></span> <span class='ocrx_word' id='word_1_338' title='bbox 1913 3539 2001 3607; x_wconf 89' lang='lat' dir='ltr'><strong>qui</strong></span> <span class='ocrx_word' id='word_1_339' title='bbox 2035 3538 2085 3590; x_wconf 93' lang='lat' dir='ltr'><strong>in</strong></span> <span class='ocrx_word' id='word_1_340' title='bbox 2119 3539 2252 3592; x_wconf 89' lang='lat' dir='ltr'><strong>urbe</strong></span> 
     </span>
    </p>
   </div>
   <div class='ocr_carea' id='block_1_53' title="bbox 677 3609 2252 3680">
    <p class='ocr_par' dir='ltr' id='par_1_53' title="bbox 677 3609 2252 3680">
     <span class='ocr_line' id='line_1_53' title="bbox 677 3609 2252 3680; baseline -0.001 -16"><span class='ocrx_word' id='word_1_341' title='bbox 677 3623 988 3680; x_wconf 58' lang='lat' dir='ltr'><strong>prmeSs‘ent.</strong></span> <span class='ocrx_word' id='word_1_342' title='bbox 1028 3609 1311 3670; x_wconf 75' lang='lat' dir='ltr'><strong>consules,</strong></span> <span class='ocrx_word' id='word_1_343' title='bbox 1341 3611 1428 3678; x_wconf 90' lang='lat' dir='ltr'><strong>qui</strong></span> <span class='ocrx_word' id='word_1_344' title='bbox 1462 3625 1590 3662; x_wconf 88' lang='lat' dir='ltr'><strong>vero</strong></span> <span class='ocrx_word' id='word_1_345' title='bbox 1620 3609 1670 3661; x_wconf 89' lang='lat' dir='ltr'><strong>in</strong></span> <span class='ocrx_word' id='word_1_346' title='bbox 1702 3611 1962 3672; x_wconf 81' lang='lat' dir='ltr'><strong>exercitu,</strong></span> <span class='ocrx_word' id='word_1_347' title='bbox 1995 3619 2252 3677; x_wconf 70' lang='lat' dir='ltr'><strong>praetores</strong></span> 
     </span>
    </p>
   </div>
   <div class='ocr_carea' id='block_1_54' title="bbox 676 3683 1970 3747">
    <p class='ocr_par' dir='ltr' id='par_1_54' title="bbox 676 3683 1970 3747">
     <span class='ocr_line' id='line_1_54' title="bbox 676 3683 1970 3747; baseline -0.002 -12"><span class='ocrx_word' id='word_1_348' title='bbox 676 3683 979 3736; x_wconf 85' lang='lat' dir='ltr'><strong>dicerentur</strong></span> <span class='ocrx_word' id='word_1_349' title='bbox 1002 3697 1013 3731; x_wconf 86' lang='lat'>:</span> <span class='ocrx_word' id='word_1_350' title='bbox 1041 3696 1068 3732; x_wconf 91' lang='lat' dir='ltr'><strong>a</strong></span> <span class='ocrx_word' id='word_1_351' title='bbox 1094 3690 1310 3747; x_wconf 69' lang='lat' dir='ltr'><strong>praatore</strong></span> <span class='ocrx_word' id='word_1_352' title='bbox 1341 3689 1516 3733; x_wconf 87' lang='lat' dir='ltr'><strong>autem</strong></span> <span class='ocrx_word' id='word_1_353' title='bbox 1546 3688 1630 3733; x_wconf 92' lang='lat' dir='ltr'><strong>est</strong></span> <span class='ocrx_word' id='word_1_354' title='bbox 1657 3688 1970 3746; x_wconf 77' lang='lat' dir='ltr'><strong>prtetortum.</strong></span> 
     </span>
    </p>
   </div>
   <div class='ocr_carea' id='block_1_55' title="bbox 749 3768 2250 3841">
    <p class='ocr_par' dir='ltr' id='par_1_55' title="bbox 749 3768 2250 3841">
     <span class='ocr_line' id='line_1_55' title="bbox 749 3768 2250 3841; baseline 0 -17"><span class='ocrx_word' id='word_1_355' title='bbox 749 3773 765 3803; x_wconf 71' lang='grc' dir='ltr'>ι</span> <span class='ocrx_word' id='word_1_356' title='bbox 802 3772 1077 3824; x_wconf 83' lang='lat' dir='ltr'><strong>Paulinum</strong></span> <span class='ocrx_word' id='word_1_357' title='bbox 1104 3768 1468 3841; x_wconf 66' lang='lat' dir='ltr'><strong>consularem]</strong></span> <span class='ocrx_word' id='word_1_358' title='bbox 1519 3769 1775 3835; x_wconf 88' lang='lat' dir='ltr'><strong>Quintum</strong></span> <span class='ocrx_word' id='word_1_359' title='bbox 1803 3769 1970 3822; x_wconf 89' lang='lat' dir='ltr'><strong>Boetii</strong></span> <span class='ocrx_word' id='word_1_360' title='bbox 2001 3769 2250 3824; x_wconf 85' lang='lat' dir='ltr'><strong>meritum</strong></span> 
     </span>
    </p>
   </div>
   <div class='ocr_carea' id='block_1_56' title="bbox 677 3841 2249 3909">
    <p class='ocr_par' dir='ltr' id='par_1_56' title="bbox 677 3841 2249 3909">
     <span class='ocr_line' id='line_1_56' title="bbox 677 3841 2249 3909; baseline 0.003 -19"><span class='ocrx_word' id='word_1_361' title='bbox 677 3844 922 3897; x_wconf 82' lang='lat' dir='ltr'><strong>omnibus</strong></span> <span class='ocrx_word' id='word_1_362' title='bbox 951 3842 1218 3909; x_wconf 73' lang='lat' dir='ltr'><strong>praedictis</strong></span> <span class='ocrx_word' id='word_1_363' title='bbox 1258 3853 1402 3892; x_wconf 87' lang='lat' dir='ltr'><strong>tanto</strong></span> <span class='ocrx_word' id='word_1_364' title='bbox 1431 3842 1842 3908; x_wconf 74' lang='lat' dir='ltr'><strong>prtel&#39;erendum,</strong></span> <span class='ocrx_word' id='word_1_365' title='bbox 1885 3849 2085 3908; x_wconf 88' lang='lat' dir='ltr'><strong>quanto</strong></span> <span class='ocrx_word' id='word_1_366' title='bbox 2109 3841 2249 3908; x_wconf 87' lang='lat' dir='ltr'><strong>apud</strong></span> 
     </span>
    </p>
   </div>
   <div class='ocr_carea' id='block_1_57' title="bbox 677 3911 2252 3979">
    <p class='ocr_par' dir='ltr' id='par_1_57' title="bbox 677 3911 2252 3979">
     <span class='ocr_line' id='line_1_57' title="bbox 677 3911 2252 3979; baseline -0.001 -13"><span class='ocrx_word' id='word_1_367' title='bbox 677 3915 945 3967; x_wconf 82' lang='lat' dir='ltr'><strong>Romanos</strong></span> <span class='ocrx_word' id='word_1_368' title='bbox 967 3913 1094 3965; x_wconf 76' lang='lat' dir='ltr'><strong>socii</strong></span> <span class='ocrx_word' id='word_1_369' title='bbox 1128 3911 1446 3977; x_wconf 66' lang='lat' dir='ltr'><strong>prmatabant</strong></span> <span class='ocrx_word' id='word_1_370' title='bbox 1470 3911 1881 3979; x_wconf 75' lang='lat' dir='ltr'><strong>provincialibus</strong></span> <span class='ocrx_word' id='word_1_371' title='bbox 1912 3927 1925 3962; x_wconf 89' lang='lat'>:</span> <span class='ocrx_word' id='word_1_372' title='bbox 1966 3924 2070 3964; x_wconf 88' lang='lat' dir='ltr'><strong>non</strong></span> <span class='ocrx_word' id='word_1_373' title='bbox 2107 3912 2252 3965; x_wconf 84' lang='lat' dir='ltr'><strong>enim</strong></span> 
     </span>
    </p>
   </div>
   <div class='ocr_carea' id='block_1_58' title="bbox 679 3981 2252 4048">
    <p class='ocr_par' dir='ltr' id='par_1_58' title="bbox 679 3981 2252 4048">
     <span class='ocr_line' id='line_1_58' title="bbox 679 3981 2252 4048; baseline 0 -13"><span class='ocrx_word' id='word_1_374' title='bbox 679 3985 761 4039; x_wconf 90' lang='lat' dir='ltr'><strong>hic</strong></span> <span class='ocrx_word' id='word_1_375' title='bbox 783 3984 849 4037; x_wconf 81' lang='lat' dir='ltr'><strong>de</strong></span> <span class='ocrx_word' id='word_1_376' title='bbox 879 3983 1287 4048; x_wconf 78' lang='lat' dir='ltr'><strong>provincialibus</strong></span> <span class='ocrx_word' id='word_1_377' title='bbox 1318 3991 1541 4040; x_wconf 85' lang='lat' dir='ltr'><strong>tantum.</strong></span> <span class='ocrx_word' id='word_1_378' title='bbox 1569 3981 1660 4034; x_wconf 89' lang='lat' dir='ltr'><strong>sed</strong></span> <span class='ocrx_word' id='word_1_379' title='bbox 1689 3981 1754 4033; x_wconf 92' lang='lat' dir='ltr'><strong>de</strong></span> <span class='ocrx_word' id='word_1_380' title='bbox 1777 3981 1958 4043; x_wconf 84' lang='lat' dir='ltr'><strong>sociis,</strong></span> <span class='ocrx_word' id='word_1_381' title='bbox 1985 3982 2092 4032; x_wconf 89' lang='lat' dir='ltr'><strong>iuto</strong></span> <span class='ocrx_word' id='word_1_382' title='bbox 2113 3991 2164 4032; x_wconf 86' lang='lat' dir='ltr'><strong>et</strong></span> <span class='ocrx_word' id='word_1_383' title='bbox 2186 3985 2252 4035; x_wconf 90' lang='lat' dir='ltr'><strong>de</strong></span> 
     </span>
    </p>
   </div>
   <div class='ocr_carea' id='block_1_59' title="bbox 677 4049 2253 4119">
    <p class='ocr_par' dir='ltr' id='par_1_59' title="bbox 677 4049 2253 4119">
     <span class='ocr_line' id='line_1_59' title="bbox 677 4049 2253 4119; baseline -0.002 -11"><span class='ocrx_word' id='word_1_384' title='bbox 677 4054 1040 4108; x_wconf 63' lang='lat' dir='ltr'><strong>consularibus</strong></span> <span class='ocrx_word' id='word_1_385' title='bbox 1085 4053 1214 4105; x_wconf 89' lang='lat' dir='ltr'><strong>viris</strong></span> <span class='ocrx_word' id='word_1_386' title='bbox 1257 4053 1479 4104; x_wconf 77' lang='lat' dir='ltr'><strong>Paulino</strong></span> <span class='ocrx_word' id='word_1_387' title='bbox 1521 4064 1572 4104; x_wconf 90' lang='lat' dir='ltr'><strong>et</strong></span> <span class='ocrx_word' id='word_1_388' title='bbox 1602 4049 1814 4115; x_wconf 80' lang='lat' dir='ltr'><strong>Albino,</strong></span> <span class='ocrx_word' id='word_1_389' title='bbox 1857 4065 1992 4119; x_wconf 90' lang='lat' dir='ltr'><strong>quos</strong></span> <span class='ocrx_word' id='word_1_390' title='bbox 2026 4049 2253 4105; x_wconf 84' lang='lat' dir='ltr'><strong>Palatini</strong></span> 
     </span>
    </p>
   </div>
   <div class='ocr_carea' id='block_1_60' title="bbox 677 4122 2252 4193">
    <p class='ocr_par' dir='ltr' id='par_1_60' title="bbox 677 4122 2252 4193">
     <span class='ocr_line' id='line_1_60' title="bbox 677 4122 2252 4193; baseline -0.003 -15"><span class='ocrx_word' id='word_1_391' title='bbox 677 4140 827 4178; x_wconf 86' lang='lat' dir='ltr'><strong>canes</strong></span> <span class='ocrx_word' id='word_1_392' title='bbox 877 4134 930 4176; x_wconf 90' lang='lat' dir='ltr'><strong>et</strong></span> <span class='ocrx_word' id='word_1_393' title='bbox 957 4123 1238 4193; x_wconf 80' lang='lat' dir='ltr'><strong>Cyprianus</strong></span> <span class='ocrx_word' id='word_1_394' title='bbox 1267 4122 1465 4174; x_wconf 85' lang='lat' dir='ltr'><strong>delator</strong></span> <span class='ocrx_word' id='word_1_395' title='bbox 1495 4122 1891 4193; x_wconf 61' lang='lat' dir='ltr'><strong>impugnabant,</strong></span> <span class='ocrx_word' id='word_1_396' title='bbox 1926 4122 2252 4193; x_wconf 89' lang='lat' dir='ltr'><strong>hene_meri-</strong></span> 
     </span>
    </p>
   </div>
   <div class='ocr_carea' id='block_1_61' title="bbox 679 4189 2253 4262">
    <p class='ocr_par' dir='ltr' id='par_1_61' title="bbox 679 4189 2253 4262">
     <span class='ocr_line' id='line_1_61' title="bbox 679 4189 2253 4262; baseline -0.001 -14"><span class='ocrx_word' id='word_1_397' title='bbox 679 4206 762 4249; x_wconf 91' lang='lat' dir='ltr'><strong>tus</strong></span> <span class='ocrx_word' id='word_1_398' title='bbox 789 4204 870 4250; x_wconf 86' lang='lat' dir='ltr'><strong>est</strong></span> <span class='ocrx_word' id='word_1_399' title='bbox 898 4189 1133 4248; x_wconf 76' lang='lat' dir='ltr'><strong>Boetius.</strong></span> <span class='ocrx_word' id='word_1_400' title='bbox 1176 4194 1409 4246; x_wconf 71' lang='lat' dir='ltr'><strong>Primum</strong></span> <span class='ocrx_word' id='word_1_401' title='bbox 1442 4193 1656 4262; x_wconf 67' lang='lat' dir='ltr'><strong>quidem</strong></span> <span class='ocrx_word' id='word_1_402' title='bbox 1689 4189 1960 4253; x_wconf 85' lang='lat' dir='ltr'><strong>Paulinus,</strong></span> <span class='ocrx_word' id='word_1_403' title='bbox 1992 4191 2083 4261; x_wconf 92' lang='lat' dir='ltr'><strong>qui</strong></span> <span class='ocrx_word' id='word_1_404' title='bbox 2111 4193 2253 4260; x_wconf 86' lang='lat' dir='ltr'><strong>quod</strong></span> 
     </span>
    </p>
   </div>
   <div class='ocr_carea' id='block_1_62' title="bbox 677 4262 2250 4328">
    <p class='ocr_par' dir='ltr' id='par_1_62' title="bbox 677 4262 2250 4328">
     <span class='ocr_line' id='line_1_62' title="bbox 677 4262 2250 4328; baseline -0.001 -10"><span class='ocrx_word' id='word_1_405' title='bbox 677 4283 739 4320; x_wconf 76' lang='lat' dir='ltr'><strong>ex</strong></span> <span class='ocrx_word' id='word_1_406' title='bbox 769 4267 1042 4320; x_wconf 88' lang='lat' dir='ltr'><strong>Deciorum</strong></span> <span class='ocrx_word' id='word_1_407' title='bbox 1071 4264 1262 4316; x_wconf 83' lang='lat' dir='ltr'><strong>familia</strong></span> <span class='ocrx_word' id='word_1_408' title='bbox 1285 4262 1460 4326; x_wconf 81' lang='lat' dir='ltr'><strong>fuerit,</strong></span> <span class='ocrx_word' id='word_1_409' title='bbox 1485 4269 1701 4316; x_wconf 76' lang='lat' dir='ltr'><strong>vocatus</strong></span> <span class='ocrx_word' id='word_1_410' title='bbox 1724 4273 1803 4316; x_wconf 80' lang='lat' dir='ltr'><strong>eSt</strong></span> <span class='ocrx_word' id='word_1_411' title='bbox 1828 4262 2039 4328; x_wconf 82' lang='lat' dir='ltr'><strong>Decius,</strong></span> <span class='ocrx_word' id='word_1_412' title='bbox 2061 4277 2092 4316; x_wconf 91' lang='lat' dir='ltr'><strong>c</strong></span> <span class='ocrx_word' id='word_1_413' title='bbox 2115 4265 2250 4317; x_wconf 60' lang='lat' dir='ltr'><strong>insul</strong></span> 
     </span>
    </p>
   </div>
   <div class='ocr_carea' id='block_1_63' title="bbox 679 4332 2254 4402">
    <p class='ocr_par' dir='ltr' id='par_1_63' title="bbox 679 4332 2254 4402">
     <span class='ocr_line' id='line_1_63' title="bbox 679 4332 2254 4402; baseline -0.003 -12"><span class='ocrx_word' id='word_1_414' title='bbox 679 4337 776 4390; x_wconf 86' lang='lat' dir='ltr'><strong>fuit</strong></span> <span class='ocrx_word' id='word_1_415' title='bbox 806 4351 946 4388; x_wconf 85' lang='lat' dir='ltr'><strong>anno</strong></span> <span class='ocrx_word' id='word_1_416' title='bbox 967 4335 1162 4388; x_wconf 81' lang='lat' dir='ltr'><strong>Christi</strong></span> <span class='ocrx_word' id='word_1_417' title='bbox 1194 4335 1315 4402; x_wconf 63' lang='lat'><strong>598,</strong></span> <span class='ocrx_word' id='word_1_418' title='bbox 1347 4336 1490 4386; x_wconf 89' lang='lat' dir='ltr'><strong>unde</strong></span> <span class='ocrx_word' id='word_1_419' title='bbox 1525 4349 1665 4386; x_wconf 88' lang='lat' dir='ltr'><strong>nunc</strong></span> <span class='ocrx_word' id='word_1_420' title='bbox 1697 4332 1993 4400; x_wconf 83' lang='lat' dir='ltr'><strong>appellatur</strong></span> <span class='ocrx_word' id='word_1_421' title='bbox 2015 4335 2254 4386; x_wconf 83' lang='lat' dir='ltr'><strong>consula-</strong></span> 
     </span>
    </p>
   </div>
   <div class='ocr_carea' id='block_1_64' title="bbox 676 4403 2250 4471">
    <p class='ocr_par' dir='ltr' id='par_1_64' title="bbox 676 4403 2250 4471">
     <span class='ocr_line' id='line_1_64' title="bbox 676 4403 2250 4471; baseline -0.002 -11"><span class='ocrx_word' id='word_1_422' title='bbox 676 4409 746 4460; x_wconf 86' lang='lat' dir='ltr'><strong>ris</strong></span> <span class='ocrx_word' id='word_1_423' title='bbox 771 4421 791 4461; x_wconf 90' lang='lat'><strong><em>:</em></strong></span> <span class='ocrx_word' id='word_1_424' title='bbox 812 4408 1109 4460; x_wconf 78' lang='lat' dir='ltr'><strong>consularis</strong></span> <span class='ocrx_word' id='word_1_425' title='bbox 1135 4405 1274 4459; x_wconf 92' lang='lat' dir='ltr'><strong>enim</strong></span> <span class='ocrx_word' id='word_1_426' title='bbox 1305 4406 1384 4457; x_wconf 81' lang='lat' dir='ltr'><strong>vir</strong></span> <span class='ocrx_word' id='word_1_427' title='bbox 1404 4414 1485 4457; x_wconf 90' lang='lat' dir='ltr'><strong>est</strong></span> <span class='ocrx_word' id='word_1_428' title='bbox 1506 4405 1597 4471; x_wconf 89' lang='lat' dir='ltr'><strong>qui</strong></span> <span class='ocrx_word' id='word_1_429' title='bbox 1618 4403 1900 4471; x_wconf 87' lang='lat' dir='ltr'><strong>aliquando</strong></span> <span class='ocrx_word' id='word_1_430' title='bbox 1922 4406 2108 4459; x_wconf 89' lang='lat' dir='ltr'><strong>consul</strong></span> <span class='ocrx_word' id='word_1_431' title='bbox 2133 4405 2250 4469; x_wconf 83' lang='lat' dir='ltr'><strong>fuit,</strong></span> 
     </span>
    </p>
   </div>
   <div class='ocr_carea' id='block_1_65' title="bbox 676 4473 2250 4547">
    <p class='ocr_par' dir='ltr' id='par_1_65' title="bbox 676 4473 2250 4547">
     <span class='ocr_line' id='line_1_65' title="bbox 676 4473 2250 4547; baseline -0.001 -17"><span class='ocrx_word' id='word_1_432' title='bbox 676 4478 816 4547; x_wconf 87' lang='lat' dir='ltr'><strong>apud</strong></span> <span class='ocrx_word' id='word_1_433' title='bbox 851 4473 1102 4547; x_wconf 76' lang='lat' dir='ltr'><strong>Tullium.</strong></span> <span class='ocrx_word' id='word_1_434' title='bbox 1150 4476 1348 4547; x_wconf 84' lang='lat' dir='ltr'><strong>Deinde</strong></span> <span class='ocrx_word' id='word_1_435' title='bbox 1371 4475 1604 4547; x_wconf 73' lang='lat' dir='ltr'><strong>Albinus,</strong></span> <span class='ocrx_word' id='word_1_436' title='bbox 1647 4474 1749 4547; x_wconf 78' lang='lat' dir='ltr'><strong>qui</strong></span> <span class='ocrx_word' id='word_1_437' title='bbox 1780 4473 1921 4542; x_wconf 85' lang='lat' dir='ltr'><strong>quod</strong></span> <span class='ocrx_word' id='word_1_438' title='bbox 1961 4475 2250 4547; x_wconf 11' lang='lat' dir='ltr'><strong>ex‘eadem</strong></span> 
     </span>
    </p>
   </div>
   <div class='ocr_carea' id='block_1_66' title="bbox 677 4544 2288 4611">
    <p class='ocr_par' dir='ltr' id='par_1_66' title="bbox 677 4544 2288 4611">
     <span class='ocr_line' id='line_1_66' title="bbox 677 4544 2288 4611; baseline -0.004 -8"><span class='ocrx_word' id='word_1_439' title='bbox 677 4544 957 4603; x_wconf 77' lang='lat' dir='ltr'><strong>Deciorum</strong></span> <span class='ocrx_word' id='word_1_440' title='bbox 1006 4545 1204 4601; x_wconf 78' lang='lat' dir='ltr'><strong>famiEia</strong></span> <span class='ocrx_word' id='word_1_441' title='bbox 1251 4545 1442 4605; x_wconf 83' lang='lat' dir='ltr'><strong>fuerit.</strong></span> <span class='ocrx_word' id='word_1_442' title='bbox 1487 4546 1646 4598; x_wconf 88' lang='lat' dir='ltr'><strong>etiam</strong></span> <span class='ocrx_word' id='word_1_443' title='bbox 1700 4544 1873 4597; x_wconf 81' lang='lat' dir='ltr'><strong>dictus</strong></span> <span class='ocrx_word' id='word_1_444' title='bbox 1914 4555 1998 4598; x_wconf 88' lang='lat' dir='ltr'><strong>est</strong></span> <span class='ocrx_word' id='word_1_445' title='bbox 2041 4545 2249 4611; x_wconf 87' lang='lat' dir='ltr'><strong>Decius,</strong></span> <span class='ocrx_word' id='word_1_446' title='bbox 2285 4603 2288 4607; x_wconf 91' lang='lat'><strong>_</strong></span> 
     </span>
    </p>
   </div>
   <div class='ocr_carea' id='block_1_67' title="bbox 2356 1697 3938 1769">
    <p class='ocr_par' dir='ltr' id='par_1_67' title="bbox 2356 1697 3938 1769">
     <span class='ocr_line' id='line_1_67' title="bbox 2356 1697 3938 1769; baseline 0.001 -17"><span class='ocrx_word' id='word_1_447' title='bbox 2356 1697 2603 1769; x_wconf 83' lang='lat' dir='ltr'><strong>gatione:</strong></span> <span class='ocrx_word' id='word_1_448' title='bbox 2632 1697 2838 1753; x_wconf 84' lang='lat' dir='ltr'><strong>Satisne</strong></span> <span class='ocrx_word' id='word_1_449' title='bbox 2869 1697 2922 1750; x_wconf 86' lang='lat' dir='ltr'><strong>in</strong></span> <span class='ocrx_word' id='word_1_450' title='bbox 2950 1713 3028 1750; x_wconf 91' lang='lat' dir='ltr'><strong>me</strong></span> <span class='ocrx_word' id='word_1_451' title='bbox 3057 1714 3265 1768; x_wconf 87' lang='lat' dir='ltr'><strong>magnas</strong></span> <span class='ocrx_word' id='word_1_452' title='bbox 3291 1698 3464 1753; x_wconf 86' lang='lat' dir='ltr'><strong>videor</strong></span> <span class='ocrx_word' id='word_1_453' title='bbox 3493 1698 3812 1754; x_wconf 69' lang='lat' dir='ltr'><strong>exacerbasse</strong></span> <span class='ocrx_word' id='word_1_454' title='bbox 3832 1701 3938 1753; x_wconf 83' lang='lat' dir='ltr'><strong>dis-</strong></span> 
     </span>
    </p>
   </div>
   <div class='ocr_carea' id='block_1_68' title="bbox 2355 1769 3940 1838">
    <p class='ocr_par' dir='ltr' id='par_1_68' title="bbox 2355 1769 3940 1838">
     <span class='ocr_line' id='line_1_68' title="bbox 2355 1769 3940 1838; baseline 0.001 -15"><span class='ocrx_word' id='word_1_455' title='bbox 2355 1769 2600 1823; x_wconf 80' lang='lat' dir='ltr'><strong>cordias?</strong></span> <span class='ocrx_word' id='word_1_456' title='bbox 2637 1769 2724 1821; x_wconf 89' lang='lat' dir='ltr'><strong>ubi</strong></span> <span class='ocrx_word' id='word_1_457' title='bbox 2771 1783 2876 1820; x_wconf 89' lang='lat' dir='ltr'><strong>non</strong></span> <span class='ocrx_word' id='word_1_458' title='bbox 2923 1769 3224 1834; x_wconf 79' lang='lat' dir='ltr'><strong>legendum,</strong></span> <span class='ocrx_word' id='word_1_459' title='bbox 3266 1779 3324 1823; x_wconf 91' lang='lat' dir='ltr'><strong>ut</strong></span> <span class='ocrx_word' id='word_1_460' title='bbox 3360 1769 3540 1838; x_wconf 89' lang='lat' dir='ltr'><strong>plures</strong></span> <span class='ocrx_word' id='word_1_461' title='bbox 3584 1771 3786 1838; x_wconf 84' lang='lat' dir='ltr'><strong>legunt,</strong></span> <span class='ocrx_word' id='word_1_462' title='bbox 3817 1787 3940 1824; x_wconf 70' lang='lat' dir='ltr'><strong>eata-</strong></span> 
     </span>
    </p>
   </div>
   <div class='ocr_carea' id='block_1_69' title="bbox 2356 1839 3938 1910">
    <p class='ocr_par' dir='ltr' id='par_1_69' title="bbox 2356 1839 3938 1910">
     <span class='ocr_line' id='line_1_69' title="bbox 2356 1839 3938 1910; baseline 0.003 -18"><span class='ocrx_word' id='word_1_463' title='bbox 2356 1854 2622 1892; x_wconf 88' lang='lat' dir='ltr'><strong>cervasse:</strong></span> <span class='ocrx_word' id='word_1_464' title='bbox 2661 1839 3087 1908; x_wconf 83' lang='lat' dir='ltr'><strong>quandoquidem</strong></span> <span class='ocrx_word' id='word_1_465' title='bbox 3129 1841 3348 1894; x_wconf 84' lang='lat' dir='ltr'><strong>verbum</strong></span> <span class='ocrx_word' id='word_1_466' title='bbox 3393 1840 3492 1893; x_wconf 91' lang='lat' dir='ltr'><strong>hoc</strong></span> <span class='ocrx_word' id='word_1_467' title='bbox 3541 1841 3704 1910; x_wconf 83' lang='lat' dir='ltr'><strong>(quod</strong></span> <span class='ocrx_word' id='word_1_468' title='bbox 3748 1842 3938 1906; x_wconf 60' lang='lat' dir='ltr'><strong>st&#39;iam)</strong></span> 
     </span>
    </p>
   </div>
   <div class='ocr_carea' id='block_1_70' title="bbox 2354 1910 3936 1981">
    <p class='ocr_par' dir='ltr' id='par_1_70' title="bbox 2354 1910 3936 1981">
     <span class='ocr_line' id='line_1_70' title="bbox 2354 1910 3936 1981; baseline 0.001 -17"><span class='ocrx_word' id='word_1_469' title='bbox 2354 1911 2600 1981; x_wconf 85' lang='lat' dir='ltr'><strong>Latinum</strong></span> <span class='ocrx_word' id='word_1_470' title='bbox 2645 1924 2749 1981; x_wconf 90' lang='lat' dir='ltr'><strong>non</strong></span> <span class='ocrx_word' id='word_1_471' title='bbox 2781 1918 2862 1963; x_wconf 87' lang='lat' dir='ltr'><strong>est</strong></span> <span class='ocrx_word' id='word_1_472' title='bbox 2897 1925 2910 1962; x_wconf 91' lang='lat'><strong>:</strong></span> <span class='ocrx_word' id='word_1_473' title='bbox 2940 1911 3030 1963; x_wconf 88' lang='lat' dir='ltr'><strong>sed</strong></span> <span class='ocrx_word' id='word_1_474' title='bbox 3059 1911 3232 1978; x_wconf 87' lang='lat' dir='ltr'><strong>potius</strong></span> <span class='ocrx_word' id='word_1_475' title='bbox 3273 1910 3620 1975; x_wconf 73' lang='lat' dir='ltr'><strong>exacerbasse,</strong></span> <span class='ocrx_word' id='word_1_476' title='bbox 3662 1920 3719 1964; x_wconf 88' lang='lat' dir='ltr'><strong>ut</strong></span> <span class='ocrx_word' id='word_1_477' title='bbox 3753 1913 3936 1981; x_wconf 78' lang='lat' dir='ltr'><strong>legunt</strong></span> 
     </span>
    </p>
   </div>
   <div class='ocr_carea' id='block_1_71' title="bbox 2361 1980 3938 2051">
    <p class='ocr_par' dir='ltr' id='par_1_71' title="bbox 2361 1980 3938 2051">
     <span class='ocr_line' id='line_1_71' title="bbox 2361 1980 3938 2051; baseline 0.001 -16"><span class='ocrx_word' id='word_1_478' title='bbox 2361 1980 2690 2039; x_wconf 78' lang='lat' dir='ltr'><strong>Valdericus.</strong></span> <span class='ocrx_word' id='word_1_479' title='bbox 2732 1980 3068 2051; x_wconf 78' lang='lat' dir='ltr'><strong>Bernartius,</strong></span> <span class='ocrx_word' id='word_1_480' title='bbox 3103 1981 3423 2043; x_wconf 86' lang='lat' dir='ltr'><strong>Sitzmauus,</strong></span> <span class='ocrx_word' id='word_1_481' title='bbox 3461 1983 3549 2051; x_wconf 89' lang='lat' dir='ltr'><strong>qui</strong></span> <span class='ocrx_word' id='word_1_482' title='bbox 3591 1983 3686 2043; x_wconf 90' lang='lat' dir='ltr'><strong>ait,</strong></span> <span class='ocrx_word' id='word_1_483' title='bbox 3729 1984 3781 2036; x_wconf 91' lang='lat' dir='ltr'><strong>in</strong></span> <span class='ocrx_word' id='word_1_484' title='bbox 3811 1980 3938 2037; x_wconf 15' lang='lat' dir='ltr'><strong>ima-</strong></span> 
     </span>
    </p>
   </div>
   <div class='ocr_carea' id='block_1_72' title="bbox 2354 2049 3933 2122">
    <p class='ocr_par' dir='ltr' id='par_1_72' title="bbox 2354 2049 3933 2122">
     <span class='ocr_line' id='line_1_72' title="bbox 2354 2049 3933 2122; baseline 0.003 -18"><span class='ocrx_word' id='word_1_485' title='bbox 2354 2053 2640 2119; x_wconf 87' lang='lat' dir='ltr'><strong>nnscriptis</strong></span> <span class='ocrx_word' id='word_1_486' title='bbox 2677 2049 3017 2122; x_wconf 84' lang='lat' dir='ltr'><strong>Rittershusii</strong></span> <span class='ocrx_word' id='word_1_487' title='bbox 3060 2051 3162 2118; x_wconf 70' lang='lat' dir='ltr'><strong>legi</strong></span> <span class='ocrx_word' id='word_1_488' title='bbox 3203 2049 3502 2106; x_wconf 69' lang='lat' dir='ltr'><strong>exacuisse}</strong></span> <span class='ocrx_word' id='word_1_489' title='bbox 3539 2052 3680 2122; x_wconf 89' lang='lat' dir='ltr'><strong>quod</strong></span> <span class='ocrx_word' id='word_1_490' title='bbox 3709 2056 3933 2109; x_wconf 84' lang='lat' dir='ltr'><strong>verbum</strong></span> 
     </span>
    </p>
   </div>
   <div class='ocr_carea' id='block_1_73' title="bbox 2353 2121 3301 2189">
    <p class='ocr_par' dir='ltr' id='par_1_73' title="bbox 2353 2121 3301 2189">
     <span class='ocr_line' id='line_1_73' title="bbox 2353 2121 3301 2189; baseline -0.005 -12"><span class='ocrx_word' id='word_1_491' title='bbox 2353 2122 2492 2177; x_wconf 89' lang='lat' dir='ltr'><strong>idem</strong></span> <span class='ocrx_word' id='word_1_492' title='bbox 2527 2130 2609 2173; x_wconf 84' lang='lat' dir='ltr'><strong>est</strong></span> <span class='ocrx_word' id='word_1_493' title='bbox 2643 2122 2782 2189; x_wconf 89' lang='lat' dir='ltr'><strong>quod</strong></span> <span class='ocrx_word' id='word_1_494' title='bbox 2819 2121 3160 2175; x_wconf 68' lang='lat' dir='ltr'><strong>exarerbasse.</strong></span> <span class='ocrx_word' id='word_1_495' title='bbox 3298 2179 3301 2182; x_wconf 92' lang='lat'>_</span> 
     </span>
    </p>
   </div>
   <div class='ocr_carea' id='block_1_74' title="bbox 2428 2190 3936 2263">
    <p class='ocr_par' dir='ltr' id='par_1_74' title="bbox 2428 2190 3936 2263">
     <span class='ocr_line' id='line_1_74' title="bbox 2428 2190 3936 2263; baseline 0.003 -19"><span class='ocrx_word' id='word_1_496' title='bbox 2428 2192 2448 2224; x_wconf 85' lang='grc'>¹</span> <span class='ocrx_word' id='word_1_497' title='bbox 2485 2191 2646 2260; x_wconf 74' lang='lat' dir='ltr'><strong>Magis</strong></span> <span class='ocrx_word' id='word_1_498' title='bbox 2677 2190 3063 2263; x_wconf 13' lang='lat' dir='ltr'><strong>essem‘tutioul</strong></span> <span class='ocrx_word' id='word_1_499' title='bbox 3127 2191 3496 2258; x_wconf 82' lang='lat' dir='ltr'><strong>Pleonasmus,</strong></span> <span class='ocrx_word' id='word_1_500' title='bbox 3540 2208 3647 2262; x_wconf 87' lang='lat' dir='ltr'><strong>quo</strong></span> <span class='ocrx_word' id='word_1_501' title='bbox 3691 2208 3815 2248; x_wconf 80' lang='lat' dir='ltr'><strong>usus</strong></span> <span class='ocrx_word' id='word_1_502' title='bbox 3854 2205 3936 2249; x_wconf 91' lang='lat' dir='ltr'><strong>est</strong></span> 
     </span>
    </p>
   </div>
   <div class='ocr_carea' id='block_1_75' title="bbox 2354 2259 3936 2333">
    <p class='ocr_par' dir='ltr' id='par_1_75' title="bbox 2354 2259 3936 2333">
     <span class='ocr_line' id='line_1_75' title="bbox 2354 2259 3936 2333; baseline 0.001 -17"><span class='ocrx_word' id='word_1_503' title='bbox 2354 2259 2711 2317; x_wconf 19' lang='lat' dir='ltr'><strong>Plautusicutn</strong></span> <span class='ocrx_word' id='word_1_504' title='bbox 2752 2261 2884 2315; x_wconf 66' lang='lat' dir='ltr'><strong>dixit</strong></span> <span class='ocrx_word' id='word_1_505' title='bbox 2915 2259 3134 2333; x_wconf 41' lang='lat' dir='ltr'><strong>{Ma-gis</strong></span> <span class='ocrx_word' id='word_1_506' title='bbox 3162 2263 3383 2332; x_wconf 87' lang='lat' dir='ltr'><strong>majores</strong></span> <span class='ocrx_word' id='word_1_507' title='bbox 3416 2259 3575 2333; x_wconf 72' lang='lat' dir='ltr'><strong>nugas</strong></span> <span class='ocrx_word' id='word_1_508' title='bbox 3614 2281 3762 2333; x_wconf 88' lang='lat' dir='ltr'><strong>agere</strong></span> <span class='ocrx_word' id='word_1_509' title='bbox 3792 2283 3809 2317; x_wconf 90' lang='lat'><strong><em>:</em></strong></span> <span class='ocrx_word' id='word_1_510' title='bbox 3843 2267 3936 2318; x_wconf 79' lang='lat' dir='ltr'><strong>hoc</strong></span> 
     </span>
    </p>
   </div>
   <div class='ocr_carea' id='block_1_76' title="bbox 2355 2331 3936 2404">
    <p class='ocr_par' dir='ltr' id='par_1_76' title="bbox 2355 2331 3936 2404">
     <span class='ocr_line' id='line_1_76' title="bbox 2355 2331 3936 2404; baseline 0.003 -20"><span class='ocrx_word' id='word_1_511' title='bbox 2355 2336 2517 2404; x_wconf 82' lang='lat' dir='ltr'><strong>magis</strong></span> <span class='ocrx_word' id='word_1_512' title='bbox 2554 2343 2628 2386; x_wconf 86' lang='lat' dir='ltr'><strong>est</strong></span> <span class='ocrx_word' id='word_1_513' title='bbox 2664 2333 2901 2404; x_wconf 79' lang='lat' dir='ltr'><strong>dulcius;</strong></span> <span class='ocrx_word' id='word_1_514' title='bbox 2931 2331 3171 2388; x_wconf 83' lang='lat' dir='ltr'><strong>Valerius</strong></span> <span class='ocrx_word' id='word_1_515' title='bbox 3198 2331 3513 2404; x_wconf 58' lang='lat' dir='ltr'><strong>Maximus}</strong></span> <span class='ocrx_word' id='word_1_516' title='bbox 3546 2331 3715 2401; x_wconf 62' lang='lat' dir='ltr'><strong>Magis</strong></span> <span class='ocrx_word' id='word_1_517' title='bbox 3746 2337 3936 2390; x_wconf 84' lang='lat' dir='ltr'><strong>invidia</strong></span> 
     </span>
    </p>
   </div>
   <div class='ocr_carea' id='block_1_77' title="bbox 2355 2401 3938 2473">
    <p class='ocr_par' dir='ltr' id='par_1_77' title="bbox 2355 2401 3938 2473">
     <span class='ocr_line' id='line_1_77' title="bbox 2355 2401 3938 2473; baseline 0.002 -17"><span class='ocrx_word' id='word_1_518' title='bbox 2355 2401 2505 2471; x_wconf 78' lang='lat' dir='ltr'><strong>quam</strong></span> <span class='ocrx_word' id='word_1_519' title='bbox 2537 2407 2751 2473; x_wconf 85' lang='lat' dir='ltr'><strong>pecunia</strong></span> <span class='ocrx_word' id='word_1_520' title='bbox 2773 2401 3108 2470; x_wconf 87' lang='lat' dir='ltr'><strong>locupletior;</strong></span> <span class='ocrx_word' id='word_1_521' title='bbox 3148 2403 3337 2458; x_wconf 72' lang='lat' dir='ltr'><strong>Cicero</strong></span> <span class='ocrx_word' id='word_1_522' title='bbox 3370 2421 3383 2456; x_wconf 93' lang='lat'>:</span> <span class='ocrx_word' id='word_1_523' title='bbox 3418 2421 3469 2457; x_wconf 85' lang='lat' dir='ltr'><strong>se</strong></span> <span class='ocrx_word' id='word_1_524' title='bbox 3493 2404 3555 2456; x_wconf 87' lang='lat' dir='ltr'><strong>ab</strong></span> <span class='ocrx_word' id='word_1_525' title='bbox 3588 2408 3814 2460; x_wconf 88' lang='lat' dir='ltr'><strong>omnibus</strong></span> <span class='ocrx_word' id='word_1_526' title='bbox 3848 2408 3938 2459; x_wconf 90' lang='lat' dir='ltr'><strong>de-</strong></span> 
     </span>
    </p>
   </div>
   <div class='ocr_carea' id='block_1_78' title="bbox 2352 2474 3938 2543">
    <p class='ocr_par' dir='ltr' id='par_1_78' title="bbox 2352 2474 3938 2543">
     <span class='ocr_line' id='line_1_78' title="bbox 2352 2474 3938 2543; baseline 0.004 -16"><span class='ocrx_word' id='word_1_527' title='bbox 2352 2484 2511 2528; x_wconf 87' lang='lat' dir='ltr'><strong>sertos</strong></span> <span class='ocrx_word' id='word_1_528' title='bbox 2542 2474 2709 2541; x_wconf 84' lang='lat' dir='ltr'><strong>potius</strong></span> <span class='ocrx_word' id='word_1_529' title='bbox 2747 2490 2902 2543; x_wconf 86' lang='lat' dir='ltr'><strong>quam</strong></span> <span class='ocrx_word' id='word_1_530' title='bbox 2939 2474 3026 2527; x_wconf 84' lang='lat' dir='ltr'><strong>abs</strong></span> <span class='ocrx_word' id='word_1_531' title='bbox 3069 2486 3115 2527; x_wconf 90' lang='lat' dir='ltr'><strong>te</strong></span> <span class='ocrx_word' id='word_1_532' title='bbox 3154 2475 3385 2543; x_wconf 74' lang='lat' dir='ltr'><strong>defensos</strong></span> <span class='ocrx_word' id='word_1_533' title='bbox 3432 2491 3538 2529; x_wconf 82' lang='lat' dir='ltr'><strong>esse</strong></span> <span class='ocrx_word' id='word_1_534' title='bbox 3579 2476 3777 2530; x_wconf 88' lang='lat' dir='ltr'><strong>malunt</strong></span> <span class='ocrx_word' id='word_1_535' title='bbox 3825 2494 3842 2531; x_wconf 90' lang='lat'><strong><em>:</em></strong></span> <span class='ocrx_word' id='word_1_536' title='bbox 3884 2488 3938 2534; x_wconf 87' lang='lat' dir='ltr'><strong>et</strong></span> 
     </span>
    </p>
   </div>
   <div class='ocr_carea' id='block_1_79' title="bbox 2354 2543 3304 2614">
    <p class='ocr_par' dir='ltr' id='par_1_79' title="bbox 2354 2543 3304 2614">
     <span class='ocr_line' id='line_1_79' title="bbox 2354 2543 3304 2614; baseline -0.003 -16"><span class='ocrx_word' id='word_1_537' title='bbox 2354 2556 2540 2600; x_wconf 88' lang='lat' dir='ltr'><strong>auctor</strong></span> <span class='ocrx_word' id='word_1_538' title='bbox 2586 2545 2771 2600; x_wconf 87' lang='lat' dir='ltr'><strong>culicis</strong></span> <span class='ocrx_word' id='word_1_539' title='bbox 2818 2545 2954 2614; x_wconf 88' lang='lat' dir='ltr'><strong>apud</strong></span> <span class='ocrx_word' id='word_1_540' title='bbox 2999 2543 3304 2612; x_wconf 78' lang='lat' dir='ltr'><strong>Virgilium,</strong></span> 
     </span>
    </p>
   </div>
   <div class='ocr_carea' id='block_1_80' title="bbox 2479 2636 3611 2697">
    <p class='ocr_par' dir='ltr' id='par_1_80' title="bbox 2479 2636 3611 2697">
     <span class='ocr_line' id='line_1_80' title="bbox 2479 2636 3611 2697; baseline 0.002 -14"><span class='ocrx_word' id='word_1_541' title='bbox 2479 2636 2601 2694; x_wconf 89' lang='lat' dir='ltr'><strong>Quis</strong></span> <span class='ocrx_word' id='word_1_542' title='bbox 2621 2637 2777 2696; x_wconf 84' lang='lat' dir='ltr'><strong>magis</strong></span> <span class='ocrx_word' id='word_1_543' title='bbox 2794 2641 2958 2697; x_wconf 84' lang='lat' dir='ltr'><strong>optato</strong></span> <span class='ocrx_word' id='word_1_544' title='bbox 2975 2643 3124 2697; x_wconf 87' lang='lat' dir='ltr'><strong>queat</strong></span> <span class='ocrx_word' id='word_1_545' title='bbox 3148 2647 3260 2683; x_wconf 86' lang='lat' dir='ltr'><strong>esse</strong></span> <span class='ocrx_word' id='word_1_546' title='bbox 3278 2636 3465 2683; x_wconf 88' lang='lat' dir='ltr'><strong>beatior</strong></span> <span class='ocrx_word' id='word_1_547' title='bbox 3486 2647 3611 2685; x_wconf 64' lang='lat' dir='ltr'><strong>aevo.</strong></span> 
     </span>
    </p>
   </div>
   <div class='ocr_carea' id='block_1_81' title="bbox 2427 2721 3939 2790">
    <p class='ocr_par' dir='ltr' id='par_1_81' title="bbox 2427 2721 3939 2790">
     <span class='ocr_line' id='line_1_81' title="bbox 2427 2721 3939 2790; baseline 0.001 -15"><span class='ocrx_word' id='word_1_548' title='bbox 2427 2721 2537 2775; x_wconf 63' lang='lat' dir='ltr'><strong>Nisi</strong></span> <span class='ocrx_word' id='word_1_549' title='bbox 2579 2733 2751 2774; x_wconf 87' lang='lat' dir='ltr'><strong>tamen</strong></span> <span class='ocrx_word' id='word_1_550' title='bbox 2796 2721 2954 2790; x_wconf 81' lang='lat' dir='ltr'><strong>magis</strong></span> <span class='ocrx_word' id='word_1_551' title='bbox 2993 2727 3343 2790; x_wconf 84' lang='lat' dir='ltr'><strong>construatur</strong></span> <span class='ocrx_word' id='word_1_552' title='bbox 3374 2735 3494 2773; x_wconf 91' lang='lat' dir='ltr'><strong>cum</strong></span> <span class='ocrx_word' id='word_1_553' title='bbox 3537 2728 3712 2785; x_wconf 86' lang='lat' dir='ltr'><strong>optato</strong></span> <span class='ocrx_word' id='word_1_554' title='bbox 3760 2721 3939 2788; x_wconf 82' lang='lat' dir='ltr'><strong>potius</strong></span> 
     </span>
    </p>
   </div>
   <div class='ocr_carea' id='block_1_82' title="bbox 2357 2789 3938 2860">
    <p class='ocr_par' dir='ltr' id='par_1_82' title="bbox 2357 2789 3938 2860">
     <span class='ocr_line' id='line_1_82' title="bbox 2357 2789 3938 2860; baseline 0.005 -21"><span class='ocrx_word' id='word_1_555' title='bbox 2357 2807 2513 2856; x_wconf 81' lang='lat' dir='ltr'><strong>quam</strong></span> <span class='ocrx_word' id='word_1_556' title='bbox 2546 2807 2664 2845; x_wconf 86' lang='lat' dir='ltr'><strong>cum</strong></span> <span class='ocrx_word' id='word_1_557' title='bbox 2704 2793 2916 2844; x_wconf 66' lang='lat' dir='ltr'><strong>beatior.</strong></span> <span class='ocrx_word' id='word_1_558' title='bbox 2964 2790 3036 2843; x_wconf 79' lang='lat' dir='ltr'><strong>Ex</strong></span> <span class='ocrx_word' id='word_1_559' title='bbox 3082 2791 3164 2844; x_wconf 87' lang='lat' dir='ltr'><strong>his</strong></span> <span class='ocrx_word' id='word_1_560' title='bbox 3203 2789 3450 2844; x_wconf 85' lang='lat' dir='ltr'><strong>omnibus</strong></span> <span class='ocrx_word' id='word_1_561' title='bbox 3493 2801 3702 2845; x_wconf 86' lang='lat' dir='ltr'><strong>constat</strong></span> <span class='ocrx_word' id='word_1_562' title='bbox 3739 2802 3938 2860; x_wconf 81' lang='lat' dir='ltr'><strong>quanta</strong></span> 
     </span>
    </p>
   </div>
   <div class='ocr_carea' id='block_1_83' title="bbox 2355 2861 3939 2932">
    <p class='ocr_par' dir='ltr' id='par_1_83' title="bbox 2355 2861 3939 2932">
     <span class='ocr_line' id='line_1_83' title="bbox 2355 2861 3939 2932; baseline 0.002 -17"><span class='ocrx_word' id='word_1_563' title='bbox 2355 2862 2630 2918; x_wconf 57' lang='lat' dir='ltr'><strong>diligentia</strong></span> <span class='ocrx_word' id='word_1_564' title='bbox 2684 2861 2900 2916; x_wconf 85' lang='lat' dir='ltr'><strong>Boetius</strong></span> <span class='ocrx_word' id='word_1_565' title='bbox 2942 2871 3227 2915; x_wconf 81' lang='lat' dir='ltr'><strong>exsecutus</strong></span> <span class='ocrx_word' id='word_1_566' title='bbox 3265 2861 3424 2916; x_wconf 77' lang='lat' dir='ltr'><strong>fuerit</strong></span> <span class='ocrx_word' id='word_1_567' title='bbox 3465 2874 3729 2931; x_wconf 64' lang='lat' dir='ltr'><strong>praecepta</strong></span> <span class='ocrx_word' id='word_1_568' title='bbox 3767 2862 3939 2932; x_wconf 90' lang='lat' dir='ltr'><strong>philo-</strong></span> 
     </span>
    </p>
   </div>
   <div class='ocr_carea' id='block_1_84' title="bbox 2361 2933 2954 2999">
    <p class='ocr_par' dir='ltr' id='par_1_84' title="bbox 2361 2933 2954 2999">
     <span class='ocr_line' id='line_1_84' title="bbox 2361 2933 2954 2999; baseline -0.005 -13"><span class='ocrx_word' id='word_1_569' title='bbox 2361 2933 2602 2999; x_wconf 83' lang='lat' dir='ltr'><strong>SOphica.</strong></span> <span class='ocrx_word' id='word_1_570' title='bbox 2949 2969 2954 2974; x_wconf 64' lang='grc' dir='ltr'><strong>ρ</strong></span> 
     </span>
    </p>
   </div>
   <div class='ocr_carea' id='block_1_85' title="bbox 2433 2999 3940 3072">
    <p class='ocr_par' dir='ltr' id='par_1_85' title="bbox 2433 2999 3940 3072">
     <span class='ocr_line' id='line_1_85' title="bbox 2433 2999 3940 3072; baseline 0.003 -18"><span class='ocrx_word' id='word_1_571' title='bbox 2433 3003 2455 3034; x_wconf 84' lang='grc'>⁸</span> <span class='ocrx_word' id='word_1_572' title='bbox 2488 3003 2680 3068; x_wconf 82' lang='lat' dir='ltr'><strong>Quibus</strong></span> <span class='ocrx_word' id='word_1_573' title='bbox 2735 3012 2905 3055; x_wconf 87' lang='lat' dir='ltr'><strong>autem</strong></span> <span class='ocrx_word' id='word_1_574' title='bbox 2941 2999 3328 3072; x_wconf 75' lang='lat' dir='ltr'><strong>deferentibus.]</strong></span> <span class='ocrx_word' id='word_1_575' title='bbox 3362 3000 3422 3054; x_wconf 89' lang='lat' dir='ltr'><strong>V.</strong></span> <span class='ocrx_word' id='word_1_576' title='bbox 3458 2999 3670 3056; x_wconf 83' lang='lat' dir='ltr'><strong>Boetius</strong></span> <span class='ocrx_word' id='word_1_577' title='bbox 3713 3003 3940 3072; x_wconf 83' lang='lat' dir='ltr'><strong>injustas</strong></span> 
     </span>
    </p>
   </div>
   <div class='ocr_carea' id='block_1_86' title="bbox 2353 3072 3940 3139">
    <p class='ocr_par' dir='ltr' id='par_1_86' title="bbox 2353 3072 3940 3139">
     <span class='ocr_line' id='line_1_86' title="bbox 2353 3072 3940 3139; baseline 0.001 -13"><span class='ocrx_word' id='word_1_578' title='bbox 2353 3075 2523 3127; x_wconf 81' lang='lat' dir='ltr'><strong>refert</strong></span> <span class='ocrx_word' id='word_1_579' title='bbox 2553 3075 2631 3125; x_wconf 91' lang='lat' dir='ltr'><strong>sui</strong></span> <span class='ocrx_word' id='word_1_580' title='bbox 2680 3075 2853 3128; x_wconf 79' lang='lat' dir='ltr'><strong>exstlii</strong></span> <span class='ocrx_word' id='word_1_581' title='bbox 2885 3087 3094 3127; x_wconf 86' lang='lat' dir='ltr'><strong>causas.</strong></span> <span class='ocrx_word' id='word_1_582' title='bbox 3130 3073 3311 3126; x_wconf 77' lang='lat' dir='ltr'><strong>Exsilii</strong></span> <span class='ocrx_word' id='word_1_583' title='bbox 3345 3072 3557 3139; x_wconf 89' lang='lat' dir='ltr'><strong>quidem</strong></span> <span class='ocrx_word' id='word_1_584' title='bbox 3587 3075 3666 3126; x_wconf 88' lang='lat' dir='ltr'><strong>sui</strong></span> <span class='ocrx_word' id='word_1_585' title='bbox 3698 3076 3940 3128; x_wconf 79' lang='lat' dir='ltr'><strong>meminit</strong></span> 
     </span>
    </p>
   </div>
   <div class='ocr_carea' id='block_1_87' title="bbox 2359 3143 3932 3213">
    <p class='ocr_par' dir='ltr' id='par_1_87' title="bbox 2359 3143 3932 3213">
     <span class='ocr_line' id='line_1_87' title="bbox 2359 3143 3932 3213; baseline 0.001 -17"><span class='ocrx_word' id='word_1_586' title='bbox 2359 3143 2440 3198; x_wconf 88' lang='lat' dir='ltr'><strong>his</strong></span> <span class='ocrx_word' id='word_1_587' title='bbox 2470 3145 2649 3197; x_wconf 85' lang='lat' dir='ltr'><strong>verbis</strong></span> <span class='ocrx_word' id='word_1_588' title='bbox 2671 3186 2683 3206; x_wconf 91' lang='lat'><strong>,</strong></span> <span class='ocrx_word' id='word_1_589' title='bbox 2719 3144 2935 3211; x_wconf 83' lang='lat' dir='ltr'><strong>perculsi</strong></span> <span class='ocrx_word' id='word_1_590' title='bbox 2985 3159 3159 3195; x_wconf 86' lang='lat' dir='ltr'><strong>sumus</strong></span> <span class='ocrx_word' id='word_1_591' title='bbox 3188 3159 3206 3195; x_wconf 89' lang='lat'><strong><em>:</em></strong></span> <span class='ocrx_word' id='word_1_592' title='bbox 3231 3158 3402 3212; x_wconf 91' lang='lat' dir='ltr'><strong>neque</strong></span> <span class='ocrx_word' id='word_1_593' title='bbox 3443 3143 3584 3196; x_wconf 87' lang='lat' dir='ltr'><strong>enim</strong></span> <span class='ocrx_word' id='word_1_594' title='bbox 3628 3143 3932 3213; x_wconf 77' lang='lat' dir='ltr'><strong>legendum,</strong></span> 
     </span>
    </p>
   </div>
   <div class='ocr_carea' id='block_1_88' title="bbox 2360 3213 3932 3283">
    <p class='ocr_par' dir='ltr' id='par_1_88' title="bbox 2360 3213 3932 3283">
     <span class='ocr_line' id='line_1_88' title="bbox 2360 3213 3932 3283; baseline -0.001 -17"><span class='ocrx_word' id='word_1_595' title='bbox 2360 3225 2414 3268; x_wconf 93' lang='lat' dir='ltr'><strong>ut</strong></span> <span class='ocrx_word' id='word_1_596' title='bbox 2454 3215 2667 3283; x_wconf 89' lang='lat' dir='ltr'><strong>quidam</strong></span> <span class='ocrx_word' id='word_1_597' title='bbox 2699 3213 3030 3269; x_wconf 83' lang='lat' dir='ltr'><strong>recentiores</strong></span> <span class='ocrx_word' id='word_1_598' title='bbox 3067 3215 3276 3282; x_wconf 76' lang='lat' dir='ltr'><strong>legunt,</strong></span> <span class='ocrx_word' id='word_1_599' title='bbox 3301 3215 3554 3282; x_wconf 81' lang='lat' dir='ltr'><strong>percussi;</strong></span> <span class='ocrx_word' id='word_1_600' title='bbox 3592 3215 3684 3268; x_wconf 84' lang='lat' dir='ltr'><strong>sed</strong></span> <span class='ocrx_word' id='word_1_601' title='bbox 3737 3215 3932 3281; x_wconf 82' lang='lat' dir='ltr'><strong>potius,</strong></span> 
     </span>
    </p>
   </div>
   <div class='ocr_carea' id='block_1_89' title="bbox 2357 3283 3934 3354">
    <p class='ocr_par' dir='ltr' id='par_1_89' title="bbox 2357 3283 3934 3354">
     <span class='ocr_line' id='line_1_89' title="bbox 2357 3283 3934 3354; baseline 0 -18"><span class='ocrx_word' id='word_1_602' title='bbox 2357 3296 2414 3337; x_wconf 88' lang='lat' dir='ltr'><strong>ut</strong></span> <span class='ocrx_word' id='word_1_603' title='bbox 2460 3295 2688 3349; x_wconf 84' lang='lat' dir='ltr'><strong>veteres,</strong></span> <span class='ocrx_word' id='word_1_604' title='bbox 2744 3285 3006 3354; x_wconf 87' lang='lat' dir='ltr'><strong>perculsi:</strong></span> <span class='ocrx_word' id='word_1_605' title='bbox 3037 3284 3114 3354; x_wconf 85' lang='lat' dir='ltr'><strong>sic</strong></span> <span class='ocrx_word' id='word_1_606' title='bbox 3166 3295 3341 3354; x_wconf 83' lang='lat' dir='ltr'><strong>autem</strong></span> <span class='ocrx_word' id='word_1_607' title='bbox 3384 3283 3668 3338; x_wconf 87' lang='lat' dir='ltr'><strong>Cornelius</strong></span> <span class='ocrx_word' id='word_1_608' title='bbox 3696 3283 3934 3350; x_wconf 81' lang='lat' dir='ltr'><strong>Tacitus,</strong></span> 
     </span>
    </p>
   </div>
   <div class='ocr_carea' id='block_1_90' title="bbox 2356 3353 3938 3424">
    <p class='ocr_par' dir='ltr' id='par_1_90' title="bbox 2356 3353 3938 3424">
     <span class='ocr_line' id='line_1_90' title="bbox 2356 3353 3938 3424; baseline -0.001 -16"><span class='ocrx_word' id='word_1_609' title='bbox 2356 3357 2547 3409; x_wconf 80' lang='lat' dir='ltr'><strong>Annal.</strong></span> <span class='ocrx_word' id='word_1_610' title='bbox 2584 3357 2618 3408; x_wconf 94' lang='lat' dir='ltr'><strong>l.</strong></span> <span class='ocrx_word' id='word_1_611' title='bbox 2649 3353 2758 3417; x_wconf 82' lang='lat' dir='ltr'><strong>xtv,</strong></span> <span class='ocrx_word' id='word_1_612' title='bbox 2795 3369 2847 3407; x_wconf 88' lang='lat' dir='ltr'><strong>n.</strong></span> <span class='ocrx_word' id='word_1_613' title='bbox 2880 3355 2945 3409; x_wconf 78' lang='lat'><strong>57</strong></span> <span class='ocrx_word' id='word_1_614' title='bbox 2969 3371 2988 3409; x_wconf 89' lang='lat'><strong><em>:</em></strong></span> <span class='ocrx_word' id='word_1_615' title='bbox 3026 3353 3264 3408; x_wconf 79' lang='lat' dir='ltr'><strong>Perculso</strong></span> <span class='ocrx_word' id='word_1_616' title='bbox 3281 3353 3492 3416; x_wconf 86' lang='lat' dir='ltr'><strong>Seneca,</strong></span> <span class='ocrx_word' id='word_1_617' title='bbox 3520 3367 3812 3424; x_wconf 84' lang='lat' dir='ltr'><strong>promptum</strong></span> <span class='ocrx_word' id='word_1_618' title='bbox 3841 3358 3938 3424; x_wconf 75' lang='lat' dir='ltr'><strong>fuit</strong></span> 
     </span>
    </p>
   </div>
   <div class='ocr_carea' id='block_1_91' title="bbox 2356 3424 3938 3494">
    <p class='ocr_par' dir='ltr' id='par_1_91' title="bbox 2356 3424 3938 3494">
     <span class='ocr_line' id='line_1_91' title="bbox 2356 3424 3938 3494; baseline 0.001 -15"><span class='ocrx_word' id='word_1_619' title='bbox 2356 3426 2553 3494; x_wconf 74' lang='lat' dir='ltr'><strong>Rufum</strong></span> <span class='ocrx_word' id='word_1_620' title='bbox 2579 3424 2796 3478; x_wconf 82' lang='lat' dir='ltr'><strong>Feuium</strong></span> <span class='ocrx_word' id='word_1_621' title='bbox 2819 3426 3137 3478; x_wconf 82' lang='lat' dir='ltr'><strong>imminuere.</strong></span> <span class='ocrx_word' id='word_1_622' title='bbox 3170 3428 3236 3478; x_wconf 83' lang='lat' dir='ltr'><strong>At</strong></span> <span class='ocrx_word' id='word_1_623' title='bbox 3259 3425 3481 3490; x_wconf 86' lang='lat' dir='ltr'><strong>injustas</strong></span> <span class='ocrx_word' id='word_1_624' title='bbox 3513 3437 3770 3479; x_wconf 85' lang='lat' dir='ltr'><strong>memorat</strong></span> <span class='ocrx_word' id='word_1_625' title='bbox 3796 3427 3938 3494; x_wconf 80' lang='lat' dir='ltr'><strong>ejus-</strong></span> 
     </span>
    </p>
   </div>
   <div class='ocr_carea' id='block_1_92' title="bbox 2356 3497 3932 3563">
    <p class='ocr_par' dir='ltr' id='par_1_92' title="bbox 2356 3497 3932 3563">
     <span class='ocr_line' id='line_1_92' title="bbox 2356 3497 3932 3563; baseline -0.001 -13"><span class='ocrx_word' id='word_1_626' title='bbox 2356 3497 2478 3550; x_wconf 92' lang='lat' dir='ltr'><strong>dem</strong></span> <span class='ocrx_word' id='word_1_627' title='bbox 2509 3497 2685 3549; x_wconf 75' lang='lat' dir='ltr'><strong>exsilii</strong></span> <span class='ocrx_word' id='word_1_628' title='bbox 2709 3509 2929 3559; x_wconf 84' lang='lat' dir='ltr'><strong>causas;</strong></span> <span class='ocrx_word' id='word_1_629' title='bbox 2977 3498 3202 3563; x_wconf 83' lang='lat' dir='ltr'><strong>primum</strong></span> <span class='ocrx_word' id='word_1_630' title='bbox 3237 3498 3450 3562; x_wconf 83' lang='lat' dir='ltr'><strong>quidem</strong></span> <span class='ocrx_word' id='word_1_631' title='bbox 3481 3510 3545 3546; x_wconf 76' lang='lat' dir='ltr'><strong>ex</strong></span> <span class='ocrx_word' id='word_1_632' title='bbox 3580 3506 3728 3559; x_wconf 81' lang='lat' dir='ltr'><strong>parte</strong></span> <span class='ocrx_word' id='word_1_633' title='bbox 3775 3510 3932 3549; x_wconf 73' lang='lat' dir='ltr'><strong>accu-</strong></span> 
     </span>
    </p>
   </div>
   <div class='ocr_carea' id='block_1_93' title="bbox 2354 3564 3936 3634">
    <p class='ocr_par' dir='ltr' id='par_1_93' title="bbox 2354 3564 3936 3634">
     <span class='ocr_line' id='line_1_93' title="bbox 2354 3564 3936 3634; baseline 0.001 -16"><span class='ocrx_word' id='word_1_634' title='bbox 2354 3568 2584 3620; x_wconf 86' lang='lat' dir='ltr'><strong>santium</strong></span> <span class='ocrx_word' id='word_1_635' title='bbox 2603 3607 2616 3627; x_wconf 90' lang='lat'><strong>,</strong></span> <span class='ocrx_word' id='word_1_636' title='bbox 2647 3583 2778 3631; x_wconf 84' lang='lat' dir='ltr'><strong>quos</strong></span> <span class='ocrx_word' id='word_1_637' title='bbox 2819 3580 2955 3618; x_wconf 90' lang='lat' dir='ltr'><strong>nunc</strong></span> <span class='ocrx_word' id='word_1_638' title='bbox 2985 3574 3142 3619; x_wconf 82' lang='lat' dir='ltr'><strong>vocat</strong></span> <span class='ocrx_word' id='word_1_639' title='bbox 3189 3564 3468 3632; x_wconf 81' lang='lat' dir='ltr'><strong>deferentes</strong></span> <span class='ocrx_word' id='word_1_640' title='bbox 3490 3581 3509 3618; x_wconf 92' lang='lat'><strong><em>:</em></strong></span> <span class='ocrx_word' id='word_1_641' title='bbox 3534 3564 3711 3631; x_wconf 76' lang='lat' dir='ltr'><strong>defero</strong></span> <span class='ocrx_word' id='word_1_642' title='bbox 3739 3570 3936 3634; x_wconf 80' lang='lat' dir='ltr'><strong>quippe</strong></span> 
     </span>
    </p>
   </div>
   <div class='ocr_carea' id='block_1_94' title="bbox 2359 3636 3937 3704">
    <p class='ocr_par' dir='ltr' id='par_1_94' title="bbox 2359 3636 3937 3704">
     <span class='ocr_line' id='line_1_94' title="bbox 2359 3636 3937 3704; baseline 0.001 -16"><span class='ocrx_word' id='word_1_643' title='bbox 2359 3638 2408 3689; x_wconf 92' lang='lat' dir='ltr'><strong>in</strong></span> <span class='ocrx_word' id='word_1_644' title='bbox 2433 3638 2546 3690; x_wconf 89' lang='lat' dir='ltr'><strong>foro</strong></span> <span class='ocrx_word' id='word_1_645' title='bbox 2563 3637 2700 3689; x_wconf 86' lang='lat' dir='ltr'><strong>idem</strong></span> <span class='ocrx_word' id='word_1_646' title='bbox 2724 3644 2807 3689; x_wconf 90' lang='lat' dir='ltr'><strong>est</strong></span> <span class='ocrx_word' id='word_1_647' title='bbox 2831 3637 2969 3703; x_wconf 89' lang='lat' dir='ltr'><strong>quod</strong></span> <span class='ocrx_word' id='word_1_648' title='bbox 2992 3651 3195 3698; x_wconf 85' lang='lat' dir='ltr'><strong>act-uso,</strong></span> <span class='ocrx_word' id='word_1_649' title='bbox 3229 3637 3278 3688; x_wconf 87' lang='lat' dir='ltr'><strong>in</strong></span> <span class='ocrx_word' id='word_1_650' title='bbox 3307 3650 3463 3689; x_wconf 82' lang='lat' dir='ltr'><strong>causa</strong></span> <span class='ocrx_word' id='word_1_651' title='bbox 3490 3636 3702 3702; x_wconf 80' lang='lat' dir='ltr'><strong>capitali</strong></span> <span class='ocrx_word' id='word_1_652' title='bbox 3723 3677 3737 3700; x_wconf 91' lang='lat'><strong>,</strong></span> <span class='ocrx_word' id='word_1_653' title='bbox 3757 3639 3937 3704; x_wconf 75' lang='lat' dir='ltr'><strong>judice</strong></span> 
     </span>
    </p>
   </div>
   <div class='ocr_carea' id='block_1_95' title="bbox 2354 3705 3934 3774">
    <p class='ocr_par' dir='ltr' id='par_1_95' title="bbox 2354 3705 3934 3774">
     <span class='ocr_line' id='line_1_95' title="bbox 2354 3705 3934 3774; baseline 0 -14"><span class='ocrx_word' id='word_1_654' title='bbox 2354 3705 2528 3762; x_wconf 84' lang='lat' dir='ltr'><strong>Tullio</strong></span> <span class='ocrx_word' id='word_1_655' title='bbox 2561 3722 2574 3758; x_wconf 91' lang='lat'>:</span> <span class='ocrx_word' id='word_1_656' title='bbox 2607 3706 2799 3760; x_wconf 87' lang='lat' dir='ltr'><strong>deittde</strong></span> <span class='ocrx_word' id='word_1_657' title='bbox 2819 3721 2881 3759; x_wconf 80' lang='lat' dir='ltr'><strong>ex</strong></span> <span class='ocrx_word' id='word_1_658' title='bbox 2917 3717 3064 3772; x_wconf 84' lang='lat' dir='ltr'><strong>parte</strong></span> <span class='ocrx_word' id='word_1_659' title='bbox 3092 3708 3359 3768; x_wconf 87' lang='lat' dir='ltr'><strong>criminis,</strong></span> <span class='ocrx_word' id='word_1_660' title='bbox 3393 3709 3532 3774; x_wconf 86' lang='lat' dir='ltr'><strong>quod</strong></span> <span class='ocrx_word' id='word_1_661' title='bbox 3559 3715 3649 3758; x_wconf 91' lang='lat' dir='ltr'><strong>aut</strong></span> <span class='ocrx_word' id='word_1_662' title='bbox 3676 3721 3780 3761; x_wconf 88' lang='lat' dir='ltr'><strong>non</strong></span> <span class='ocrx_word' id='word_1_663' title='bbox 3807 3706 3934 3760; x_wconf 83' lang='lat' dir='ltr'><strong>alle-</strong></span> 
     </span>
    </p>
   </div>
   <div class='ocr_carea' id='block_1_96' title="bbox 2354 3776 3935 3846">
    <p class='ocr_par' dir='ltr' id='par_1_96' title="bbox 2354 3776 3935 3846">
     <span class='ocr_line' id='line_1_96' title="bbox 2354 3776 3935 3846; baseline 0.001 -18"><span class='ocrx_word' id='word_1_664' title='bbox 2354 3787 2527 3846; x_wconf 82' lang='lat' dir='ltr'><strong>gatur,</strong></span> <span class='ocrx_word' id='word_1_665' title='bbox 2577 3788 2666 3830; x_wconf 91' lang='lat' dir='ltr'><strong>aut</strong></span> <span class='ocrx_word' id='word_1_666' title='bbox 2714 3778 3000 3843; x_wconf 75' lang='lat' dir='ltr'><strong>alb-gutum</strong></span> <span class='ocrx_word' id='word_1_667' title='bbox 3063 3777 3366 3830; x_wconf 86' lang='lat' dir='ltr'><strong>nullatenus</strong></span> <span class='ocrx_word' id='word_1_668' title='bbox 3423 3776 3679 3846; x_wconf 89' lang='lat' dir='ltr'><strong>probatur</strong></span> <span class='ocrx_word' id='word_1_669' title='bbox 3732 3795 3745 3832; x_wconf 87' lang='lat'><strong>:</strong></span> <span class='ocrx_word' id='word_1_670' title='bbox 3795 3779 3935 3831; x_wconf 87' lang='lat' dir='ltr'><strong>sicut</strong></span> 
     </span>
    </p>
   </div>
   <div class='ocr_carea' id='block_1_97' title="bbox 2357 3847 2958 3915">
    <p class='ocr_par' dir='ltr' id='par_1_97' title="bbox 2357 3847 2958 3915">
     <span class='ocr_line' id='line_1_97' title="bbox 2357 3847 2958 3915; baseline 0.002 -16"><span class='ocrx_word' id='word_1_671' title='bbox 2357 3849 2613 3915; x_wconf 77' lang='lat' dir='ltr'><strong>deinceps</strong></span> <span class='ocrx_word' id='word_1_672' title='bbox 2633 3847 2958 3915; x_wconf 78' lang='lat' dir='ltr'><strong>probabitur.</strong></span> 
     </span>
    </p>
   </div>
   <div class='ocr_carea' id='block_1_98' title="bbox 2426 3915 3936 3988">
    <p class='ocr_par' dir='ltr' id='par_1_98' title="bbox 2426 3915 3936 3988">
     <span class='ocr_line' id='line_1_98' title="bbox 2426 3915 3936 3988; baseline 0.002 -20"><span class='ocrx_word' id='word_1_673' title='bbox 2426 3917 2447 3947; x_wconf 65' lang='grc'><strong>⁸</strong></span> <span class='ocrx_word' id='word_1_674' title='bbox 2505 3919 2732 3982; x_wconf 86' lang='lat' dir='ltr'><strong>Quorum</strong></span> <span class='ocrx_word' id='word_1_675' title='bbox 2771 3915 3038 3988; x_wconf 58' lang='lat' dir='ltr'><strong>Basiliam]</strong></span> <span class='ocrx_word' id='word_1_676' title='bbox 3076 3917 3312 3970; x_wconf 86' lang='lat' dir='ltr'><strong>Primum</strong></span> <span class='ocrx_word' id='word_1_677' title='bbox 3364 3917 3527 3986; x_wconf 70' lang='lat' dir='ltr'><strong>igitur</strong></span> <span class='ocrx_word' id='word_1_678' title='bbox 3575 3916 3795 3988; x_wconf 76' lang='lat' dir='ltr'><strong>delator</strong></span> <span class='ocrx_word' id='word_1_679' title='bbox 3820 3918 3936 3972; x_wconf 85' lang='lat' dir='ltr'><strong>sive</strong></span> 
     </span>
    </p>
   </div>
   <div class='ocr_carea' id='block_1_99' title="bbox 2359 3986 3932 4056">
    <p class='ocr_par' dir='ltr' id='par_1_99' title="bbox 2359 3986 3932 4056">
     <span class='ocr_line' id='line_1_99' title="bbox 2359 3986 3932 4056; baseline -0.002 -15"><span class='ocrx_word' id='word_1_680' title='bbox 2359 3997 2638 4041; x_wconf 82' lang='lat' dir='ltr'><strong>accusator</strong></span> <span class='ocrx_word' id='word_1_681' title='bbox 2665 3988 2716 4040; x_wconf 84' lang='lat' dir='ltr'><strong>in</strong></span> <span class='ocrx_word' id='word_1_682' title='bbox 2746 4001 2904 4040; x_wconf 85' lang='lat' dir='ltr'><strong>causa</strong></span> <span class='ocrx_word' id='word_1_683' title='bbox 2941 3986 3180 4055; x_wconf 82' lang='lat' dir='ltr'><strong>capitali,</strong></span> <span class='ocrx_word' id='word_1_684' title='bbox 3208 3989 3372 4056; x_wconf 86' lang='lat' dir='ltr'><strong>ipsius</strong></span> <span class='ocrx_word' id='word_1_685' title='bbox 3412 3988 3686 4042; x_wconf 78' lang='lat' dir='ltr'><strong>Ciceronis</strong></span> <span class='ocrx_word' id='word_1_686' title='bbox 3709 3986 3932 4054; x_wconf 87' lang='lat' dir='ltr'><strong>judicio,</strong></span> 
     </span>
    </p>
   </div>
   <div class='ocr_carea' id='block_1_100' title="bbox 2359 4057 3934 4126">
    <p class='ocr_par' dir='ltr' id='par_1_100' title="bbox 2359 4057 3934 4126">
     <span class='ocr_line' id='line_1_100' title="bbox 2359 4057 3934 4126; baseline 0 -15"><span class='ocrx_word' id='word_1_687' title='bbox 2359 4073 2520 4112; x_wconf 88' lang='lat' dir='ltr'><strong>verus</strong></span> <span class='ocrx_word' id='word_1_688' title='bbox 2568 4072 2686 4110; x_wconf 72' lang='lat' dir='ltr'><strong>esse</strong></span> <span class='ocrx_word' id='word_1_689' title='bbox 2715 4058 2871 4112; x_wconf 74' lang='lat' dir='ltr'><strong>debet</strong></span> <span class='ocrx_word' id='word_1_690' title='bbox 2903 4074 2918 4110; x_wconf 89' lang='lat'><strong>:</strong></span> <span class='ocrx_word' id='word_1_691' title='bbox 2947 4059 3289 4126; x_wconf 88' lang='lat' dir='ltr'><strong>quamobrem</strong></span> <span class='ocrx_word' id='word_1_692' title='bbox 3332 4057 3379 4111; x_wconf 85' lang='lat' dir='ltr'><strong>si</strong></span> <span class='ocrx_word' id='word_1_693' title='bbox 3409 4059 3584 4124; x_wconf 85' lang='lat' dir='ltr'><strong>aliquo</strong></span> <span class='ocrx_word' id='word_1_694' title='bbox 3627 4059 3934 4125; x_wconf 61' lang='lat' dir='ltr'><strong>praejndicio</strong></span> 
     </span>
    </p>
   </div>
   <div class='ocr_carea' id='block_1_101' title="bbox 2359 4127 3937 4194">
    <p class='ocr_par' dir='ltr' id='par_1_101' title="bbox 2359 4127 3937 4194">
     <span class='ocr_line' id='line_1_101' title="bbox 2359 4127 3937 4194; baseline 0.001 -14"><span class='ocrx_word' id='word_1_695' title='bbox 2359 4138 2509 4183; x_wconf 86' lang='lat' dir='ltr'><strong>actus</strong></span> <span class='ocrx_word' id='word_1_696' title='bbox 2540 4129 2801 4194; x_wconf 88' lang='lat' dir='ltr'><strong>videatur,</strong></span> <span class='ocrx_word' id='word_1_697' title='bbox 2825 4133 3038 4182; x_wconf 90' lang='lat' dir='ltr'><strong>omnino</strong></span> <span class='ocrx_word' id='word_1_698' title='bbox 3061 4127 3354 4181; x_wconf 88' lang='lat' dir='ltr'><strong>audiendus</strong></span> <span class='ocrx_word' id='word_1_699' title='bbox 3382 4143 3486 4181; x_wconf 92' lang='lat' dir='ltr'><strong>non</strong></span> <span class='ocrx_word' id='word_1_700' title='bbox 3513 4142 3597 4183; x_wconf 90' lang='lat' dir='ltr'><strong>est</strong></span> <span class='ocrx_word' id='word_1_701' title='bbox 3621 4146 3633 4181; x_wconf 91' lang='lat'><strong>:</strong></span> <span class='ocrx_word' id='word_1_702' title='bbox 3667 4129 3789 4180; x_wconf 85' lang='lat' dir='ltr'><strong>hinc</strong></span> <span class='ocrx_word' id='word_1_703' title='bbox 3810 4128 3937 4182; x_wconf 86' lang='lat' dir='ltr'><strong>&#39;l‘ul-</strong></span> 
     </span>
    </p>
   </div>
   <div class='ocr_carea' id='block_1_102' title="bbox 2355 4196 3936 4268">
    <p class='ocr_par' dir='ltr' id='par_1_102' title="bbox 2355 4196 3936 4268">
     <span class='ocr_line' id='line_1_102' title="bbox 2355 4196 3936 4268; baseline -0.001 -16"><span class='ocrx_word' id='word_1_704' title='bbox 2355 4199 2453 4252; x_wconf 90' lang='lat' dir='ltr'><strong>lius</strong></span> <span class='ocrx_word' id='word_1_705' title='bbox 2500 4215 2595 4268; x_wconf 89' lang='lat' dir='ltr'><strong>pro</strong></span> <span class='ocrx_word' id='word_1_706' title='bbox 2642 4199 2801 4264; x_wconf 60' lang='lat' dir='ltr'><strong>Mum,</strong></span> <span class='ocrx_word' id='word_1_707' title='bbox 2856 4196 3016 4262; x_wconf 88' lang='lat' dir='ltr'><strong>Nolo,</strong></span> <span class='ocrx_word' id='word_1_708' title='bbox 3073 4199 3263 4267; x_wconf 69' lang='lat' dir='ltr'><strong>inquit,</strong></span> <span class='ocrx_word' id='word_1_709' title='bbox 3310 4209 3578 4251; x_wconf 78' lang='lat' dir='ltr'><strong>accusator</strong></span> <span class='ocrx_word' id='word_1_710' title='bbox 3607 4201 3659 4251; x_wconf 87' lang='lat' dir='ltr'><strong>in</strong></span> <span class='ocrx_word' id='word_1_711' title='bbox 3675 4200 3936 4268; x_wconf 83' lang='lat' dir='ltr'><strong>judicium</strong></span> 
     </span>
    </p>
   </div>
   <div class='ocr_carea' id='block_1_103' title="bbox 2353 4268 3933 4338">
    <p class='ocr_par' dir='ltr' id='par_1_103' title="bbox 2353 4268 3933 4338">
     <span class='ocr_line' id='line_1_103' title="bbox 2353 4268 3933 4338; baseline 0 -18"><span class='ocrx_word' id='word_1_712' title='bbox 2353 4271 2635 4336; x_wconf 83' lang='lat' dir='ltr'><strong>potentiam</strong></span> <span class='ocrx_word' id='word_1_713' title='bbox 2662 4268 2864 4338; x_wconf 73' lang='lat' dir='ltr'><strong>a/ferat,</strong></span> <span class='ocrx_word' id='word_1_714' title='bbox 2908 4284 3012 4321; x_wconf 79' lang='lat' dir='ltr'><strong>non</strong></span> <span class='ocrx_word' id='word_1_715' title='bbox 3039 4269 3138 4320; x_wconf 86' lang='lat' dir='ltr'><strong>vim</strong></span> <span class='ocrx_word' id='word_1_716' title='bbox 3161 4271 3407 4334; x_wconf 78' lang='lat' dir='ltr'><strong>majorem</strong></span> <span class='ocrx_word' id='word_1_717' title='bbox 3433 4271 3674 4338; x_wconf 75' lang='lat' dir='ltr'><strong>aliquam,</strong></span> <span class='ocrx_word' id='word_1_718' title='bbox 3707 4284 3806 4321; x_wconf 87' lang='lat' dir='ltr'><strong>non</strong></span> <span class='ocrx_word' id='word_1_719' title='bbox 3839 4285 3933 4320; x_wconf 86' lang='lat' dir='ltr'><strong>au-</strong></span> 
     </span>
    </p>
   </div>
   <div class='ocr_carea' id='block_1_104' title="bbox 2357 4337 3931 4408">
    <p class='ocr_par' dir='ltr' id='par_1_104' title="bbox 2357 4337 3931 4408">
     <span class='ocr_line' id='line_1_104' title="bbox 2357 4337 3931 4408; baseline -0.001 -17"><span class='ocrx_word' id='word_1_720' title='bbox 2357 4341 2639 4393; x_wconf 79' lang='lat' dir='ltr'><strong>ctoritatem</strong></span> <span class='ocrx_word' id='word_1_721' title='bbox 2667 4337 3012 4406; x_wconf 69' lang='lat' dir='ltr'><strong>excellentem,</strong></span> <span class='ocrx_word' id='word_1_722' title='bbox 3033 4355 3136 4391; x_wconf 81' lang='lat' dir='ltr'><strong>non</strong></span> <span class='ocrx_word' id='word_1_723' title='bbox 3161 4339 3368 4391; x_wconf 80' lang='lat' dir='ltr'><strong>nimiam</strong></span> <span class='ocrx_word' id='word_1_724' title='bbox 3397 4342 3610 4402; x_wconf 79' lang='lat' dir='ltr'><strong>gratiam</strong></span> <span class='ocrx_word' id='word_1_725' title='bbox 3641 4353 3660 4390; x_wconf 93' lang='lat'><em>:</em></span> <span class='ocrx_word' id='word_1_726' title='bbox 3687 4353 3808 4391; x_wconf 89' lang='lat' dir='ltr'><strong>cum</strong></span> <span class='ocrx_word' id='word_1_727' title='bbox 3832 4339 3931 4408; x_wconf 76' lang='lat' dir='ltr'><strong>igi—</strong></span> 
     </span>
    </p>
   </div>
   <div class='ocr_carea' id='block_1_105' title="bbox 2361 4410 3936 4477">
    <p class='ocr_par' dir='ltr' id='par_1_105' title="bbox 2361 4410 3936 4477">
     <span class='ocr_line' id='line_1_105' title="bbox 2361 4410 3936 4477; baseline 0.001 -16"><span class='ocrx_word' id='word_1_728' title='bbox 2361 4418 2447 4475; x_wconf 88' lang='lat' dir='ltr'><strong>tur</strong></span> <span class='ocrx_word' id='word_1_729' title='bbox 2467 4411 2724 4477; x_wconf 79' lang='lat' dir='ltr'><strong>judicium</strong></span> <span class='ocrx_word' id='word_1_730' title='bbox 2756 4425 2820 4463; x_wconf 80' lang='lat' dir='ltr'><strong>ex</strong></span> <span class='ocrx_word' id='word_1_731' title='bbox 2853 4410 2968 4477; x_wconf 81' lang='lat' dir='ltr'><strong>ipsa</strong></span> <span class='ocrx_word' id='word_1_732' title='bbox 3009 4411 3408 4476; x_wconf 83' lang='lat' dir='ltr'><strong>perturbatione</strong></span> <span class='ocrx_word' id='word_1_733' title='bbox 3453 4418 3577 4463; x_wconf 87' lang='lat' dir='ltr'><strong>ante</strong></span> <span class='ocrx_word' id='word_1_734' title='bbox 3616 4421 3826 4473; x_wconf 81' lang='lat' dir='ltr'><strong>captum</strong></span> <span class='ocrx_word' id='word_1_735' title='bbox 3865 4412 3936 4463; x_wconf 88' lang='lat' dir='ltr'><strong>sit</strong></span> 
     </span>
    </p>
   </div>
   <div class='ocr_carea' id='block_1_106' title="bbox 2359 4479 3935 4548">
    <p class='ocr_par' dir='ltr' id='par_1_106' title="bbox 2359 4479 3935 4548">
     <span class='ocr_line' id='line_1_106' title="bbox 2359 4479 3935 4548; baseline 0.001 -16"><span class='ocrx_word' id='word_1_736' title='bbox 2359 4482 2718 4548; x_wconf 73' lang='lat' dir='ltr'><strong>prtejndicium</strong></span> <span class='ocrx_word' id='word_1_737' title='bbox 2751 4480 2963 4533; x_wconf 87' lang='lat' dir='ltr'><strong>veritati</strong></span> <span class='ocrx_word' id='word_1_738' title='bbox 2987 4481 3216 4532; x_wconf 79' lang='lat' dir='ltr'><strong>maxime</strong></span> <span class='ocrx_word' id='word_1_739' title='bbox 3237 4481 3586 4540; x_wconf 80' lang='lat' dir='ltr'><strong>contrarium,</strong></span> <span class='ocrx_word' id='word_1_740' title='bbox 3611 4479 3935 4545; x_wconf 79' lang='lat' dir='ltr'><strong>quicumque</strong></span> 
     </span>
    </p>
   </div>
   <div class='ocr_carea' id='block_1_107' title="bbox 2359 4549 3934 4618">
    <p class='ocr_par' dir='ltr' id='par_1_107' title="bbox 2359 4549 3934 4618">
     <span class='ocr_line' id='line_1_107' title="bbox 2359 4549 3934 4618; baseline -0.001 -16"><span class='ocrx_word' id='word_1_741' title='bbox 2359 4565 2466 4604; x_wconf 88' lang='lat' dir='ltr'><strong>non</strong></span> <span class='ocrx_word' id='word_1_742' title='bbox 2509 4551 2612 4604; x_wconf 83' lang='lat' dir='ltr'><strong>nisi</strong></span> <span class='ocrx_word' id='word_1_743' title='bbox 2655 4550 2880 4618; x_wconf 85' lang='lat' dir='ltr'><strong>quadam</strong></span> <span class='ocrx_word' id='word_1_744' title='bbox 2928 4551 3325 4618; x_wconf 87' lang='lat' dir='ltr'><strong>perturbatione</strong></span> <span class='ocrx_word' id='word_1_745' title='bbox 3362 4559 3509 4603; x_wconf 67' lang='lat' dir='ltr'><strong>artus</strong></span> <span class='ocrx_word' id='word_1_746' title='bbox 3548 4549 3811 4601; x_wconf 80' lang='lat' dir='ltr'><strong>videbitur</strong></span> <span class='ocrx_word' id='word_1_747' title='bbox 3838 4550 3934 4602; x_wconf 84' lang='lat' dir='ltr'><strong>de-</strong></span> 
     </span>
    </p>
   </div>
   <div class='ocr_carea' id='block_1_108' title="bbox 676 4616 3932 4688">
    <p class='ocr_par' dir='ltr' id='par_1_108' title="bbox 676 4616 3932 4688">
     <span class='ocr_line' id='line_1_108' title="bbox 676 4616 3932 4688; baseline -0.001 -15"><span class='ocrx_word' id='word_1_748' title='bbox 676 4623 859 4674; x_wconf 91' lang='lat' dir='ltr'><strong>consul</strong></span> <span class='ocrx_word' id='word_1_749' title='bbox 897 4619 994 4671; x_wconf 79' lang='lat' dir='ltr'><strong>luit</strong></span> <span class='ocrx_word' id='word_1_750' title='bbox 1020 4632 1161 4670; x_wconf 91' lang='lat' dir='ltr'><strong>anno</strong></span> <span class='ocrx_word' id='word_1_751' title='bbox 1183 4617 1379 4688; x_wconf 79' lang='lat' dir='ltr'><strong>Christi</strong></span> <span class='ocrx_word' id='word_1_752' title='bbox 1410 4616 1728 4688; x_wconf 70' lang='lat' dir='ltr'><strong>.l95,_qttare</strong></span> <span class='ocrx_word' id='word_1_753' title='bbox 1764 4627 1903 4688; x_wconf 84' lang='lat' dir='ltr'><strong>nunc</strong></span> <span class='ocrx_word' id='word_1_754' title='bbox 1926 4629 2136 4688; x_wconf 78' lang='lat' dir='ltr'><strong>quoque</strong></span> <span class='ocrx_word' id='word_1_755' title='bbox 2165 4617 2245 4668; x_wconf 83' lang='lat' dir='ltr'><strong>di-</strong></span> <span class='ocrx_word' id='word_1_756' title='bbox 2275 4617 2329 4678; x_wconf 87' lang='lat' dir='ltr'><strong>D</strong></span> <span class='ocrx_word' id='word_1_757' title='bbox 2355 4622 2494 4674; x_wconf 78' lang='lat' dir='ltr'><strong>ferre</strong></span> <span class='ocrx_word' id='word_1_758' title='bbox 2521 4623 2633 4674; x_wconf 89' lang='lat' dir='ltr'><strong>sive</strong></span> <span class='ocrx_word' id='word_1_759' title='bbox 2661 4616 2942 4679; x_wconf 56' lang='lat' dir='ltr'><strong>accusare,</strong></span> <span class='ocrx_word' id='word_1_760' title='bbox 2967 4620 3077 4683; x_wconf 86' lang='lat' dir='ltr'><strong>ille,</strong></span> <span class='ocrx_word' id='word_1_761' title='bbox 3103 4629 3160 4672; x_wconf 87' lang='lat' dir='ltr'><strong>ttt</strong></span> <span class='ocrx_word' id='word_1_762' title='bbox 3190 4632 3312 4688; x_wconf 85' lang='lat' dir='ltr'><strong>pote</strong></span> <span class='ocrx_word' id='word_1_763' title='bbox 3342 4619 3503 4673; x_wconf 86' lang='lat' dir='ltr'><strong>falsus</strong></span> <span class='ocrx_word' id='word_1_764' title='bbox 3532 4619 3739 4672; x_wconf 86' lang='lat' dir='ltr'><strong>delator</strong></span> <span class='ocrx_word' id='word_1_765' title='bbox 3769 4631 3932 4672; x_wconf 71' lang='lat' dir='ltr'><strong>act-u-</strong></span> 
     </span>
    </p>
   </div>
   <div class='ocr_carea' id='block_1_109' title="bbox 677 4683 2249 4754">
    <p class='ocr_par' dir='ltr' id='par_1_109' title="bbox 677 4683 2249 4754">
     <span class='ocr_line' id='line_1_109' title="bbox 677 4683 2249 4754; baseline -0.002 -11"><span class='ocrx_word' id='word_1_766' title='bbox 677 4694 817 4744; x_wconf 89' lang='lat' dir='ltr'><strong>citur</strong></span> <span class='ocrx_word' id='word_1_767' title='bbox 849 4689 924 4742; x_wconf 89' lang='lat' dir='ltr'><strong>vir</strong></span> <span class='ocrx_word' id='word_1_768' title='bbox 947 4688 1271 4742; x_wconf 80' lang='lat' dir='ltr'><strong>consularis:</strong></span> <span class='ocrx_word' id='word_1_769' title='bbox 1303 4687 1442 4739; x_wconf 89' lang='lat' dir='ltr'><strong>hunc</strong></span> <span class='ocrx_word' id='word_1_770' title='bbox 1474 4686 1713 4738; x_wconf 84' lang='lat' dir='ltr'><strong>Albinum</strong></span> <span class='ocrx_word' id='word_1_771' title='bbox 1749 4686 1936 4738; x_wconf 83' lang='lat' dir='ltr'><strong>oderat</strong></span> <span class='ocrx_word' id='word_1_772' title='bbox 1961 4683 2249 4754; x_wconf 85' lang='lat' dir='ltr'><strong>Cyprianus</strong></span> 
     </span>
    </p>
   </div>
   <div class='ocr_carea' id='block_1_110' title="bbox 678 4755 2245 4826">
    <p class='ocr_par' dir='ltr' id='par_1_110' title="bbox 678 4755 2245 4826">
     <span class='ocr_line' id='line_1_110' title="bbox 678 4755 2245 4826; baseline -0.001 -14"><span class='ocrx_word' id='word_1_773' title='bbox 678 4763 841 4814; x_wconf 87' lang='lat' dir='ltr'><strong>frater</strong></span> <span class='ocrx_word' id='word_1_774' title='bbox 868 4759 1144 4826; x_wconf 84' lang='lat' dir='ltr'><strong>Upilionis,</strong></span> <span class='ocrx_word' id='word_1_775' title='bbox 1175 4759 1241 4810; x_wconf 90' lang='lat' dir='ltr'><strong>de</strong></span> <span class='ocrx_word' id='word_1_776' title='bbox 1270 4771 1376 4822; x_wconf 90' lang='lat' dir='ltr'><strong>quo</strong></span> <span class='ocrx_word' id='word_1_777' title='bbox 1405 4760 1580 4810; x_wconf 87' lang='lat' dir='ltr'><strong>statim</strong></span> <span class='ocrx_word' id='word_1_778' title='bbox 1624 4757 1830 4808; x_wconf 86' lang='lat' dir='ltr'><strong>dtcetur</strong></span> <span class='ocrx_word' id='word_1_779' title='bbox 1855 4772 1867 4826; x_wconf 93' lang='lat'><strong>:_</strong></span> <span class='ocrx_word' id='word_1_780' title='bbox 1900 4755 2245 4819; x_wconf 83' lang='lat' dir='ltr'><strong>quamobrem</strong></span> 
     </span>
    </p>
   </div>
   <div class='ocr_carea' id='block_1_111' title="bbox 677 4824 2248 4899">
    <p class='ocr_par' dir='ltr' id='par_1_111' title="bbox 677 4824 2248 4899">
     <span class='ocr_line' id='line_1_111' title="bbox 677 4824 2248 4899; baseline -0.003 -15"><span class='ocrx_word' id='word_1_781' title='bbox 677 4833 846 4899; x_wconf 89' lang='lat' dir='ltr'><strong>ipsum</strong></span> <span class='ocrx_word' id='word_1_782' title='bbox 873 4824 1160 4891; x_wconf 75' lang='lat' dir='ltr'><strong>accusavit,</strong></span> <span class='ocrx_word' id='word_1_783' title='bbox 1184 4828 1462 4895; x_wconf 86' lang='lat' dir='ltr'><strong>dictusque</strong></span> <span class='ocrx_word' id='word_1_784' title='bbox 1489 4835 1763 4899; x_wconf 78' lang='lat' dir='ltr'><strong>propterea</strong></span> <span class='ocrx_word' id='word_1_785' title='bbox 1786 4824 1984 4899; x_wconf 74' lang='lat' dir='ltr'><strong>delator</strong></span> <span class='ocrx_word' id='word_1_786' title='bbox 2001 4839 2024 4899; x_wconf 59' lang='grc' dir='ltr'>ξ</span> <span class='ocrx_word' id='word_1_787' title='bbox 2037 4826 2248 4881; x_wconf 88' lang='lat' dir='ltr'><strong>deferre</strong></span> 
     </span>
    </p>
   </div>
   <div class='ocr_carea' id='block_1_112' title="bbox 677 4896 2243 4968">
    <p class='ocr_par' dir='ltr' id='par_1_112' title="bbox 677 4896 2243 4968">
     <span class='ocr_line' id='line_1_112' title="bbox 677 4896 2243 4968; baseline -0.003 -16"><span class='ocrx_word' id='word_1_788' title='bbox 677 4896 871 4968; x_wconf 80' lang='lat' dir='ltr'><strong>quippe</strong></span> <span class='ocrx_word' id='word_1_789' title='bbox 909 4900 1128 4968; x_wconf 3' lang='lat' dir='ltr'><strong>inploro,</strong></span> <span class='ocrx_word' id='word_1_790' title='bbox 1161 4912 1415 4951; x_wconf 77' lang='lat' dir='ltr'><strong>accusare</strong></span> <span class='ocrx_word' id='word_1_791' title='bbox 1452 4905 1555 4953; x_wconf 88' lang='lat' dir='ltr'><strong>est.</strong></span> <span class='ocrx_word' id='word_1_792' title='bbox 1595 4897 1661 4949; x_wconf 83' lang='lat' dir='ltr'><strong>At</strong></span> <span class='ocrx_word' id='word_1_793' title='bbox 1693 4896 2243 4968; x_wconf 67' lang='lat' dir='ltr'><strong>Paulinuminsecta-</strong></span> 
     </span>
    </p>
   </div>
   <div class='ocr_carea' id='block_1_113' title="bbox 675 4964 2244 5036">
    <p class='ocr_par' dir='ltr' id='par_1_113' title="bbox 675 4964 2244 5036">
     <span class='ocr_line' id='line_1_113' title="bbox 675 4964 2244 5036; baseline -0.003 -13"><span class='ocrx_word' id='word_1_794' title='bbox 675 4964 868 5024; x_wconf 79' lang='lat' dir='ltr'><strong>bantur</strong></span> <span class='ocrx_word' id='word_1_795' title='bbox 891 4967 1103 5036; x_wconf 89' lang='lat' dir='ltr'><strong>quidam</strong></span> <span class='ocrx_word' id='word_1_796' title='bbox 1131 4969 1309 5032; x_wconf 88' lang='lat' dir='ltr'><strong>auiiei,</strong></span> <span class='ocrx_word' id='word_1_797' title='bbox 1334 4968 1423 5036; x_wconf 90' lang='lat' dir='ltr'><strong>qui</strong></span> <span class='ocrx_word' id='word_1_798' title='bbox 1452 4981 1592 5020; x_wconf 88' lang='lat' dir='ltr'><strong>nunc</strong></span> <span class='ocrx_word' id='word_1_799' title='bbox 1623 4973 1879 5019; x_wconf 80' lang='lat' dir='ltr'><strong>vocantur</strong></span> <span class='ocrx_word' id='word_1_800' title='bbox 1906 4964 2132 5019; x_wconf 85' lang='lat' dir='ltr'><strong>Palatini</strong></span> <span class='ocrx_word' id='word_1_801' title='bbox 2156 4977 2244 5019; x_wconf 75' lang='lat' dir='ltr'><strong>ea-</strong></span> 
     </span>
    </p>
   </div>
   <div class='ocr_carea' id='block_1_114' title="bbox 677 5037 2241 5109">
    <p class='ocr_par' dir='ltr' id='par_1_114' title="bbox 677 5037 2241 5109">
     <span class='ocr_line' id='line_1_114' title="bbox 677 5037 2241 5109; baseline -0.002 -16"><span class='ocrx_word' id='word_1_802' title='bbox 677 5055 806 5093; x_wconf 85' lang='lat' dir='ltr'><strong>nes:</strong></span> <span class='ocrx_word' id='word_1_803' title='bbox 839 5037 1066 5092; x_wconf 84' lang='lat' dir='ltr'><strong>Palatini</strong></span> <span class='ocrx_word' id='word_1_804' title='bbox 1105 5039 1351 5109; x_wconf 84' lang='lat' dir='ltr'><strong>quidem,</strong></span> <span class='ocrx_word' id='word_1_805' title='bbox 1396 5039 1535 5105; x_wconf 88' lang='lat' dir='ltr'><strong>quod</strong></span> <span class='ocrx_word' id='word_1_806' title='bbox 1581 5037 1833 5109; x_wconf 78' lang='lat' dir='ltr'><strong>palatium</strong></span> <span class='ocrx_word' id='word_1_807' title='bbox 1873 5040 1989 5090; x_wconf 83' lang='lat' dir='ltr'><strong>sive</strong></span> <span class='ocrx_word' id='word_1_808' title='bbox 2025 5037 2241 5109; x_wconf 83' lang='lat' dir='ltr'><strong>domum</strong></span> 
     </span>
    </p>
   </div>
   <div class='ocr_carea' id='block_1_115' title="bbox 677 5105 2247 5178">
    <p class='ocr_par' dir='ltr' id='par_1_115' title="bbox 677 5105 2247 5178">
     <span class='ocr_line' id='line_1_115' title="bbox 677 5105 2247 5178; baseline -0.001 -16"><span class='ocrx_word' id='word_1_809' title='bbox 677 5110 931 5178; x_wconf 90' lang='lat' dir='ltr'><strong>principis</strong></span> <span class='ocrx_word' id='word_1_810' title='bbox 974 5105 1211 5163; x_wconf 80' lang='lat' dir='ltr'><strong>habitent</strong></span> <span class='ocrx_word' id='word_1_811' title='bbox 1254 5117 1344 5160; x_wconf 91' lang='lat' dir='ltr'><strong>aut</strong></span> <span class='ocrx_word' id='word_1_812' title='bbox 1389 5111 1576 5178; x_wconf 88' lang='lat' dir='ltr'><strong>saltem</strong></span> <span class='ocrx_word' id='word_1_813' title='bbox 1608 5105 1955 5178; x_wconf 73' lang='lat' dir='ltr'><strong>frequentem</strong></span> <span class='ocrx_word' id='word_1_814' title='bbox 1996 5123 2008 5158; x_wconf 88' lang='lat'><strong>:</strong></span> <span class='ocrx_word' id='word_1_815' title='bbox 2055 5106 2247 5162; x_wconf 88' lang='lat' dir='ltr'><strong>domus</strong></span> 
     </span>
    </p>
   </div>
   <div class='ocr_carea' id='block_1_116' title="bbox 675 5177 2247 5248">
    <p class='ocr_par' dir='ltr' id='par_1_116' title="bbox 675 5177 2247 5248">
     <span class='ocr_line' id='line_1_116' title="bbox 675 5177 2247 5248; baseline -0.001 -15"><span class='ocrx_word' id='word_1_816' title='bbox 675 5177 863 5234; x_wconf 85' lang='lat' dir='ltr'><strong>autem</strong></span> <span class='ocrx_word' id='word_1_817' title='bbox 890 5180 1140 5248; x_wconf 84' lang='lat' dir='ltr'><strong>principis</strong></span> <span class='ocrx_word' id='word_1_818' title='bbox 1175 5193 1238 5231; x_wconf 73' lang='lat' dir='ltr'><strong>et</strong></span> <span class='ocrx_word' id='word_1_819' title='bbox 1278 5194 1344 5232; x_wconf 93' lang='lat' dir='ltr'><strong>eo</strong></span> <span class='ocrx_word' id='word_1_820' title='bbox 1372 5178 1511 5230; x_wconf 88' lang='lat' dir='ltr'><strong>dicta</strong></span> <span class='ocrx_word' id='word_1_821' title='bbox 1548 5177 1644 5230; x_wconf 88' lang='lat' dir='ltr'><strong>fuit</strong></span> <span class='ocrx_word' id='word_1_822' title='bbox 1675 5177 1952 5245; x_wconf 85' lang='lat' dir='ltr'><strong>palatium,</strong></span> <span class='ocrx_word' id='word_1_823' title='bbox 1993 5178 2132 5244; x_wconf 88' lang='lat' dir='ltr'><strong>quod</strong></span> <span class='ocrx_word' id='word_1_824' title='bbox 2179 5179 2247 5232; x_wconf 77' lang='lat' dir='ltr'><strong>ab</strong></span> 
     </span>
    </p>
   </div>
   <div class='ocr_carea' id='block_1_117' title="bbox 673 5248 2245 5318">
    <p class='ocr_par' dir='ltr' id='par_1_117' title="bbox 673 5248 2245 5318">
     <span class='ocr_line' id='line_1_117' title="bbox 673 5248 2245 5318; baseline -0.001 -13"><span class='ocrx_word' id='word_1_825' title='bbox 673 5251 874 5305; x_wconf 82' lang='lat' dir='ltr'><strong>Octavii</strong></span> <span class='ocrx_word' id='word_1_826' title='bbox 912 5249 1131 5316; x_wconf 81' lang='lat' dir='ltr'><strong>Augusti</strong></span> <span class='ocrx_word' id='word_1_827' title='bbox 1171 5249 1515 5318; x_wconf 72' lang='lat' dir='ltr'><strong>temporibus</strong></span> <span class='ocrx_word' id='word_1_828' title='bbox 1539 5250 1888 5318; x_wconf 86' lang='lat' dir='ltr'><strong>imperatores</strong></span> <span class='ocrx_word' id='word_1_829' title='bbox 1927 5260 2111 5300; x_wconf 89' lang='lat' dir='ltr'><strong>omnes</strong></span> <span class='ocrx_word' id='word_1_830' title='bbox 2141 5248 2245 5303; x_wconf 75' lang='lat' dir='ltr'><strong>ilo-</strong></span> 
     </span>
    </p>
   </div>
   <div class='ocr_carea' id='block_1_118' title="bbox 676 5317 2244 5376">
    <p class='ocr_par' dir='ltr' id='par_1_118' title="bbox 676 5317 2244 5376">
     <span class='ocr_line' id='line_1_118' title="bbox 676 5317 2244 5376; baseline -0.001 -1"><span class='ocrx_word' id='word_1_831' title='bbox 676 5323 817 5376; x_wconf 88' lang='lat' dir='ltr'><strong>mani</strong></span> <span class='ocrx_word' id='word_1_832' title='bbox 858 5321 1139 5374; x_wconf 89' lang='lat' dir='ltr'><strong>habitarint</strong></span> <span class='ocrx_word' id='word_1_833' title='bbox 1181 5320 1233 5373; x_wconf 90' lang='lat' dir='ltr'><strong>in</strong></span> <span class='ocrx_word' id='word_1_834' title='bbox 1271 5317 1452 5372; x_wconf 88' lang='lat' dir='ltr'><strong>monte</strong></span> <span class='ocrx_word' id='word_1_835' title='bbox 1483 5317 1746 5371; x_wconf 88' lang='lat' dir='ltr'><strong>Palatino.</strong></span> <span class='ocrx_word' id='word_1_836' title='bbox 1793 5317 1952 5371; x_wconf 81' lang='lat' dir='ltr'><strong>Canes</strong></span> <span class='ocrx_word' id='word_1_837' title='bbox 1989 5328 2117 5370; x_wconf 85' lang='lat' dir='ltr'><strong>vero</strong></span> <span class='ocrx_word' id='word_1_838' title='bbox 2152 5333 2244 5373; x_wconf 90' lang='lat' dir='ltr'><strong>vo-</strong></span> 
     </span>
    </p>
   </div>
   <div class='ocr_carea' id='block_1_119' title="bbox 674 5386 2238 5459">
    <p class='ocr_par' dir='ltr' id='par_1_119' title="bbox 674 5386 2238 5459">
     <span class='ocr_line' id='line_1_119' title="bbox 674 5386 2238 5459; baseline -0.003 -12"><span class='ocrx_word' id='word_1_839' title='bbox 674 5402 884 5457; x_wconf 90' lang='lat' dir='ltr'><strong>cantur,</strong></span> <span class='ocrx_word' id='word_1_840' title='bbox 920 5392 1034 5445; x_wconf 82' lang='lat' dir='ltr'><strong>sive</strong></span> <span class='ocrx_word' id='word_1_841' title='bbox 1071 5390 1192 5459; x_wconf 87' lang='lat' dir='ltr'><strong>quia</strong></span> <span class='ocrx_word' id='word_1_842' title='bbox 1236 5388 1468 5459; x_wconf 75' lang='lat' dir='ltr'><strong>praefecti</strong></span> <span class='ocrx_word' id='word_1_843' title='bbox 1504 5389 1792 5452; x_wconf 74' lang='lat' dir='ltr'><strong>custodiaa,</strong></span> <span class='ocrx_word' id='word_1_844' title='bbox 1825 5386 1992 5459; x_wconf 85' lang='lat' dir='ltr'><strong>instar</strong></span> <span class='ocrx_word' id='word_1_845' title='bbox 2023 5399 2238 5454; x_wconf 90' lang='lat' dir='ltr'><strong>canum,</strong></span> 
     </span>
    </p>
   </div>
   <div class='ocr_carea' id='block_1_120' title="bbox 671 5458 2237 5528">
    <p class='ocr_par' dir='ltr' id='par_1_120' title="bbox 671 5458 2237 5528">
     <span class='ocr_line' id='line_1_120' title="bbox 671 5458 2237 5528; baseline -0.003 -11"><span class='ocrx_word' id='word_1_846' title='bbox 671 5463 740 5517; x_wconf 72' lang='lat' dir='ltr'><strong>ad</strong></span> <span class='ocrx_word' id='word_1_847' title='bbox 771 5463 912 5518; x_wconf 84' lang='lat' dir='ltr'><strong>fores</strong></span> <span class='ocrx_word' id='word_1_848' title='bbox 943 5458 1196 5517; x_wconf 86' lang='lat' dir='ltr'><strong>assistunt</strong></span> <span class='ocrx_word' id='word_1_849' title='bbox 1218 5458 1375 5516; x_wconf 59' lang='lat' dir='ltr'><strong>{sive</strong></span> <span class='ocrx_word' id='word_1_850' title='bbox 1397 5459 1537 5528; x_wconf 86' lang='lat' dir='ltr'><strong>quia,</strong></span> <span class='ocrx_word' id='word_1_851' title='bbox 1560 5459 1778 5513; x_wconf 85' lang='lat' dir='ltr'><strong>canibus</strong></span> <span class='ocrx_word' id='word_1_852' title='bbox 1800 5458 2237 5526; x_wconf 84' lang='lat' dir='ltr'><strong>impudentiores,</strong></span> 
     </span>
    </p>
   </div>
   <div class='ocr_carea' id='block_1_121' title="bbox 671 5532 2233 5604">
    <p class='ocr_par' dir='ltr' id='par_1_121' title="bbox 671 5532 2233 5604">
     <span class='ocr_line' id='line_1_121' title="bbox 671 5532 2233 5604; baseline -0.003 -16"><span class='ocrx_word' id='word_1_853' title='bbox 671 5547 766 5588; x_wconf 85' lang='lat' dir='ltr'><strong>eos</strong></span> <span class='ocrx_word' id='word_1_854' title='bbox 794 5550 823 5588; x_wconf 89' lang='lat' dir='ltr'><strong>a</strong></span> <span class='ocrx_word' id='word_1_855' title='bbox 846 5533 1038 5604; x_wconf 87' lang='lat' dir='ltr'><strong>quibus</strong></span> <span class='ocrx_word' id='word_1_856' title='bbox 1068 5533 1178 5586; x_wconf 71' lang='lat' dir='ltr'><strong>lassi</strong></span> <span class='ocrx_word' id='word_1_857' title='bbox 1198 5546 1302 5585; x_wconf 90' lang='lat' dir='ltr'><strong>non</strong></span> <span class='ocrx_word' id='word_1_858' title='bbox 1331 5540 1474 5592; x_wconf 89' lang='lat' dir='ltr'><strong>sunt,</strong></span> <span class='ocrx_word' id='word_1_859' title='bbox 1495 5532 1762 5595; x_wconf 88' lang='lat' dir='ltr'><strong>mordent,</strong></span> <span class='ocrx_word' id='word_1_860' title='bbox 1784 5541 2076 5604; x_wconf 80' lang='lat' dir='ltr'><strong>eorumque</strong></span> <span class='ocrx_word' id='word_1_861' title='bbox 2095 5543 2233 5602; x_wconf 85' lang='lat' dir='ltr'><strong>opes,</strong></span> 
     </span>
    </p>
   </div>
   <div class='ocr_carea' id='block_1_122' title="bbox 673 5602 2239 5671">
    <p class='ocr_par' dir='ltr' id='par_1_122' title="bbox 673 5602 2239 5671">
     <span class='ocr_line' id='line_1_122' title="bbox 673 5602 2239 5671; baseline -0.003 -13"><span class='ocrx_word' id='word_1_862' title='bbox 673 5606 719 5658; x_wconf 88' lang='lat' dir='ltr'><strong>si</strong></span> <span class='ocrx_word' id='word_1_863' title='bbox 759 5602 878 5659; x_wconf 80' lang='lat' dir='ltr'><strong>non</strong></span> <span class='ocrx_word' id='word_1_864' title='bbox 908 5604 1102 5671; x_wconf 88' lang='lat' dir='ltr'><strong>rcipsa,</strong></span> <span class='ocrx_word' id='word_1_865' title='bbox 1143 5604 1332 5656; x_wconf 88' lang='lat' dir='ltr'><strong>saltem</strong></span> <span class='ocrx_word' id='word_1_866' title='bbox 1371 5616 1457 5668; x_wconf 84' lang='lat' dir='ltr'><strong>spe</strong></span> <span class='ocrx_word' id='word_1_867' title='bbox 1502 5609 1652 5670; x_wconf 87' lang='lat' dir='ltr'><strong>atque</strong></span> <span class='ocrx_word' id='word_1_868' title='bbox 1688 5602 1961 5656; x_wconf 86' lang='lat' dir='ltr'><strong>ambitione</strong></span> <span class='ocrx_word' id='word_1_869' title='bbox 1999 5602 2239 5654; x_wconf 75' lang='lat' dir='ltr'><strong>devorant</strong></span> 
     </span>
    </p>
   </div>
   <div class='ocr_carea' id='block_1_123' title="bbox 673 5673 2236 5738">
    <p class='ocr_par' dir='ltr' id='par_1_123' title="bbox 673 5673 2236 5738">
     <span class='ocr_line' id='line_1_123' title="bbox 673 5673 2236 5738; baseline -0.001 -12"><span class='ocrx_word' id='word_1_870' title='bbox 673 5675 886 5729; x_wconf 82' lang='lat' dir='ltr'><strong>hiantes.</strong></span> <span class='ocrx_word' id='word_1_871' title='bbox 923 5674 1199 5728; x_wconf 87' lang='lat' dir='ltr'><strong>Postremo</strong></span> <span class='ocrx_word' id='word_1_872' title='bbox 1228 5682 1509 5738; x_wconf 88' lang='lat' dir='ltr'><strong>utrumque</strong></span> <span class='ocrx_word' id='word_1_873' title='bbox 1537 5675 1676 5725; x_wconf 92' lang='lat' dir='ltr'><strong>hunc</strong></span> <span class='ocrx_word' id='word_1_874' title='bbox 1701 5673 2031 5726; x_wconf 83' lang='lat' dir='ltr'><strong>consularem</strong></span> <span class='ocrx_word' id='word_1_875' title='bbox 2064 5673 2236 5724; x_wconf 86' lang='lat' dir='ltr'><strong>virum</strong></span> 
     </span>
    </p>
   </div>
   <div class='ocr_carea' id='block_1_124' title="bbox 673 5743 2235 5812">
    <p class='ocr_par' dir='ltr' id='par_1_124' title="bbox 673 5743 2235 5812">
     <span class='ocr_line' id='line_1_124' title="bbox 673 5743 2235 5812; baseline -0.003 -13"><span class='ocrx_word' id='word_1_876' title='bbox 673 5745 888 5799; x_wconf 84' lang='lat' dir='ltr'><strong>Boetius</strong></span> <span class='ocrx_word' id='word_1_877' title='bbox 914 5760 942 5796; x_wconf 86' lang='lat' dir='ltr'><strong>a</strong></span> <span class='ocrx_word' id='word_1_878' title='bbox 978 5748 1134 5798; x_wconf 84' lang='lat' dir='ltr'><strong>tantis</strong></span> <span class='ocrx_word' id='word_1_879' title='bbox 1167 5745 1412 5812; x_wconf 84' lang='lat' dir='ltr'><strong>perit-ulls</strong></span> <span class='ocrx_word' id='word_1_880' title='bbox 1448 5743 1710 5805; x_wconf 74' lang='lat' dir='ltr'><strong>liberavit,</strong></span> <span class='ocrx_word' id='word_1_881' title='bbox 1734 5743 1789 5795; x_wconf 92' lang='lat' dir='ltr'><strong>in</strong></span> <span class='ocrx_word' id='word_1_882' title='bbox 1814 5757 1919 5805; x_wconf 86' lang='lat' dir='ltr'><strong>quo</strong></span> <span class='ocrx_word' id='word_1_883' title='bbox 1945 5747 2235 5808; x_wconf 71' lang='lat' dir='ltr'><strong>prteserttm</strong></span> 
     </span>
    </p>
   </div>
   <div class='ocr_carea' id='block_1_125' title="bbox 675 5813 2235 5882">
    <p class='ocr_par' dir='ltr' id='par_1_125' title="bbox 675 5813 2235 5882">
     <span class='ocr_line' id='line_1_125' title="bbox 675 5813 2235 5882; baseline 0.001 -17"><span class='ocrx_word' id='word_1_884' title='bbox 675 5826 936 5881; x_wconf 75' lang='lat' dir='ltr'><strong>praecepta</strong></span> <span class='ocrx_word' id='word_1_885' title='bbox 976 5815 1336 5882; x_wconf 68' lang='lat' dir='ltr'><strong>philosophica</strong></span> <span class='ocrx_word' id='word_1_886' title='bbox 1385 5822 1663 5866; x_wconf 69' lang='lat' dir='ltr'><strong>esseetttus</strong></span> <span class='ocrx_word' id='word_1_887' title='bbox 1707 5821 1788 5864; x_wconf 85' lang='lat' dir='ltr'><strong>est</strong></span> <span class='ocrx_word' id='word_1_888' title='bbox 1834 5826 1847 5863; x_wconf 89' lang='lat'><strong>:</strong></span> <span class='ocrx_word' id='word_1_889' title='bbox 1890 5813 2235 5878; x_wconf 61' lang='lat' dir='ltr'><strong>quamobrem</strong></span> 
     </span>
    </p>
   </div>
   <div class='ocr_carea' id='block_1_126' title="bbox 677 5882 2238 5952">
    <p class='ocr_par' dir='ltr' id='par_1_126' title="bbox 677 5882 2238 5952">
     <span class='ocr_line' id='line_1_126' title="bbox 677 5882 2238 5952; baseline 0.001 -18"><span class='ocrx_word' id='word_1_890' title='bbox 677 5887 866 5938; x_wconf 86' lang='lat' dir='ltr'><strong>merito</strong></span> <span class='ocrx_word' id='word_1_891' title='bbox 906 5901 1044 5938; x_wconf 89' lang='lat' dir='ltr'><strong>nunc</strong></span> <span class='ocrx_word' id='word_1_892' title='bbox 1074 5899 1197 5938; x_wconf 87' lang='lat' dir='ltr'><strong>suus</strong></span> <span class='ocrx_word' id='word_1_893' title='bbox 1233 5895 1515 5952; x_wconf 74' lang='lat' dir='ltr'><strong>exaggerat</strong></span> <span class='ocrx_word' id='word_1_894' title='bbox 1551 5882 1841 5935; x_wconf 75' lang='lat' dir='ltr'><strong>discordias</strong></span> <span class='ocrx_word' id='word_1_895' title='bbox 1881 5882 1976 5934; x_wconf 87' lang='lat' dir='ltr'><strong>hac</strong></span> <span class='ocrx_word' id='word_1_896' title='bbox 2015 5885 2238 5935; x_wconf 81' lang='lat' dir='ltr'><strong>interro-</strong></span> 
     </span>
    </p>
   </div>
   <div class='ocr_carea' id='block_1_127' title="bbox 2352 4690 3931 4759">
    <p class='ocr_par' dir='ltr' id='par_1_127' title="bbox 2352 4690 3931 4759">
     <span class='ocr_line' id='line_1_127' title="bbox 2352 4690 3931 4759; baseline -0.003 -15"><span class='ocrx_word' id='word_1_897' title='bbox 2352 4701 2582 4755; x_wconf 79' lang='lat' dir='ltr'><strong>satorve,</strong></span> <span class='ocrx_word' id='word_1_898' title='bbox 2613 4691 2681 4743; x_wconf 88' lang='lat' dir='ltr'><strong>ita</strong></span> <span class='ocrx_word' id='word_1_899' title='bbox 2716 4692 2861 4758; x_wconf 87' lang='lat' dir='ltr'><strong>rejici</strong></span> <span class='ocrx_word' id='word_1_900' title='bbox 2891 4690 3078 4751; x_wconf 82' lang='lat' dir='ltr'><strong>debet,</strong></span> <span class='ocrx_word' id='word_1_901' title='bbox 3109 4699 3170 4743; x_wconf 88' lang='lat' dir='ltr'><strong>ut</strong></span> <span class='ocrx_word' id='word_1_902' title='bbox 3189 4705 3307 4759; x_wconf 66' lang='lat' dir='ltr'><strong>quae</strong></span> <span class='ocrx_word' id='word_1_903' title='bbox 3337 4690 3459 4742; x_wconf 92' lang='lat' dir='ltr'><strong>inde</strong></span> <span class='ocrx_word' id='word_1_904' title='bbox 3475 4699 3788 4757; x_wconf 80' lang='lat' dir='ltr'><strong>sequetetur</strong></span> <span class='ocrx_word' id='word_1_905' title='bbox 3814 4704 3931 4756; x_wconf 69' lang='lat' dir='ltr'><strong>pue-</strong></span> 
     </span>
    </p>
   </div>
   <div class='ocr_carea' id='block_1_128' title="bbox 2351 4759 3931 4829">
    <p class='ocr_par' dir='ltr' id='par_1_128' title="bbox 2351 4759 3931 4829">
     <span class='ocr_line' id='line_1_128' title="bbox 2351 4759 3931 4829; baseline 0.001 -18"><span class='ocrx_word' id='word_1_906' title='bbox 2351 4776 2417 4813; x_wconf 90' lang='lat' dir='ltr'><strong>ua</strong></span> <span class='ocrx_word' id='word_1_907' title='bbox 2444 4803 2454 4822; x_wconf 91' lang='lat'><strong>,</strong></span> <span class='ocrx_word' id='word_1_908' title='bbox 2484 4762 2596 4815; x_wconf 59' lang='lat' dir='ltr'><strong>huic</strong></span> <span class='ocrx_word' id='word_1_909' title='bbox 2624 4763 2800 4829; x_wconf 88' lang='lat' dir='ltr'><strong>iniqua</strong></span> <span class='ocrx_word' id='word_1_910' title='bbox 2825 4759 3063 4813; x_wconf 84' lang='lat' dir='ltr'><strong>habenda</strong></span> <span class='ocrx_word' id='word_1_911' title='bbox 3086 4771 3247 4814; x_wconf 89' lang='lat' dir='ltr'><strong>esset.</strong></span> <span class='ocrx_word' id='word_1_912' title='bbox 3281 4761 3438 4829; x_wconf 81' lang='lat' dir='ltr'><strong>Atqui</strong></span> <span class='ocrx_word' id='word_1_913' title='bbox 3464 4761 3732 4813; x_wconf 88' lang='lat' dir='ltr'><strong>delatores</strong></span> <span class='ocrx_word' id='word_1_914' title='bbox 3764 4759 3931 4814; x_wconf 86' lang='lat' dir='ltr'><strong>Boetii</strong></span> 
     </span>
    </p>
   </div>
   <div class='ocr_carea' id='block_1_129' title="bbox 2352 4829 3931 4886">
    <p class='ocr_par' dir='ltr' id='par_1_129' title="bbox 2352 4829 3931 4886">
     <span class='ocr_line' id='line_1_129' title="bbox 2352 4829 3931 4886; baseline 0 -3"><span class='ocrx_word' id='word_1_915' title='bbox 2352 4830 2422 4884; x_wconf 83' lang='lat' dir='ltr'><strong>ita</strong></span> <span class='ocrx_word' id='word_1_916' title='bbox 2460 4847 2517 4884; x_wconf 81' lang='lat' dir='ltr'><strong>se</strong></span> <span class='ocrx_word' id='word_1_917' title='bbox 2558 4831 2856 4886; x_wconf 70' lang='lat' dir='ltr'><strong>habuerunt</strong></span> <span class='ocrx_word' id='word_1_918' title='bbox 2886 4847 2898 4882; x_wconf 92' lang='lat'>:</span> <span class='ocrx_word' id='word_1_919' title='bbox 2933 4829 2995 4882; x_wconf 90' lang='lat' dir='ltr'><strong>Hi</strong></span> <span class='ocrx_word' id='word_1_920' title='bbox 3030 4831 3169 4883; x_wconf 90' lang='lat' dir='ltr'><strong>enim</strong></span> <span class='ocrx_word' id='word_1_921' title='bbox 3219 4844 3326 4884; x_wconf 89' lang='lat' dir='ltr'><strong>tres</strong></span> <span class='ocrx_word' id='word_1_922' title='bbox 3357 4831 3622 4883; x_wconf 83' lang='lat' dir='ltr'><strong>duntaxat</strong></span> <span class='ocrx_word' id='word_1_923' title='bbox 3650 4842 3931 4883; x_wconf 84' lang='lat' dir='ltr'><strong>numeran-</strong></span> 
     </span>
    </p>
   </div>
   <div class='ocr_carea' id='block_1_130' title="bbox 2351 4898 3927 4969">
    <p class='ocr_par' dir='ltr' id='par_1_130' title="bbox 2351 4898 3927 4969">
     <span class='ocr_line' id='line_1_130' title="bbox 2351 4898 3927 4969; baseline 0 -15"><span class='ocrx_word' id='word_1_924' title='bbox 2351 4912 2455 4964; x_wconf 89' lang='lat' dir='ltr'><strong>tur,</strong></span> <span class='ocrx_word' id='word_1_925' title='bbox 2483 4902 2730 4955; x_wconf 88' lang='lat' dir='ltr'><strong>nimirum</strong></span> <span class='ocrx_word' id='word_1_926' title='bbox 2754 4899 3000 4965; x_wconf 75' lang='lat' dir='ltr'><strong>Basilius,</strong></span> <span class='ocrx_word' id='word_1_927' title='bbox 3031 4898 3221 4969; x_wconf 86' lang='lat' dir='ltr'><strong>Opilio,</strong></span> <span class='ocrx_word' id='word_1_928' title='bbox 3252 4909 3308 4955; x_wconf 89' lang='lat' dir='ltr'><strong>et</strong></span> <span class='ocrx_word' id='word_1_929' title='bbox 3333 4899 3669 4963; x_wconf 80' lang='lat' dir='ltr'><strong>Gaudentius,</strong></span> <span class='ocrx_word' id='word_1_930' title='bbox 3700 4915 3927 4968; x_wconf 81' lang='lat' dir='ltr'><strong>quarunt</strong></span> 
     </span>
    </p>
   </div>
   <div class='ocr_carea' id='block_1_131' title="bbox 2353 4969 3933 5037">
    <p class='ocr_par' dir='ltr' id='par_1_131' title="bbox 2353 4969 3933 5037">
     <span class='ocr_line' id='line_1_131' title="bbox 2353 4969 3933 5037; baseline 0.001 -15"><span class='ocrx_word' id='word_1_931' title='bbox 2353 4969 2578 5025; x_wconf 81' lang='lat' dir='ltr'><strong>Basilius</strong></span> <span class='ocrx_word' id='word_1_932' title='bbox 2619 4973 2776 5025; x_wconf 88' lang='lat' dir='ltr'><strong>alieni</strong></span> <span class='ocrx_word' id='word_1_933' title='bbox 2804 4972 2928 5026; x_wconf 71' lang='lat' dir='ltr'><strong>teris</strong></span> <span class='ocrx_word' id='word_1_934' title='bbox 2957 4975 3304 5025; x_wconf 84' lang='lat' dir='ltr'><strong>necessitate:</strong></span> <span class='ocrx_word' id='word_1_935' title='bbox 3342 4969 3515 5037; x_wconf 81' lang='lat' dir='ltr'><strong>Opilio</strong></span> <span class='ocrx_word' id='word_1_936' title='bbox 3540 4979 3592 5024; x_wconf 93' lang='lat' dir='ltr'><strong>et</strong></span> <span class='ocrx_word' id='word_1_937' title='bbox 3615 4969 3933 5024; x_wconf 77' lang='lat' dir='ltr'><strong>Gaudentius</strong></span> 
     </span>
    </p>
   </div>
   <div class='ocr_carea' id='block_1_132' title="bbox 2349 5039 3935 5110">
    <p class='ocr_par' dir='ltr' id='par_1_132' title="bbox 2349 5039 3935 5110">
     <span class='ocr_line' id='line_1_132' title="bbox 2349 5039 3935 5110; baseline 0.001 -16"><span class='ocrx_word' id='word_1_938' title='bbox 2349 5040 2645 5107; x_wconf 86' lang='lat' dir='ltr'><strong>fraudibus,</strong></span> <span class='ocrx_word' id='word_1_939' title='bbox 2673 5042 2742 5096; x_wconf 88' lang='lat' dir='ltr'><strong>ob</strong></span> <span class='ocrx_word' id='word_1_940' title='bbox 2763 5056 2894 5110; x_wconf 86' lang='lat' dir='ltr'><strong>quas</strong></span> <span class='ocrx_word' id='word_1_941' title='bbox 2919 5041 2973 5094; x_wconf 88' lang='lat' dir='ltr'><strong>in</strong></span> <span class='ocrx_word' id='word_1_942' title='bbox 3007 5039 3244 5094; x_wconf 73' lang='lat' dir='ltr'><strong>milium</strong></span> <span class='ocrx_word' id='word_1_943' title='bbox 3270 5042 3342 5094; x_wconf 89' lang='lat' dir='ltr'><strong>ire</strong></span> <span class='ocrx_word' id='word_1_944' title='bbox 3361 5041 3497 5108; x_wconf 82' lang='lat' dir='ltr'><strong>jussi</strong></span> <span class='ocrx_word' id='word_1_945' title='bbox 3521 5054 3783 5094; x_wconf 84' lang='lat' dir='ltr'><strong>sacrarum</strong></span> <span class='ocrx_word' id='word_1_946' title='bbox 3823 5057 3935 5096; x_wconf 87' lang='lat' dir='ltr'><strong>sese</strong></span> 
     </span>
    </p>
   </div>
   <div class='ocr_carea' id='block_1_133' title="bbox 2355 5109 3814 5182">
    <p class='ocr_par' dir='ltr' id='par_1_133' title="bbox 2355 5109 3814 5182">
     <span class='ocr_line' id='line_1_133' title="bbox 2355 5109 3814 5182; baseline 0 -17"><span class='ocrx_word' id='word_1_947' title='bbox 2355 5115 2540 5166; x_wconf 74' lang='lat' dir='ltr'><strong>mdium</strong></span> <span class='ocrx_word' id='word_1_948' title='bbox 2569 5109 2859 5182; x_wconf 75' lang='lat' dir='ltr'><strong>defensione</strong></span> <span class='ocrx_word' id='word_1_949' title='bbox 2881 5111 3185 5176; x_wconf 91' lang='lat' dir='ltr'><strong>tuebantur,</strong></span> <span class='ocrx_word' id='word_1_950' title='bbox 3222 5109 3473 5182; x_wconf 12' lang='lat' dir='ltr'><strong>Boetiumi</strong></span> <span class='ocrx_word' id='word_1_951' title='bbox 3491 5112 3814 5165; x_wconf 89' lang='lat' dir='ltr'><strong>detulerunt.</strong></span> 
     </span>
    </p>
   </div>
   <div class='ocr_carea' id='block_1_134' title="bbox 2429 5181 3934 5251">
    <p class='ocr_par' dir='ltr' id='par_1_134' title="bbox 2429 5181 3934 5251">
     <span class='ocr_line' id='line_1_134' title="bbox 2429 5181 3934 5251; baseline 0 -15"><span class='ocrx_word' id='word_1_952' title='bbox 2429 5181 2650 5237; x_wconf 83' lang='lat' dir='ltr'><strong>Basilius</strong></span> <span class='ocrx_word' id='word_1_953' title='bbox 2677 5183 2814 5251; x_wconf 90' lang='lat' dir='ltr'><strong>apud</strong></span> <span class='ocrx_word' id='word_1_954' title='bbox 2850 5182 3232 5235; x_wconf 84' lang='lat' dir='ltr'><strong>Cassiodorum</strong></span> <span class='ocrx_word' id='word_1_955' title='bbox 3264 5182 3421 5236; x_wconf 86' lang='lat' dir='ltr'><strong>modo</strong></span> <span class='ocrx_word' id='word_1_956' title='bbox 3465 5181 3727 5244; x_wconf 88' lang='lat' dir='ltr'><strong>laudatur,</strong></span> <span class='ocrx_word' id='word_1_957' title='bbox 3771 5181 3934 5236; x_wconf 90' lang='lat' dir='ltr'><strong>modo</strong></span> 
     </span>
    </p>
   </div>
   <div class='ocr_carea' id='block_1_135' title="bbox 2352 5251 3936 5321">
    <p class='ocr_par' dir='ltr' id='par_1_135' title="bbox 2352 5251 3936 5321">
     <span class='ocr_line' id='line_1_135' title="bbox 2352 5251 3936 5321; baseline 0.001 -17"><span class='ocrx_word' id='word_1_958' title='bbox 2352 5254 2702 5321; x_wconf 85' lang='lat' dir='ltr'><strong>vituperatur.</strong></span> <span class='ocrx_word' id='word_1_959' title='bbox 2763 5254 3031 5307; x_wconf 85' lang='lat' dir='ltr'><strong>Laudatur</strong></span> <span class='ocrx_word' id='word_1_960' title='bbox 3061 5251 3272 5319; x_wconf 86' lang='lat' dir='ltr'><strong>quidem</strong></span> <span class='ocrx_word' id='word_1_961' title='bbox 3319 5251 3356 5307; x_wconf 93' lang='lat' dir='ltr'><strong>l.</strong></span> <span class='ocrx_word' id='word_1_962' title='bbox 3410 5267 3444 5305; x_wconf 94' lang='lat' dir='ltr'><strong>ll</strong></span> <span class='ocrx_word' id='word_1_963' title='bbox 3478 5251 3685 5304; x_wconf 83' lang='lat' dir='ltr'><strong>Variar.</strong></span> <span class='ocrx_word' id='word_1_964' title='bbox 3721 5259 3775 5304; x_wconf 91' lang='lat' dir='ltr'><strong>et</strong></span> <span class='ocrx_word' id='word_1_965' title='bbox 3818 5255 3936 5315; x_wconf 87' lang='lat' dir='ltr'><strong>epi-</strong></span> 
     </span>
    </p>
   </div>
   <div class='ocr_carea' id='block_1_136' title="bbox 2351 5322 3936 5390">
    <p class='ocr_par' dir='ltr' id='par_1_136' title="bbox 2351 5322 3936 5390">
     <span class='ocr_line' id='line_1_136' title="bbox 2351 5322 3936 5390; baseline -0.002 -12"><span class='ocrx_word' id='word_1_966' title='bbox 2351 5325 2484 5378; x_wconf 82' lang='lat' dir='ltr'><strong>swla</strong></span> <span class='ocrx_word' id='word_1_967' title='bbox 2506 5325 2733 5387; x_wconf 85' lang='lat' dir='ltr'><strong>decima,</strong></span> <span class='ocrx_word' id='word_1_968' title='bbox 2765 5324 2814 5376; x_wconf 92' lang='lat' dir='ltr'><strong>in</strong></span> <span class='ocrx_word' id='word_1_969' title='bbox 2837 5338 2937 5390; x_wconf 86' lang='lat' dir='ltr'><strong>qua</strong></span> <span class='ocrx_word' id='word_1_970' title='bbox 2968 5325 3032 5376; x_wconf 91' lang='lat' dir='ltr'><strong>dc</strong></span> <span class='ocrx_word' id='word_1_971' title='bbox 3054 5322 3168 5390; x_wconf 71' lang='lat' dir='ltr'><strong>ejus</strong></span> <span class='ocrx_word' id='word_1_972' title='bbox 3192 5338 3358 5376; x_wconf 85' lang='lat' dir='ltr'><strong>uxore</strong></span> <span class='ocrx_word' id='word_1_973' title='bbox 3385 5324 3626 5390; x_wconf 68' lang='lat' dir='ltr'><strong>Agapita,</strong></span> <span class='ocrx_word' id='word_1_974' title='bbox 3652 5337 3768 5390; x_wconf 63' lang='lat' dir='ltr'><strong>quae</strong></span> <span class='ocrx_word' id='word_1_975' title='bbox 3797 5323 3936 5376; x_wconf 81' lang='lat' dir='ltr'><strong>dici-</strong></span> 
     </span>
    </p>
   </div>
   <div class='ocr_carea' id='block_1_137' title="bbox 2353 5390 3931 5463">
    <p class='ocr_par' dir='ltr' id='par_1_137' title="bbox 2353 5390 3931 5463">
     <span class='ocr_line' id='line_1_137' title="bbox 2353 5390 3931 5463; baseline 0.001 -18"><span class='ocrx_word' id='word_1_976' title='bbox 2353 5401 2436 5446; x_wconf 90' lang='lat' dir='ltr'><strong>tur</strong></span> <span class='ocrx_word' id='word_1_977' title='bbox 2465 5394 2755 5463; x_wconf 81' lang='lat' dir='ltr'><strong>spectabilis</strong></span> <span class='ocrx_word' id='word_1_978' title='bbox 2785 5394 2994 5463; x_wconf 70' lang='lat' dir='ltr'><strong>femina,</strong></span> <span class='ocrx_word' id='word_1_979' title='bbox 3035 5397 3226 5461; x_wconf 77' lang='lat' dir='ltr'><strong>agitur,</strong></span> <span class='ocrx_word' id='word_1_980' title='bbox 3277 5403 3331 5446; x_wconf 88' lang='lat' dir='ltr'><strong>et</strong></span> <span class='ocrx_word' id='word_1_981' title='bbox 3369 5394 3591 5462; x_wconf 88' lang='lat' dir='ltr'><strong>epistola</strong></span> <span class='ocrx_word' id='word_1_982' title='bbox 3623 5390 3931 5458; x_wconf 87' lang='lat' dir='ltr'><strong>undecima,</strong></span> 
     </span>
    </p>
   </div>
   <div class='ocr_carea' id='block_1_138' title="bbox 2350 5461 3934 5532">
    <p class='ocr_par' dir='ltr' id='par_1_138' title="bbox 2350 5461 3934 5532">
     <span class='ocr_line' id='line_1_138' title="bbox 2350 5461 3934 5532; baseline 0.001 -18"><span class='ocrx_word' id='word_1_983' title='bbox 2350 5463 2402 5515; x_wconf 90' lang='lat' dir='ltr'><strong>in</strong></span> <span class='ocrx_word' id='word_1_984' title='bbox 2431 5461 2533 5531; x_wconf 81' lang='lat' dir='ltr'><strong>qua</strong></span> <span class='ocrx_word' id='word_1_985' title='bbox 2563 5463 2753 5532; x_wconf 78' lang='lat' dir='ltr'><strong>legitur</strong></span> <span class='ocrx_word' id='word_1_986' title='bbox 2785 5481 2798 5516; x_wconf 89' lang='lat'><strong>:</strong></span> <span class='ocrx_word' id='word_1_987' title='bbox 2831 5461 3056 5516; x_wconf 85' lang='lat' dir='ltr'><strong>Basilius</strong></span> <span class='ocrx_word' id='word_1_988' title='bbox 3101 5466 3172 5515; x_wconf 87' lang='lat' dir='ltr'><strong>vir</strong></span> <span class='ocrx_word' id='word_1_989' title='bbox 3211 5461 3498 5531; x_wconf 84' lang='lat' dir='ltr'><strong>spectabilis</strong></span> <span class='ocrx_word' id='word_1_990' title='bbox 3529 5462 3661 5514; x_wconf 84' lang='lat' dir='ltr'><strong>datis</strong></span> <span class='ocrx_word' id='word_1_991' title='bbox 3700 5463 3934 5531; x_wconf 85' lang='lat' dir='ltr'><strong>precibus</strong></span> 
     </span>
    </p>
   </div>
   <div class='ocr_carea' id='block_1_139' title="bbox 2347 5533 3926 5604">
    <p class='ocr_par' dir='ltr' id='par_1_139' title="bbox 2347 5533 3926 5604">
     <span class='ocr_line' id='line_1_139' title="bbox 2347 5533 3926 5604; baseline 0 -20"><span class='ocrx_word' id='word_1_992' title='bbox 2347 5533 2596 5604; x_wconf 79' lang='lat' dir='ltr'><strong>intimavit</strong></span> <span class='ocrx_word' id='word_1_993' title='bbox 2651 5536 2919 5604; x_wconf 75' lang='lat' dir='ltr'><strong>Agapitum</strong></span> <span class='ocrx_word' id='word_1_994' title='bbox 2937 5537 3204 5604; x_wconf 80' lang='lat' dir='ltr'><strong>conjugem</strong></span> <span class='ocrx_word' id='word_1_995' title='bbox 3226 5549 3372 5586; x_wconf 82' lang='lat' dir='ltr'><strong>suam</strong></span> <span class='ocrx_word' id='word_1_996' title='bbox 3393 5535 3457 5586; x_wconf 88' lang='lat' dir='ltr'><strong>de</strong></span> <span class='ocrx_word' id='word_1_997' title='bbox 3486 5533 3703 5599; x_wconf 82' lang='lat' dir='ltr'><strong>prapriis</strong></span> <span class='ocrx_word' id='word_1_998' title='bbox 3724 5534 3926 5604; x_wconf 65' lang='lat' dir='ltr'><strong>penati-</strong></span> 
     </span>
    </p>
   </div>
   <div class='ocr_carea' id='block_1_140' title="bbox 2348 5601 3931 5674">
    <p class='ocr_par' dir='ltr' id='par_1_140' title="bbox 2348 5601 3931 5674">
     <span class='ocr_line' id='line_1_140' title="bbox 2348 5601 3931 5674; baseline 0.001 -20"><span class='ocrx_word' id='word_1_999' title='bbox 2348 5601 2438 5656; x_wconf 85' lang='lat' dir='ltr'><strong>bus</strong></span> <span class='ocrx_word' id='word_1_1000' title='bbox 2467 5619 2498 5656; x_wconf 89' lang='lat' dir='ltr'><strong>a</strong></span> <span class='ocrx_word' id='word_1_1001' title='bbox 2540 5601 2876 5674; x_wconf 65' lang='lat' dir='ltr'><strong>quibusdam,</strong></span> <span class='ocrx_word' id='word_1_1002' title='bbox 2922 5601 3041 5656; x_wconf 86' lang='lat' dir='ltr'><strong>vitio</strong></span> <span class='ocrx_word' id='word_1_1003' title='bbox 3081 5601 3492 5668; x_wconf 76' lang='lat' dir='ltr'><strong>sollicitationis,</strong></span> <span class='ocrx_word' id='word_1_1004' title='bbox 3532 5601 3931 5674; x_wconf 66' lang='lat' dir='ltr'><strong>abductum.Et</strong></span> 
     </span>
    </p>
   </div>
   <div class='ocr_carea' id='block_1_141' title="bbox 2346 5672 3930 5743">
    <p class='ocr_par' dir='ltr' id='par_1_141' title="bbox 2346 5672 3930 5743">
     <span class='ocr_line' id='line_1_141' title="bbox 2346 5672 3930 5743; baseline 0.002 -18"><span class='ocrx_word' id='word_1_1005' title='bbox 2346 5684 2478 5729; x_wconf 83' lang='lat' dir='ltr'><strong>certe</strong></span> <span class='ocrx_word' id='word_1_1006' title='bbox 2521 5672 2575 5727; x_wconf 79' lang='lat' dir='ltr'><strong>in</strong></span> <span class='ocrx_word' id='word_1_1007' title='bbox 2622 5673 2700 5727; x_wconf 80' lang='lat' dir='ltr'><strong>ftis</strong></span> <span class='ocrx_word' id='word_1_1008' title='bbox 2739 5685 2932 5726; x_wconf 80' lang='lat' dir='ltr'><strong>versata</strong></span> <span class='ocrx_word' id='word_1_1009' title='bbox 2978 5676 3125 5727; x_wconf 87' lang='lat' dir='ltr'><strong>rebus</strong></span> <span class='ocrx_word' id='word_1_1010' title='bbox 3147 5677 3355 5743; x_wconf 75' lang='lat' dir='ltr'><strong>ﬁrmum</strong></span> <span class='ocrx_word' id='word_1_1011' title='bbox 3400 5676 3610 5728; x_wconf 84' lang='lat' dir='ltr'><strong>docetur</strong></span> <span class='ocrx_word' id='word_1_1012' title='bbox 3642 5672 3930 5742; x_wconf 83' lang='lat' dir='ltr'><strong>perdidisse</strong></span> 
     </span>
    </p>
   </div>
   <div class='ocr_carea' id='block_1_142' title="bbox 2345 5743 3929 5815">
    <p class='ocr_par' dir='ltr' id='par_1_142' title="bbox 2345 5743 3929 5815">
     <span class='ocr_line' id='line_1_142' title="bbox 2345 5743 3929 5815; baseline 0.001 -19"><span class='ocrx_word' id='word_1_1013' title='bbox 2345 5746 2630 5798; x_wconf 84' lang='lat' dir='ltr'><strong>consilium.</strong></span> <span class='ocrx_word' id='word_1_1014' title='bbox 2661 5743 2797 5808; x_wconf 87' lang='lat' dir='ltr'><strong>Quid</strong></span> <span class='ocrx_word' id='word_1_1015' title='bbox 2828 5746 2958 5795; x_wconf 89' lang='lat' dir='ltr'><strong>enim</strong></span> <span class='ocrx_word' id='word_1_1016' title='bbox 2988 5745 3154 5812; x_wconf 75' lang='lat' dir='ltr'><strong>facere</strong></span> <span class='ocrx_word' id='word_1_1017' title='bbox 3182 5747 3343 5812; x_wconf 79' lang='lat' dir='ltr'><strong>potuit</strong></span> <span class='ocrx_word' id='word_1_1018' title='bbox 3373 5748 3606 5815; x_wconf 82' lang='lat' dir='ltr'><strong>probum,</strong></span> <span class='ocrx_word' id='word_1_1019' title='bbox 3631 5757 3743 5813; x_wconf 80' lang='lat' dir='ltr'><strong>quce</strong></span> <span class='ocrx_word' id='word_1_1020' title='bbox 3770 5744 3929 5797; x_wconf 87' lang='lat' dir='ltr'><strong>nullis</strong></span> 
     </span>
    </p>
   </div>
   <div class='ocr_carea' id='block_1_143' title="bbox 2345 5815 3931 5884">
    <p class='ocr_par' dir='ltr' id='par_1_143' title="bbox 2345 5815 3931 5884">
     <span class='ocr_line' id='line_1_143' title="bbox 2345 5815 3931 5884; baseline 0.001 -18"><span class='ocrx_word' id='word_1_1021' title='bbox 2345 5817 2507 5884; x_wconf 83' lang='lat' dir='ltr'><strong>culpis</strong></span> <span class='ocrx_word' id='word_1_1022' title='bbox 2545 5815 2852 5870; x_wconf 78' lang='lat' dir='ltr'><strong>exstantibus</strong></span> <span class='ocrx_word' id='word_1_1023' title='bbox 2876 5817 3075 5882; x_wconf 81' lang='lat' dir='ltr'><strong>reliquit</strong></span> <span class='ocrx_word' id='word_1_1024' title='bbox 3109 5825 3349 5869; x_wconf 67' lang='lat' dir='ltr'><strong>mat-itum</strong></span> <span class='ocrx_word' id='word_1_1025' title='bbox 3372 5817 3397 5868; x_wconf 76' lang='lat'><strong>2’</strong></span> <span class='ocrx_word' id='word_1_1026' title='bbox 3428 5817 3764 5884; x_wconf 78' lang='lat' dir='ltr'><strong>V’ituperatur</strong></span> <span class='ocrx_word' id='word_1_1027' title='bbox 3802 5829 3931 5868; x_wconf 88' lang='lat' dir='ltr'><strong>vero</strong></span> 
     </span>
    </p>
   </div>
   <div class='ocr_carea' id='block_1_144' title="bbox 2348 5883 3924 5955">
    <p class='ocr_par' dir='ltr' id='par_1_144' title="bbox 2348 5883 3924 5955">
     <span class='ocr_line' id='line_1_144' title="bbox 2348 5883 3924 5955; baseline 0.001 -19"><span class='ocrx_word' id='word_1_1028' title='bbox 2348 5883 2546 5940; x_wconf 87' lang='lat' dir='ltr'><strong>Variar.</strong></span> <span class='ocrx_word' id='word_1_1029' title='bbox 2583 5889 2615 5942; x_wconf 90' lang='grc' dir='ltr'><strong>Ι.</strong></span> <span class='ocrx_word' id='word_1_1030' title='bbox 2649 5903 2720 5952; x_wconf 87' lang='lat' dir='ltr'><strong>tv,</strong></span> <span class='ocrx_word' id='word_1_1031' title='bbox 2757 5897 2862 5940; x_wconf 90' lang='lat' dir='ltr'><strong>tum</strong></span> <span class='ocrx_word' id='word_1_1032' title='bbox 2894 5886 3052 5954; x_wconf 79' lang='lat' dir='ltr'><strong>epist.</strong></span> <span class='ocrx_word' id='word_1_1033' title='bbox 3078 5885 3166 5951; x_wconf 73' lang='lat'><strong>2&#39;2,</strong></span> <span class='ocrx_word' id='word_1_1034' title='bbox 3201 5888 3288 5942; x_wconf 89' lang='lat' dir='ltr'><strong>ubi</strong></span> <span class='ocrx_word' id='word_1_1035' title='bbox 3317 5888 3428 5955; x_wconf 87' lang='lat' dir='ltr'><strong>ipse</strong></span> <span class='ocrx_word' id='word_1_1036' title='bbox 3449 5883 3812 5942; x_wconf 82' lang='lat' dir='ltr'><strong>Theodericus</strong></span> <span class='ocrx_word' id='word_1_1037' title='bbox 3838 5885 3924 5938; x_wconf 89' lang='lat' dir='ltr'><strong>di-</strong></span> 
     </span>
    </p>
   </div>
  </div>
