4254 6250
258 397 356 452 621

1173 396 1261 453 DE
1300 390 1818 453 CONSOLATIONE
1858 393 2332 453 PHILOSOPHl/E
2373 395 2503 453 LIB.
2542 396 2583 453 l.

3419 398 3523 457 622

258 520 365 564 tate
405 508 713 576 compulsus
754 518 857 565 est.
912 510 928 543 ¹
987 508 1283 580 Opilionem
1322 526 1452 565 vero
1478 553 1493 577 ,
1543 518 1700 579 atque
1741 508 1848 580 50
1872 523 1921 581 Α
1952 508 2299 578 pellerentur.
2332 508 2467 576 Quid
2520 507 2644 563 huic
2688 506 2961 563 severitati
2991 520 3150 579 posse
3178 509 3346 565 astrui
3376 510 3529 566 vias-

254 605 276 635 ¹
301 600 680 666 Gaudentium,
700 618 818 657 cum
847 603 917 656 ob
936 604 1243 658 innumeras
1256 603 1685 672 multiplicesque
1699 600 1843 656 frau-

254 693 349 748 des
374 694 449 747 ire
483 694 535 747 in
563 693 810 748 exsilium
840 703 865 730 ἰ
897 696 1039 763 regia
1070 709 1295 749 censura
1323 694 1670 759 decrevisset,
1694 709 1843 748 cum-

253 801 357 853 que
387 785 463 838 illi
496 800 684 854 parere
730 786 993 853 nolentes,
1027 784 1047 817 ³
1099 783 1130 824 δ
1159 800 1431 840 sacrarum
1481 800 1602 841 sese
1645 785 1840 840 aedium

253 875 567 928 defensione
596 884 896 939 tuerentur,
925 886 1365 945 compertumque
1396 874 1416 906 ⁸
1458 876 1507 929 id
1541 876 1649 945 regi
1686 885 1708 913 ο
1764 874 1841 929 fo-

251 973 366 1032 ret,
397 962 425 1001 ‘
455 964 625 1020 edixit
660 977 714 1018 ut
741 967 791 1019 ni
823 965 960 1020 intra
993 968 1361 1034 praescriptum
1411 968 1552 1023 diem
1578 967 1599 999 ³
1630 966 1841 1020 Raven-

251 1072 317 1109 na
353 1057 484 1111 urbe
527 1056 851 1113 decederent
872 1059 975 1131 (5),
1012 1058 1032 1089 ⁸
1074 1069 1097 1097 ε
1130 1069 1283 1114 notas
1313 1060 1547 1131 insigniti
1580 1059 1843 1116 frontibus

1952 602 2069 656 tur?
2099 602 2259 670 Atqui
2290 600 2478 655 eodem
2508 600 2596 655 die
2642 599 3011 656 deferentibus
3030 601 3269 668 eisdem,
3295 602 3528 659 nominis

1950 692 2121 747 nostri
2176 688 2658 763 delatiolsuscepta
2701 702 2803 745 est.
2850 691 2984 759 Quid
3027 692 3225 762 igitur?
3259 702 3533 749 nostraene

1949 792 2091 838 artes
2120 783 2190 837 ita
2219 783 2571 839 meruerunt?
2595 798 2662 836 an
2696 782 2812 838 illos
2851 794 3189 840 accusatores
3207 784 3381 855 justus
3404 784 3532 842 fecit

1950 874 2223 945 praemissa
2253 876 2561 931 damnatio?
2596 878 2742 931 Itane
2767 876 2901 930 nihil
2940 876 3203 932 fortunam
3235 878 3451 947 puduit,
3482 880 3530 934 si

1950 967 2127 1020 minus
2155 977 2418 1022 accusatae
2452 968 2800 1034 innocentiae,
2822 978 2877 1022 at
2903 970 3268 1023 accusantium
3300 967 3317 1006 τ
3351 971 3530 1023 vilita-

1954 1059 2055 1112 tis?
2104 1058 2205 1130 51
2238 1061 2257 1090 ⁷
2313 1064 2379 1115 At
2428 1060 2579 1131 cujus
2623 1060 2864 1115 criminis
2895 1069 2919 1108 ε
2951 1060 3223 1132 arguimur
3264 1076 3529 1118 summam

1643 1195 2200 1253 INTERPRETATIO

320 1325 347 1386 ε
381 1314 622 1386 Edictum
648 1317 911 1386 principis.

317 1385 345 1424 ι’
375 1385 599 1457 Templis
618 1388 749 1439 velut
778 1386 957 1457 asylis.

322 1467 345 1495 ε
377 1455 728 1511 Theodorico.

317 1524 345 1561 ἆ
378 1525 591 1581 Statuit.

2002 1304 2042 1352 ³
2076 1310 2381 1379 Stiqmatici.

2021 1384 2041 1423 ί
2075 1384 2336 1454 Infamia.

2015 1467 2038 1504 ιι
2070 1458 2399 1509 Accusamur.

1757 1632 1980 1697 NOTAE.

243 1762 319 1816 cit
345 1756 600 1827 Basilium
623 1767 667 1809 et
697 1756 1056 1814 Prtetextatum
1080 1759 1205 1813 artis
1232 1758 1451 1812 sinistrae
1462 1761 1573 1827 jam
1600 1760 1688 1812 diu
1709 1773 1829 1809 con-

243 1832 447 1902 tagione
497 1826 739 1902 pollutos,
787 1839 920 1902 tum.
973 1847 1058 1898 ep.
1085 1830 1218 1902 _‘25.7
1257 1831 1341 1883 tibi
1396 1826 1827 1902 idemipriuceps

245 1898 555 1970 Pitefectum
583 1898 721 1951 urbis
761 1900 1047 1954 declarasse
1077 1898 1327 1953 Basiliam
1355 1910 1503 1968 atque
1535 1901 1827 1954 Prtetexta~

244 1986 351 2028 tum
381 1972 589 2037 magicis
627 1972 815 2023 artibus
856 1972 1109 2025 involutos
1146 1972 1347 2025 scribit.
1385 1972 1438 2025 Si
1471 1982 1649 2024 autem
1680 1972 1828 2023 Basi-

244 2047 350 2099 lius
379 2044 465 2097 hic
492 2042 628 2095 idem
660 2038 815 2094 fuerit
835 2044 920 2110 qui
955 2058 1092 2096 nunc
1119 2056 1147 2095 a
1175 2043 1355 2095 Baetin
1379 2043 1702 2103 nominatur,
1736 2055 1830 2105 po-

244 2120 346 2172 tuit
383 2123 598 2180 propter
645 2114 829 2179 mugitu
852 2114 1055 2167 crimen
1098 2114 1238 2182 regio
1285 2114 1565 2165 ministerio
1593 2113 1777 2176 depelli
1809 2125 1828 2162 :

243 2187 385 2241 unde
434 2186 589 2237 alieni
636 2184 754 2235 teris
783 2188 1075 2249 necessitas,
1103 2199 1204 2252 qua
1239 2182 1477 2237 Boetium
1508 2183 1699 2252 injuria
1727 2183 1827 2236 de-

242 2259 381 2314 tulit.
1826 2305 1839 2321 ,

320 2331 338 2360 ⁸
390 2325 727 2397 0pilionem.]
780 2324 897 2379 Fuit
926 2325 1105 2388 Oiiilio
1130 2335 1299 2393 pater,
1348 2333 1403 2378 et
1446 2324 1619 2397 Opilio
1666 2324 1824 2380 illius.

242 2399 414 2464 Prior,
449 2408 500 2451 ut
529 2399 599 2449 ait
630 2396 964 2461 Sir-morulas,
986 2410 1167 2450 comes
1184 2411 1453 2449 sacrarum
1480 2396 1829 2462 largitionum

241 2472 416 2535 fuerat
459 2468 559 2522 sub
587 2468 843 2525 Odoacre.
873 2468 1012 2534 quod
1064 2468 1299 2520 indicare
1346 2468 1553 2519 videtur
1580 2466 1827 2519 Theode-

241 2544 385 2597 ricus
416 2538 553 2605 apud
581 2539 956 2592 Cassiodorum
988 2537 1193 2591 Variar.
1230 2543 1264 2590 l.
1298 2553 1349 2600 v,
1373 2552 1460 2603 ep.
1489 2536 1547 2588 41
1577 2554 1589 2588 :
1624 2535 1826 2591 Gloria-

240 2624 341 2676 tur,
373 2610 574 2676 inquit,
607 2608 903 2679 Cyprianus
932 2610 1083 2662 etiam
1116 2624 1215 2661 non
1257 2620 1481 2662 extrema
1508 2605 1634 2679 lure
1680 2618 1826 2660 nata-

240 2686 361 2738 lium
386 2699 403 2734 :
433 2698 550 2733 nam
606 2678 749 2739 pater
777 2681 909 2735 huic.
954 2681 1083 2732 sicut
1128 2682 1447 2741 meministis,
1493 2678 1820 2799 Opilio’jnit,

240 2759 314 2799 τήν
334 2753 536 2799 nnidem
555 2752 763 2799 abiectis
785 2750 1090 2799 temnoribus
1112 2751 1177 2799 ad
1209 2749 1445 2799 excubias
1476 2759 1641 2799 tamen
1717 2748 1820 2799 ala-

238 2759 314 2808 vir
334 2753 536 2822 quidem
555 2752 763 2822 objectis
785 2750 1177 2822 temporibusad
1209 2749 1445 2803 excubias
1476 2759 1641 2822 tamen
1670 2748 1826 2822 Palaf

237 2820 369 2879 tinus
394 2820 738 2884 electus.rQui
775 2825 935 2874 multo
963 2820 1186 2890 amplius
1231 2837 1453 2873 crescere
1496 2820 1692 2887 potuit,
1726 2820 1826 2872 nisi

237 2897 367 2962 ﬁdes
387 2894 476 2947 sub
500 2894 794 2947 avidissima
822 2892 1245 2946 remunerationis
1266 2891 1536 2944 sterilitate
1554 2891 1819 2958 jacnisst‘t.

237 2966 507 3020 Posterior
535 2981 661 3018 vero
681 3007 693 3028 ,
755 2964 916 3015 frater
946 2962 1101 3030 hujus
1126 2962 1374 3032 Cypriani
1400 3008 1403 3011 .
1442 2976 1544 3014 non
1578 2975 1731 3013 secus
1763 2975 1825 3013 ac

239 3050 395 3106 pater
415 3036 679 3101 fraterque
702 3034 764 3087 ad
791 3034 926 3087 idem
954 3046 1232 3106 sacrarum
1252 3034 1590 3106 largitionum
1608 3032 1822 3106 culmen

235 3101 455 3163 evectus
486 3117 601 3169 est;
632 3106 723 3159 sed
774 3115 891 3169 post
930 3114 1153 3157 mortem
1203 3102 1368 3157 Boetii
1393 3148 1406 3172 ,
1441 3104 1688 3155 nimirum
1721 3101 1824 3153 sub

233 3179 545 3234 Athalarico
572 3192 712 3230 anno
744 3176 940 3228 Christi
969 3175 1095 3227 5‘28.
1133 3173 1283 3228 Unde
1315 3175 1453 3227 idem
1486 3172 1821 3225 Athalaricus

231 3254 377 3326 apud
423 3248 821 3326 Gassiodorum,
846 3245 982 3326 _Var.
1018 3246 1053 3297 Ι.
1089 3260 1202 3309 Vin,
1232 3244 1585 3326 ep._i6,-qu:e
1635 3242 1817 3326 inscri-
1849 3262 1895 3326 ρ

235 3313 386 3373 bitur
429 3319 657 3387 Θριιὶοηὶ
687 3318 857 3370 comiti
882 3328 1169 3377 sacrarum,
1216 3318 1292 3369 sic
1325 3317 1557 3387 loquitur
1585 3329 1598 3365 :
1632 3313 1825 3387 Sccure

230 3392 330 3446 tibi
357 3384 607 3443 credimus
634 3389 769 3458 quod
796 3388 939 3441 toties
979 3398 1065 3458 tuo
1093 3388 1264 3455 generi
1313 3386 1635 3458 commissum
1669 3384 1826 3453 fuisse

230 3463 536 3532 gaudemus.
575 3460 729 3514 Pater
757 3461 834 3512 liis
860 3457 1081 3532 fascibus
1115 3458 1338 3532 prtefuit,
1372 3459 1459 3532 sed
1482 3466 1527 3508 et
1559 3457 1718 3532 frater
1742 3471 1827 3532 eth

231 3527 354 3585 dem
397 3532 710 3597 resplenduit
741 3531 1013 3582 claritate:
1042 3530 1182 3594 quod
1228 3542 1332 3581 non
1364 3530 1541 3580 obstat
1566 3528 1689 3590 quin
1741 3527 1825 3578 hic

232 3604 418 3671 Opilio
448 3603 607 3665 filius,
639 3617 665 3653 a
694 3600 1048 3661 Theoderico,
1082 3602 1140 3651 ob
1164 3602 1458 3671 innumeras
1486 3598 1824 3663 multiplices-

233 3670 338 3741 que
380 3672 588 3742 fraudes
629 3672 696 3724 ad
743 3671 979 3725 exsilium
1006 3671 1285 3725 damnatus
1333 3670 1520 3732 fuerit,
1571 3684 1672 3720 una
1705 3680 1823 3719 cum

234 3743 545 3798 Gaudentio.

312 3818 333 3845 ²
382 3812 767 3882 Gaudentium]
814 3810 1142 3865 Gaudentius
1184 3810 1350 3882 homo,
1393 3814 1493 3882 vix,
1512 3818 1669 3861 notus
1724 3807 1825 3861 nisi

238 3885 355 3939 suis
388 3886 697 3945 fraudibus,
733 3880 934 3949 suaque
969 3882 1065 3935 hac
1114 3882 1296 3949 iniqua
1331 3880 1497 3933 Boetii
1543 3882 1819 3932 delatione.

312 3956 335 3986 ³
364 3956 644 4009 Sacrarum
690 3956 879 4008 trdium
934 3949 1270 4020 defensione.]
1324 3952 1388 4003 l‘t
1418 3951 1658 4017 quaedam
1687 3949 1826 4017 apud

237 4026 485 4088 ethnicos,
527 4027 603 4077 sic
630 4027 804 4078 omnia
848 4023 983 4091 apud
1027 4022 1343 4075 Christianos
1375 4022 1566 4090 templa
1615 4034 1828 4087 semper

239 4099 455 4150 fuerunt
481 4098 654 4166 asyla;
690 4096 803 4149 loca
828 4090 1200 4166 scilicetadeo
1228 4106 1403 4166 saera,
1433 4100 1491 4145 ut
1519 4106 1699 4166 nemo,
1728 4090 1822 4157 qui

238 4169 308 4221 ad
357 4183 419 4220 ea
465 4162 822 4235 confugisset,
853 4166 975 4219 inde
995 4164 1059 4216 ad
1088 4163 1405 4231 supplicium
1435 4162 1568 4235 trahi
1604 4172 1779 4235 posset
1809 4177 1823 4215 :

237 4236 456 4293 Ἀσυλον
506 4232 701 4305 quippe
755 4236 952 4289 dicitur
1009 4236 1193 4299 quasi,
1232 4236 1352 4305 ubi,
1389 4234 1611 4301 spoliare
1639 4232 1824 4305 nefas.

239 4302 537 4370 Nonnulla,
574 4302 786 4375 inquam
807 4346 824 4371 ,
879 4306 1074 4372 templa
1105 4304 1243 4375 apud
1287 4303 1510 4357 ethnicos
1538 4302 1685 4372 a~yla
1716 4303 1826 4356 fue-

238 4388 405 4434 runt:
441 4379 570 4432 Nam
605 4378 853 4447 Virgilius
881 4378 1021 4431 canit
1049 4392 1079 4429 ll
1114 4374 1263 4438 ιΕιιη
1297 4391 1348 4427 v.
1383 4375 1523 4427 761:

426 4468 483 4518 Et
506 4467 599 4527 iam
621 4469 887 4527 p0rtiribus
908 4470 1087 4523 vacuis,
1113 4465 1313 4514 Junonis
1336 4464 1485 4527 asylo,

427 4531 663 4580 Custodes
688 4529 800 4578 lecti
826 4528 1033 4578 Phor-nix
1061 4537 1112 4578 et
1131 4530 1282 4577 durus
1306 4527 1505 4590 Ulysses

428 4592 643 4641 Praedam
665 4596 997 4641 asservabant.

310 4674 572 4730 Similiter
597 4675 851 4742 Ain.vm,
871 4691 922 4728 v.
954 4672 1058 4727 54‘:
1089 4692 1102 4728 :

362 4766 485 4828 Hinc
512 4767 673 4814 lucum
701 4770 951 4827 ingentem
976 4780 1123 4826 quem
1148 4764 1381 4815 Romulus
1418 4778 1530 4814 acer
1551 4765 1734 4828 asylum

368 4827 573 4878 Rettulit
599 4838 649 4879 et
672 4830 834 4891 gelida
859 4836 1096 4878 monstrat
1112 4830 1199 4876 sub
1219 4842 1342 4889 rupe
1370 4827 1621 4889 Lupercal.

310 4912 377 4965 At
407 4913 584 4966 omnia
631 4912 769 4980 apud
817 4911 1133 4964 Christianos
1186 4911 1376 4977 templa
1427 4910 1571 4978 asyla
1612 4924 1825 4975 semper

240 4980 490 5044 fuerunt,
519 4994 574 5034 ut
614 4991 823 5035 conSIat
850 4998 913 5035 ex
959 4982 1145 5036 codice
1176 4980 1381 5034 Theod.
1426 4980 1462 5033 l.
1508 4996 1579 5042 ix,
1614 4981 1692 5033 tit.
1723 4981 1817 5046 47,

240 5052 315 5103 De
345 5053 423 5105 his
444 5054 530 5121 qui
550 5053 617 5105 ad
643 5052 879 5106 ecclesias
906 5053 1226 5119 confugiunt,
1259 5062 1313 5104 et
1342 5051 1567 5105 concilio
1602 5051 1818 5104 Toleta-

238 5138 309 5175 no
337 5140 403 5183 ει,
434 5140 552 5176 can.
589 5123 673 5177 12.
722 5124 848 5176 Ilinc
879 5122 1249 5183 Cassiodorus,
1291 5121 1412 5174 Var.
1450 5122 1483 5175 I.
1519 5136 1576 5183 ll,
1608 5136 1695 5187 ep.
1728 5124 1815 5181 Η,

237 5206 290 5246 et
320 5193 409 5245 lib.
445 5210 521 5257 ιιι,
551 5210 639 5262 ep.
670 5192 762 5255 47,
794 5209 975 5247 eorum
1031 5192 1275 5247 meminit
1321 5192 1409 5259 qui
1459 5194 1645 5245 conscii
1692 5193 1821 5263 facti

237 5265 318 5315 sui
356 5266 491 5316 intra
523 5266 744 5318 ecclesiae
766 5274 906 5332 septa
934 5263 1236 5334 refugientes
1277 5263 1531 5317 declinare
1575 5279 1627 5316 se
1654 5265 1820 5316 credi-

237 5335 419 5386 derunt
470 5338 816 5404 prtescriptam
870 5335 1059 5405 legibus
1106 5334 1387 5388 ultionem:
1428 5350 1532 5387 non
1561 5348 1717 5388 secus
1754 5348 1823 5389 ae

242 5405 413 5471 Upitio
435 5419 586 5474 atque
611 5405 951 5467 Gaudentius,
982 5405 1048 5458 de
1078 5407 1274 5471 quibus
1302 5421 1441 5460 nunc
1477 5406 1671 5474 agitur.

306 5476 326 5504 ⁵
403 5478 471 5529 1d
522 5478 658 5548 regi
675 5474 846 5548 foret]
919 5474 1252 5548 Theoderico
1294 5475 1402 5543 regi
1461 5474 1642 5548 Italia:
1674 5484 1818 5548 post-

234 5562 393 5616 quam
422 5545 697 5602 enim'hic
744 5545 1037 5602 Odoacrem
1086 5545 1335 5600 Italorum
1379 5561 1556 5614 regem
1599 5547 1814 5600 vicisset

233 5619 732 5686 interfecissetque,
764 5618 929 5673 Italia:
957 5633 1052 5672 rex
1092 5616 1262 5672 laetus
1307 5626 1417 5681 est,
1476 5630 1616 5669 anno
1653 5617 1813 5670 (luri-

231 5691 297 5743 sti
323 5690 455 5745 «£09.

304 5761 324 5789 ⁸
385 5760 630 5814 Ravenna
660 5758 824 5832 urbe]
852 5758 1101 5814 Ravenna
1128 5758 1258 5813 urbs
1296 5756 1591 5832 estaltalire:
1641 5757 1691 5810 in
1717 5772 1809 5832 ora

236 5832 432 5887 littoris
464 5832 750 5895 Adriatici,
783 5829 901 5899 «iure
930 5832 1232 5885 exundante
1273 5830 1405 5882 mari
1456 5844 1559 5880 non
1609 5829 1813 5899 rnedio-

234 5918 374 5957 creiu
392 5906 584 5970 accipit
606 5905 741 5957 C(Blli
765 5898 1010 5971 palustris
1034 5910 1255 5969 partem.
1286 5899 1435 5954 Unde
1459 5899 1619 5952 Silius
1640 5898 1673 5950 ι.
1696 5913 1804 5950 vui:

2065 1749 2216 1798 Lenta
2240 1747 2483 1810 paludosa?
2508 1745 2822 1808 proscindunt
2842 1750 3010 1807 stagna
3040 1745 3293 1796 Ravennae.

2010 1833 2143 1886 llinc
2173 1835 2274 1885 orti
2310 1831 2557 1884 feruntur
2592 1832 2773 1899 plures
2804 1829 3041 1884 illustres
3070 1829 3200 1891 viri,
3233 1840 3288 1883 ut
3309 1828 3519 1885 Cassio-

1939 1904 2101 1958 dorus
2130 1912 2373 1964 senator;
2406 1901 2575 1953 sancti
2604 1900 2945 1969 Apollinaris,
2976 1899 3180 1963 Vitalis,
3231 1900 3520 1959 Gcrvasius

1938 1987 1993 2029 et
2018 1974 2313 2035 Protasius,
2349 1985 2443 2025 nec
2478 1987 2583 2025 non
2610 1970 2801 2024 Petrus
2846 1972 2931 2024 ille
2957 1971 3240 2026 Ravennas
3283 1974 3333 2026 in
3369 1988 3519 2028 sacra

1938 2046 2202 2111 theologia
2236 2043 2640 2095 celeberrimus.
2689 2041 2742 2095 In
2771 2042 2868 2095 hac
2897 2053 3072 2096 autem
3107 2044 3239 2097 urbe
3266 2044 3411 2112 regni
3440 2048 3520 2100 sui

1935 2116 2117 2169 sedem
2142 2113 2509 2167 Theodericus
2541 2120 2658 2175 post
2698 2113 2994 2166 Odoacrem
3038 2115 3332 2177 constituit,
3373 2130 3520 2167 eam-

1934 2186 2165 2253 demque
2191 2197 2531 2237 successores
2560 2198 2773 2251 quoque
2799 2198 2951 2251 reges
2975 2182 3129 2237 Gothi
3149 2185 3514 2238 incoluerunt:

1933 2258 2025 2309 sed
2061 2252 2111 2309 in
2137 2255 2320 2308 eadem
2348 2253 2482 2307 urbe
2521 2252 2697 2321 Opilio
2724 2263 2777 2308 et
2807 2253 3135 2307 Gaudentius
3184 2264 3399 2308 manere
3441 2259 3521 2312 sic

1932 2327 2340 2388 constituerunt,
2370 2335 2428 2377 ut
2451 2323 2574 2377 hinc
2597 2332 2867 2385 notarum,
2891 2339 3021 2391 quas
3045 2320 3323 2380 Threicias
3366 2338 3525 2383 vocas

1931 2397 2070 2463 Cic.,
2096 2411 2251 2465 pinna
2283 2396 2544 2449 excedere
2570 2396 2701 2461 jussi
2736 2395 2946 2449 fuerint.

2006 2469 2026 2500 ⁸
2070 2464 2233 2521 Notas
2287 2467 2517 2536 insigniti
2570 2467 2872 2534 frontibus.l
2919 2464 3248 2533 Simplicium
3280 2466 3382 2521 hoc
3410 2470 3518 2535 prio

1931 2554 2075 2593 mum
2130 2538 2345 2607 quidem
2422 2538 2517 2590 fuit
2558 2551 2866 2599 servorum;
2917 2537 3109 2590 deinde
3154 2540 3514 2605 quorumlibet

1932 2626 2144 2664 reorum
2180 2609 2455 2662 infantium
2486 2607 2797 2676 viliumque.
2828 2607 3155 2675 Supplicium
3203 2611 3299 2662 fuit
3328 2624 3511 2662 servo-

1928 2697 2048 2734 rum
2077 2698 2089 2733 :
2116 2696 2235 2734 cum
2264 2679 2403 2733 enim
2444 2678 2653 2732 Domini
2688 2680 2738 2731 in
2768 2694 2954 2732 servos
2992 2689 3235 2744 tauquam
3266 2680 3317 2733 in
3348 2682 3517 2734 Immi-

1931 2767 2044 2811 nt-s,
2079 2766 2211 2819 quos
2235 2750 2481 2803 oet-idcre
2521 2750 2850 2817 potuissent,
2902 2760 3141 2802 serratos
3167 2750 3252 2818 jus
3275 2752 3396 2803 vitm
3428 2768 3518 2804 ne-

1930 2825 2116 2890 cisque
2144 2822 2341 2874 habere
2382 2836 2440 2871 se
2476 2828 2740 2887 putarent,
2774 2829 3052 2887 propterea
3086 2820 3138 2872 in
3168 2820 3381 2875 eosdem
3409 2838 3518 2875 sero

1929 2906 2025 2944 vos
2077 2892 2213 2959 quod
2268 2892 2551 2955 placui~set
2609 2892 2927 2955 supplicium
2971 2902 3223 2944 exercere
3272 2906 3331 2944 se
3362 2907 3517 2955 posse

1929 2962 2343 3017 arbitrabantur.
2382 2959 2533 3015 Unde
2561 2959 2833 3014 Juvenalis
2858 2961 2891 3013 Ι.
2923 2975 2973 3024 v,
3001 2970 3102 3013 sat.
3141 2962 3226 3026 14,
3257 2979 3305 3016 v.
3336 2962 3397 3014 2i
3430 2980 3441 3014 :

2053 3052 2176 3100 Tum
2199 3052 2336 3105 felix,
2359 3052 2556 3112 quoties
2578 3050 2770 3112 aliquis,
2789 3057 2970 3099 tortore
2997 3058 3178 3109 vocato,

2059 3114 2222 3163 Uritur
2240 3113 2429 3161 ardenti
2449 3113 2546 3161 duo
2574 3122 2774 3174 promer
2799 3113 2947 3161 lintea
2967 3112 3112 3162 ferro.

2000 3218 2065 3272 Et
2092 3218 2345 3273 Martialis
2376 3217 2418 3270 l.
2445 3233 2500 3279 ιι,
2531 3216 2671 3285 epi’g.
2699 3216 2767 3269 29
2804 3233 2816 3269 :

2026 3328 2085 3377 Et
2109 3340 2366 3375 numerosa
2387 3326 2545 3375 linunt
2563 3326 2842 3375 stellantem
2866 3324 3053 3388 splenia
3076 3326 3285 3379 frontem
3311 3344 3321 3377 :

2096 3389 2295 3449 Ignoras
2316 3392 2428 3451 quis
2447 3389 2542 3439 sit?
2562 3389 2749 3450 splenia
2772 3388 2907 3450 tolle,
2930 3389 3087 3452 leges.

2005 3498 2074 3550 At
2097 3495 2413 3565 supplicium
2456 3494 2594 3548 idem
2648 3506 2859 3549 reorum
2905 3503 3085 3563 postea
3137 3497 3406 3551 int'amium
3444 3502 3516 3552 ri-

1932 3569 2168 3634 liumque
2210 3568 2334 3629 fuit;
2368 3567 2566 3619 Seneca
2600 3570 2762 3629 enim,
2796 3568 2830 3619 I.
2863 3581 2917 3619 ιιι
2946 3566 3014 3621 de
3044 3567 3143 3633 Ira,
3170 3582 3284 3633 cap.
3316 3570 3367 3633 5,
3414 3568 3515 3625 Va-

1929 3642 2030 3697 ria,
2063 3638 2264 3706 inquit,
2294 3636 2609 3689 vinculorum
2638 3653 2840 3706 genera,
2882 3644 3025 3690 varia
3070 3654 3351 3705 plenarum,
3380 3644 3517 3694 Iace-

1930 3712 2154 3761 rationes
2179 3708 2537 3769 membrorum,
2560 3708 2918 3775 inscriptiones
2944 3709 3150 3778 frontis.
3176 3720 3221 3763 et
3245 3710 3517 3767 bestiarum

1930 3780 2230 3831 immanium
2258 3792 2421 3831 cavete
2444 3793 2463 3831 :
2495 3778 2635 3831 inter
2664 3778 2760 3832 hos
2789 3778 3034 3847 Cujacius
3077 3780 3301 3834 Observ.
3355 3784 3387 3835 I.
3423 3799 3514 3847 vu,

1932 3864 2052 3918 cap.
2108 3851 2195 3912 13,
2238 3856 2483 3902 recenset
2515 3850 2926 3903 calumniatores.
2978 3850 3041 3905 lli
3085 3866 3242 3919 porro
3269 3855 3516 3906 dicuntur

1932 3931 2081 3972 notas
2110 3920 2338 3989 insiqniti
2369 3934 2386 3972 :
2413 3921 2552 3972 sicut
2597 3921 2831 3983 Horatio,
2871 3919 3139 3987 Quodlibet
3186 3923 3433 3989 indutus;
3462 3934 3515 3978 et

1938 3990 2146 4059 Virgil.,
2183 3978 2624 4064 floresjnscripti
2651 3978 2857 4064 nomina
2875 3978 3061 4064 regum
3083 4034 3098 4058 ,
3124 4006 3272 4047 more
3295 3978 3513 4049 Graeco-

1933 4077 2048 4114 rum
2084 4059 2425 4127 intelligendo
2455 4062 2603 4132 κατὰ,
2635 4059 3078 4132 εεσιιηάιιιηξρεν.
3110 4074 3217 4118 etc.

2008 4133 2081 4185 Ex
2112 4132 2192 4185 his
2220 4140 2395 4184 autem
2434 4131 2680 4184 omnibus
2725 4141 2869 4199 patet
2908 4131 3169 4188 delatores
3226 4135 3391 4189 Boetii
3439 4137 3515 4189 in-

1927 4201 2102 4269 justos
2149 4201 2442 4255 audiendos
2470 4216 2572 4254 non
2617 4202 2811 4256 fuisse:
2847 4205 2984 4257 unde
3015 4205 3159 4257 addit
3192 4223 3203 4256 :
3238 4206 3373 4270 Quid
3397 4208 3515 4260 huic

1932 4274 2189 4344 severitati
2214 4287 2359 4337 posse
2386 4273 2551 4324 astrui
2595 4274 2829 4327 videtur?
2877 4276 3025 4344 quasi
3080 4276 3218 4327 dicat
3256 4298 3265 4328 :
3299 4275 3427 4328 Cum
3462 4282 3511 4330 iu

1932 4343 2193 4415 ejusmodi
2227 4344 2607 4415 hominesrtam
2649 4359 2836 4415 severe
2866 4343 3041 4398 artum
3068 4344 3255 4409 fuerit,
3285 4349 3513 4415 Cognitis

1933 4414 2243 4468 eorumdem
2276 4413 2449 4473 vitiis,
2482 4413 2666 4465 iisdem
2694 4414 3056 4468 deferentibus
3085 4415 3214 4467 fides
3258 4413 3372 4469 non
3416 4421 3509 4470 de-

1935 4484 2048 4537 buit
2078 4482 2348 4545 adhiberi,
2372 4490 2426 4535 et
2453 4490 2627 4536 tamen
2650 4499 2750 4553 quo
2771 4486 2853 4537 die
2882 4501 2974 4538 nos
3001 4486 3308 4548 detulerunt,
3339 4488 3511 4553 inquit

1936 4555 2174 4615 Boetius,
2204 4553 2379 4605 eodem
2409 4555 2569 4605 nostri
2600 4556 2819 4608 nominis
2855 4557 3060 4616 delatio,
3095 4556 3251 4608 veluti
3276 4556 3511 4622 justissi-

1853 4644 1907 4702 ι)
1936 4639 2050 4688 ma,
2088 4632 2323 4690 suscepta
2352 4631 2444 4702 est.
2494 4623 2756 4702 Nostrtene
2791 4634 2925 4679 artes
2951 4627 3022 4678 ita
3053 4626 3375 4702 meruerunt?
3403 4642 3507 4680 non

1933 4706 2099 4761 certe,
2128 4710 2246 4747 cum
2279 4694 2553 4758 veritatem
2579 4694 2935 4764 virtutemque
2962 4706 3175 4763 semper
3198 4699 3372 4749 colere
3400 4707 3509 4749 stn-

1931 4767 2226 4839 ducrimus.
2262 4770 2336 4839 an
2360 4765 2500 4839 __illos
2528 4776 2844 4839 accusatores
2880 4769 3050 4839 justos
3094 4765 3208 4839 fecit
3246 4768 3509 4831 prtemissa

1930 4837 2232 4889 damnatio?
2276 4834 2627 4889 Nullatenus:
2663 4836 2770 4889 imo
2801 4834 2927 4890 vero
2968 4834 3233 4897 damnati,
3280 4852 3376 4892 suo
3403 4841 3507 4892 Cll-

1930 4908 2073 4959 mine
2100 4906 2147 4958 id
2178 4907 2364 4959 saltem
2396 4916 2725 4971 meruerunt,
2762 4918 2818 4959 nt
2840 4909 2988 4975 ipsis,
3018 4909 3177 4962 etiam
3212 4924 3391 4961 verum
3421 4910 3505 4961 di-

1926 4978 2194 5039 centibus,
2240 4975 2369 5029 fides
2417 4978 2558 5029 nulla
2600 4977 2942 5032 adhiberetur
2973 4995 2986 5031 :
3014 4993 3177 5046 quare
3222 4983 3263 5032 si
3294 4979 3506 5037 fortuna

1924 5063 2067 5102 caeca
2100 5061 2203 5101 non
2234 5046 2392 5109 foret,
2423 5046 2555 5100 hanc
2583 5049 2839 5113 puduisset
2871 5052 2912 5103 si
2945 5052 3109 5103 minus
3152 5063 3403 5105 accusata?
3432 5057 3508 5105 in-

1926 5120 2190 5192 nocentiaa,
2242 5130 2293 5171 at
2336 5120 2682 5171 accusantium
2724 5117 2951 5174 vilitatis.
3005 5121 3197 5191 lnjuSta
3230 5138 3355 5192 ergo
3396 5125 3508 5179 hu-c

1923 5190 2097 5243 exsilii
2122 5204 2279 5243 causa
2298 5204 2363 5243 ex
2388 5199 2535 5255 parte
2575 5191 2958 5246 accusantium.

1993 5262 2012 5291 ⁷
2055 5260 2582 5333 AAticujusucriminis
2601 5261 2936 5333 arguimur?j
2971 5261 3173 5317 Deinde
3197 5262 3386 5332 injusla
3418 5273 3502 5317 est

1924 5331 2163 5401 praedicti
2183 5330 2355 5384 exsilii
2384 5346 2540 5384 causa
2570 5345 2635 5384 ex
2665 5330 2812 5399 parte
2839 5330 3105 5395 criminis;
3140 5330 3332 5402 quippe
3360 5336 3501 5402 quod

1920 5413 2025 5456 aut
2054 5401 2338 5469 allegatum
2377 5416 2483 5455 non
2514 5410 2627 5467 est,
2660 5410 2748 5455 aut
2786 5417 2889 5456 non
2925 5407 3204 5471 probatum
3238 5422 3249 5454 :
3285 5401 3503 5457 Summa

1922 5474 2063 5527 enim
2091 5474 2203 5525 sive
2229 5485 2481 5525 numerus
2503 5473 2788 5524 criminum
2819 5488 2941 5541 quin
2968 5475 3151 5527 Boetio
3178 5475 3504 5541 objiciebnn-

1924 5552 2029 5607 tur,
2061 5543 2113 5595 in
2164 5542 2246 5593 his
2283 5550 2562 5594 versatur:
2602 5542 2651 5594 l'
2677 5542 2816 5611 quod
2862 5552 3094 5596 senatum
3138 5545 3351 5596 voluerit
3397 5554 3516 5599 essc‘

1921 5616 2146 5675 saluum;
2173 5610 2232 5663 2'
2255 5611 2393 5676 quod
2421 5612 2660 5680 ejusdem
2690 5610 2895 5666 senatus
2925 5615 3202 5665 delatorem
3230 5616 3501 5675 impedire-

1920 5686 2020 5747 rit;
2048 5684 2101 5736 5°
2121 5683 2259 5750 quod
2301 5682 2369 5733 ad
2410 5684 2769 5736 restituendam
2810 5682 3175 5752 rempublicam
3214 5684 3503 5740 Romanam

1921 5756 2114 5807 litteras
2166 5757 2537 5825 composuerit;
2566 5754 2621 5806 4⁸
2663 5754 2801 5821 quod
2851 5752 3120 5825 sacrilegio
3144 5757 3503 5811 conscientiam

1920 5825 2175 5893 polluerit.
2206 5824 2313 5877 Sed
2348 5823 2460 5879 haec
2485 5829 2665 5877 omnia
2702 5834 2791 5877 aut
2826 5823 3049 5878 crimina
3095 5842 3201 5880 nou
3230 5837 3382 5891 sunt,
3414 5836 3501 5885 aut

1921 5912 1947 5948 a
1980 5896 2159 5949 Boetio
2193 5895 2363 5948 aliena
2398 5897 2572 5950 :sicut
2598 5897 2848 5967 deinceps
2878 5894 3351 5954 demonstrabitur.
