4254 6250
620 424 724 479 625

622 607 728 701 52
757 624 970 681 Modum
1000 617 1310 675 desideras?
1340 617 1360 647 '
1411 612 1705 668 delatorem
1725 650 1739 676 ,
1783 623 1852 662 ne
1889 607 2211 661 documenta

624 699 894 782 deterret,
925 715 1114 786 quibus
1145 717 1388 766 senatum
1439 704 1737 777 majestatis
1782 716 1931 757 reum
1982 699 2210 763 faceret,

625 811 917 883 impedisse
939 805 1305 862 criminamur.
1333 799 1471 868 Quid
1486 799 1666 869 igitur,
1682 814 1712 847 ο
1735 794 1993 864 magistra
2011 801 2062 859 ³,
2088 805 2217 846 cen-

628 905 750 962 ses?
793 901 821 940 b
868 897 1214 964 inlitiabimur
1251 892 1492 958 crimen,
1535 906 1602 946 ne
1639 889 1734 944 tibi
1783 885 1972 958 pudori
2013 883 2218 939 simus?

627 1002 698 1059 At
729 995 908 1061 volui,
955 1007 1054 1048 nec
1101 1004 1334 1060 unquam
1365 986 1502 1042 velle
1551 984 1828 1040 desistam.
1864 976 2216 1035 Fatebimur?

630 1093 726 1151 sed
768 1087 1089 1159 impediendi
1135 1083 1389 1139 delatoris
1421 1091 1444 1120 ο
1476 1095 1640 1150 opera
1688 1078 1766 1149 (5)
1814 1074 2068 1131 cessabit.
2135 1073 2217 1127 An

631 1194 848 1256 optasse
889 1177 1078 1236 illius‘1
1109 1176 1326 1232 Ordinis
1368 1173 1594 1227 salutem
1639 1169 1792 1225 nefas
1842 1164 2082 1220 vocabo?
2124 1162 2217 1218 llle

635 1275 846 1347 quidem
887 1271 1000 1327 suis
1029 1270 1095 1325 de
1134 1283 1220 1322 me
1267 1265 1531 1331 decretis,
1579 1262 1656 1317 uti
1706 1261 1810 1315 hoc
1847 1258 1994 1314 nefas
2039 1264 2218 1319 esset,

638 1366 910 1422 elfecerat.
939 1360 1043 1417 Sed
1067 1359 1167 1415 sibi
1198 1372 1414 1427 semper
1440 1354 1705 1410 mentiens
1732 1348 2112 1423 imprudentia,
2138 1361 2226 1401 re-

640 1472 758 1514 rum
791 1455 978 1510 merita
1007 1467 1114 1507 non
1143 1458 1321 1521 potest
1350 1448 1635 1503 immutare
1665 1462 1678 1498 :
1705 1458 1804 1499 nec
1822 1441 1952 1497 mihi
1983 1437 2228 1496 Socrati-

645 1564 707 1606 co
736 1549 953 1604 decreto
1002 1543 1080 1599 fas
1124 1556 1244 1598 esse
1287 1539 1544 1607 arbitror,
1575 1535 1661 1594 vel
1696 1534 2000 1592 occuluisse
2039 1531 2233 1586 verita-

1805 401 1914 459 ΑΝ.
1957 397 2164 457 MANL.
2205 394 2358 453 SEV.
2402 388 2625 450 ΒΟΕΤΙΙ

619 532 857 608 quieris?
888 532 904 563 ¹
957 528 1214 586 Senatum
1251 521 1480 578 dicimur
1528 518 1732 574 salvum
1785 529 1906 570 esse
1949 513 2205 567 voluisse.
2237 516 2292 575 Α
2317 519 2457 574 tem,

3797 373 3899 430 624

2518 505 2603 561 vel
2650 485 2983 559 concessisse
3037 491 3396 554 mendacium.
3454 494 3558 566 53
3606 491 3805 547 Verum
3847 489 3902 544 id

2321 613 2538 673 quoquo
2568 597 2727 664 modo
2762 593 2860 658 sit,
2915 602 3005 646 tuo
3039 589 3468 658 sapientiumque
3520 584 3716 655 judicio
3751 581 3900 636 testi-

2322 693 2574 751 mandum
2605 689 2868 758 relinquo.
2919 683 3084 754 Cujus
3133 682 3211 738 rei
3244 680 3440 736 seriem
3498 689 3656 745 atque
3705 675 3902 728 verita-

2323 798 2434 844 tem
2477 801 2545 840 ne
2566 784 2736 838 latere
2774 788 3016 849 posteros
3037 784 3196 846 queat
3234 783 3257 812 ε
3295 773 3432 844 stylo
3478 771 3636 824 etiam
3686 780 3894 821 memo-

2323 881 2526 950 rituque
2558 872 2826 931 mandavi.
2852 870 2983 925 Nam
3016 869 3082 923 de
3111 867 3132 899 ⁸
3177 864 3489 935 compositis
3518 862 3650 916 falso
3681 859 3907 922 litteris,

2326 973 2520 1045 quibus
2559 968 2860 1022 libertatem
2904 976 3101 1033 arguor
3130 972 3378 1030 sperasse
3420 956 3714 1010 Romanam
3741 997 3755 1019 ,
3785 951 3912 1021 quid

2325 1043 2520 1120 attinet
2547 1060 2625 1134 (5)
2651 1054 2865 1114 dicere?
2893 1053 3127 1122 Quarum
3161 1051 3306 1106 fraus
3333 1056 3516 1119 aperta
3547 1047 3844 1113 patuisset,
3869 1043 3918 1098 si

2325 1155 2483 1214 nobis
2506 1156 2741 1224 ipsorum
2760 1146 3105 1204 confessione
3132 1143 3461 1205 delatorum,
3492 1137 3634 1208 quod
3666 1138 3719 1191 in
3743 1135 3922 1191 omni-

2327 1252 2433 1308 bus
2459 1247 2689 1320 negotiis
2715 1227 2979 1301 maximas
2997 1242 3144 1294 vires
3171 1237 3364 1303 habet,
3400 1235 3473 1288 uti
3499 1233 3754 1286 licuisset.
3784 1227 3920 1283 Nam

2332 1357 2456 1414 quae
2502 1338 2707 1410 sperari
2740 1333 2948 1404 reliqua
2996 1330 3222 1389 libertas
3263 1325 3474 1399 potest?
3514 1327 3690 1392 Atque
3717 1320 3922 1374 utinam

2333 1443 2518 1508 posset
2544 1433 2688 1488 ulla!
2731 1427 3150 1498 Respondissem
3193 1423 3348 1479 Canii
3394 1419 3560 1474 verbo
3582 1459 3596 1483 ,
3625 1416 3715 1486 qui
3737 1429 3862 1508 cum
3894 1427 3925 1464 a

2342 1505 2366 1560 λ
2415 1527 2478 1583 C.
2505 1527 2717 1581 Ctesare
2734 1517 3036 1579 Germanici
3061 1517 3172 1573 ﬁlio
3195 1513 3446 1572 conscius
3467 1519 3652 1567 contra
3682 1522 3741 1564 se
3771 1505 3928 1561 facta:

1970 1656 2545 1719 INTERPRETATIO.

721 1804 748 1832 ⁸
781 1788 1141 1858 Philosophia.

720 1864 749 1904 ιι
785 1862 1181 1935 Negabimasne.

671 1954 676 1959 ν
729 1948 750 1974 ε
785 1932 922 1988 Cura
949 1932 1174 2001 objecta.

2364 1759 2375 1773 ’
2413 1770 2440 1809 ά
2476 1768 2696 1824 Senatus

2421 1852 2444 1880 ο
2475 1838 2705 1895 Calamo.

2188 2045 2422 2108 NOTAE.

733 2187 749 2217 ¹
785 2184 1032 2240 Senatum
1072 2179 1293 2234 dicimur
1325 2180 1524 2235 salvum
1551 2196 1659 2237 esse
1680 2175 1943 2248 uoluisse.]
1998 2171 2235 2248 Primum
2268 2171 2321 2230 B

660 2255 831 2313 Boetii
854 2256 1080 2308 crimen.
1113 2252 1340 2306 Senatus
1362 2253 1497 2320 apud
1525 2251 1792 2305 Romanos
1818 2243 2238 2320 erathnsilium

660 2336 910 2382 constans
950 2339 1016 2378 ex
1063 2323 1362 2376 senioribus
1397 2315 1414 2372 Ξ
1455 2321 1592 2375 unde
1640 2322 1847 2375 Tullius
1885 2317 1937 2371 iu
1993 2315 2240 2369 Catone:

662 2397 944 2454 Consilium
968 2396 1015 2448 et
1043 2395 1174 2447 ratio
1218 2405 1266 2446 et
1313 2395 1556 2447 sententia
1599 2392 1698 2445 nisi
1727 2398 1887 2444 essent
1918 2390 1971 2441 in
2017 2384 2240 2454 senibus,

664 2453 769 2523 non
795 2482 1047 2520 summum
1069 2463 1339 2517 consilium
1365 2468 1587 2533 majores
1618 2463 1774 2516 nostri
1801 2469 2029 2533 senatum
2061 2453 2242 2533 appel:

665 2541 870 2594 lassent.
898 2537 1044 2606 Apud
1086 2525 1500 2588 Lacedazmonios
1521 2535 1727 2606 quidem
1754 2533 1814 2597 ii,
1844 2531 1943 2606 qui
1983 2525 2245 2606 amplissiL

664 2625 803 2664 mum
830 2595 1193 2678 magistratum
1209 2613 1410 2678 gerunt,
1431 2615 1487 2678 ut
1517 2595 1656 2668 sunt,
1687 2605 1758 2658 sic
1789 2595 1939 2658 etiam
1970 2595 2247 2669 appellan-

666 2690 750 2736 tur
769 2674 952 2734 senes":
973 2691 1138 2745 quare
1160 2675 1320 2730 Ovid.
1348 2691 1381 2730 v
1431 2674 1710 2730 Fastorum
1744 2691 1759 2729 :

791 2774 964 2837 Magna
983 2770 1075 2821 fuit
1095 2770 1333 2837 quondam
1354 2771 1526 2832 capitis
1546 2769 1826 2837 reverentia
1849 2767 1953 2817 cani

855 2831 1007 2898 Inque
1028 2831 1296 2898 suolpretio
1320 2831 1438 2898 ruga
1463 2831 1633 2880 senilis
1653 2837 1776 2898 erat.

794 2888 964 2947 Martis
980 2908 1104 2957 Opus
1116 2888 1345 2957 juvenes,
1365 2888 1676 2954 animosaque
1698 2891 1826 2957 bella
1851 2888 2112 2952 gerebant,

857 2959 917 3009 Et
935 2958 1133 3021 pro‘diis
1155 2956 1356 3005 aderant
1378 2957 1658 3021 iuAstatiooe
1682 2956 1796 3021 suis:

794 3013 990 3070 Viribus
1012 3019 1097 3068 ille
1119 3031 1296 3074 senex,
1321 3031 1415 3066 nec
1435 3016 1673 3064 habendis
1688 3014 1824 3065 utilis
1845 3013 2006 3071 armis,

858 3081 1070 3132 Consilio
1089 3080 1256 3142 patris:
1283 3092 1414 3141 saepe
1441 3079 1632 3142 {arebat
1657 3090 1818 3142 Opem.

798 3143 902 3195 Nec
927 3144 1016 3193 nisi
1044 3141 1150 3204 past
1172 3155 1324 3189 annos
1339 3141 1492 3203 patuit
1519 3147 1635 3189 tunc
1653 3141 1786 3204 curia
1806 3149 1968 3200 seros,

859 3201 1054 3256 Nomen
1073 3211 1126 3254 et
1146 3205 1304 3252 aetatis
1327 3201 1447 3251 mite
1467 3209 1667 3250 senatus
1684 3201 1847 3249 habet.
1916 3255 1918 3257 μ

799 3268 916 3316 Jura
938 3269 1084 3315 dabat
1103 3263 1280 3327 populo
1303 3265 1465 3327 senior
1487 3265 1718 3322 finitaque
1734 3264 1890 3327 certis

864 3329 1080 3391 Legibus
1099 3324 1181 3376 est
1195 3335 1330 3383 retas,
1359 3325 1488 3373 unde
1513 3332 1710 3388 petatur
1734 3324 1907 3373 honor.

678 3413 878 3472 Scribit
914 3420 1091 3464 autem
1131 3408 1446 3462 Plutarchus
1492 3408 1774 3461 Romulum
1806 3422 1872 3459 ex
1919 3404 2268 3473 optimatibus

680 3493 894 3540 centum
948 3494 1160 3534 creasse
1206 3486 1520 3542 senatores,
1552 3492 1847 3544 eorumque
1890 3477 2171 3544 collegium
2202 3490 2268 3528 ex

2346 2157 2496 2227 Quod
2525 2162 2702 2227 autem
2736 2152 2927 2227 honos,
2955 2147 3106 2218 cujus
3135 2145 3384 2227 maiestas
3418 2151 3501 2198 est
3519 2143 3769 2227 quaedam
3815 2157 3946 2226 pars

2353 2215 2466 2286 sive
2499 2226 2742 2297 species,
2777 2224 2853 2297 sit
2892 2215 3236 2277 honorantis.
3283 2217 3757 2297 reverentia-vero
3799 2215 3947 2296 git-ca

2349 2285 2506 2371 quam
2532 2285 3001 2371 eadeiii'mttjestas
3041 2298 3323 2371 versatur,
3367 2285 3948 2371 lionoratimprincinis;

2357 2357 2642 2444 propterea
2693 2357 2862 2444 poene
2905 2362 3175 2444 finxerunt
3226 2359 3553 2444 biaj‘esti‘tem
3607 2357 3792 2444 filiam"
3822 2370 3950 2411 esse

2359 2426 2594 2500 Honoris
2631 2426 2708 2492 et'
2731 2434 3108 2490 Reverentiae:
3141 2432 3262 2485 audi
3308 2426 3583 2492 Ovidium,
3612 2429 3647 2482 l.
3683 2443 3714 2480 v
3753 2426 3899 2482 Fast.
3935 2444 3952 2480 :

2474 2531 2647 2581 Donec
2669 2526 2853 2581 Ilonor,
2875 2523 3163 2587 placidoque
3183 2521 3371 2571 decens
3389 2520 3689 2587 Reverentia
3710 2517 3846 2568 vultu

2545 2591 2757 2650 Corpora
2774 2585 3016 2650 legilimis
3032 2587 3312 2650 imposuere
3336 2585 3473 2632 toris.
3868 2591 3872 2596 ‘

2480 2654 2608 2705 Hinc
2623 2647 2724 2700 sata
2745 2647 2990 2710 Majéstas,
3015 2660 3124 2709 qua:
3146 2647 3372 2710 mundum
3390 2651 3633 2710 temperat
3655 2656 3868 2704 omnem,

2543 2716 2745 2773 Quaque
2770 2709 2851 2759 die
2874 2715 3011 2773 partu
3035 2714 3111 2757 est
3131 2709 3606 2773 aditetmagnajuii.

2481 2769 2586 2827 Nec
2621 2769 2775 2830 mOra,
2799 2769 3018 2820 consedit
3042 2770 3207 2818 medio
3230 2769 3448 2833 sublimis
3473 2769 3702 2833 Olympo,

2545 2840 2710 2889 Aurea
2736 2846 2981 2897 purpureo
3001 2832 3343 2894 conspicienda
3365 2835 3488 2881 sinu.

2433 2917 2648 2978 Crimen
2694 2933 2824 2987 ergo
2858 2916 3153 2983 majestatis
3183 2915 3312 2971 illud
3339 2916 3553 2981 d-citur,
3585 2916 3723 2982 quod
3754 2925 3837 2970 est
3857 2916 3961 2970 ad-

2365 3009 2556 3051 versus
2605 2993 2860 3045 honorem
2912 2988 3240 3057 principibus
3290 2987 3572 3040 debitum:
3622 2998 3786 3056 quare
3829 3002 3960 3043 cum

2365 3067 2540 3122 forma
2569 3061 2778 3131 imperii
2809 3059 3031 3131 Romani
3055 3057 3354 3131 aliquando
3375 3057 3532 3112 fuerit
3566 3057 3740 3127 pOpuli
3767 3067 3960 3121 status,

2368 3139 2492 3192 ideo
2514 3129 2720 3189 crimen
2747 3129 3043 3198 maiestatis
3085 3132 3222 3198 apud
3249 3129 3666 3198 jurisconsultos
3704 3137 3786 3182 est
3811 3131 3964 3198 quod

2369 3207 2628 3262 adversus
2679 3203 2933 3271 populum
2983 3201 3280 3255 Romanum
3324 3200 3408 3253 vel
3451 3200 3789 3271 securitatem
3838 3200 3965 3271 ejus

2371 3269 2722 3334 committitur
2743 3269 2766 3325 ε’
2781 3281 2835 3326 et
2861 3270 2937 3326 rei
2968 3271 3266 3341 maiestatis
3294 3271 3348 3324 d.
3381 3271 3418 3324 Ι.
3449 3273 3497 3325 l.
3525 3272 3580 3324 ti‘.
3613 3269 3677 3323 ad
3709 3272 3809 3334 leg.
3842 3269 3962 3325 Jul.

2374 3348 2502 3418 maj.
2563 3346 2817 3418 dicuntur
2856 3342 2944 3418 qui
3000 3342 3262 3418 ejusmodi
3311 3342 3516 3418 crimen
3564 3342 3962 3418 committunt:

2374 3413 2677 3490 quanquam
2705 3415 2847 3468 enim
2864 3413 3139 3490 _honor‘sit
3157 3413 3678 3490 genus-maiestatis,
3706 3425 3964 3466 sermone

2377 3483 2556 3544 tamen
2607 3483 2910 3546 communi,
2951 3497 3006 3536 ut
3054 3484 3292 3551 loquitur
3333 3483 3519 3548 Vives,
3555 3483 3724 3538 honor
3754 3499 3801 3537 et
3847 3497 3966 3536 ma-

683 3561 841 3631 aetate
861 3559 1102 3605 senatum
1135 3550 1434 3631 appellasse
1467 3563 1479 3599 :
1507 3547 1671 3628 quod.
1727 3546 1894 3599 forma
1928 3547 2117 3600 saltem
2141 3559 2270 3628 con-
2293 3562 2341 3623 ο

2368 3559 2535 3631 jestas
2566 3559 2639 3611 ita
2679 3555 3096 3631 distinguuntur,
3127 3546 3184 3608 ut
3217 3555 3464 3631 ttiajestas
3495 3546 3701 3631 dicatur
3732 3570 3967 3631 persona

681 3627 905 3686 tinuata,
931 3635 1100 3689 usque
1142 3616 1207 3672 ad
1247 3620 1358 3685 ipsa
1393 3618 1834 3689 Boetiiiempora
1865 3616 2263 3689 perseveravit:

683 3687 1026 3765 primumque
1057 3689 1222 3744 Boetii
1245 3689 1451 3765 crimen
1483 3688 1704 3765 dicitur,
1724 3688 1865 3753 quod
1899 3687 2265 3765 volueritam-

686 3758 982 3834 piissimum
1017 3763 1155 3814 hunc
1190 3759 1430 3812 ordinem
1479 3773 1602 3834 esse
1630 3759 1832 3834 salttum
1853 3765 2011 3834 ,_tu_m
2038 3758 2265 3823 scilicet,

685 3828 806 3890 cum
837 3835 1174 3887 innocentem
1215 3838 1456 3884 senatum
1489 3828 1769 3897 majestatis
1815 3829 2025 3879 crimine
2053 3843 2273 3881 accusa-

685 3917 799 3961 tum
827 3903 1063 3958 defendit
1093 3917 1156 3954 ac
1184 3899 1428 3954 liberavit
1460 3916 1471 3950 :
1496 3898 1636 3967 quod
1675 3912 1780 3950 non
1811 3907 1968 3957 negat
1998 3898 2212 3952 Boetius
2239 3911 2272 3950 a

687 3993 747 4032 sc
773 3976 964 4030 factum
997 3990 1011 4026 :
1052 3972 1218 4035 Volui,
1255 3970 1446 4038 inquit,
1475 3985 1563 4021 nec
1594 3984 1817 4032 unquam
1833 3967 1959 4022 velle
1988 3969 2228 4022 desistam
2255 4012 2270 4035 ,

688 4049 782 4102 sed
810 4051 969 4112 negat
995 4057 1113 4097 esse
1137 4044 1340 4095 crimen
1377 4056 1389 4093 :
1423 4057 1488 4093 an
1513 4048 1714 4109 aptasse
1735 4039 1879 4112 illius
1907 4040 2104 4092 ordinis
2132 4039 2278 4112 salu-

691 4127 791 4170 tem
820 4111 961 4183 nefas
1001 4114 1220 4166 vocabo?
1247 4125 1549 4183 quanquam
1581 4111 1723 4183 enim
1763 4111 1876 4177 ipse
1907 4111 2275 4183 senatttsjsuis

693 4188 758 4242 de
783 4181 967 4241 Boetio
1001 4184 1215 4237 decretis
1252 4181 1473 4247 effecerit
1511 4190 1569 4234 ut
1599 4181 1685 4247 qui
1721 4182 2117 4245 perturbatione
2142 4181 2279 4249 judi-

693 4267 876 4318 caret,
906 4257 949 4310 is
978 4253 1118 4320 nefas
1153 4263 1362 4323 putaret
1393 4261 1594 4320 aptasse
1619 4250 1762 4303 illius
1799 4250 1994 4303 ordinis
2021 4253 2278 4323 salutem;

693 4328 911 4384 Boetius
943 4321 1163 4388 tamen,
1206 4333 1353 4377 ratus
1393 4323 1621 4376 aliorum
1660 4323 1712 4374 in
1757 4336 1816 4375 se
1861 4333 2133 4387 peccatum
2177 4321 2279 4376 sibi

694 4415 799 4453 non
829 4398 958 4451 dare
990 4395 1241 4463 peccandi
1285 4394 1582 4456 licentiam,
1632 4395 1776 4461 nefas
1808 4393 2013 4458 putavit
2047 4391 2181 4457 sibi,
2206 4393 2282 4446 vel

697 4469 981 4523 occuluisse
1009 4467 1286 4528 veritatem,
1315 4464 1520 4518 silendo
1551 4463 1684 4518 bona
1718 4478 1839 4529 quae
1870 4464 1922 4516 in
1952 4473 2142 4517 senatu
2185 4479 2284 4517 n0-

696 4549 867 4604 verat,
893 4540 968 4592 vel
992 4538 1294 4590 concessisse
1313 4535 1652 4598 mendacium,
1681 4533 1943 4599 loquendo
1972 4534 2106 4587 mala
2164 4548 2283 4602 qua:

699 4615 766 4666 tle
793 4620 978 4665 senatu
1011 4609 1360 4675 ﬁngebantur.
1391 4605 1601 4673 Optime
1644 4604 1881 4658 Socrates
1921 4604 2060 4672 apud
2107 4604 2284 4658 Plato-

699 4699 823 4736 nem
863 4683 896 4734 l.
923 4697 972 4734 γι
1003 4679 1070 4734 de
1101 4678 1328 4746 Repub.,
1360 4685 1558 4746 Oportet
1588 4675 1753 4728 odisse
1783 4677 2124 4742 mendacium,
2156 4676 2280 4729 dili-

701 4770 816 4824 gere
838 4753 1112 4824 veritatem.

777 4827 796 4854 ²
851 4821 1138 4875 Delatorem
1167 4837 1229 4874 ne
1257 4820 1554 4872 documenta
1603 4817 1870 4884 deferret,
1899 4817 2079 4886 quibus
2135 4834 2285 4872 sena-

705 4905 810 4947 tum
851 4893 1132 4960 majestatis
1162 4908 1323 4951 reum,
1347 4888 1475 4961 elc.]
1497 4889 1801 4961 Secundum
1847 4888 2015 4942 Boetii
2044 4889 2244 4961 crimen
2263 4929 2278 4952 ,

704 4963 844 5030 quod
879 4935 1053 5016 tainen
1083 4979 1203 5015 cum
1228 4936 1397 5028 priino
1424 4935 1495 5013 itJa
1517 4959 1858 5030 conjunctum
1904 4969 2014 5022 est,
2046 4970 2104 5013 ut
2147 4935 2282 5013 δί’ἱΙζ
2309 4935 2362 4996 Ῑ)

705 5029 794 5086 luti
824 5035 1024 5086 crimen
1071 5049 1174 5085 non
1217 5033 1407 5096 fuerit,
1448 5029 1894 5099 quemadmodum
1939 5033 2139 5084 crimen
2171 5047 2277 5086 non

707 5105 871 5158 fuisse
897 5103 1095 5157 dictum
1113 5113 1215 5166 est,
1249 5103 1348 5156 hoc
1374 5102 1532 5154 etiam
1564 5100 1763 5152 crimen
1794 5113 1912 5153 esse
1943 5116 2046 5154 non
2073 5103 2239 5169 possit
2265 5120 2276 5154 :

706 5189 872 5242 quare
903 5175 946 5226 si
980 5172 1269 5238 fatebimur,
1299 5171 1470 5242 inquit
1512 5171 1722 5242 Boetius
1743 5213 1756 5233 ,
1784 5185 1874 5242 nos
1901 5172 2118 5225 voluisse
2137 5189 2280 5226 sena-

708 5240 815 5298 tum
841 5258 946 5297 esse
974 5246 1170 5296 salvum
1189 5283 1205 5308 ,
1238 5240 1544 5313 impediendi
1573 5240 1826 5313 delatoris
1852 5257 2015 5313 ppera
2047 5243 2280 5296 cessabit.
2322 5279 2323 5282 η

711 5316 818 5373 Sed
849 5326 904 5368 ut
948 5313 1048 5366 hoc
1073 5310 1412 5380 percipiatur,
1442 5311 1720 5367 dicendum
1741 5310 1866 5381 quid
1915 5313 2198 5382 majestas,
2230 5324 2286 5370 et

709 5387 834 5457 qttid
867 5383 1155 5457 majestatis
1184 5385 1407 5437 crimen.

782 5455 1027 5524 Mujcstis
1043 5464 1125 5507 est
1147 5468 1426 5523 supremus
1451 5455 1639 5516 honos.
1673 5467 1776 5523 quo
1807 5455 2037 5524 populus
2069 5465 2281 5512 tenetur

712 5528 928 5584 afﬁcere
970 5526 1286 5596 principem,
1321 5527 1470 5596 velut
1510 5527 1799 5594 spirantem
1833 5526 1925 5581 Dei
1963 5528 2241 5596 imaginem
2271 5547 2283 5583 :

714 5599 941 5671 Subjecti
971 5594 1173 5658 'estote’,
1231 5597 1402 5664 inquit
1448 5594 1505 5650 S.
1559 5599 1742 5671 Petrus
1790 5597 1947 5671 epist.
1980 5599 2021 5662 Ι,
2051 5594 2168 5667 cap.
2217 5613 2286 5665 ll,

715 5667 854 5724 amni
884 5671 1118 5722 humanm
1144 5677 1387 5740 creaturae
1407 5676 1613 5738 propter
1645 5667 1806 5720 Deum
1832 5685 1850 5722 :
1873 5670 1974 5722 sive
2004 5672 2108 5739 regi
2141 5672 2290 5740 quasi

717 5740 1027 5808 prwceltenti
1040 5755 1060 5801 ;
1086 5740 1188 5791 sine
1213 5739 1438 5792 ducibus.
1455 5746 1699 5808 tanquam
1727 5742 1790 5791 ab
1816 5755 1871 5791 eo
1895 5741 2060 5793 missis
2085 5739 2161 5793 ad
2181 5743 2291 5795 vin-

717 5809 1334 5881 dictammaiefactorunt,
1375 5811 1577 5862 Iaudem
1619 5825 1734 5862 vero
1755 5809 1998 5862 bonorum
2020 5827 2038 5862 :
2067 5814 2185 5881 quia
2217 5816 2289 5866 sic

719 5887 788 5929 est
834 5877 1064 5929 voluntas
1095 5879 1253 5932 Dei...
1291 5878 1457 5933 Deum
1498 5881 1683 5941 timete,
1734 5895 1896 5946 regem
1939 5877 2288 5950 honoriﬁcate.

2375 3624 2486 3695 ipsi
2519 3644 2676 3698 quam
2705 3639 2956 3698 supremo
3005 3625 3210 3698 honore
3236 3625 3519 3698 fallit-imus
3552 3643 3562 3676 :
3594 3626 3733 3678 sicut
3769 3624 3966 3698 Cit-ero

2375 3718 2410 3756 it
2448 3695 2759 3754 de'Natura
2813 3695 3059 3756 deorum.
3100 3696 3428 3761 Sustincndi,
3484 3697 3681 3765 inquit.
3736 3697 3970 3749 muneris

2377 3781 2589 3843 propter
2617 3766 3017 3843 imbecillitatem
3062 3766 3347 3843 difﬁcultas
3379 3766 3739 3843 minimecadit
3765 3769 3817 3818 in
3847 3783 3970 3818 ma-

2367 3837 2607 3915 iestatem
2637 3840 2897 3915 deorum":
2928 3838 3060 3915 sicut
3088 3840 3253 3915 etiam
3291 3852 3389 3890 nos
3422 3837 3557 3891 Galli
3587 3838 3853 3915 loquendo
3895 3839 3973 3892 de

2379 3906 2505 3979 rege
2549 3911 2809 3963 dicimus:
2840 3906 2915 3962 Sa
2944 3906 3181 3978 Majesté.
3222 3909 3453 3961 Senatus
3492 3922 3649 3979 porro
3693 3907 3974 3962 Romanus

2381 3978 2712 4048 temporibus
2765 3979 2932 4031 Boetii
2979 3988 3262 4048 accusatus
3319 3980 3447 4046 iuit,
3501 3978 3639 4046 qttod
3707 3979 3973 4032 adversus

2381 4047 2774 4106 TlteOtlericum
2805 4048 2970 4102 Italiae
2996 4064 3175 4117 regem
3195 4093 3210 4114 ,
3238 4047 3604 4118 honoremque
3635 4049 3705 4102 illi
3728 4047 3970 4104 debitum

2381 4123 2577 4192 aliquid
2630 4121 2847 4174 molitus
2878 4117 3040 4192 fuerit
3073 4139 3083 4172 :
3113 4121 3207 4174 sed
3241 4121 3380 4192 hunc
3411 4121 3747 4192 innocentem
3776 4118 3973 4192 deferi-

2382 4189 2845 4258 dit’liberavique
2876 4189 3119 4254 Boetius,
3153 4190 3294 4261 quod
3325 4190 3538 4244 crimini
3579 4191 3755 4245 eidem
3802 4191 3978 4244 verti-

2385 4277 2470 4318 tur
2500 4283 2511 4316 :
2549 4263 2873 4324 Delatorem,
2909 4261 3100 4329 inquit,
3130 4278 3192 4316 ne
3234 4261 3537 4314 documenta
3583 4261 3822 4331 deferret.
3851 4262 3974 4329 qui-

2385 4336 2474 4389 bus
2503 4343 2731 4388 senatum
2775 4333 3053 4402 majestatis
3097 4349 3236 4385 reum
3264 4335 3470 4401 faceret,
3501 4333 3769 4402 impedisse
3795 4333 3978 4386 crimi-

2386 4422 2586 4459 ηιηηυτ.

2454 4476 2475 4506 ³
2530 4474 2606 4528 De
2657 4473 2947 4538 compositis
3000 4473 3129 4543 falso
3197 4471 3420 4542 litteris]
3494 4471 3732 4526 Tertium
3794 4473 3976 4530 Boetii

2385 4546 2587 4600 crimen
2637 4546 2688 4600 in
2723 4547 2823 4598 huc
2869 4553 3132 4605 versatur,
3177 4545 3316 4613 quod
3367 4544 3564 4602 feratur
3591 4546 3976 4610 composuisse

2385 4617 2593 4671 litteras
2639 4617 2830 4682 quibus
2859 4615 3153 4668 Romanam
3179 4617 3476 4670 libertatem
3515 4625 3784 4669 sperasset
3817 4629 3833 4667 :
3875 4616 3978 4671 sed

2387 4688 2593 4741 litteras
2624 4687 2752 4740 isras
2781 4701 2884 4740 non
2907 4701 2933 4738 a
2962 4685 3168 4751 Boetio,
3195 4687 3285 4740 sed
3318 4686 3385 4740 ab
3414 4686 3529 4754 ejus
3550 4685 3782 4739 inimicis
3803 4686 3979 4755 scrip-

2389 4767 2470 4812 tas
2493 4757 2768 4826 probasset
2809 4757 2892 4810 vel
2922 4755 3034 4825 ipsa
3062 4756 3359 4826 delatorum
3388 4756 3677 4816 confessio.
3725 4756 3768 4808 si
3793 4757 3970 4810 eidem

2391 4823 2572 4883 Boe'tio
2613 4829 2734 4881 data
2774 4823 2960 4881 fuisset
2999 4826 3297 4883 delatorum
3339 4823 3840 4898 interrogandorum
3893 4827 3976 4880 fa-

2388 4900 2582 4954 cultas.

2458 4971 2478 4999 ἰ
2533 4970 2592 5023 C.
2616 4967 2818 5022 Caesare
2841 4967 3130 5040 Germanici
3157 4967 3313 5040 ﬁlim]
3361 4968 3808 5040 Germanicus,_ex
3839 4967 3977 5022 Sue-

2387 5042 2536 5096 tonio
2563 5041 2616 5094 in
2639 5040 2898 5109 Caligula,
2932 5039 3089 5092 Drusi
3116 5051 3163 5092 et
3190 5038 3399 5093 minoris
3421 5041 3655 5093 Antonia:
3676 5038 3833 5105 ﬁlius.
3865 5055 3981 5090 om-

2388 5129 2474 5165 nes
2501 5113 2728 5177 corpOris
2754 5112 3006 5178 animique
3024 5111 3232 5164 virtutes
3254 5112 3452 5174 habuit,
3480 5121 3529 5164 et
3550 5121 3764 5178 quantas
3789 5110 3983 5162 nemini

2388 5184 2626 5252 cuiquam
2679 5182 2954 5252 contigisse
2997 5183 3122 5234 satis
3178 5191 3395 5234 constat.
3448 5182 3491 5235 Α
3547 5179 3744 5234 Tiberio
3789 5189 3981 5250 patruo

2388 5255 2694 5322 adoptatus,
2771 5262 3078 5322 quasturant
3133 5252 3478 5322 quinquennio
3543 5263 3811 5321 antequam
3857 5261 3983 5322 ‘Aper

2391 5320 2524 5393 leges
2553 5325 2742 5385 liceret,
2778 5320 2823 5376 et
2848 5332 2957 5389 post
2975 5338 3084 5376 eam
3109 5320 3428 5377 consulatum
3456 5324 3628 5376 statim
3657 5320 3983 5394 gessit._lia-

2393 5391 2497 5446 buit
2527 5395 2579 5445 in
2612 5394 2933 5446 matrimonio
2973 5395 3341 5464 Agrippinam,
3378 5411 3440 5448 ex
3468 5411 3568 5463 qua
3597 5391 3770 5446 novem
3794 5391 3978 5446 liberos

2394 5464 2530 5535 tulit,
2553 5464 2685 5516 inter
2709 5480 2832 5530 quos
2855 5465 2952 5533 fuit
2976 5463 3129 5518 Caius
3159 5463 3349 5533 Caesar,
3375 5465 3462 5535 qui
3490 5466 3609 5533 quia
3632 5464 3982 5533 manipulario

2393 5534 2566 5607 habitu
2589 5536 2734 5607 inter
2782 5535 2963 5589 milites
2993 5535 3325 5599 educabatur,
3367 5534 3620 5607 Caligula?
3662 5550 3843 5587 nomen
3870 5551 3987 5587 cas-

2396 5605 2553 5658 trensi
2578 5605 2690 5657 loco
2718 5607 2891 5658 traxit.
2921 5607 3018 5659 llic
3047 5617 3224 5661 autem
3255 5624 3356 5662 non
3385 5605 3580 5660 minore
3608 5607 3764 5660 lirore
3789 5621 3848 5657 ac
3872 5621 3985 5657 ma-

2393 5677 2641 5757 lignitate,
2665 5692 2817 5757 quam
2846 5677 3082 5742 superbia
3118 5679 3410 5746 swritiaqne
3451 5694 3578 5746 pene
3606 5678 3847 5757 adversus
3875 5692 3986 5729 ont-

2395 5747 2474 5800 nis
2497 5749 2588 5800 wvi
2618 5748 2842 5799 homines
2867 5757 3128 5816 grassatus
3151 5751 3360 5804 est:sed
3392 5749 3637 5803 eumdem
3655 5747 3987 5799 bacchantem

2396 5828 2546 5888 atque
2567 5827 2880 5889 grassantem
2913 5834 3010 5870 non
3035 5819 3193 5888 defuit
3222 5820 3475 5888 plerisque
3515 5819 3713 5871 animus
3746 5819 3942 5870 adoriri
3968 5833 3988 5870 :

2396 5905 2498 5943 una
2521 5904 2636 5943 vero
2671 5889 2929 5959 alteraque
2955 5892 3324 5960 conspiratione
3365 5895 3579 5956 detecta,
3613 5889 3730 5942 aliis
3754 5905 3843 5960 per
3872 5890 3993 5943 ino-

4239 331 4254 400 η
