4254 6250
315 397 418 451 629

1246 398 1335 455 DE
1373 398 1891 460 CONSOLATIONE
1928 400 2399 462 PHILOSOPHLE
2439 405 2566 462 LIB.
2607 407 2648 463 Ι.

3479 404 3582 464 650

315 507 489 562 stione
527 507 829 575 fuscarent,
855 509 874 542 ⁸
934 508 1005 565 ob
1034 509 1292 567 ambitum
1321 512 1594 582 dignitatis
1623 513 1901 586 sacrilegio
1929 517 1982 582 Α
2005 531 2124 573 rum
2158 535 2242 576 me
2271 520 2552 590 spirituum
2595 520 2675 593 (5)
2709 521 2954 591 praesidia
2991 528 3228 592 captare,
3258 536 3418 593 quem
3447 531 3504 576 tu
3529 521 3586 578 in

315 615 401 654 me
422 599 808 655 conscientiam
840 600 1094 671 polluisse
1121 602 1326 658 mentiti
1356 613 1500 659 sunt.
1527 605 1635 676 58
1656 605 1814 674 Atqui
1845 615 1896 660 et

316 692 336 721 ³
391 699 446 744 ιιι
481 700 506 727 δ
537 693 692 746 insita
723 693 907 761 nobis,
941 707 1151 749 omnem
1201 708 1377 748 rerum
1417 695 1719 749 mortalium
1749 695 1898 765 cupi-

317 786 494 842 dinem
525 786 593 841 de
623 789 794 843 nostri
819 789 981 844 animi
1009 789 1138 846 sede
1164 789 1418 859 pellebas,
1441 797 1495 843 et
1519 789 1619 844 sub
1647 791 1749 844 tuis
1770 805 1898 845 ocu-

272 922 277 926 .
315 876 381 930 lis
428 879 716 950 sacrilegio
761 880 934 936 locmn
981 895 1098 936 esse
1145 882 1224 935 fas
1261 896 1366 936 non
1405 891 1520 936 erat
1557 899 1568 933 :
1603 881 1897 936 instillabas

316 971 458 1024 enim
491 972 708 1026 auribus
736 973 1251 1043 cogitationibusque
1280 973 1516 1044 quotidie
1541 975 1674 1030 meis
1705 975 1893 1046 Pytha-

316 1064 551 1134 goricum
581 1065 711 1123 illud
733 1064 761 1104 δ
783 1068 910 1123 ἕπου
935 1075 1064 1144 Θεῷ.
1092 1067 1202 1124 Nec
1227 1069 1586 1124 conveniebat
1616 1068 1897 1123 vilissimo-

2009 610 2145 666 hanc
2193 612 2565 668 excellentiam
2607 615 2998 685 componebas,
3029 624 3088 670 ut
3110 615 3442 671 consimilem
3473 614 3588 672 Deo

2005 701 2237 759 faceres.
2292 703 2401 776 59
2428 703 2450 736 ³
2475 704 2740 761 Praeterea
2767 716 2789 745 ε
2822 706 3064 776 penetral
3091 706 3348 763 innocens
3371 707 3585 774 domus,

2005 794 2500 851 honestissimorum
2549 793 2579 834 ἀ
2626 807 2797 854 ccetus
2834 799 3128 855 amicorum
3155 840 3169 864 ,
3222 814 3378 855 socer
3421 800 3588 856 etiam

2007 887 2360 958 Symmachus
2387 899 2623 957 sanctus,
2653 898 2708 944 et
2737 906 2888 961 aeque
2916 905 2979 947 ac
3006 902 3059 947 tu
3091 892 3205 962 ipsa
3232 892 3582 960 reverendus,

2006 979 2074 1034 ab
2110 981 2253 1036 omni
2298 994 2395 1036 nos
2437 979 2593 1052 hujus
2635 982 2875 1038 criminis
2927 981 3235 1053 suspicione
3270 981 3585 1040 defendunt.

1708 1201 2286 1258 INTERPRETATIO.

389 1320 416 1347 σι
441 1310 485 1364 0
508 1309 871 1378 Philosophia.

388 1380 415 1420 δ
449 1381 672 1453 Sequere
696 1381 881 1437 Deum.

2083 1324 2104 1386 αῖ
2138 1313 2303 1386 Locus
2321 1316 2538 1371 interior
2567 1316 2927 1386 secretiorque.

2080 1384 2104 1420 ά
2135 1385 2384 1441 Societas.

1847 1497 2073 1554 NOTJE.

328 1616 548 1688 studium
585 1616 638 1668 in
668 1626 944 1688 senatum:
968 1596 1072 1682 quo
1102 1616 1232 1672 nihil
1259 1617 1551 1684 elegantius
1580 1632 1700 1673 esse
1728 1618 1900 1688 possit

330 1687 392 1742 ad
420 1685 840 1767 exaggerandam
870 1686 994 1768 hinc
1024 1688 1511 1770 magnanimitatem
1545 1685 1746 1754 Boetii,
1775 1689 1900 1743 inde

327 1762 559 1810 omnium
584 1766 887 1810 senatorum
922 1762 1203 1825 ignaviam.

2003 1617 2143 1670 nobis
2178 1616 2349 1669 insita.
2391 1615 2587 1687 Eadem
2636 1617 2968 1687 philosophia
3013 1630 3245 1675 mentem
3293 1620 3578 1681 humanam

2008 1687 2242 1754 seiungit
2270 1702 2298 1739 a
2326 1685 2484 1740 rebus
2513 1687 2749 1749 caducis,
2786 1685 2888 1742 hoc
2916 1697 2999 1742 est
3026 1706 3221 1743 omnem
3250 1708 3418 1746 rerum
3451 1711 3586 1747 mor-

1982 1765 1986 1769 '
2009 1759 2186 1832 talium
2215 1758 2505 1832 cupidinem
2529 1758 2592 1810 de
2619 1759 2785 1832 nostri
2801 1760 2961 1832 animi
2986 1762 3102 1832 sede
3131 1762 3272 1828 pellit
3295 1778 3310 1813 :
3335 1765 3586 1832 quoniam

401 1828 419 1860 ⁸
467 1826 543 1901 0b
572 1829 819 1880 ambitum
849 1829 1115 1901 dignitatis
1142 1826 1459 1901 sacrilegia]
1489 1830 1746 1897 Quartum
1771 1830 1906 1884 Boe—
1935 1831 1984 1892 B
2012 1828 2256 1901 omnibus
2293 1828 2598 1881 tunderetur
2625 1829 2817 1901 mentis
2847 1826 3153 1901 amictibus,
3193 1826 3433 1899 adeoque
3466 1835 3588 1890 huic

329 1900 384 1952 tii
413 1900 616 1952 crimen
659 1908 741 1952 est
775 1900 1134 1968 sacrilegium;
1175 1901 1265 1955 sed
1308 1900 1359 1954 iit
1391 1915 1496 1968 quo
1532 1911 1774 1954 versetur
1806 1901 1905 1954 hoc

329 1970 680 2035 sacrilegium,
715 1984 819 2021 non
853 1970 920 2020 ita
955 1971 1288 2024 manifestum
1317 1981 1417 2024 est.
1461 1970 1692 2024 Gallicus
1739 1972 1905 2024 Boetii

329 2042 590 2109 interpres
618 2038 682 2091 de
705 2038 756 2092 la
787 2037 1067 2094 Bouclterie
1099 2040 1147 2093 id
1178 2042 1291 2095 vitii
1322 2042 1372 2094 iu
1407 2042 1503 2093 hoc
1533 2042 1736 2095 versari
1767 2042 1908 2095 arbi-

329 2121 494 2165 tratnr
515 2153 528 2170 ,
557 2111 697 2179 quod
730 2109 944 2163 Boetius
973 2111 1218 2180 sull'ragia
1255 2112 1320 2166 ad
1364 2110 1728 2178 magistratum
1775 2127 1905 2164 cou-

329 2181 655 2250 scquendum
689 2181 987 2233 necessaria
1029 2183 1152 2236 dolo
1194 2183 1294 2235 sibi
1339 2184 1730 2236 conciliaverit.
1765 2183 1904 2250 quod

329 2251 499 2306 Latini
542 2253 732 2304 crimen
764 2252 1003 2314 ambitus,
1033 2266 1062 2304 a
1104 2255 1484 2306 circumeundo
1531 2254 1906 2320 sopplicando-

329 2339 448 2390 que,
479 2323 652 2376 Graeci
683 2320 994 2393 δημοκοπίαν
1019 2336 1238 2386 Vocant,
1273 2325 1521 2391 quodque
1554 2325 1671 2376 latis
1703 2324 1906 2392 legibus

327 2393 668 2462 puniebatur.
717 2393 816 2444 Alii
868 2408 1008 2453 vero,
1065 2405 1121 2446 ιιι
1164 2394 1394 2447 Thomas
1422 2405 1474 2449 et
1503 2395 1790 2448 Asrensius
1813 2436 1827 2458 ,
1857 2400 1903 2448 il

333 2465 517 2517 vitium
543 2472 729 2531 putant
753 2463 936 2526 fuisse,
969 2465 1107 2535 quod
1138 2466 1293 2534 vulgo
1315 2467 1538 2518 dicimus
1564 2466 1904 2535 sortilegium,

328 2549 432 2602 quo
462 2535 679 2588 nomine
716 2534 931 2587 videtur
964 2534 1039 2587 uti
1074 2535 1189 2603 ipse
1232 2535 1433 2588 Plinius
1474 2535 1510 2588 l.
1553 2534 1818 2597 xxvuuc.
1850 2536 1902 2602 4,

328 2608 390 2658 ad
434 2604 808 2674 signiilcandas
859 2606 1112 2676 quasdam
1159 2607 1392 2676 magicas
1435 2607 1844 2675 superstitiones
1887 2623 1902 2661 :

327 2677 465 2730 unde
512 2675 1406 2748 torteprosacrilegialegeudum
1454 2677 1714 2748 sortilegio
1746 2692 1906 2746 :qu:e

326 2748 539 2816 quidem
584 2745 766 2811 opinio
803 2746 885 2798 his
926 2745 1220 2800 rationibus
1251 2745 1556 2802 conﬂi-mari
1600 2745 1771 2816 potest
1804 2745 1816 2800 ἐ
1847 2751 1906 2801 10

327 2823 470 2873 enim
515 2818 643 2884 ipsis
693 2816 858 2880 Boet-ii
907 2819 1270 2885 temporibus,
1303 2819 1392 2886 qui
1415 2827 1530 2872 arte
1563 2819 1809 2886 quadam,
1851 2828 1908 2872 ιιι

326 2889 615 2958 pra-stabat
655 2887 899 2950 Boetius,
937 2891 1148 2950 caneris
1187 2900 1440 2956 praestare
1484 2889 1820 2955 videbantur,
1853 2889 1905 2942 hi

325 2974 426 3012 non
455 2973 578 3012 raro
606 2960 730 3027 artis
766 2958 978 3027 magica:
1005 2962 1410 3020 accusabantur,
1444 2961 1593 3014 testis
1620 2959 1905 3014 Cassiodo-

324 3045 415 3100 rus
444 3031 479 3083 Ι.
509 3026 737 3100 ivvat,
769 3026 864 3095 cp.’
884 3028 955 3081 ‘22
983 3038 1036 3083 et
1064 3030 1152 3092 ‘25,
1187 3031 1272 3083 ubi
1310 3030 1486 3083 Basilii
1522 3041 1575 3084 et
1599 3029 1905 3084 Pra-textati

323 3099 483 3165 hujus
506 3099 747 3153 criminis
770 3111 1136 3153 accusatorum
1161 3115 1316 3153 causa
1340 3102 1572 3170 quinque
1596 3110 1902 3154 senatorum

325 3171 518 3240 iudicio
547 3170 920 3240 cmumittjtur,
949 3179 1003 3222 ut
1049 3187 1140 3222 nec
1169 3173 1528 3240 opprimantur
1567 3171 1785 3236 innoxii,
1811 3187 1901 3224 nec

327 3230 457 3311 'leges
484 3241 700 3294 evadant
721 3230 980 3293 criminasi
999 3258 1016 3305 ;
1033 3241 1089 3292 ‘2‘
1115 3230 1305 3309 quibus
1327 3242 1656 3310 argumentis
1680 3256 1736 3294 se
1760 3230 1898 3294 Boe-

327 3315 427 3366 tius
470 3312 538 3366 de
583 3311 844 3378 ejusmodi
893 3312 1120 3364 crimine
1157 3321 1379 3380 purgat,
1413 3312 1526 3366 haec
1565 3321 1761 3365 tantam
1793 3326 1898 3366 non

326 3382 521 3437 habent
553 3397 648 3450 pro
669 3383 984 3449 democopia,
1017 3390 1265 3446 quantam
1293 3399 1391 3451 pro
1433 3381 1691 3451 sortilegio
1729 3383 1895 3436 virtu-

325 3464 428 3507 tem
448 3495 471 3524 .
502 3461 557 3506 ut
599 3453 776 3506 statim
811 3452 1104 3524 videbitur;
1137 3455 1197 3507 3°
1229 3469 1333 3506 non
1365 3463 1472 3524 tam,
1501 3454 1718 3507 ambitus
1738 3468 1898 3524 quam

325 3523 574 3593 sortilegii
619 3526 820 3577 crimen
864 3523 916 3576 in
961 3524 1347 3592 philosophiam
1396 3523 1604 3578 refundi
1661 3523 1835 3591 potest
1883 3541 1898 3577 :

324 3594 755 3662 quandoquidem
782 3595 928 3660 prius
954 3595 1114 3648 etiam
1147 3596 1474 3664 ignarorum,
1503 3597 1765 3661 posterius
1793 3611 1897 3648 non

325 3667 423 3718 nisi
455 3665 732 3718 doctorum
763 3664 1039 3719 dicebatur
1068 3680 1208 3719 esse.
1240 3667 1396 3732 Atqui
1428 3667 1522 3719 hoc
1548 3666 1688 3734 ipso,
1732 3667 1901 3732 inquit

325 3735 775 3806 Boetiusgpostea,
793 3734 1072 3806 videbimur
1093 3735 1275 3806 afﬁnes
1299 3738 1453 3806 fuisse
1475 3738 1746 3804 maleﬁcio,
1767 3736 1900 3804 quod

324 3809 422 3860 tuis
445 3803 622 3858 imb'uti
651 3804 959 3870 disciplinis,
989 3810 1091 3859 tuis
1124 3803 1341 3860 instituti
1379 3803 1614 3860 moribus
1633 3803 1823 3860 sumus.

400 3877 618 3940 Verum,
642 3875 838 3945 inquis,
870 3879 1071 3930 crimen
1102 3879 1322 3931 ambitus
1351 3886 1497 3932 recte
1522 3878 1714 3932 dicitur
1740 3877 1900 3932 sacri-

326 3947 514 4017 legium
544 3961 565 4000 :
593 3949 734 4016 quod
764 3950 863 4001 hoc
891 3949 1158 4002 violentur
1183 3947 1357 4016 leges,
1388 3957 1444 4002 et
1467 3959 1860 4003 sacramentum
1880 3989 1896 4014 ,

324 4022 438 4089 sine
459 4032 567 4086 quo
595 4017 661 4072 ad
689 4019 1028 4088 magistratus
1057 4019 1258 4088 antiqui
1292 4034 1396 4072 non
1434 4021 1715 4089 pervenire
1753 4019 1897 4074 sole-

325 4087 472 4143 bant.
507 4089 723 4143 Crimen
754 4087 882 4143 vero
907 4090 1090 4159 magia:
1118 4087 1220 4143 non
1254 4091 1321 4144 ita
1354 4087 1488 4144 bene
1519 4091 1715 4144 dicitur
1739 4092 1898 4142 sacri-

325 4162 534 4228 legium.
565 4163 654 4224 At,
681 4160 914 4226 inquam,
949 4164 1175 4227 primum
1205 4161 1251 4214 si
1293 4160 1570 4229 legendum
1600 4161 1758 4214 luerit
1801 4175 1899 4226 pro

327 4231 596 4300 sacrilegio
632 4231 966 4300 sortilegium,
998 4239 1056 4285 ut
1094 4230 1232 4284 forte
1257 4231 1536 4297 legendum
1556 4274 1572 4296 ,
1617 4232 1729 4285 haec
1759 4230 1900 4284 difﬁ-

327 4302 494 4355 cultas
537 4301 675 4354 nnlla
707 4312 807 4355 est.
849 4301 1050 4357 Deinde
1095 4301 1345 4370 sortilegii
1382 4318 1485 4355 non
1535 4302 1708 4355 minus
1737 4316 1895 4370 quam

327 4373 542 4426 ambitus
569 4371 794 4426 crimine
814 4370 1081 4426 violautur
1100 4372 1246 4440 leges
1273 4380 1328 4425 et
1349 4383 1760 4436 sacramentum,
1792 4386 1898 4441 quo

329 4443 576 4496 nimirum
617 4445 768 4512 aquis
807 4443 1110 4512 lustralibus
1147 4442 1334 4496 initiati
1369 4443 1536 4495 malos
1565 4457 1749 4511 gentos
1777 4446 1895 4507 eju-

328 4517 564 4567 ravimus
590 4530 603 4567 :
631 4511 753 4566 hinc
780 4511 1155 4579 Cassiodorus,
1187 4513 1435 4581 praedicta
1465 4516 1624 4582 epist.
1649 4512 1736 4576 22,
1769 4512 1898 4566 Ver-

329 4587 451 4673 εει,νὶ3
485 4585 685 4666 inquit,
691 4599 809 4673 [non
838 4583 950 4636 licet
995 4585 1048 4637 in
1082 4585 1290 4673 magicis
1330 4584 1520 4673 artib‘us
1543 4625 1558 4647 ,
1592 4585 1898 4673 temporibus
1927 4612 1984 4673 Β
2007 4616 2082 4673 Ov

330 4653 653 4708 Christianis.
687 4654 967 4724 Postremo
1003 4653 1322 4723 sacrilegus,
1367 4656 1508 4708 unde
1543 4655 1900 4724 sacrilegium,

330 4725 523 4779 dicitur
546 4723 700 4793 quasi
732 4739 881 4780 sacra
923 4727 1104 4794 legens
1145 4725 1259 4780 sive
1305 4724 1487 4779 furans
1515 4743 1529 4779 :
1555 4723 1904 4794 legere’enim

332 4799 485 4850 etiam
515 4797 676 4848 furari
705 4803 787 4849 est
818 4795 1000 4857 gunde
1034 4797 1178 4866 Virg.
1203 4798 1306 4852 ecl.
1336 4796 1390 4860 9,
1419 4811 1470 4851 ν.
1493 4796 1557 4851 21
1597 4813 1612 4849 :

451 4885 543 4934 Vel
569 4899 678 4947 qua:
701 4885 894 4948 sublegi
916 4889 1092 4935 tacitus
1117 4888 1204 4936 tibi
1227 4889 1435 4937 carmina
1455 4900 1629 4949 nuper.

331 4956 433 5011 Sed
465 4959 558 5027 qui
594 4958 859 5024 prmdicta:
889 4959 1254 5026 superstitioni
1283 4968 1460 5023 vacat,
1495 4962 1538 5027 is
1566 4962 1766 5016 cultum
1796 4963 1910 5019 Deo

332 5023 567 5104 debitum
596 5023 1040 5104 iuraiurxNu'nc
1087 5030 1312 5085 videnda
1354 5023 1664 5100 argumenta
1717 5036 1910 5104 quibus

333 5099 462 5152 illud
489 5100 693 5152 crimen
729 5099 940 5168 Boetius
972 5110 1183 5168 purgat.

397 5171 420 5202 ⁸
456 5169 532 5223 Tu
559 5170 710 5222 insita
729 5167 920 5243 uotum]
972 5167 1205 5225 Primum
1230 5181 1600 5242 argumentum
1629 5189 1735 5243 quo
1766 5175 1902 5230 Boe-

337 5241 435 5292 tius
469 5255 531 5310 se
573 5256 600 5291 a
654 5239 918 5307 praedicto
957 5252 1146 5310 purgat
1185 5239 1444 5304 crimine.
1497 5239 1793 5300 desumitur
1839 5263 1906 5303 ex

334 5321 480 5388 parte
511 5309 1075 5388 _ipsius_philosopbi_:e
1108 5328 1228 5388 quas
1251 5316 1411 5388 menti
1455 5315 1700 5369 humana:
1724 5318 1905 5388 insita,

337 5381 470 5434 hanc
511 5381 582 5433 ita
623 5381 851 5450 sajuugit
884 5397 913 5434 a
951 5381 1383 5445 rebusciiducis,
1415 5397 1472 5440 ut
1499 5388 1740 5441 eamdem
1781 5381 1909 5444 con;

337 5450 516 5526 jungat
535 5467 651 5505 cum
682 5453 840 5526 rebus
868 5457 1156 5520 perpetuis,
1181 5470 1284 5508 non
1307 5457 1368 5508 iis
1388 5455 1602 5523 quidem
1626 5457 1904 5526 vilissimis,

336 5523 424 5575 sed
455 5537 638 5578 earum
671 5523 757 5575 uni
788 5534 839 5576 et
869 5529 1052 5591 prima:
1073 5566 1086 5586 ,
1111 5527 1357 5578 nimirum
1387 5526 1516 5588 Deo,
1547 5529 1699 5594 cujus
1721 5523 1905 5582 simili;

339 5594 570 5646 tudinem
607 5593 794 5664 habet.
845 5595 937 5647 Est
980 5595 1191 5664 quidem
1243 5597 1569 5664 philosophia
1613 5593 1778 5653 menti
1809 5600 1906 5652 hu-

337 5679 537 5736 tuante,
566 5663 616 5716 id
650 5671 732 5717 est
760 5665 903 5718 nobis
931 5663 1109 5730 insita,
1162 5663 1281 5736 quia
1321 5677 1427 5721 tnta
1463 5680 1705 5722 versatur
1736 5672 1788 5724 in
1814 5685 1906 5724 co-

337 5734 611 5806 gitatione,
645 5738 945 5802 cognitione
993 5734 1192 5790 Scilicet
1230 5737 1371 5790 clara
1425 5748 1479 5790 et
1523 5741 1798 5806 distincta,
1849 5751 1898 5798 et

337 5803 534 5871 judicio
563 5808 704 5871 quod
737 5807 834 5877 hac
863 5808 1162 5874 cOgnitionc
1203 5809 1450 5860 fundatur
1482 5826 1493 5859 ε
1531 5803 1904 5877 οοεὶιιιιιοέιι-

343 5884 450 5931 tem
492 5877 690 5945 optime
729 5876 923 5932 dicitur
962 5879 1187 5945 qualitas
1229 5879 1420 5934 mentis
1461 5876 1704 5934 humanae
1729 5923 1743 5950 ,
1786 5881 1902 5938 sive

1926 3202 1974 3266 C

2015 1898 2308 1964 praesertim
2351 1914 2529 1951 rerum
2562 1898 2879 1952 caducarum
2921 1900 3192 1966 cupiditati
3215 1943 3228 1966 ,
3265 1898 3382 1966 qua:
3414 1915 3467 1958 et
3498 1907 3586 1958 lia-

2009 1971 2169 2022 miues
2199 1969 2362 2021 reddit
2386 1985 2544 2021 cruces
2569 1971 2704 2035 apud
2739 1971 3080 2034 Ciceronem,
3112 1983 3163 2024 ct
3193 1975 3340 2026 radix
3362 1977 3586 2028 omnium

2009 2042 2262 2111 malorum
2291 2048 2361 2092 est
2387 2042 2521 2111 apud
2555 2040 2899 2106 Apostoluut,
2931 2041 2949 2094 Ι
2986 2041 3124 2096 Tim.
3158 2057 3228 2097 vr.
3267 2045 3377 2108 Ipsa
3419 2045 3486 2111 ph
3513 2047 3589 2098 lo-

2011 2110 2198 2177 sophia
2233 2119 2463 2163 menth
2500 2109 2782 2163 humanam
2811 2112 3078 2179 coniungit
3115 2127 3233 2166 cum
3269 2109 3432 2166 rebus
3470 2117 3588 2180 per;

2013 2181 2184 2244 petuis
2213 2198 2223 2230 :
2249 2180 2566 2233 ulvidcliccl
2593 2197 2623 2237 ιι
2647 2191 2740 2234 .rte
2763 2181 2850 2233 illa
2875 2199 2993 2234 cum
3020 2197 3122 2248 qua
3155 2200 3304 2237 meus
3333 2185 3588 2250 humana,

2010 2251 2267 2304 instinctu
2303 2251 2669 2318 philosophiae,
2699 2253 3007 2306 societatem
3031 2253 3148 2314 init,
3171 2264 3431 2308 aeternum
3466 2271 3589 2322 per-

2008 2332 2308 2394 severante,
2341 2333 2572 2394 aeternus
2612 2337 2730 2376 esse
2762 2326 2928 2391 possit
2966 2338 3137 2387 amor,
3172 2335 3476 2394 atternaque
3510 2326 3590 2380 id-

2009 2393 2155 2445 circo
2188 2394 2295 2460 illa,
2320 2408 2437 2460 quan
2468 2393 2610 2445 illius
2637 2408 2834 2446 amoris
2855 2409 3036 2447 omnes
3060 2405 3141 2447 est
3165 2393 3454 2459 individua,
3492 2413 3590 2445 vn-

2010 2459 2309 2528 luptas.°At
2339 2459 2674 2530 philosOphia
2707 2480 2811 2516 nou
2855 2464 2983 2517 sinit
3031 2476 3263 2518 mentem
3303 2471 3588 2522 humanam

2010 2539 2088 2586 sic
2138 2534 2411 2586 adlunrere
2452 2535 2610 2588 rebus
2656 2544 2926 2603 perpeturs
2969 2539 3199 2600 creatis,
3249 2552 3380 2598 quas
3419 2538 3590 2592 malos

2009 2605 2194 2678 genios
2224 2619 2498 2678 voramus,
2545 2616 2598 2656 ιιι
2648 2606 2740 2678 sub
2788 2607 2902 2672 ejus
2939 2607 3113 2678 poculis
3141 2608 3408 2678 sacrilegio
3448 2610 3590 2660 locus

2011 2676 2078 2726 sit
2113 2693 2123 2727 :
2165 2675 2378 2727 instillat
2419 2676 2553 2726 enim
2596 2675 2805 2746 auribus
2835 2675 3343 2746 c0gitationibusque'
3367 2682 3590 2746 quotidie

2010 2746 2198 2818 nostris
2237 2746 2644 2818 Pythagoricum
2661 2745 2786 2797 illud
2815 2745 2942 2801 ἔπὸυ
2973 2755 3363 2818 againsequere
3380 2745 3585 2814 Deum,

2009 2817 2148 2881 qttod
2179 2816 2338 2868 etiam
2372 2815 2594 2868 habetur
2621 2816 2910 2870 Deuteron.
2947 2832 3034 2870 tnu
3056 2815 3077 2868 ἐ
3114 2815 3391 2869 Dominum
3425 2818 3588 2872 Deum

2007 2898 2230 2937 vestrum
2259 2885 2551 2954 sequimini,
2584 2895 2629 2938 et
2672 2887 2840 2952 ipsum
2879 2887 3066 2950 timete,
3098 2896 3146 2939 et
3175 2890 3415 2940 mandata
3448 2889 3588 2942 illius

2009 2957 2277 3029 custodite,
2298 2965 2353 3029 et
2377 2955 2547 3029 audite
2573 2971 2741 3008 uocem
2775 2959 2888 3025 ejus
2914 2972 2955 3029 _;
3007 2958 3102 3029 ipsi
3129 2960 3389 3029 servietis.
3418 2970 3463 3010 et
3493 2961 3590 3026 ipsi

2009 3026 2354 3081 adhwrebitis.
2388 3026 2624 3097 Denique
2669 3042 2789 3080 cum
2838 3026 3170 3096 pltilosiiphia
3202 3027 3468 3081 hominem
3506 3032 3590 3097 [ιι-

2008 3097 2110 3147 ciat
2142 3097 2250 3149 Deo
2278 3096 2610 3152 consimilem.
2642 3112 2746 3150 non
2781 3097 2995 3164 quidem
3035 3111 3290 3165 corpore,
3333 3096 3590 3166 quemad-

2009 3169 2222 3220 modum
2271 3168 2537 3235 expressit
2573 3165 2818 3235 Virgilius
2861 3184 2873 3220 :
2923 3168 2992 3220 0s
3032 3165 3363 3236 nurnerosque
3391 3172 3483 3222 deo
3516 3171 3587 3222 si-

2008 3237 2163 3301 milis,
2219 3238 2357 3290 Deus
2391 3236 2585 3304 quippe
2615 3247 2698 3291 est
2726 3239 2968 3306 corporis
2998 3253 3188 3306 expers
3213 3279 3225 3298 ,
3258 3244 3350 3292 sed
3377 3253 3581 3303 mente,

2007 3306 2245 3362 efﬁciens
2276 3309 2480 3361 scilicet
2518 3317 2572 3361 ut
2600 3325 2750 3362 mens
2788 3318 2966 3362 nostra
2996 3310 3162 3363 instar
3209 3308 3299 3362 Dei
3326 3312 3586 3378 cogitans,

2006 3394 2105 3433 nec
2131 3378 2409 3432 erroribus
2443 3392 2538 3432 nec
2569 3379 2714 3433 vitiis
2753 3379 3052 3448 indulgeat,
3087 3392 3370 3448 propterea
3401 3382 3588 3435 eadem

2011 3449 2352 3518 philosophia
2383 3460 2614 3503 mentem
2648 3457 2886 3503 nostram
2923 3453 2992 3503 ita
3028 3451 3301 3519 conjungit
3326 3467 3444 3504 cum
3477 3451 3588 3505 Deo

2007 3531 2255 3587 tanquam
2289 3535 2407 3572 cum
2452 3521 2621 3583 primo
2650 3521 2889 3574 veritatis
2929 3519 3248 3588 virtutisque
3297 3523 3583 3588 magistro,

2007 3602 2186 3644 utnon
2215 3590 2476 3661 conveniat
2511 3591 2885 3661 pilisiimorum
2925 3608 3018 3644 nos
3043 3593 3316 3658 spirituum
3346 3594 3589 3661 praesidia

2006 3671 2232 3726 captare.
2260 3660 2522 3714 Vilissimi
2552 3673 2727 3714 autem
2772 3661 2844 3714 illi
2883 3662 3107 3730 spiritus
3149 3674 3272 3715 sunt
3318 3660 3444 3718 mali
3491 3677 3586 3731 ge-

2006 3733 2080 3786 nii
2102 3772 2115 3794 ,
2141 3747 2364 3799 quorum
2402 3746 2501 3798 ope
2532 3731 2776 3786 homines
2815 3733 3029 3800 quidam
3062 3732 3256 3802 perditi
3286 3734 3421 3788 mira
3453 3747 3590 3801 prat-

2005 3815 2149 3855 stare
2191 3803 2505 3867 creduntur,
2558 3817 2662 3855 non
2700 3805 2870 3856 solum
2911 3819 2939 3854 a
2985 3803 3332 3868 Christianis,
3362 3805 3590 3860 docente

2006 3873 2202 3944 smpius
2232 3888 2384 3944 sacro
2418 3882 2594 3944 testu;
2623 3872 2715 3926 sed
2744 3873 2907 3926 etiam
2931 3873 2998 3927 ab
3018 3873 3150 3942 ipsis
3174 3874 3410 3944 paganis.
3438 3874 3588 3931 Unde

2007 3943 2153 4011 Virg.
2183 3943 2282 3997 ecl.
2314 3945 2367 4005 ιι,
2400 3958 2448 3995 v.
2484 3942 2551 3997 69
2586 3961 2598 3994 :

2128 4033 2346 4096 Carmina
2371 4033 2449 4084 vel
2473 4033 2595 4082 cmlo
2615 4040 2814 4096 possunt
2830 4034 3075 4084 deducere
3104 4035 3261 4085 lunam
3288 4052 3298 4086 :

2127 4095 2431 4159 Qarmiuibus
2455 4096 2593 4144 Circe
2611 4099 2766 4146 socios
2784 4102 2986 4146 mutavit
3013 4096 3198 4159 Ulyssei
3225 4113 3236 4147 :

2125 4157 2348 4224 Frigidus
2363 4159 2422 4224 in
2441 4159 2848 4224 pratis_cautaudo
2872 4157 3108 4220 rumpitur
3127 4162 3315 4224 anguis.

2008 4219 2194 4275 Horat.
2228 4219 2398 4287 Epod.
2427 4224 2514 4273 od.
2544 4221 2609 4273 t7
2645 4238 2656 4272 :

2248 4290 2323 4355 An
2343 4304 2455 4355 quae
2476 4302 2676 4355 movere
2701 4303 2875 4355 cereas
2897 4292 3156 4355 imagines,

2249 4350 2314 4400 Ut
2341 4350 2442 4412 ipse
2469 4353 2591 4400 nosti
2617 4354 2848 4410 curiosus,
2876 4360 2927 4400 et
2949 4350 3065 4401 Palo

2253 4412 2497 4475 Deripere
2523 4414 2681 4462 lunam
2708 4416 2904 4463 vocibus
2930 4416 3105 4475 possim
3128 4416 3268 4464 meis.

2248 4474 2430 4523 Poasim
2453 4482 2694 4524 crematos
2713 4474 2940 4525 excitare
2966 4485 3180 4524 mortuos

2250 4535 2575 4600 Desiderique
2597 4542 2877 4599 temperare
2895 4538 3138 4599 poculum.

2088 4616 2161 4671 id.
2191 4626 2247 4671 et
2271 4617 2386 4671 alii.

2078 4687 2102 4723 ³
2148 4687 2408 4760 Praeterea
2456 4687 2729 4760 νοηθῆναι]
2785 4690 3023 4760 Alterum
3079 4695 3449 4760 argumentum
3465 4705 3586 4760 quo

2011 4759 2226 4814 Boetius
2262 4774 2321 4813 se
2352 4767 2544 4830 purgat
2571 4775 2614 4830 7a
2651 4759 2906 4827 praedicto
2945 4759 3174 4813 crimine
3194 4799 3208 4823 ,
3233 4759 3586 4830 acr-ipitur’ex

2011 4833 2206 4885 virtute
2237 4829 2512 4898 praestanti
2551 4829 2966 4884 domesticorum
2990 4870 3006 4895 ,
3054 4829 3359 4884 amicorum
3379 4841 3435 4886 et
3470 4832 3589 4886 altl-

2015 4901 2181 4965 nium,
2206 4916 2325 4954 cum
2359 4901 2553 4967 quibus
2581 4900 2722 4956 idem
2749 4901 2965 4954 Boetius
2994 4898 3263 4968 antiquam
3290 4902 3472 4957 habutt
3500 4919 3588 4958 ne-

2013 4971 2422 5025 cessitudinem.
2462 4971 2593 5026 Cum
2639 4972 2780 5025 enim
2809 4974 2977 5024 virtus
3017 4981 3072 5024 et
3121 4971 3305 5026 vitium
3353 4973 3428 5026 ita
3477 4975 3588 5030 sint

2013 5044 2299 5113 contraria,
2321 5052 2377 5094 ut
2413 5043 2555 5113 nulla
2582 5058 2702 5098 esse
2736 5043 2901 5111 possit
2932 5042 3142 5097 virtutis
3165 5043 3385 5113 vitiique
3413 5045 3590 5100 socie-

2011 5122 2125 5176 tas,
2156 5112 2203 5167 si
2227 5124 2369 5166 a-rcta
2401 5112 2559 5167 fuerit
2588 5114 2728 5168 inter
2760 5114 3040 5182 quemdam
3072 5117 3274 5180 virum,
3303 5112 3358 5169 et
3394 5117 3588 5183 probos

2012 5183 2365 5250 domesticos,
2405 5186 2636 5249 arriicos,
2684 5183 2974 5250 aftinesque
3022 5186 3272 5253 societas,
3317 5198 3462 5240 certe
3508 5187 3590 5240 vir

2013 5254 2104 5326 ille
2126 5270 2230 5308 non
2252 5254 2413 5326 debet
2447 5269 2566 5326 esse
2597 5265 2873 5318 suspectus
2897 5255 3040 5308 illius
3073 5257 3366 5326 praesertim
3399 5257 3581 5310 crimi-

2014 5325 2098 5378 nis
2123 5325 2262 5392 quod
2307 5327 2410 5396 illis
2454 5325 2800 5379 familiaribus
2841 5341 2939 5380 nec
2983 5325 3220 5396 ignotum
3262 5343 3382 5380 esse
3414 5327 3588 5394 potuit

2014 5410 2113 5447 nec
2153 5395 2600 5461 irreprehensum.
2643 5397 2773 5449 Cum
2808 5412 2936 5464 ergo
2976 5395 3178 5451 crimen
3226 5399 3500 5464 sortilegii,
3531 5408 3591 5452 ut

2011 5475 2140 5537 pote
2169 5467 2306 5532 quod
2333 5474 2389 5537 ut
2411 5466 2657 5537 gravius,
2687 5466 2767 5521 sic
2813 5477 2867 5521 et
2910 5467 3238 5537 frequentius
3269 5476 3323 5520 et
3364 5467 3591 5521 manife-

2015 5535 2147 5588 stilis
2176 5545 2259 5590 est
2278 5535 2502 5590 crimine
2527 5537 2764 5600 ambitus,
2796 5553 2898 5589 nou
2929 5535 3092 5604 possit
3124 5552 3227 5589 non
3261 5540 3512 5606 cognosci
3537 5547 3592 5593 et

2015 5622 2118 5658 non
2159 5607 2476 5672 reprehendi
2513 5623 2542 5660 a
2569 5606 2919 5660 sanetissimis
2963 5608 3332 5671 l‘arniliarihus,
3374 5607 3420 5659 si
3460 5609 3594 5661 Boe-

2016 5675 2120 5730 tius
2148 5676 2503 5730 arcrissimam
2539 5678 2780 5732 habuerit
2809 5677 3218 5732 familiaritatem
3250 5693 3370 5730 cum
3411 5680 3591 5746 probis

2013 5746 2338 5809 domestic-is,
2384 5747 2569 5802 amicis
2611 5759 2663 5802 et
2705 5747 2982 5814 afﬁnibus,
3039 5748 3086 5801 is
3127 5759 3272 5802 certe
3311 5764 3433 5802 reus
3470 5766 3594 5807 esse

2014 5818 2198 5888 nequit
2224 5819 2464 5888 criminis
2493 5819 2734 5888 sortilegii
2761 5833 2779 5871 :
2803 5818 2987 5872 habuit
3006 5829 3181 5873 autem
3208 5820 3424 5874 Boetius
3454 5824 3592 5877 hanc

2014 5886 2423 5946 familiaritatem
2454 5905 2465 5941 :
2503 5890 2555 5946 t"
2582 5886 2798 5960 quidem
2839 5904 2962 5945 cum
3004 5890 3188 5959 probis
3225 5890 3534 5950 domesticis
3573 5911 3588 5948 :
