4292 6262
622 417 719 472 651

1852 434 1959 488 ΑΝ.
2004 433 2209 489 ΜΑΝι.
2252 434 2404 490 SEV.
2446 433 2666 488 BUETII

3770 430 3868 485 652

622 549 732 619 60
775 544 880 601 Sed
914 561 945 602 ο
973 547 1147 604 nefas!
1182 548 1257 602 illi
1285 562 1414 603 vero
1440 549 1454 578 ¹
1516 548 1584 603 de
1626 558 1676 603 te
1717 557 1741 584 ιι
1784 550 1913 602 tanti
1959 551 2197 606 criminis
2224 555 2274 614 Α
2304 551 2471 621 prima
2513 522 2751 605 omnium
2799 546 3013 603 deserat
3057 546 3316 603 infelices.
3346 547 3449 618 δι
3491 546 3588 614 Qui
3619 562 3758 602 nunc
3783 562 3870 617 ρος

625 642 783 697 ﬁdem
832 642 1087 710 capiunt,
1136 650 1294 711 atque
1352 642 1451 695 hoc
1500 642 1616 711 ipso
1664 642 1962 696 videbimur
2012 644 2199 698 afﬁnes

627 733 792 788 fuisse
818 734 1100 801 maleﬁcio,
1134 736 1152 764 ’
1205 735 1344 803 quod
1376 735 1481 789 tuis
1514 734 1700 790 imbuti
1728 735 2055 806 disciplinis,
2094 736 2199 793 tuis

627 824 853 878 instituti
886 826 1119 880 moribus
1148 842 1351 881 sumus.
1386 826 1458 880 Ita
1492 842 1598 881 non
1636 838 1717 882 est
1753 828 1880 881 satis
1908 828 2039 881 nihil
2068 828 2197 883 mihi

627 915 887 983 profuisse
928 927 1069 971 tuam
1111 920 1465 973 reverentiam
1491 963 1504 981 ,
1560 920 1658 974 nisi
1705 920 1842 975 ultro
1882 930 1935 973 tu
1964 934 2079 975 utea
2105 936 2198 990 po-

628 1008 730 1061 tius
776 1008 1070 1064 offensione
1120 1010 1387 1066 lacereris.
1421 1010 1501 1081 (5)
1532 1010 1601 1065 At
1640 1026 1765 1065 vero
1798 1011 1882 1066 hic
1910 1013 2067 1065 etiam
2100 1027 2197 1066 no-

626 1100 751 1155 stris
798 1102 948 1155 malis
994 1103 1235 1166 cumulus
1283 1104 1523 1170 accedit,
1555 1103 1574 1133 ³
1628 1104 1767 1172 quod
1814 1102 1841 1141 ι)
1878 1104 2199 1158 existimatio

626 1192 971 1261 plurimorum
1004 1212 1107 1249 non
1143 1211 1320 1248 rerum
1361 1194 1546 1249 merita
1567 1236 1581 1255 .
1614 1195 1705 1249 sed
1738 1195 1964 1249 fortuna:
1996 1204 2199 1263 spectat

626 1282 897 1353 eventum,
929 1304 1095 1359 eaque
1124 1299 1326 1344 tantum
1352 1291 1553 1359 judicat
1582 1290 1602 1320 δ
1652 1305 1774 1345 esse
1804 1291 2046 1359 provisa,
2080 1304 2198 1358 qua:

627 1375 853 1434 felicitas
878 1382 1347 1437 commendaverit.
1371 1384 1485 1448 Quo
1514 1382 1599 1449 ﬁt,
1633 1391 1689 1436 ut
1711 1381 2040 1436 existimatio
2057 1380 2196 1435 bona

2304 644 2410 712 puli
2440 656 2702 705 rumores,
2725 652 2746 680 ο
2776 655 2931 710 quam
2963 640 3191 695 dissonae
3244 638 3270 678 ἀ
3303 640 3725 710 multiplicesque
3754 655 3870 695 sen-

2303 739 2504 804 tentiae,
2554 737 2698 807 piget
2742 734 3033 791 reminisci.
3080 735 3192 789 Hoc
3236 744 3439 789 tantum
3470 733 3873 797 dixerim,ulti-

2304 848 2442 886 mam
2488 846 2606 886 esse
2649 829 2888 884 adversae
2919 828 3147 885 fortuna
3189 836 3210 866 ε
3243 828 3508 884 sarcinam
3530 870 3544 891 ,
3577 827 3715 895 quod
3751 826 3872 882 dum

2304 922 2511 977 miseris
2546 922 2763 991 aliquod
2801 922 3001 976 crimen
3039 919 3325 986 afﬁngitur,
3357 934 3475 988 quae
3504 920 3524 949 ⁸
3582 915 3873 987 perferunt,

2305 1013 2565 1068 meruisse
2597 1011 2887 1066 creduntur
2918 1029 2932 1065 :
2976 1021 3027 1067 et
3056 1028 3154 1081 ego
3183 1011 3228 1065 si
3271 1010 3483 1081 quidem
3522 1010 3676 1063 bonis
3705 1010 3874 1064 omni-

2303 1106 2401 1160 bus
2449 1104 2526 1175 (5)
2578 1106 2797 1174 pulsus,
2846 1104 3191 1173 dignitatibus
3235 1113 3456 1171 exutus,
3490 1102 3877 1158 exisumatione

2304 1197 2552 1259 foedatus,
2583 1196 2652 1250 ob
2680 1196 2999 1251 beneficium
3018 1238 3031 1260 ,
3066 1195 3380 1264 supplicium
3416 1195 3532 1248 tuli.
3559 1194 3755 1248 Videre
3782 1209 3877 1248 au-

2306 1298 2411 1343 tem
2440 1289 2622 1342 videor
2650 1288 2880 1343 nefarias
2909 1288 2929 1318 °
2969 1288 3348 1342 sceleratorum
3372 1285 3391 1357 ἴ
3412 1286 3652 1340 officinas
3680 1288 3699 1317 ⁷
3746 1302 3877 1356 gau-

2307 1380 2395 1434 dio
2424 1379 2711 1449 lmtitiaque
2735 1378 3025 1434 ﬂuitanteis
3057 1397 3068 1430 :
3095 1380 3115 1410 ⁸
3171 1377 3586 1447 perditissimum
3619 1393 3878 1449 quemque

1963 1490 2537 1547 INTERPRETATIO.

699 1597 731 1670 't
757 1588 863 1657 Tu,
910 1606 942 1644 ο
970 1590 1344 1659 Philosophia,
1393 1599 1578 1644 nostra:
1614 1606 1665 1643 es
1710 1589 2079 1643 criminationis
2119 1604 2205 1642 oc-

628 1675 781 1714 casto.

698 1729 725 1768 ἶ)
756 1730 938 1785 Plures
972 1733 1188 1801 fortuna:
1213 1733 1365 1786 reluti
1392 1732 1737 1791 assentientes,
1757 1747 1857 1784 non
1886 1740 1942 1784 ut
1962 1731 2208 1798 judican-

629 1802 773 1885 duni,
815 1804 901 1856 sed
948 1812 1054 1857 uta
1085 1804 1293 1872 fortuna
1331 1804 1555 1872 judicari
1599 1802 1821 1867 videtur,
1861 1802 2103 1873 judicant
2141 1801 2206 1853 de

628 1882 825 1928 merito.

2388 1600 2407 1627 ο
2445 1589 2516 1641 De
2546 1587 2752 1643 BOetio.

2353 1657 2413 1741 βξ
2438 1659 2568 1714 Aliis
2612 1657 2984 1717 damnantibus
3028 1653 3434 1714 defendentibus
3472 1652 3589 1709 aliis
3625 1653 3691 1710 de
3730 1656 3880 1725 plebe

2386 1869 2407 1907 ί
2437 1870 2644 1925 Domos.

2140 1981 2365 2039 NOTAE.

630 2114 773 2163 nam,
799 2106 857 2152 ut
880 2097 1073 2151 dicitur
1100 2112 1256 2165 prosa
1286 2098 1338 2161 5,
1372 2097 1462 2151 lib.
1505 2113 1559 2161 ιι,
1596 2097 1912 2165 felicissimus
1952 2096 2053 2150 fuit
2080 2112 2195 2149 cum
2225 2099 2273 2159 B
2303 2111 2462 2151 nemo
2505 2097 2612 2152 dici
2657 2099 2826 2165 possit
2866 2113 2933 2153 ex
2957 2114 3023 2153 eo
3051 2113 3174 2154 esse
3202 2099 3378 2153 afﬁnis
3412 2099 3623 2154 crimini
3650 2101 3885 2167 ambitus,

630 2172 859 2239 conjugis
893 2170 1082 2235 pudore
1110 2180 1214 2221 tum
1244 2168 1483 2221 mascula:
1510 2170 1667 2237 prolis
1698 2168 2092 2239 opportunitate,
2123 2167 2194 2239 ita

630 2252 683 2293 ut
709 2238 836 2293 duos
865 2240 1053 2309 pariter
1084 2240 1312 2293 consules
1345 2240 1527 2291 liberos
1551 2255 1669 2291 suos
1694 2239 1844 2290 domo
1877 2238 2085 2309 provehi
2106 2238 2198 2290 sub

628 2308 911 2381 f’riquentia
942 2312 1174 2380 patrum,
1207 2311 1296 2362 sub
1338 2310 1496 2376 plebis
1528 2310 1791 2361 alacritate
1819 2309 1997 2381 viderit
2031 2324 2047 2361 :
2077 2308 2200 2381 hinc

629 2398 771 2436 nunc
796 2381 986 2435 dicitur
1010 2383 1233 2449 penetral
1254 2381 1492 2433 innocens
1514 2381 1730 2433 domus:
1753 2380 1988 2446 penetral
2008 2380 2203 2447 quippe

627 2463 710 2504 est
739 2453 889 2506 locus
918 2452 1168 2515 interior,
1201 2451 1375 2503 dictus
1416 2467 1444 2503 ιι
1476 2467 1606 2514 penu
1637 2465 1655 2502 :
1693 2467 1849 2517 penus
1882 2461 2055 2503 autem
2077 2492 2089 2513 ,
2123 2450 2206 2502 in-

629 2523 745 2590 quit
772 2523 982 2587 Festus,
1005 2532 1213 2574 vocatur
1236 2523 1373 2574 locus
1397 2522 1602 2573 intimus
1630 2521 1680 2573 in
1711 2521 1819 2574 wde
1855 2519 2046 2584 Vesta',
2074 2532 2206 2589 tegeo

629 2594 756 2646 tibus
778 2605 985 2663 septas:
1016 2593 1154 2645 unde
1183 2592 1365 2660 Virgil.
1399 2608 1413 2643 ι
1442 2592 1656 2661 Georg.,
1679 2608 1729 2644 v.
1761 2590 1863 2645 579
1893 2608 1905 2644 :

754 2686 944 2746 Saepius
959 2692 1011 2732 et
1033 2688 1174 2746 tect's
1196 2682 1526 2744 penetralibus
1548 2682 1724 2731 extulit
1746 2694 1835 2731 ova

752 2744 1022 2808 Augustum
1046 2744 1241 2793 formica
1268 2745 1561 2793 tcrensiter.

697 2832 760 2883 2°
789 2830 920 2883 Cum
959 2829 1140 2897 probis
1184 2828 1369 2881 amicis
1413 2846 1423 2878 :
1471 2825 1825 2897 adfuitrenim
1875 2840 2085 2897 semper
2135 2824 2207 2897 illi

633 2895 1101 2954 honestissimorum
1133 2910 1286 2952 costus
1312 2898 1585 2950 amicorum
1610 2915 1628 2960 ;
1663 2896 1718 2948 3"
1738 2912 1859 2950 cum
1892 2896 2069 2964 probis
2090 2895 2207 2948 affi-

632 2972 788 3024 nibus
813 2990 822 3023 :
851 2986 969 3023 nam
994 2986 1135 3022 socer
1155 2970 1269 3037 ejus
1294 2967 1884 3037 Symmachussunctus,
1910 2976 1959 3019 et
1979 2982 2117 3033 teque
2148 2982 2208 3018 ac

633 3046 742 3109 ipsa
788 3041 1116 3109 f‘hilosophia
1142 3036 1440 3094 rtveren’dus
1474 3040 1591 3107 fuit.
1624 3036 1862 3102 Quantus
1893 3046 2071 3091 autent
2088 3037 2209 3109 luc-

634 3105 700 3165 rit
730 3112 818 3166 ille
852 3105 1007 3166 socer
1036 3110 1408 3181 Symmachus,
1442 3105 1950 3181 c‘olligiipotesuum
1983 3122 2047 3161 ex
2076 3105 2208 3161 Cas-

633 3184 866 3247 siodoro,
890 3184 977 3252 qui
1008 3180 1089 3234 ait
1114 3182 1238 3235 Var.
1263 3182 1299 3235 l.
1326 3198 1400 3244 tv,
1419 3196 1505 3247 ep.
1530 3182 1583 3239 6,
1610 3180 1998 3233 Theodericum
2028 3193 2207 3252 regem

634 3254 697 3307 ad
728 3250 918 3323 ipsum
939 3262 995 3307 ut
1022 3253 1192 3305 virum
1228 3256 1513 3323 patricium
1546 3252 1845 3323 scripsisse,
1876 3250 2063 3323 petenti
2109 3265 2209 3301 non

634 3320 937 3377 concedatur
964 3325 1164 3375 licentia
1184 3323 1449 3377 recedendi
1480 3321 1543 3375 de
1569 3322 1689 3374 urbe
1707 3362 1720 3383 ,
1752 3329 1805 3374 et
1826 3337 1911 3388 ep.
1939 3320 2029 3381 22,
2058 3334 2208 3373 eum-

2303 2168 2445 2236 quod
2466 2169 2536 2221 sit
2566 2169 2960 2224 eruditissimus
2985 2210 3001 2235 ,
3030 2171 3171 2224 sicut
3190 2171 3258 2226 de
3279 2170 3506 2226 crimine
3529 2172 3772 2239 sortilegii
3804 2172 3886 2225 di-

2305 2240 2465 2294 citur.
2492 2239 2617 2293 inde
2646 2240 2982 2294 concluditur
3009 2241 3220 2294 Boetius
3248 2256 3349 2296 non
3381 2243 3623 2301 ambitus.
3649 2243 3740 2297 sed
3773 2259 3887 2295 sor-

2308 2310 2468 2379 tilegii
2488 2310 2712 2365 crimine
2740 2323 3018 2365 accusatus
3046 2313 3234 2373 fuisse;
3272 2311 3365 2365 sed
3396 2312 3690 2377 immerito,
3733 2313 3889 2367 sicut

2309 2398 2375 2434 ex
2412 2381 2681 2445 prtedictis
2707 2382 3109 2437 demonstratur
3138 2401 3149 2434 :
3196 2382 3321 2437 hinc
3356 2392 3530 2436 tamen
3560 2396 3666 2435 non
3694 2382 3889 2437 desinit

2309 2453 2423 2521 ipsa
2452 2452 2622 2505 Boelii
2648 2452 2977 2506 existimatio
3004 2452 3142 2521 apud
3170 2454 3425 2521 plurimos
3454 2454 3643 2507 minui.

2384 2523 2404 2553 ³
2461 2522 2611 2587 Quod
2636 2524 2943 2576 existimatio
2968 2523 3328 2593 plurimorum,
3354 2522 3481 2593 etc,]
3529 2524 3745 2579 Scilicet
3777 2524 3890 2590 plu-

2314 2593 2439 2649 rimi
2481 2586 2800 2661 judicando,
2836 2610 2940 2647 non
2968 2586 3286 2663 'cognitione
3314 2586 3481 2649 'clara‘
3516 2605 3568 2649 et
3614 2586 3891 2659 distincta,

2314 2681 2430 2733 quae
2458 2664 2509 2717 in
2538 2665 2691 2717 nobis
2719 2675 2800 2718 est
2830 2664 2996 2733 prima
3028 2666 3141 2720 veri
3166 2665 3353 2733 judicii
3395 2666 3597 2729 regula,
3627 2666 3719 2718 sed
3759 2681 3891 2733 prae-

2313 2736 2622 2804 cipitationc
2656 2745 2709 2787 et
2744 2736 3053 2804 prsejudiuio
3096 2740 3337 2791 feruntur
3370 2753 3382 2788 :
3417 2736 3494 2790 sic
3524 2736 3663 2805 quod
3712 2751 3894 2789 amore

2314 2807 2561 2870 divitias,
2598 2805 2721 2859 odio
2766 2814 3131 2876 paupertatem
3164 2818 3574 2876 prosequantur.
3606 2806 3673 2859 de
3711 2805 3893 2859 diviti-

2315 2877 2412 2931 hns
2449 2877 2670 2935 bonam.
2705 2876 2770 2930 de
2805 2877 3128 2945 pauperibus
3160 2892 3285 2931 vero
3322 2879 3511 2930 malam
3554 2876 3753 2929 habent
3783 2877 3894 2930 exi-

2315 2947 2676 3001 stimationem
2706 2965 2718 2999 :
2748 2948 2826 3001 sic
2851 2948 3007 3003 amici
3029 2946 3150 3012 Job,
3176 2947 3313 3017 quod
3342 2946 3483 3001 hunc
3520 2947 3764 3000 viderent
3804 2962 3893 3000 ca-

2318 3018 2644 3071 lamitatibus
2684 3031 2997 3087 Oppressum
3022 3061 3037 3084 ,
3083 3017 3330 3073 eumdem
3360 3018 3662 3086 iudicarunt
3692 3017 3894 3083 impro~

2316 3094 2437 3141 hum
2491 3107 2503 3141 :
2554 3106 2651 3156 quo
2697 3088 2793 3154 ﬁt,
2834 3098 2888 3141 ut
2938 3090 3243 3143 existimatio
3284 3088 3413 3142 bona
3455 3090 3620 3154 prima
3667 3087 3892 3139 omnium

2316 3160 2514 3211 deserat
2537 3160 2763 3227 infelices
2795 3176 2813 3212 :
2841 3159 2965 3213 hinc
2993 3159 3200 3228 vulgus,
3229 3174 3347 3229 quae
3372 3159 3599 3213 felicitas
3620 3172 3892 3212 commen-

2315 3230 2551 3296 daverit,
2580 3246 2639 3285 ea
2674 3239 2874 3284 tantum
2903 3229 3105 3300 judicat
3130 3245 3251 3285 esse
3272 3230 3569 3299 prudentis.

2384 3322 2405 3352 ⁸
2437 3322 2561 3376 Esse
2581 3320 2826 3394 provisa.j
2872 3322 2946 3394 Ab
2968 3322 3175 3394 homine
3201 3338 3225 3394 7:
3268 3321 3417 3394 Solet
3460 3323 3657 3393 quippe
3696 3319 3885 3394 vulgus

635 3395 758 3447 dem
794 3410 971 3461 regem
1010 3394 1242 3447 voluisse
1272 3404 1328 3447 ut
1358 3393 1495 3446 idem
1536 3392 1886 3465 Symmachus
1916 3406 2036 3465 cum
2062 3407 2211 3465 _qua-
2238 3402 2283 3465 ο
2315 3394 2611 3465 ιιιιίυνειιιιι
2642 3392 2973 3465 prudentiam
3012 3393 3241 3447 hominis
3276 3392 3613 3465 ita‘inferre,
3646 3402 3711 3465 ut
3742 3392 3893 3456 cujus

638 3477 756 3517 tuor
778 3460 894 3517 aliis
924 3464 1259 3517 senatoribus
1280 3465 1345 3516 de
1370 3477 1527 3516 causa
1562 3461 1933 3529 praedictorum
1960 3460 2137 3513 Basilii
2158 3469 2212 3514 et

638 3537 940 3588 Prmtetttati
979 3533 1237 3601 judicium
1288 3535 1482 3595 ferret;
1523 3544 1576 3585 et
1614 3548 1700 3599 ep.
1729 3536 1821 3592 51.
1854 3531 2098 3601 eumdem
2128 3546 2210 3584 re-

636 3620 754 3673 gem
779 3604 1101 3657 Sunmacho
1134 3604 1320 3658 iterum
1370 3605 1690 3657 scribentem
1737 3602 1934 3655 dixisse
1974 3600 2212 3670 Symma-

637 3679 787 3727 chum
820 3674 1032 3726 lfomam
1069 3674 1334 3727 decomsse
1372 3677 1613 3725 domuum
1653 3673 2070 3743 pulchritudine;
2098 3682 2208 3726 tum

638 3746 795 3799 etiam
840 3761 903 3798 ex
952 3744 1223 3797 Prisciano
1253 3744 1593 3806 Caesariensi,
1618 3741 1662 3797 1.“
1696 3744 1763 3797 de
1801 3741 2128 3796 Ponderibus
2156 3752 2213 3795 et

636 3816 989 3881 Mensuris,et
1014 3815 1280 3879 Ennodio,
1312 3814 1502 3882 quibus
1528 3816 1723 3867 dicitur
1753 3814 1839 3866 ille
1868 3812 2209 3881 Symmachus

639 3888 777 3941 omni
800 3888 994 3939 virtutis
1022 3887 1132 3938 luce
1162 3886 1378 3955 fulgere,
1411 3894 1458 3937 et
1489 3886 1689 3955 ceteris
1714 3894 1948 3955 tanquam
1976 3885 2213 3955 virtutum

638 3958 898 4028 exemplar
922 3958 1135 4025 praponi
1162 3952 1330 4024 posse.
1356 3954 1646 4028 Propterea
1674 3953 2017 4028 PhiloSOphia
2034 3995 2046 4017 ,
2065 3952 2214 4028 infra

640 4030 677 4081 l.
712 4025 946 4096 tt,'pros.
978 4028 1029 4090 .i,
1060 4030 1214 4096 riget,
1250 4028 1437 4091 inquit,
1484 4027 1753 4078 incolumis
1798 4025 2215 4093 pretiosissimum

639 4102 835 4168 generis
866 4099 1075 4150 humani
1105 4100 1278 4161 decus,
1315 4098 1654 4165 Symmachus
1682 4112 1845 4168 socer.

716 4171 727 4199 ¹
766 4167 842 4221 De
885 4182 932 4221 te
957 4170 1181 4221 criminis
1213 4169 1365 4236 [idem
1395 4168 1651 4237 capiunt]
1681 4166 1733 4219 ld
1766 4177 1877 4227 est,
1913 4174 2117 4235 propter
2148 4175 2215 4229 te,

640 4254 672 4292 ο
701 4239 1074 4304 Philos0phia,
1108 4248 1306 4291 tantum
1352 4238 1484 4291 illud
1524 4239 1710 4291 crimen
1744 4237 1804 4288 de
1840 4251 1918 4290 me
1961 4242 2218 4289 credunt:

641 4312 717 4363 sic
744 4313 884 4365 enim
917 4312 1117 4365 Seneca
1151 4328 1162 4362 ε
1198 4308 1407 4379 Majora
1443 4318 1668 4361 monstra
1714 4308 1840 4379 ueris
1888 4309 1971 4360 vix
2009 4309 2218 4375 capiunt

641 4382 831 4447 fidem;
863 4384 940 4434 sic
970 4381 1080 4443 ipse
1109 4377 1297 4449 Virgil;
1323 4378 1445 4433 ίΕιι.
1480 4396 1528 4443 v,
1562 4395 1615 4432 v.
1645 4377 1747 4431 604
1780 4396 1792 4432 :

767 4471 854 4521 llic
880 4475 1084 4533 primum
1106 4470 1291 4520 fortuna
1312 4470 1454 4518 ﬁdem
1471 4478 1648 4519 mutata
1673 4470 1881 4519 novavit.

712 4560 731 4588 ³
781 4556 931 4623 Quod
957 4557 1055 4609 tuis
1090 4556 1267 4608 imbuti
1299 4557 1602 4625 disciplinis.
1646 4554 1665 4625 ]
1693 4555 1877 4625 Solent
1907 4553 2154 4607 nimirum
2186 4553 2221 4606 ii

642 4630 730 4697 qui
754 4637 845 4682 aut
869 4628 1288 4696 praicipitatioue
1313 4635 1404 4679 aut
1427 4624 1733 4694 priejudieio
1754 4624 2030 4697 judicent,
2055 4634 2223 4697 teme-

643 4695 840 4763 rarium
869 4695 935 4753 de
965 4695 1046 4755 iis.
1083 4714 1199 4767 qu:e
1226 4697 1325 4766 ipsi
1358 4697 1621 4766 ignorant,
1657 4696 1898 4767 proferre
1921 4695 2217 4767 judicium:
2252 4706 2301 4767 ι)

643 4765 1186 4837 quemadmodum‘S.
1220 4765 1394 4822 ludas
1422 4768 1474 4821 in
1512 4782 1607 4820 sua
1637 4768 1802 4837 Epist.
1839 4765 2223 4837 hisexpressit

643 4835 820 4894 verbis
844 4857 858 4893 :
880 4840 1217 4906 Quacumque
1243 4840 1500 4910 ignorant,
1528 4836 1896 4906 blasphemant.
1921 4836 2011 4891 Sic
2037 4835 2221 4910 ignara

647 4911 919 4980 plebecula
953 4910 1194 4964 insolitos
1221 4908 1393 4963 motus
1422 4924 1607 4963 eorum
1653 4922 1786 4975 quos
1827 4908 2223 4980 aut_so_rtiorios

645 4977 735 5034 aut
762 4981 1122 5051 lycanthmpos
1148 4991 1322 5043 vocat,
1379 4982 1466 5048 qui
1497 4981 1692 5044 saepius
1734 4977 2029 5051 perturbati
2071 4992 2225 5051 cere-

646 5054 726 5105 bri
754 5047 844 5105 aut
874 5051 1015 5105 la'sm
1061 5047 1452 5119 imagination’is
1483 5060 1636 5113 sunt,
1682 5047 1835 5101 malis
1862 5047 2035 5116 geniis
2057 5047 2224 5119 refert

646 5136 915 5189 acceptos.
973 5121 1059 5175 Sic
1108 5116 1348 5175 nonnulli
1408 5122 1785 5176 existimarunt
1831 5128 2009 5189 artem
2034 5116 2226 5189 conﬁ-

645 5186 817 5246 ciendi
847 5196 957 5246 auri
992 5206 1021 5242 a
1046 5192 1376 5245 daemonibus
1410 5207 1561 5256 esse,
1596 5197 1654 5244 ut
1678 5189 1750 5241 ait
1780 5188 1957 5242 Delrio
1984 5186 2220 5255 Disquis.

646 5279 787 5332 mag.
823 5264 856 5315 Ι.
885 5280 920 5316 ι.
954 5262 1041 5317 Sic
1068 5262 1322 5326 Galenus,
1354 5278 1392 5317 ιι
1435 5263 1501 5317 de
1532 5262 1651 5315 Dilf.
1678 5260 1786 5313 feb.
1816 5274 1866 5312 c.
1913 5259 1975 5321 7,
2018 5265 2071 5311 et
2096 5272 2218 5332 cap.

646 5334 715 5389 10
744 5330 811 5389 de
843 5335 1033 5401 Simpl.
1063 5333 1202 5386 med.
1234 5334 1358 5398 fac.,
1390 5334 1459 5389 de
1485 5332 1778 5398 semetipso
1810 5332 2017 5401 locutus
2058 5330 2131 5401 ait
2162 5342 2224 5383 se

646 5416 867 5474 prOpter
888 5398 1209 5472 singularem
1238 5417 1386 5457 suam
1414 5402 1764 5457 eruditionem
1798 5400 2027 5474 positum
2060 5398 2223 5474 fuisse

645 5469 699 5529 in
749 5469 1199 5529 numero'eorum
1245 5475 1336 5542 qui
1385 5476 1641 5528 malorum
1692 5473 1967 5541 geniorum
2009 5469 2222 5542 artibus

646 5547 811 5614 adjuti
837 5546 1049 5600 morbos
1070 5540 1358 5612 depellant.
1386 5546 1471 5598 Sic
1493 5560 1624 5611 ergo
1654 5540 1897 5604 Boetius,
1930 5541 2041 5610 qui,
2061 5548 2115 5614 ut
2141 5540 2221 5594 lo-

647 5610 824 5685 quitur
853 5610 1216 5670 Theodericus
1245 5632 1333 5669 rex
1367 5616 1505 5683 apud
1535 5610 1910 5681 Cassiodorum
1938 5614 1973 5666 I.
2019 5629 2031 5664 l
2069 5610 2216 5674 Var.,

645 5703 733 5754 ep.
763 5690 853 5750 45.
884 5688 1043 5740 multa
1072 5688 1358 5740 eruditione
1379 5688 1639 5754 saginatus
1670 5685 1786 5753 fuit,
1821 5695 1871 5735 ut
1913 5692 2068 5744 artes,
2097 5697 2227 5749 quas

646 5768 876 5811 exercent
925 5759 1196 5825 uulgariter
1242 5759 1535 5820 nescientes,
1584 5756 1634 5807 in
1682 5756 1792 5819 ipso
1838 5755 2226 5825 disciplinarum

647 5834 736 5893 fon
761 5842 787 5877 e
812 5823 1051 5895 potarerit
1076 5869 1090 5892 ,
1126 5842 1339 5895 propter
1382 5842 1641 5880 summam
1692 5841 1841 5877 suam
1870 5823 2223 5895 eruditionem

649 5894 909 5954 musest
955 5899 1074 5954 huic
1118 5894 1291 5955 affinis
1334 5900 1497 5955 fuisse
1540 5896 1821 5955 maleﬁcio.
1874 5894 2051 5962 Quare
2097 5906 2220 5948 cum

2319 3464 2463 3517 videt
2499 3465 2698 3517 exitum
2752 3464 3017 3518 infelicem
3040 3508 3055 3527 ,
3099 3466 3238 3517 hunc
3268 3462 3405 3517 male
3432 3463 3673 3530 adeoque
3700 3463 3896 3529 impru-

2317 3534 2507 3588 denter
2551 3534 2840 3601 incaepisse
2881 3534 3147 3602 negotium
3196 3534 3477 3588 concludat
3529 3552 3542 3585 :
3588 3533 3641 3587 id
3679 3532 3893 3602 quidem

2318 3606 2419 3659 sibi
2444 3604 2627 3673 objicit
2656 3604 2902 3669 Ovidius,
2928 3604 3020 3659 scd
3052 3606 3283 3673 idipsum
3315 3605 3492 3658 statim
3517 3604 3732 3659 refutat.

2440 3718 2615 3769 Exitus
2634 3724 2739 3767 acta
2761 3719 2930 3779 probat
2954 3732 2965 3766 :
2990 3722 3157 3766 careat
3177 3719 3496 3779 successibus,
3523 3728 3636 3780 opto

2502 3782 2732 3842 Quisquis
2756 3783 2813 3827 ab
2847 3787 3029 3829 eventu
3050 3780 3171 3829 facta
3196 3782 3401 3829 notanda
3428 3786 3577 3841 putat.

2391 3888 2411 3918 ³
2466 3887 2592 3951 Qum
2613 3886 2905 3953 perferunt,
2938 3886 3179 3938 meruisse
3210 3882 3533 3955 creduntur.]
3561 3881 3713 3950 Quod
3743 3881 3898 3936 nimi-

2320 3974 2438 4013 rum
2467 3957 2712 4026 prmdicti
2738 3956 2982 4010 homines
3013 3955 3245 4009 viderint
3269 3954 3527 4026 quosdam
3561 3964 3787 4026 propter
3801 3966 3898 4026 sua

2324 4022 2526 4083 scelera
2552 4027 2697 4095 juste
2726 4027 2937 4097 punitos
2968 4026 3141 4097 fuisse
3162 4068 3176 4092 ,
3214 4025 3413 4079 idcirco
3446 4022 3900 4097 hoc’priejudicio

2321 4099 2489 4160 ducti,
2535 4093 2881 4167 quoscunque
2926 4096 3110 4150 vident
3156 4106 3373 4167 propter
3422 4097 3652 4149 delatum
3700 4093 3900 4167 crimen

2322 4169 2507 4238 afﬂigi.
2543 4163 2642 4221 hos
2675 4163 2919 4235 judicant
2952 4183 3079 4238 quati
3109 4163 3391 4238 perferunt,
3426 4163 3812 4238 meruisse._Sed
3848 4163 3900 4238 id

2326 4233 2645 4293 temisritatis
2667 4233 2750 4294 eo
2787 4256 2800 4290 :
2836 4233 2974 4292 cum’
2998 4233 3139 4290 enim
3178 4233 3338 4290 homo
3364 4237 3523 4305 judex
3553 4246 3660 4288 tam
3687 4233 3901 4305 injusti-

2328 4311 2414 4363 ti:e
2437 4325 2593 4375 quam
2616 4309 2836 4377 justitia:
2866 4308 3032 4377 possit
3057 4322 3177 4361 esse
3202 4304 3465 4375 particeps
3483 4348 3497 4372 ,
3522 4306 3722 4359 idcirco
3744 4304 3897 4377 susti-

2326 4380 2499 4504 neat-da
2530 4374 2770 4434 assensio
2792 4374 3053 4434 de'causis
3083 4374 3422 4433 miseriarum
3445 4419 3458 4439 ,
3502 4392 3571 4431 ne
3606 4374 3903 4445 praecipitet

2328 4467 2381 4504 tu
2422 4459 2675 4504 tcaturus.

2323 4451 2675 4518 judicaturus.

2399 4543 2419 4571 ⁸
2467 4543 2840 4596 Sceleratorum
2870 4541 3149 4611 officinas.]
3202 4539 3448 4602 Ofﬁcina,
3477 4538 3552 4592 sic
3576 4535 3712 4590 dicta
3751 4536 3903 4611 quasi

2326 4614 2594 4683 opiﬁcina,
2630 4614 2869 4681 quaedam
2902 4605 2983 4666 est
3011 4605 3199 4683 domus
3230 4626 3380 4680 pars,
3410 4611 3462 4663 in
3495 4623 3597 4677 qua
3625 4620 3758 4675 opus
3794 4605 3854 4658 ﬁt
3886 4621 3901 4657 :

2328 4682 2470 4738 unde
2505 4683 2683 4738 differt
2722 4684 2789 4738 ab
2823 4682 3099 4749 apotheca,
3152 4682 3202 4736 in
3239 4697 3342 4749 qua
3382 4690 3643 4747 servatur,
3673 4686 3733 4749 et
3756 4692 3785 4729 a
3829 4685 3905 4729 ta-

2326 4754 2525 4820 berna,
2572 4755 2622 4807 in
2669 4770 2768 4823 qua
2805 4746 3052 4807 vendi-ur
3085 4746 3219 4820 opus
3259 4746 3391 4823 jam
3424 4750 3639 4823 factum.
3789 4761 3905 4823 mus

2327 4826 2489 4894 igitur
2512 4817 2597 4879 vel
2624 4817 2783 4879 etiam
2815 4834 3023 4897 mentes
3060 4817 3343 4897 impiorum
3381 4821 3677 4882 hominum,
3710 4817 3909 4897 inqui—

2326 4888 2426 4949 h'us
2454 4910 2610 4949 causa
2653 4897 2908 4949 adversus
2936 4888 3175 4947 Boetium
3220 4908 3313 4960 per
3353 4904 3616 4945 summam
3650 4888 3902 4941 malitiam

2327 4967 2447 5021 ﬁcta
2469 4976 2570 5032 est,
2597 4982 2703 5020 non
2734 4966 2828 5021 abs
2850 4981 2909 5020 re
2928 4974 3187 5018 vocantur
3214 4962 3455 5031 ofﬁcium.

2397 5058 2416 5087 '
2473 5056 2675 5109 Caudio
2696 5056 2970 5123 lwtitiaque
2997 5051 3305 5123 fluitantes.]
3329 5052 3479 5123 Sicut
3502 5050 3649 5123 enim
3676 5063 3768 5102 vas
3799 5062 3908 5123 prge

2330 5127 2553 5196 liquoris
2588 5127 2736 5196 cupio
2803 5118 3180 5196 efﬁ'uer'eAsivc
3232 5118 3500 5196 exfuudare
3548 5120 3764 5184 dicitur,
3832 5118 3909 5196 sic

2329 5193 2482 5251 mens
2510 5214 2617 5263 pra:
2647 5193 2823 5263 gaudii
2855 5195 3006 5263 copia
3036 5193 3246 5248 ﬂuitare
3272 5194 3377 5247 dici
3409 5202 3582 5263 potest
3608 5210 3619 5244 :
3643 5194 3903 5263 nam_ani-

2330 5285 2471 5330 mus,
2510 5259 2678 5336 inquit
2724 5259 3033 5323 Terentius.
3076 5266 3283 5317 luxuria
3330 5274 3376 5317 et
3410 5259 3633 5315 lascivia
3689 5259 3908 5383 άῖῃιιιιη

2330 5340 2578 5383 nttndmm
2623 5336 2775 5383 latius
2816 5348 2973 5383 atnue
3014 5336 3231 5383 uberius
3270 5332 3563 5383 excrescit.
3608 5330 3657 5383 id
3691 5345 3723 5383 8
3749 5330 3908 5383 ﬂuere

2328 5330 2596 5406 quodque'
2622 5336 2775 5389 latius
2816 5348 2973 5404 atque
3014 5336 3231 5390 uberius
3270 5332 3563 5397 excrescit,
3608 5330 3657 5384 id
3691 5330 3908 5383 efﬂuere

2328 5409 2520 5463 dicitur
2553 5406 2791 5476 Virgilio,
2827 5422 2862 5460 ιι
2894 5406 3112 5475 Georg.,
3142 5421 3195 5459 v.
3220 5406 3320 5460 567
3359 5423 3371 5457 :

2452 5521 2571 5569 Inde
2597 5519 2679 5567 ubi
2693 5518 2791 5578 jam
2810 5516 2976 5567 validis
2993 5516 3231 5578 amplexae
3253 5514 3483 5578 stirpibus
3514 5511 3668 5578 ulmos

2458 5571 2709 5636 Exiet-int:
2727 5589 2839 5627 tunc
2859 5580 3045 5640 stringe
3072 5571 3260 5640 comas,
3287 5571 3401 5640 tunc
3424 5576 3645 5640 bracchia
3664 5571 3839 5629 tonde;

2458 5646 2587 5691 Ante
2607 5640 2925 5691 reformidant
2945 5636 3127 5688 fe'rrum
3157 5653 3167 5686 :
3192 5636 3305 5688 tunc
3328 5637 3545 5697 denique
3567 5636 3686 5683 dura

2456 5705 2524 5755 Ex
2535 5717 2648 5753 erce
2673 5703 2871 5764 imperia
2899 5709 2950 5750 ct
2972 5713 3133 5750 ramos
3151 5712 3411 5763 compesce
3434 5700 3661 5747 fluentes.

2406 5822 2426 5847 ⁸
2482 5812 2892 5865 Perditissimum
2923 5810 3189 5877 fraudibus
3212 5800 3601 5877 imminentem.]
3626 5800 3911 5877 Impunita!

2341 5888 2482 5947 enim
2515 5884 2872 5956 perditorum,
2907 5870 3158 5937 similium
3201 5880 3473 5937 hominum
3515 5870 3725 5931 fraudes
3756 5870 3910 5941 parit.
