4292 6262
478 430 580 485 655

478 550 627 603 novis
654 546 975 602 delationum
1007 544 1279 601 fraudibus
1311 554 1335 582 ³
1362 545 1726 600 imminentem
1757 566 1769 600 :
1799 548 1812 577 ¹
1869 548 2045 617 iacere
2074 550 2126 611 Α

476 639 665 703 bonos,
702 638 868 691 nostri
896 639 915 669 ²
964 636 1287 692 discriminis
1336 648 1539 693 terrore
1584 649 1875 708 prostratos
1910 658 1921 693 :
1954 641 2049 695 lla-

474 731 721 802 gitiosum
752 744 1013 800 quemque
1034 728 1098 783 ad
1123 728 1236 799 (l0)
1268 715 1566 784 audendum
1599 730 1810 800 quidem
1845 730 2048 787 facinus

479 823 820 893 impunitate,
851 822 915 875 ad
944 820 1283 875 efficiendum
1314 836 1444 875 vero
1494 821 1727 891 praemiis
1784 822 1993 876 invitari
2030 839 2045 876 :

477 911 503 952 δ
530 914 781 968 insontris
804 921 978 967 autem
1008 929 1110 967 non
1154 913 1310 967 modo
1353 915 1672 979 securitate,
1716 929 1901 968 verum
1934 914 2045 983 ipsa

476 1006 635 1060 etiam
677 1004 984 1061 defensione
1031 1006 1286 1071 privatos.
1320 1006 1497 1076 Itaque
1547 1008 1676 1062 libet
1722 1007 2043 1063 exclamare.

968 1099 1073 1169 63
1111 1100 1396 1155 neruum
1428 1101 1445 1119 ·
1490 1100 1550 1153 v.

476 1206 853 1248 ARGUIENTUM.
877 1220 946 1230 -—
974 1190 1197 1257 Boetius,
1225 1193 1541 1246 considerata
1563 1193 1667 1260 lege
1698 1191 2049 1244 constantissi-

545 1278 648 1324 ma,
692 1278 789 1331 qua
838 1260 973 1315 Deus
1038 1262 1261 1316 alternas
1310 1264 1465 1329 lunw,
1522 1262 1761 1325 Veneris,
1814 1262 2044 1326 dierum,

545 1343 991 1403 tempestaIumque
1024 1333 1148 1387 vices
1181 1335 1326 1404 regit,
1358 1336 1572 1388 miratur
1600 1334 1766 1388 solum
1795 1333 2045 1386 hominem

1401 428 1487 483 DE
1528 426 2040 487 CONSOLATIONE
2078 430 2546 492 PHILOSOPHUS
2582 433 2705 489 LIB.
2752 434 2790 487 l.

3616 432 3718 486 654

2223 550 2294 601 ita
2320 550 2477 603 videri
2504 550 2696 619 legibus
2717 550 2959 617 solutum,
2987 559 3039 602 ut
3074 559 3378 621 prttpostero
3406 550 3555 603 velut:
3583 551 3723 602 ordi-

2225 638 2286 673 ne
2322 631 2368 674 et
2414 622 2585 691 impiis
2618 636 2880 688 prospera,
2910 630 2955 673 et
2993 622 3092 689 piis
3132 625 3342 675 adversa
3386 622 3725 691 contingant:

2224 702 2329 745 tum
2354 702 2496 761 rogat
2521 688 2684 744 Deum
2710 702 2762 744 ut
2796 690 2874 745 his
2896 688 3098 745 tandem
3124 692 3247 747 dare
3276 693 3391 747 uelit
3413 688 3581 761 ﬁnem.

2367 783 2410 837 Ο
2441 782 2677 837 stelliferi
2706 784 2949 837 conditor
2977 783 3143 852 orbis,

2366 873 2467 941 Qui
2498 885 2758 943 perpetuo
2786 874 2947 927 nilus
2974 874 3130 939 solio,

2366 964 2475 1035 64
2504 966 2705 1035 Rapido
2730 967 2921 1021 malum
2955 966 3164 1020 turbine
3188 980 3366 1023 versas

2372 1057 2673 1126 Legemque
2705 1058 2807 1126 pati
2837 1058 3011 1112 sidera
3042 1060 3212 1128 cogis,

2298 1150 2331 1204 5
2372 1149 2435 1203 Ut
2466 1165 2604 1203 nunc
2631 1150 2785 1218 pleno
2816 1150 2985 1204 lucida
3008 1165 3194 1216 cornu,

2368 1240 2517 1294 ’l‘otis
2544 1240 2721 1295 fratris
2747 1251 2801 1295 et
2828 1240 2981 1295 obvia
3014 1242 3261 1308 flammis,

2368 1328 2575 1386 Condat
2600 1332 2782 1388 stellas
2806 1332 2929 1387 luna
2959 1332 3228 1397 minores;

1816 1462 2390 1522 INTERPRETATIO.

548 1596 574 1624 ⁸
605 1585 880 1641 Intentum.

516 1714 519 1717 .
544 1656 574 1698 δ
604 1657 920 1711 Innocentes.

544 1728 589 1785 Ο
621 1730 780 1797 Deus,
812 1736 1007 1782 creator
1033 1726 1143 1780 cali
1165 1725 1372 1789 stellati,
1406 1725 1492 1795 qui
1533 1724 1801 1779 considens
1832 1724 1886 1779 in
1913 1724 2041 1778 solio

2153 1581 2479 1649 sempiterno,
2508 1580 2755 1634 convertis
2794 1579 2968 1648 ipsum
2991 1582 3175 1636 caelum
3216 1582 3457 1647 vertigine
3484 1582 3651 1648 celeri,
3679 1594 3727 1637 et

2156 1653 2319 1720 adigis
2345 1661 2484 1705 astra
2512 1652 2678 1705 subire
2719 1660 2865 1706 tuum
2912 1652 3202 1719 imperium,
3236 1655 3302 1706 ita
3344 1663 3396 1705 ut
3428 1653 3548 1706 luna
3580 1655 3726 1707 modo

2157 1724 2352 1794 integro
2384 1722 2499 1776 orbe
2527 1722 2820 1777 illuminata
2865 1726 3157 1794 cunctisque
3196 1724 3396 1795 ignibus
3438 1724 3611 1793 fratris
3646 1724 3725 1779 sui

1984 1857 2212 1915 NOTAE.

547 1985 564 2015 ί
594 1980 770 2036 lacere
799 1978 999 2051 bonos.l

471 2056 621 2109 viridi
658 2055 793 2123 ligno
830 2052 939 2106 lucc
979 2052 1197 2123 faciunt,
1225 2050 1452 2123 iniarido
1481 2050 1602 2118 quid
1632 2050 1762 2123 ﬁet?
1791 2050 1835 2104 si
1868 2058 2046 2123 tantus

472 2120 721 2193 tantaque
753 2122 948 2177 virtute
977 2121 1229 2193 przeditus
1269 2122 1481 2175 Boetius
1519 2131 1623 2174 tam
1653 2120 1791 2174 male
1813 2122 2040 2193 excipia-

472 2205 580 2261 tur,
603 2191 726 2264 quid
758 2191 1209 2264 sperare'possint
1252 2194 1431 2245 caeteri
1477 2192 1728 2264 virtutum
1777 2191 2045 2264 cultores?

541 2260 573 2297 ’⁷
618 2260 936 2318 Discriminis
978 2260 1210 2333 terrore]
1248 2264 1540 2318 Discrimen
1593 2262 1730 2333 idem
1776 2272 1858 2317 est
1902 2263 2040 2329 quod

470 2338 763 2406 periculum
807 2352 821 2387 :
864 2337 1001 2390 sicut
1042 2331 1389 2389 eniin'criuis
1434 2345 1516 2406 est
1563 2350 1590 2406 a
1630 2331 1815 2386 Grzeco
1843 2337 2040 2406 zpivsw,

468 2404 608 2477 quod
648 2407 860 2477 proprie
894 2416 976 2460 est
1007 2407 1277 2468 dirimere;
1318 2407 1393 2460 sic
1432 2404 1721 2477 discrimen
1765 2415 1846 2458 est
1874 2420 1904 2457 a
1931 2404 2041 2461 δια-

469 2476 646 2553 ἐρίγειν
666 2519 679 2541 ,
715 2476 855 2553 quod
901 2478 1058 2553 etiam
1090 2478 1325 2553 dirimere
1366 2486 1449 2553 est
1487 2476 1598 2529 sive
1626 2476 1731 2546 62
1763 2491 2041 2553 separare:

470 2547 609 2602 n'nde
637 2550 857 2618 capillos
882 2564 910 2601 a
940 2564 999 2603 se
1020 2548 1245 2602 invicem
1275 2548 1554 2601 distinctos
1582 2561 1831 2601 vocamus
1859 2547 2040 2601 discri-

469 2622 706 2673 minatos.
737 2619 1016 2674 Claudian.
1047 2619 1113 2673 de
1138 2619 1297 2687 Nupt.
1330 2618 1467 2672 lion.
1503 2636 1514 2669 :

832 2711 949 2760 Haec
971 2723 1132 2759 morsu
1154 2712 1393 2760 numerosi
1412 2710 1571 2760 dentis
1595 2712 1783 2760 eburno

594 2772 874 2824 Multiﬁdum
894 2774 1155 2822 discrimen
1180 2780 1297 2821 arat.

539 2860 697 2928 Atqui
721 2873 825 2927 quo
853 2857 1089 2926 periculo
1113 2856 1309 2928 aliquis
1330 2856 1579 2923 jactatur,
1615 2856 1713 2911 boc
1755 2872 1784 2909 a
1812 2864 2035 2912 caetero—

467 2945 585 2985 rum
612 2927 879 2985 hominum
907 2937 1048 2982 coetu
1074 2927 1284 2981 videtur
1310 2929 1539 2996 sejungi.

537 2999 797 3054 Caeterum
832 2999 1045 3053 Boetius
1074 2999 1255 3067 paucis
1286 2998 1371 3052 hic
1408 2998 1632 3051 resumit
1666 3013 1789 3051 suas
1821 2998 2038 3053 calami-

468 3080 620 3135 tates,
647 3086 825 3125 earum
867 3084 1112 3133 causam,
1156 3078 1209 3123 et
1252 3084 1370 3135 qua:
1409 3083 1472 3121 ex
1520 3067 1603 3121 his
1638 3078 2037 3135 consequuntur

465 3143 625 3196 mala.
676 3140 1013 3209 Calamitates
1061 3148 1204 3200 sunt.
1235 3140 1288 3193 1°
1322 3138 1460 3209 quod
1509 3139 1651 3191 bonis
1700 3140 1929 3193 omnibus
1968 3140 2035 3193 sit

465 3214 681 3282 pulsus;
710 3212 769 3265 2°
800 3206 938 3282 quod
970 3210 1300 3282 dignitatibus
1338 3206 1517 3263 exutus
1543 3226 1560 3272 ;
1605 3209 1660 3266 3°
1692 3211 1830 3278 quod
1853 3211 2036 3282 existi-

464 3281 685 3335 matione
722 3281 955 3351 foedatus.
1009 3282 1178 3334 Causa
1226 3281 1586 3334 calamitatum
1633 3290 1713 3333 est
1760 3281 2031 3349 multiplex

1052 1979 1214 2045 Quia,
1241 1987 1299 2034 ut
1327 1978 1519 2033 dicitur
1544 1978 1700 2033 Lucae
1731 1993 1891 2039 χχιιι.
1921 1978 1965 2031 si
1994 1978 2048 2032 in
2078 1982 2127 2041 B
2152 1976 2304 2050 bile:
2335 1992 2501 2050 quare
2555 1993 2695 2033 nunc
2731 1978 2927 2035 dicitur
2972 1987 3300 2050 perpetuum:
3348 1979 3431 2035 cui
3475 1980 3611 2034 lavet
3642 1980 3723 2037 illa

2152 2048 2300 2103 vocis
2332 2049 2724 2118 interpretatio,
2768 2066 2867 2119 qua
2895 2048 3081 2104 solium
3111 2051 3307 2105 dicitur
3331 2054 3472 2105 sedes
3511 2051 3677 2105 solida
3708 2067 3723 2117 ;

2152 2128 2209 2173 ut
2240 2127 2399 2191 terra.
2426 2120 2565 2188 quod
2596 2121 2883 2191 solidagsit,
2916 2122 3211 2191 appellatur
3237 2121 3423 2176 solum.

2220 2191 2273 2263 ἦ.
2308 2189 2789 2263 Βᾳρὶᾴοᾼιανὸἱηελ
2817 2189 3014 2263 Turbo,
3046 2192 3248 2247 Gallice
3273 2210 3339 2245 un
3373 2191 3665 2263 tourbillon,
3694 2208 3721 2246 a

2150 2260 2412 2333 turbando
2434 2261 2646 2323 dicitur,
2675 2260 2815 2330 quod
2842 2262 2979 2316 facto
3002 2265 3230 2333 quodam
3255 2262 3477 2318 circuitu
3501 2264 3721 2318 materia

2149 2333 2226 2384 sic
2254 2330 2511 2395 turbetur,
2540 2345 2588 2385 ul
2624 2347 2829 2387 summa
2862 2332 3002 2398 imis,
3021 2330 3292 2388 anteriora
3318 2333 3719 2403 posterioribus,

2156 2402 2611 2473 ilextrarsinistris
2655 2403 2961 2457 succedant.
3005 2404 3094 2460 Sic
3136 2402 3329 2459 ventus
3370 2404 3603 2472 quidam,
3632 2407 3720 2473 qui

2148 2471 2397 2545 Lucretio
2428 2484 2646 2530 vocatur
2672 2474 3034 2545 versabundus,
3083 2476 3279 2545 quique
3313 2471 3535 2544 corpora
3568 2471 3718 2529 obvia

2143 2543 2480 2669 iilrgumagit,
2529 2553 2751 2601 vocatur
2797 2544 2942 2601 turbo
2975 2562 2994 2601 :
3025 2543 3164 2601 unde
3196 2543 3375 2617 Virgil.
3412 2543 3445 2601 n
3476 2546 3627 2612 Axn,
3666 2563 3715 2600 ν.

2268 2728 2473 2792 adversi
2498 2734 2640 2789 rupto
2663 2742 2753 2779 ceu
2767 2730 3007 2792 quondam
3030 2731 3228 2781 turbine
3251 2733 3385 2782 venti

2266 2790 2553 2852 Conﬂigunt.

2212 2873 2301 2929 Sic
2323 2874 2561 2945 trochus,
2593 2875 2861 2944 vulgatum
2891 2890 3174 2945 puerorum
3205 2875 3510 2943 ludibrium,
3534 2877 3716 2945 appel-

2141 2944 2282 2998 latur
2326 2944 2490 2997 turbo.
2528 2944 2671 3013 Virg.
2711 2947 2799 3000 Sic
2848 2945 2948 3000 fusi
2987 2948 3202 3013 pensilis
3224 2947 3466 3001 circuitio
3504 2944 3709 3001 Catullo

2140 3015 2334 3069 dicitttr
2381 3017 2525 3068 turbo
2581 3018 2704 3070 Sive
2733 3026 2910 3070 autem
2956 3018 3150 3071 ctelnm
3176 3017 3425 3071 credatur
3462 3017 3709 3085 solidum,

2139 3086 2257 3139 sive
2285 3086 2564 3154 liquidum,
2598 3086 2669 3139 ibi
2697 3088 2944 3155 perennis
2966 3100 3047 3142 est
3069 3090 3305 3142 materia:
3334 3097 3492 3141 motae
3522 3089 3711 3142 circui-

2140 3156 2235 3221 tio,
2269 3157 2507 3224 adeoque
2537 3157 2703 3209 turbo.

2210 3229 2264 3280 Ii.
2296 3226 2577 3295 Legemque
2618 3230 2724 3301 pati
2749 3229 2918 3301 sidera
2950 3227 3135 3301 cogis]
3166 3228 3235 3285 Ut
3261 3243 3455 3301 corpus
3486 3229 3711 3297 primum

2141 3313 2244 3351 non
2280 3308 2542 3370 movetur,
2587 3298 2690 3353 nisi
2717 3300 2784 3352 ab
2814 3300 2927 3368 ipso
2959 3299 3087 3364 Deo,
3117 3298 3148 3353 a
3175 3316 3279 3370 quo
3302 3300 3571 3354 conditum
3594 3308 3709 3365 est;

465 3353 700 3420 ejusdem
732 3353 921 3440 Doctii,
950 3352 1266 3440 inseqatum
1289 3351 1551 3440 pneciptie
1597 3351 1911 3419 beneﬁcium,
1936 3366 2034 3419 pro
2062 3361 2108 3425 ρ
2138 3382 2160 3421 ε

2016 3366 2034 3405 ³
2062 3361 2108 3425 C
2138 3370 2215 3440 sic
2244 3368 2381 3440 idem
2401 3351 2598 3436 corpus
2626 3351 2730 3424 non
2760 3351 3711 3440 indiéidr'nisisééun'duiﬁ'ea;(ius;

466 3439 571 3491 quo
598 3424 903 3492 supplicium
930 3424 1063 3475 tulit.
1098 3422 1230 3475 Mala
1261 3437 1379 3485 quze
1401 3435 1467 3473 ex
1503 3420 1582 3473 his
1610 3432 2028 3490 consequuntur,

464 3503 588 3547 sunt
628 3491 852 3561 primum
892 3492 1031 3562 quod
1072 3503 1252 3546 sontes
1274 3491 1592 3560 impunitate,
1634 3508 1737 3545 non
1769 3493 1927 3547 modo
1965 3494 2033 3546 ad

464 3566 597 3615 male
625 3564 950 3632 deferendum
974 3604 987 3619 .
1034 3564 1125 3617 sed
1156 3563 1312 3616 etiam
1343 3562 1426 3632 ad
1466 3562 1775 3627 audendum,
1815 3563 1923 3618 imo
1968 3563 2036 3615 ad

464 3631 787 3702 efﬁciendum
808 3633 1064 3703 quodlibet
1090 3635 1290 3700 [acinus
1330 3631 1567 3703 ferantur
1594 3650 1607 3686 :
1643 3634 1881 3689 insontes
1907 3650 2037 3687 vero

464 3715 511 3756 et
540 3706 795 3759 severitate
822 3702 869 3759 et
892 3705 1183 3774 defensione
1205 3704 1493 3773 priventur.
1516 3702 1697 3773 Itaque
1722 3705 1837 3758 libet
1864 3704 2036 3759 excla-

464 3790 622 3828 mare.

539 3874 552 3891 ‘
578 3868 724 3935 Quod
757 3883 786 3920 a
809 3868 1038 3922 Pindaro
1075 3878 1293 3921 vocatur
1325 3866 1674 3924 Pindaricum.
1721 3869 1813 3923 Est
1859 3882 2035 3925 autem

466 3954 677 3993 carmen
724 3948 973 3992 constans
1013 3954 1076 3992 ex
1132 3954 1235 3991 uno
1263 3954 1457 4005 genere
1504 3955 1774 4003 versuum,
1809 3956 2035 4009 quorum

463 4009 689 4077 quilibet
717 4018 1024 4063 tetrameter
1045 4053 1058 4073 ,
1105 4011 1297 4076 srepius
1328 4009 1643 4077 spondeum,
1681 4021 2031 4079 ananzcstum,

463 4081 751 4149 dactylum,
801 4089 855 4134 et
898 4080 1191 4150 spondeum
1224 4079 1419 4150 habet:
1452 4081 1542 4133 sed
1578 4081 1659 4134 bis
1692 4082 1892 4150 legibus
1939 4098 2033 4136 ne-

378 4148 383 4153 ’
462 4148 669 4219 glectis,
701 4150 752 4203 id
780 4166 943 4204 unum
970 4158 1122 4204 curat
1144 4148 1449 4213 Boetius,ut
1469 4152 1574 4204 sint
1600 4148 1825 4219 quatuor
1852 4154 2033 4220 pedes.

534 4244 588 4297 1.
608 4241 854 4312 Stelliferi
879 4238 1059 4312 orbis.]
1078 4240 1201 4294 (Σαιιὶ
1228 4257 1245 4293 :
1273 4241 1465 4296 coelum
1490 4242 1648 4303 enim,
1679 4244 1836 4296 etiam
1857 4244 2037 4311 judice

458 4312 659 4379 Tullio,
701 4312 925 4380 duplicis
955 4321 1037 4367 est
1064 4314 1275 4381 generis
1304 4330 1315 4363 :
1348 4314 1571 4365 alterum
1601 4315 1823 4377 aerium,
1849 4314 1900 4367 in
1932 4331 2038 4382 quo

465 4383 650 4447 nubes,
688 4384 909 4446 imbres,
942 4385 1191 4451 ventique
1224 4394 1513 4451 coguntur;
1544 4383 1767 4437 alterum
1808 4384 2033 4439 stellife-

462 4469 601 4516 rum,
646 4454 808 4523 quod,
850 4468 878 4506 a
927 4452 1209 4507 domiciliis
1258 4456 1455 4508 nostris
1486 4454 1821 4519 altissimum,
1859 4456 2035 4510 omnia

461 4525 626 4593 cingit
648 4536 699 4578 et
723 4532 955 4588 coercet,
984 4534 1220 4578 extrema
1242 4540 1333 4577 ora
1361 4535 1415 4577 et
1433 4525 1806 4578 determinatio
1828 4527 2034 4581 mundi.

462 4594 538 4649 De
568 4597 667 4666 hoc
690 4605 867 4649 autem
899 4596 1133 4666 secundo
1163 4595 1284 4649 caeli
1315 4610 1513 4663 genere
1538 4596 1657 4649 ideo
1686 4610 1825 4648 nunc
1856 4596 2033 4666 loqui-

461 4675 546 4719 tur
575 4665 811 4729 Boetius,
858 4664 996 4733 quod
1032 4665 1267 4719 dicturus
1297 4668 1367 4719 sit
1404 4667 1470 4719 de
1513 4666 1711 4733 legibus
1767 4682 1883 4733 quze
1914 4664 2034 4722 cum

459 4735 509 4789 in
541 4735 879 4791 inferioribus
908 4736 1242 4804 Corporibus,
1275 4744 1382 4789 tum
1410 4738 1567 4789 etiam
1597 4738 1648 4789 in
1670 4739 1826 4789 astris
1849 4738 2031 4792 obser-
2060 4748 2111 4806 ι)

459 4816 669 4871 vantur,
702 4821 836 4875 quas
862 4806 1075 4875 quidem
1113 4806 1257 4876 leges
1285 4807 1427 4861 Deus
1457 4808 1569 4873 ipse
1597 4807 1780 4859 statuit
1802 4822 1830 4859 a
1858 4810 2028 4874 primo

458 4889 750 4939 momento,
776 4892 880 4946 quo
897 4876 1010 4930 haec
1032 4892 1253 4945 corpora
1285 4878 1522 4931 condidit
1548 4893 1562 4932 :
1589 4887 1866 4946 propterea
1891 4878 2028 4934 Deus

459 4962 600 5001 nunc
625 4948 906 5017 cogitatur.
938 4956 991 4999 ut
1015 4950 1264 5001 conditor.

526 5017 580 5088 2.
615 5019 712 5083 Qui
744 5029 983 5087 perpetuo
1011 5020 1157 5071 nixus
1181 5016 1354 5088 s~lio.]
1381 5017 1582 5073 Soliunt
1630 5018 1919 5087 generatim
1948 5031 2031 5077 est

458 5087 633 5152 sedes,
667 5091 835 5154 inqua
869 5089 1042 5153 plures
1066 5089 1221 5142 simul
1251 5087 2027 5157 considereneqneunt:Solia,

458 5160 619 5223 enim,
652 5160 819 5228 inquit
847 5159 1055 5219 Festus,
1081 5160 1405 5226 appellantur
1430 5159 1610 5211 sedilia
1642 5161 1691 5211 in
1722 5160 1900 5227 quibus
1925 5178 2029 5215 non

457 5232 628 5296 plures
658 5230 845 5298 singuli
888 5239 1099 5294 possunt
1134 5230 1307 5283 sedere
1338 5246 1355 5283 :
1410 5231 1559 5295 quasi
1598 5230 1790 5284 solium
1820 5230 2027 5287 dicatur

458 5304 595 5367 quod
628 5302 799 5353 solum
844 5314 1003 5353 unum
1038 5301 1199 5365 capit.
1252 5300 1536 5369 Speciatiin
1571 5316 1694 5354 vero
1724 5303 1915 5356 solium
1947 5314 2031 5357 est

456 5372 607 5425 sedes
633 5372 794 5440 regia,
827 5372 1072 5444 v_ulgoun
1105 5373 1281 5444 (rane;
1312 5372 1387 5424 sic
1403 5371 1659 5439 accipitur
1680 5370 1906 5444 aVirgil.
1932 5390 2031 5428 sa:-

456 5457 593 5507 pius,
625 5454 683 5494 ut
711 5456 778 5493 vn
812 5440 1048 5505 IEneid.,
1079 5441 1257 5494 v.169
1285 5459 1295 5493 :

636 5532 846 5591 Imperat
868 5539 919 5579 et
942 5530 1061 5579 solio
1084 5532 1273 5579 medius
1290 5530 1507 5579 consedit
1529 5532 1671 5581 avito.

530 5616 669 5669 Deus
717 5625 891 5668 autem
943 5629 1081 5666 nunc
1126 5623 1390 5681 spectatur
1432 5613 1729 5681 quatenus}
1756 5622 1838 5668 est
1885 5629 2017 5669 rex:

454 5687 593 5740 unde
620 5701 776 5738 versu
805 5684 871 5737 27
902 5684 1096 5738 dicitur
1126 5686 1301 5736 merito
1321 5693 1483 5736 rector
1509 5682 1737 5736 cohibere
1762 5685 1949 5748 modo;
1971 5698 2026 5741 et

454 5772 593 5810 vers.
626 5755 717 5818 46,
744 5754 969 5825 Rapidos
996 5763 1159 5825 rector
1183 5756 1454 5825 comprime
1483 5756 1689 5821 ﬂuctus.
1722 5756 1777 5807 In
1813 5757 1911 5808 hoc
1932 5771 2025 5809 att-

455 5839 560 5879 tcm
603 5841 823 5894 regnum
858 5824 949 5879 Dei
985 5824 1161 5878 differt
1186 5840 1212 5877 a
1261 5824 1493 5887 caneris,
1526 5825 1663 5890 quod
1700 5826 1810 5877 haec
1850 5836 2022 5878 muta-

452 5899 584 5954 tioni
614 5898 722 5952 sint
746 5897 997 5965 obnoxia,
1026 5896 1153 5951 illud
1178 5910 1303 5952 vero
1330 5904 1587 5949 aeternum
1610 5894 1676 5949 sit
1700 5904 1751 5950 et
1774 5895 2023 5953 immuta-

2141 3438 2253 3512 ipse
2310 3439 2447 3512 Deus
2487 3440 3054 3512 statuitimmotasquc
3095 3452 3272 3497 servat
3302 3450 3477 3503 uictus
3523 3438 3709 3512 leges:

2139 3509 2351 3589 Optime
2366 3510 2508 3563 enim
2536 3507 2776 3575 Ovidius,

2262 3622 2426 3691 Niljta
2450 3622 2757 3691 sublime‘est
2778 3637 3021 3691 supraque
3046 3626 3269 3691 pericula
3285 3630 3464 3691 tendit;

2328 3684 2433 3734 Non
2449 3687 2511 3734 sit
2532 3693 2583 3735 ut
2606 3684 2808 3736 inferius
2826 3684 3221 3751 suppositumque
3242 3689 3367 3739 Deo.

2211 3793 2301 3848 Sic
2324 3808 2517 3863 corpus
2537 3794 2677 3867 quod
2703 3806 2967 3861 movetur,
2995 3797 3063 3851 ab
3082 3797 3260 3867 aliquo
3286 3796 3391 3851 alio
3416 3806 3710 3866 moveatur,

2140 3879 2364 3918 necesse
2393 3874 2475 3918 est
2508 3882 2520 3917 :
2554 3866 2630 3919 sic
2659 3880 2852 3934 corpus
2885 3866 3183 3931 immotum,
3215 3883 3318 3923 non
3349 3877 3545 3932 movet,
3578 3880 3707 3935 etc.,

2141 3936 2402 4007 ejusmodi
2430 3935 2496 3989 de
2528 3936 2719 4007 quibus
2750 3938 2800 3989 in
2830 3935 3023 4003 philos.
3058 3937 3191 3993 Hinc
3217 3939 3483 4007 Sapientia
3510 3947 3708 3993 :eterna

2140 4004 2394 4078 Proverb.
2414 4021 2503 4059 vnt
2524 4004 2782 4070 :Quando
2805 4007 2967 4073 Deus,
2986 4008 3174 4076 inquit,
3195 4004 3513 4078 praeparabat
3536 4011 3707 4076 caelos,

2140 4075 2349 4149 aderam
2379 4091 2397 4129 :
2423 4078 2623 4149 quando
2650 4087 2785 4149 certa
2816 4078 2925 4147 lege
2964 4088 3009 4131 et
3040 4096 3166 4149 gyro
3196 4075 3422 4133 'vallabat
3461 4075 3706 4149 abyssos:

2140 4147 2344 4209 quando
2368 4147 2556 4219 (ethera
2582 4148 2815 4214 firmabat
2831 4147 3113 4219 sursum,et
3135 4149 3347 4204 librabat
3373 4147 3710 4219 fontesaqua-

2140 4232 2251 4289 rum
2281 4233 2300 4271 :
2329 4217 2531 4287 quando
2577 4218 2922 4272 circumdabat
2959 4222 3090 4273 mari
3134 4223 3401 4274 terminum
3438 4217 3607 4289 suum,
3663 4233 3710 4277 et

2142 4288 2298 4357 legem
2328 4289 2543 4357 ponebat
2572 4289 2737 4354 aquis,
2763 4305 2823 4341 ne
2853 4291 3124 4344 transirent
3159 4292 3283 4357 fines
3312 4308 3448 4353 suos.
3482 4304 3585 4347 etc.

2211 4357 2343 4411 Cum
2375 4360 2536 4428 igitur
2558 4358 2735 4412 sidera
2792 4374 3018 4428 corpora
3050 4363 3178 4425 sint,
3211 4362 3323 4415 haec
3352 4379 3456 4415 non
3486 4366 3655 4417 solum
3678 4379 3708 4418 a

2146 4428 2251 4498 Deo
2277 4438 2416 4491 sunt,
2451 4427 2543 4482 sed
2575 4428 2778 4498 legibus
2812 4427 2901 4483 ab
2921 4430 3035 4497 ipso
3066 4431 3173 4485 Deo
3196 4434 3497 4487 constitutis
3525 4450 3706 4489 serva-

2143 4497 2312 4575 tisqne
2338 4497 2645 4575 moventur,
2676 4500 2911 4575 adeoque
2937 4501 3073 4575 Deus
3099 4502 3231 4571 cogit
3250 4504 3417 4575 sidera
3442 4505 3602 4575 legem
3618 4522 3709 4571 pa-

2143 4570 2213 4640 ti:
2239 4578 2513 4640 propterea
2538 4568 2839 4640 Deusinunc'
2860 4568 3248 4639 diciturregere
3269 4568 3510 4627 alternas
3521 4568 3705 4640 Luam,

2143 4638 2385 4711 Veneris,
2417 4639 2648 4702 Dierum,
2679 4638 3181 4711 Tempestatumque
3206 4658 3500 4697 annuarum
3530 4638 3706 4711 vices,

2140 4709 2277 4763 sicut
2301 4708 2552 4778 deinceps
2579 4708 2971 4777 explicandum.

2205 4781 2256 4855 5_.
2301 4778 2366 4832 Ut
2396 4796 2529 4855 nunc
2568 4782 2715 4855 pleno
2746 4781 2915 4855 lucida
2958 4780 3159 4852 comm]
3188 4782 3227 4836 l.
3264 4783 3487 4849 Quidem
3534 4787 3709 4855 agitur

2138 4851 2204 4923 de
2236 4851 2378 4913 luna,
2410 4849 2559 4923 cujus
2591 4851 2735 4903 vices
2764 4854 2813 4905 in
2844 4854 2941 4905 boc
2963 4849 3266 4919 versantur,
3290 4855 3429 4923 quod
3463 4849 3620 4912 modo
3640 4860 3710 4913 sit

2138 4920 2325 4995 plena,
2357 4920 2515 4995 modo
2544 4932 2759 4975 curvata
2790 4923 2838 4975 in
2870 4938 3089 4995 cornua.
3120 4924 3280 4979 Plena
3306 4920 3388 4980 est
3413 4927 3555 4995 luna,
3591 4929 3709 4984 sive

2134 4990 2286 5060 pleno
2307 4990 2474 5042 lucida
2500 5008 2687 5064 cornu,
2715 5008 2833 5045 cum
2866 4993 2990 5056 soli,
3037 4996 3308 5064 interjecta
3338 5007 3499 5061 terra.
3531 4990 3561 5054 e
3598 5000 3709 5055 dia-

2136 5071 2309 5137 metro
2323 5061 2573 5137 opposita
2612 5064 2787 5137 lumen
2822 5066 2999 5137 solare
3022 5061 3195 5120 media
3226 5070 3303 5122 sui
3334 5079 3481 5137 parte
3515 5073 3579 5125 ad
3612 5087 3709 5126 nos

2137 5132 2359 5185 remittit
2389 5149 2402 5184 :
2435 5132 2534 5185 ltoc
2578 5143 2658 5187 est
2688 5135 2804 5187 totis
2854 5135 3028 5203 fratris
3062 5137 3202 5189 obvia
3236 5132 3468 5262 [laminis
3493 5157 3511 5195 :
3539 5144 3708 5209 poetis

2138 5203 2279 5257 enim
2316 5202 2500 5262 Diana,
2524 5218 2644 5262 ante
2667 5204 2767 5257 alin
2790 5206 3003 5258 nomine
3021 5205 3214 5260 dicitur
3280 5215 3706 5262 una.etAnollo-

2138 5202 2500 5279 enithiana,
2524 5218 2644 5272 qua:
2667 5204 2767 5279 alio
2790 5202 3003 5279 nomine
3021 5205 3214 5279 dicitur
3236 5202 3405 5272 Luna,
3421 5222 3476 5264 et
3496 5202 3706 5279 Apollo,

2137 5274 2225 5341 qui
2254 5272 2359 5325 alio
2382 5289 2591 5342 quoque
2618 5276 2830 5328 nomine
2851 5275 3041 5328 dicitur
3068 5278 3180 5341 Sol,
3204 5291 3326 5333 sunt
3348 5296 3502 5335 soror
3521 5272 3707 5336 frater;

2137 5358 2240 5411 que
2266 5343 2494 5419 ablove
2524 5359 2587 5397 ex
2606 5343 2814 5419 Latona
2848 5346 3035 5419 eodem
3070 5359 3221 5413 partu
3255 5352 3532 5419 progeniti.
3560 5354 3706 5409 Tunc

2135 5422 2310 5485 autem
2341 5415 2462 5465 luna
2485 5414 2855 5485 conditgstellas
2883 5416 3104 5469 minores
3126 5432 3145 5470 :
3175 5420 3297 5485 quia
3325 5414 3500 5475 minus
3530 5424 3706 5479 lumen

2135 5482 2455 5560 obscuratur
2493 5481 2887 5560 oﬂ‘unditurque
2940 5488 3126 5555 majori
3173 5481 3371 5543 lumine
3410 5509 3421 5543 :
3468 5497 3705 5560 quamvis

2134 5563 2307 5604 autem
2339 5554 2543 5627 stellae,
2562 5555 2844 5608 maximam
2882 5554 3107 5625 partem,
3140 5554 3502 5627 magnitudine
3531 5563 3706 5620 lunam

2136 5634 2412 5696 superent,
2448 5624 2615 5696 stella:
2639 5632 2835 5689 tamen,
2870 5624 3071 5694 utpote
3100 5624 3501 5696 magisdissitte.
3535 5638 3706 5687 minus

2130 5691 2345 5770 luminis
2372 5708 2536 5770 quani
2562 5693 2778 5770 lunaad
2809 5712 2906 5770 nos
2945 5691 3245 5752 dill'undunt
3278 5718 3289 5752 :
3322 5702 3446 5756 binc
3476 5704 3619 5770 luna,
3653 5715 3706 5761 ω

2132 5763 2203 5813 ait
2236 5760 2401 5842 Varro
2432 5778 2481 5814 tv
2507 5764 2656 5842 d_e_L.
2692 5766 2754 5842 1.,
2797 5766 2997 5842 dicitur
3025 5771 3173 5833 quasi
3203 5770 3399 5837 lucina,
3424 5776 3563 5842 quod
3593 5760 3705 5830 sola

2134 5840 2289 5911 noctu
2323 5833 2463 5911 lucet
2491 5850 2501 5883 :
2530 5831 2654 5911 hinc
2681 5840 2839 5888 etiam
2870 5836 2991 5890 luna
3012 5831 3248 5911 vocatur
3272 5831 3631 5911 majus-sidus.
3656 5858 3705 5903 et

2132 5901 2300 5960 stella:
2329 5904 2536 5961 minora
2576 5903 2773 5977 sidera,
2806 5922 2914 5965 non
2943 5910 3115 5966 solum
3143 5910 3197 5967 in
3227 5901 3380 5975 sacro
3412 5926 3578 5983 testu,
3614 5901 3705 5973 sed
