4292 6262
557 397 658 454 635
1741 386 1852 443 ΔΝ.
1893 383 2099 441 ΜΑΝι.
2139 381 2206 442 Si

2190 381 2294 439 EV.
2333 377 2556 440 BOETII
3711 367 3813 424 65G

775 512 926 568 Nunc
951 509 1180 566 obscuro
1208 504 1400 577 pallida
1423 517 1615 569 cornu,
2164 502 2220 560 Α
2455 497 2565 570 66
2590 496 2669 552 Tu
2696 493 2992 551 frondillum
3009 491 3206 564 frigore
3231 491 3432 548 brumas

777 607 982 663 Phoebo
1010 605 1225 676 propior
1251 601 1447 656 lumina
1478 597 1686 670 perdat.
2357 591 2425 646 15
2463 589 2692 659 Stringis
2716 589 2884 643 lucem
2913 585 3154 642 breviore
3183 599 3328 640 mora
3355 602 3368 638 :

666 701 732 757 10
768 700 874 770 65
904 700 968 753 Et
989 697 1078 767 qui
1108 696 1294 765 primae
1320 704 1559 761 tempore
1584 690 1755 746 noctis
2453 683 2554 748 Tu,
2579 697 2700 736 cum
2734 679 2935 735 fervida
2963 678 3171 733 venerit
3194 683 3370 739 aastas,

776 766 898 859 Ᾰέίι
924 766 1160 859 algentes
1189 787 1457 854 Hesperus
1477 795 1645 850 ortus,
2462 770 2661 840 Agileis
2691 771 2863 824 noctis
2893 767 3086 820 dividis
3117 766 3294 819 horas.

776 858 1187 939 Solitasiiterum
1215 888 1383 934 mutet
1410 879 1666 942 habenas,
2465 863 2569 933 67
2602 861 2714 915 Tua
2743 860 2824 914 vis
2853 858 3056 913 varium
3087 864 3345 925 temperat
3373 869 3589 915 annum,

768 972 955 1028 Phoebi
986 971 1190 1042 pallens
1212 967 1421 1025 Lucifer
1441 976 1580 1023 ortu.
2454 955 2523 1012 Ut
2549 970 2685 1026 quas
2717 955 2904 1010 Borea:
2930 952 3149 1024 spiritus
3172 952 3362 1016 aufert,

1901 1049 2472 1132 ιΝτΕΒιῖίῑΕῒΑτιο.

563 1200 691 1256 solis
718 1201 951 1270 apposita
973 1198 1180 1270 occultat
1205 1213 1357 1270 parva
1381 1195 1581 1270 sidera;
1594 1193 1748 1270 modo
1774 1192 1988 1270 obiit-tcto
2010 1192 2130 1243 orbe

565 1261 760 1343 pallens
782 1261 979 1339 amittat
1008 1268 1170 1322 lucem
1198 1265 1540 1343 uiciniorsoli.
1569 1265 1635 1318 Ut
1664 1265 1817 1343 etiam
1849 1261 2130 1328 Hesperus,

564 1333 650 1410 qui
699 1333 1050 1407 ortus‘primo
1092 1337 1454 1410 noctisspatio
1483 1336 1667 1410 ducere
1705 1333 1915 1387 videtur
1946 1347 2132 1410 agmen

565 1403 828 1468 stellarum
854 1403 1178 1482 ﬁigidarum,
1227 1403 1366 1462 idem
1398 1407 1577 1477 lucifer
1605 1412 1758 1458 mutet
1790 1420 1965 1458 rursus
1987 1403 2136 1473 frena

2240 1192 2487 1241 consueta
2517 1185 2568 1237 in
2599 1193 2716 1236 ortu
2768 1183 2889 1236 solis
2913 1182 3162 1248 pallidus.
3211 1180 3292 1233 Tu
3331 1179 3590 1232 contrahis
3615 1179 3749 1230 diem
3773 1179 3826 1230 ia

2243 1259 2413 1310 "tinus
2441 1257 2663 1326 spatium
2711 1253 2900 1323 frigore
2926 1252 3119 1305 brunue
3153 1250 3474 1304 detondentis
3501 1249 3704 1316 frondes
3727 1261 3826 1326 ira

2243 1319 2718 1396 distingu'isuhoras'
2732 1327 2893 1396 noctis
2917 1333 3175 1396 promptas
3199 1332 3328 1382 tum,
3359 1337 3472 1373 cum
3491 1329 3638 1396 testas
3659 1319 3827 1370 calida

2244 1391 2477 1452 accessit.
2518 1394 2693 1450 Virtus
2728 1403 2815 1447 tua
2841 1393 2919 1447 sic
2941 1392 3232 1446 moderatur
3259 1407 3451 1444 annum
3474 1391 3746 1453 diversum,
3772 1397 3827 1440 ut

2081 1508 2313 1568 NOTAE.

570 1622 727 1749 {etiam
740 1622 933 1747 Juligéi,
966 1631 1020 1677 et
1047 1618 1184 1690 apud
1209 1617 1426 1673 Latinos
1446 1623 1718 1672 auctores.
1747 1615 1935 1670 Horat.
1960 1609 2143 1666 Carm.

598 1738 607 1749 .
639 1709 678 1749 t.
707 1709 738 1747 o
782 1731 794 1745 .
924 1710 936 1744 :

598 1709 678 1760 .I,
707 1709 794 1747 ou.
828 1709 936 1746 ηε

815 1783 998 1832 Crescit
1015 1779 1203 1830 occulto
1223 1779 1357 1827 velut
1379 1779 1522 1825 arbor
1543 1791 1646 1827 mro

815 1845 955 1894 Fama
979 1843 1194 1893 Marcelli
1224 1856 1235 1888 :
1261 1844 1405 1888 micat
1426 1842 1554 1888 inter
1576 1850 1750 1888 omnes

814 1907 992 1956 Julium
1013 1905 1164 1964 sidus,
1187 1903 1318 1951 velut
1345 1905 1475 1952 inter
1494 1903 1636 1964 ignes

940 1966 1074 2016 Luna
1097 1969 1324 2014 minores.

623 2049 841 2105 'Eadem
879 2063 1008 2102 vero
1040 2048 1164 2102 luna
1195 2053 1446 2100 curvatur
1473 2047 1525 2098 in
1560 2057 1781 2107 cornua,
1809 2041 1918 2095 sive
1941 2040 2150 2094 obscuro

577 2131 659 2178 est
683 2121 877 2187 pallida
907 2134 1085 2178 cornu,
1119 2133 1238 2171 cum
1269 2133 1296 2169 a
1329 2116 1581 2187 praedicto
1611 2112 1887 2187 plenilunii
1919 2113 2034 2187 loco
2060 2125 2150 2187 re:

576 2180 792 2254 cedens,
820 2189 885 2244 ad
914 2189 1080 2244 solem
1106 2191 1174 2240 ita
1204 2180 1429 2242 accedit.
1465 2194 1521 2238 ut
1551 2180 1676 2238 hinc
1703 2180 2060 2254 decrescendo
2083 2180 2148 2234 ad

579 2260 945 2322 interlunium,
983 2260 1106 2314 inde
1132 2257 1421 2312 crescendo
1450 2255 1516 2309 ad
1550 2254 1894 2323 plenilunium
1925 2253 2109 2323 retieat
2135 2267 2150 2302 :

579 2341 855 2402 propterea
886 2330 1073 2383 Phoebo
1095 2327 1516 2402 propiorlumina
1541 2322 1744 2402 perdit;
1771 2338 1875 2402 non
1898 2322 2151 2402 omnino:
2203 2346 2206 2348 ν

579 2393 623 2458 si
651 2393 859 2464 quidem
889 2416 1102 2468 semper
1125 2393 1291 2453 media
1313 2399 1449 2450 lunae
1466 2411 1586 2464 pars
1607 2412 1634 2449 a
1656 2396 1775 2468 sole
1799 2393 2151 2468 illuminatur,

582 2463 677 2527 sed
716 2487 814 2538 qua
852 2486 948 2523 nos
977 2463 1191 2534 resiiicit
1220 2485 1232 2521 :
1270 2468 1408 2538 unde
1438 2463 1626 2520 melius
1656 2466 1817 2521 homo
1843 2478 2001 2533 quam
2031 2463 2155 2516 luna

581 2536 848 2598 diceretur
879 2541 1055 2594 lumen
1083 2541 1255 2592 solare
1277 2536 1520 2606 perdere.
1608 2605 1621 2606 ί
1975 2604 1985 2606 4
2055 2603 2097 2606 μ
2161 2561 2163 2564 ‹

654 2614 740 2666 10.
776 2609 840 2663 Et
869 2612 955 2678 qui
974 2614 1150 2679 prima)
1173 2603 1393 2676 tempore
1420 2605 1626 2679 noctis.]
1650 2605 1714 2662 11.
1740 2605 1935 2679 Agitur
1957 2603 2160 2679 de_Ve-

583 2699 732 2746 nere,
763 2675 914 2749 cujus
943 2675 1084 2735 vici-s
1107 2685 1158 2731 in
1179 2694 1246 2731 eo
1268 2675 1585 2749 ctmsistunt,
1611 2675 1756 2745 quod
1785 2675 1944 2749 modo
1971 2675 2158 2749 subse-

584 2745 777 2824 quatur
807 2745 972 2805 solem
1005 2750 1356 2824 occidentem,
1404 2747 1694 2824 Hesperus,
1724 2747 1881 2815 modo
1898 2745 2155 2824 eumdem

585 2816 751 2878 solem
780 2824 1046 2876 orientem
1076 2820 1493 2887 antegrediatur,
1514 2816 1741 2888 Lucifer
1773 2834 1787 2870 :
1820 2816 1910 2869 sed
1941 2816 2005 2868 ad
2045 2817 2158 2888 cla_-

585 2896 780 2950 riorem
813 2892 970 2959 hujus
991 2892 1182 2945 sideris
1209 2885 1607 2957 intelligentiam
1640 2885 1731 2943 sua
1763 2888 1826 2940 ad
1854 2885 2164 2959 grammati-

587 2982 701 3030 cos,
734 2955 1036 3017 historicos.
1090 2974 1273 3028 poetas
1312 2955 1756 3028 et'philosoplios
1783 2955 1975 3012 dehac
2004 2955 2160 3012 stella

587 3035 866 3090 referenda
893 3045 974 3088 est
1004 3032 1269 3086 doctrina.

656 3103 1031 3160 Grammaticis
1066 3102 1354 3169 Hesperus,
1390 3099 1724 3168 Hesperugo;
1760 3098 1982 3164 Vesper.
2026 3094 2162 3149 Vcs.

586 3190 816 3247 perugo;
853 3173 1081 3247 Lucifer,
1113 3172 1580 3247 emapopocastella
1614 3181 1722 3225 tam
1747 3171 1977 3247 serotina
2003 3181 2160 3236 quam

587 3241 864 3301 matutina.
895 3245 1037 3298 idem
1084 3254 1207 3297 sunt
1237 3241 1462 3296 Veneris
1491 3241 1638 3294 sidus

587 3317 653 3372 de
678 3317 798 3371 Nat.
829 3315 1004 3374 deor..
1032 3313 1221 3380 Inﬁma
1261 3324 1332 3366 est
1357 3353 1372 3372 ,
1400 3312 1600 3376 inquit,
1632 3312 1855 3376 quinque
1884 3309 2167 3380 errantium

589 3398 829 3450 terretque
850 3387 1083 3452 proxima
1100 3377 1250 3435 stella
1282 3380 1507 3443 Veneris,
1537 3397 1652 3450 qua:
1673 3381 1959 3451 Φωσφόρος,
1974 3377 2167 3452 Latiae

590 3449 799 3525 Lucifer
827 3449 1032 3525 dicitur,
1060 3469 1173 3505 cum
1195 3452 1740 3525 antegreditur-solem.
1769 3449 1883 3525 cum
1905 3449 2166 3517 subsequi-

593 3535 675 3580 tur
703 3520 893 3588 autem,
928 3522 1223 3592 Hesperus:
1251 3523 1388 3574 unde
1407 3520 1661 3592 Martialis
1694 3520 1840 3592 lipig.
1945 3533 2162 3592 rmtep.

591 3596 680 3663 21,
717 3590 1220 3664 ΡΙιοερΙιοτε,“τεάαε
1243 3592 1394 3644 diem.
1428 3591 1497 3643 Et
1528 3590 1709 3658 Virgil.
1734 3591 1835 3644 ecl.
1869 3591 1955 3650 10,
1981 3605 2032 3642 v.
2063 3590 2165 3642 77:

712 3682 780 3732 Ite
799 3682 989 3730 domum
1014 3688 1214 3742 saturae,
1240 3683 1378 3729 venit
1395 3679 1663 3742 Hesperus,
1693 3682 1759 3728 ite
1780 3678 2000 3740 capellae.

663 3764 948 3819 Historicis
973 3763 1266 3828 Hesperus,
1297 3762 1525 3816 Atlantis
1548 3760 1854 3825 peritissimi
1876 3762 2168 3814 astronomi

595 3835 790 3896 frater,
822 3835 1162 3888 astronomia:
1193 3831 1407 3901 pariter
1437 3830 1874 3891 studiosissimus,
1929 3831 2016 3898 (ιιιὶ
2049 3847 2169 3884 cum

596 3905 908 3959 alti-simum
945 3900 1204 3966 montem,
1234 3917 1352 3955 eum
1391 3900 1524 3956 forte
1553 3916 1708 3970 quem
1737 3916 1765 3954 a
1799 3904 1961 3955 fratre
1987 3901 2171 3954 Atlan-

599 3987 705 4030 tem
740 3977 1168 4035 nominaverunt,
1199 3973 1620 4034 conscendisset,
1653 3983 1705 4024 ut
1736 3973 1859 4025 inde
1882 3972 2054 4024 sidera
2085 3973 2170 4024 «Ιί-

598 4047 847 4114 }igeutius
875 4045 1359 4114 contemplaretur,
1381 4057 1475 4096 seu
1501 4051 1690 4114 morte,
1722 4056 1814 4114 seu
1845 4043 2051 4104 morbo,
2076 4057 2173 4095 seu

598 4111 829 4187 quodam
877 4115 982 4187 alio
1021 4130 1147 4187 casu
1186 4112 1497 4187 impeditus,
1532 4113 1582 4187 in_
1617 4111 1878 4187 patriam
1903 4127 2172 4187 nunquam

601 4182 796 4240 rediit:
827 4185 969 4238 unde
1011 4185 1305 4251 plebecula,
1354 4183 1718 4246 superstitioni
1760 4182 1959 4245 dedita,
2001 4183 2172 4250 ipsum

601 4259 742 4311 inter
769 4264 908 4309 astra
927 4255 980 4308 in
999 4256 1136 4309 caelo
1159 4254 1477 4307 collocatum
1501 4253 1661 4306 fuisse
1681 4254 2024 4315 existimavit,
2050 4255 2178 4318 ipsi-

601 4343 704 4394 que
753 4335 1030 4393 propterea
1059 4325 1269 4379 divinos
1295 4323 1528 4378 honores
1575 4323 1854 4394 exhibuit:
1884 4323 2005 4394 hinc
2057 4324 2178 4377 dna:

603 4393 900 4466 Hesperiae.
945 4397 1108 4450 altera
1159 4394 1442 4463 Hispania,
1483 4394 1647 4466 altera
1687 4393 1854 4466 Italia.
1890 4393 2040 4446 Prior
2074 4394 2177 4466 He-

602 4463 774 4535 speria
804 4465 997 4520 dicitur
1025 4482 1052 4520 a
1080 4466 1256 4520 sidere
1285 4463 1627 4532 cognomine,
1656 4465 1794 4535 quod
1819 4478 2041 4532 regnum
2074 4463 2177 4535 hoc

603 4538 824 4600 Graecis,
849 4537 1018 4591 instar
1049 4537 1204 4602 hujus
1243 4535 1454 4598 sideris,
1485 4535 1553 4586 sit
1574 4534 1902 4590 occidentale
1930 4535 2035 4589 :dc
2075 4534 2176 4588 hac

606 4610 839 4680 loquitur
868 4607 1114 4660 Horatius
1139 4621 1157 4658 ι
1183 4603 1388 4667 Carm.,
1416 4604 1509 4661 od.
1533 4603 1605 4659 56
1631 4623 1644 4658 :

789 4699 879 4758 Qui
897 4712 1024 4748 nunc
1041 4698 1280 4759 Hesperia
1295 4709 1464 4758 sospes
1485 4697 1546 4744 ab
1567 4696 1749 4746 ultima.

675 4778 947 4834 Posterior
993 4778 1245 4846 Hesperia
1297 4787 1518 4831 vocatur
1562 4793 1592 4830 a
1641 4777 1895 4845 praedicto
1945 4777 2183 4846 Hespero

607 4850 836 4904 Atlantis
862 4849 1042 4913 lratre,
1078 4850 1165 4916 qui
1197 4864 1225 4902 a
1248 4862 1502 4915 germano
1526 4847 1727 4914 pulsus,
1762 4847 1962 4902 Italiam
1990 4849 2179 4914 tenuit,

607 4920 762 4986 eique
792 4935 983 4990 nomen
1019 4919 1186 4990 sivea
1219 4932 1277 4972 se
1320 4918 1430 4990 Syre
1459 4933 1488 4970 a
1515 4932 1609 4970 sua
1643 4921 1809 4990 patria
1843 4917 2180 4990 desumptum

610 4990 888 5058 imposuit.
920 4989 996 5043 De
1025 4991 1120 5042 hac
1143 4987 1288 5056 Virg.
1323 4986 1447 5042 IEn.
1472 5002 1512 5051 ι,
1544 5003 1593 5040 ν.
1627 4986 1733 5043 554
1765 5005 1778 5042 :

728 5077 815 5129 Est
831 5076 984 5139 locus,
1009 5076 1299 5139 HeSperiam
1325 5077 1479 5126 Graeci
1503 5079 1792 5140 cognomine
1813 5076 1994 5128 dicunt.

683 5159 857 5213 Poetis
885 5158 1150 5226 Hesperus
1181 5158 1232 5209 in
1256 5158 1462 5210 stellam
1485 5172 1792 5214 conversus.
1818 5173 1938 5224 qua:
1961 5158 2184 5226 quibus.

610 5230 731 5284 dam
764 5229 962 5293 Venus,
1019 5228 1137 5282 aliis
1167 5229 1385 5281 Aurorae
1425 5227 1585 5281 filius.
1615 5227 1745 5282 Cum
1777 5238 1952 5281 autem
1999 5227 2185 5282 iisdem

613 5301 784 5370 poetis
808 5299 899 5354 Sol
943 5297 1235 5367 quadrigis,
1263 5297 1410 5351 Luna
1448 5298 1585 5370 bigis
1616 5301 1879 5370 vehatur,
1921 5297 2187 5365 Hesperus

614 5368 720 5426 uno
748 5385 988 5425 seorsum
1018 5383 1157 5436 equo
1197 5371 1386 5432 utitur,
1431 5369 1523 5422 sed
1558 5369 1699 5422 hunc
1733 5368 1802 5421 ita
1835 5369 2083 5430 alternat,
2132 5378 2190 5424 ut

613 5456 771 5498 mane
813 5442 1014 5502 album.
1047 5455 1169 5493 sero
1210 5438 1415 5492 fuscum
1446 5439 1738 5492 ascendat:
1769 5447 2047 5506 prepterea
2079 5437 2186 5495 He-

613 5526 800 5582 sperus
825 5527 963 5566 nunc
984 5511 1177 5565 dicitur
1197 5507 1374 5582 solitas
1401 5510 1594 5562 iterum
1614 5517 1811 5582 mutare
1839 5510 2080 5564 habenas.

688 5583 1023 5652 Philosopliis
1064 5582 1296 5652 denique
1324 5580 1588 5652 Hesperus
1617 5581 1728 5633 sive
1756 5579 1930 5652 Venus
1955 5588 2041 5634 est
2078 5579 2192 5650 pla-

616 5663 757 5712 ueta.
804 5648 1016 5720 qui'per
1043 5653 1238 5706 emtum
1283 5649 1566 5718 liquidum,
1607 5661 1662 5704 ut
1689 5648 1855 5717 pales:
1893 5666 1986 5720 per
2024 5648 2190 5710 auiuas

617 5721 789 5788 abripi
817 5719 1014 5786 solent,
1043 5735 1226 5788 raptus
1269 5722 1425 5774 modo
1451 5735 1632 5784 supra,
1667 5720 1824 5772 modo
1853 5719 1990 5773 infra
2017 5721 2189 5777 solem

617 5791 694 5844 sic
707 5801 965 5853 movetur,
983 5804 1058 5855 ut,
1077 5789 1414 5845 emendicnto
1429 5791 1555 5843 solis
1569 5791 1787 5852 lumine,
1805 5794 2051 5846 relucens
2072 5805 2192 5845 eas-

621 5860 742 5918 dem
788 5863 901 5919 lere
945 5874 1078 5931 quas
1115 5861 1238 5917 luna
1282 5861 1495 5917 luminis
1541 5859 1936 5918 vicissitudines
1977 5861 2184 5919 subeat.

1682 3259 1717 3317 :_
1739 3256 1857 3292 nam
1885 3239 2096 3315 Cicero,
2127 3252 2161 3289 ll
2192 3255 2239 3317 ρ

2259 1602 2516 1658 Fatentur
2543 1607 2718 1654 autem
2749 1597 2887 1650 hanc
2920 1595 3124 1650 stellam
3153 1593 3313 1647 modo
3347 1592 3617 1660 antegretli
3649 1593 3829 1647 orien.

2255 1682 2386 1738 tem,
2431 1670 2588 1725 modo
2613 1667 2865 1736 subsequi
2917 1665 3247 1738 occidentem
3295 1664 3506 1738 solem__:
3537 1663 3628 1715 sed
3671 1662 3721 1716 id
3751 1664 3830 1718 di-

2256 1734 2416 1797 verso
2445 1739 2603 1795 modo
2632 1734 2919 1804 explicant,
2950 1751 3045 1803 pro
3067 1735 3278 1788 diverso
3309 1734 3490 1787 mundi
3514 1744 3826 1804 systemate,

2255 1813 2326 1868 de
2353 1827 2458 1875 quo
2479 1811 2659 1864 diecre
2691 1825 2795 1862 non
2826 1817 2995 1859 vacat.
3533 1873 3540 1875 _
3613 1831 3640 1851 δ

2177 1884 2228 1945 Β
2323 1873 2546 1936 constat
2587 1895 2716 1947 ergo
2745 1879 2881 1942 apud
2910 1889 3096 1930 omnes
3137 1873 3713 1947 llesperumftibsequi
3743 1890 3833 1928 oc-

2253 1955 2520 2010 cidentem
2573 1944 2786 2003 solem:
2831 1949 2971 2002 unde
3013 1961 3151 2000 nunc
3183 1945 3372 1998 merito
3420 1944 3615 1998 dicitur
3658 1947 3834 2011 prima:

2259 2036 2486 2091 tempore
2509 2021 2675 2074 noctis
2699 2033 2866 2091 agere
2890 2019 3116 2088 algentes
3160 2026 3298 2091 ortus
3321 2031 3343 2078 ;
3370 2016 3481 2068 sive
3520 2015 3716 2091 ducere
3745 2031 3836 2091 no-

2257 2085 2446 2150 cturna
2498 2091 2705 2150 sidera,
2734 2085 2960 2157 'quibus'
3003 2085 3346 2157 regnantibus
3397 2095 3533 2157 terra
3579 2085 3836 2152 frigescit.

2255 2167 2482 2221 Constat
2512 2162 2708 2230 pariter
2741 2155 3067 2230 Luciferum,
3099 2155 3187 2222 qui
3227 2156 3366 2230 idem
3408 2156 3558 2208 sidus
3586 2169 3666 2230 eet
3697 2157 3838 2224 quod

2261 2226 2553 2304 Hesperus.
2580 2230 2885 2304 antegredi
2938 2229 3204 2304 orientem
3255 2229 3424 2304 solem
3466 2226 3654 2304 {unde
3700 2243 3839 2280 nunc

2258 2295 2462 2374 optime
2491 2295 3116 2374 diciturusolitasuiterum
3158 2306 3353 2350 "tutare
3394 2296 3615 2374 habenas
3641 2295 3694 2349 in
3726 2307 3840 2374 ortu

2262 2366 2428 2443 pliwbi
2473 2373 2586 2427 sive
2628 2371 2779 2426 solis.
2823 2369 2993 2424 Pallet
3034 2380 3210 2423 tamen
3241 2378 3455 2435 propter
3503 2366 3671 2435 majus
3713 2368 3839 2422 solis

2260 2446 2482 2501 orientis
2514 2445 2716 2496 lumen.

2335 2517 2422 2570 Η.
2458 2513 2533 2567 Tu
2583 2513 2879 2583 frondiﬂuc
2923 2505 3402 2583 frigore_brumaz.]_
3428 2506 3510 2559 ΙΙΙ.
3548 2508 3733 2577 Agitur
3775 2507 3842 2562 de

2261 2587 2474 2648 diebus,
2530 2577 2767 2653 quorum
2787 2577 3068 2651 praecipua:
3097 2578 3238 2653 vices
3269 2577 3338 2653 _iu
3378 2577 3491 2653 ’lio‘c
3539 2589 3838 2653 versantur.

2262 2658 2401 2726 quod
2430 2647 2605 2709 hieme
2627 2647 2919 2726 breviores,
2939 2660 3123 2706 testate
3147 2648 3408 2716 longiores
3424 2647 3557 2726 sint.
3581 2647 3840 2726 Nimirum

2266 2718 2383 2781 dies
2405 2726 2490 2779 hic
2518 2735 2599 2778 est
2629 2739 2776 2777 mora
2806 2723 2933 2776 solis
2957 2737 3112 2780 supra
3155 2729 3392 2772 nostrum
3424 2718 3751 2772 horizontem
3776 2719 3843 2772 ab

2265 2806 2386 2851 ortu
2419 2795 2484 2850 ad
2515 2809 2761 2850 occasum
2793 2789 3217 2862 progredientis:
3251 2804 3416 2862 quare
3447 2805 3548 2841 nox
3582 2788 3709 2862 huic
3739 2789 3846 2843 diei

2268 2867 2512 2935 opposita
2538 2875 2621 2920 est
2651 2858 2805 2918 mora
2831 2863 3070 2932 ejusdem
3106 2858 3397 2935 solisinlra
3430 2870 3670 2935 nostrum
3688 2861 3848 2935 _hori~

2276 2929 2483 2993 zoiitem
2515 2937 2584 2990 ab
2611 2950 2801 2987 occasu
2835 2929 2886 2986 in
2917 2945 3090 2985 ortum
3123 2929 3492 2999 regredientis.
3525 2930 3653 2983 Cum
3688 2931 3848 2996 igitur

2271 3011 2347 3061 sol
2382 3023 2486 3060 non
2528 3005 2717 3074 aequali
2749 3019 2959 3070 semper
2991 3003 3272 3074 intervallo
3302 3015 3330 3051 a
3359 2999 3728 3074 duobuspolis
3767 3001 3848 3053 di-

2272 3089 2418 3132 stans
2451 3071 2646 3132 terrain
2670 3077 2980 3136 circumeat,
3007 3071 3098 3124 sed
3128 3086 3504 3138 nonnunquam
3523 3072 3584 3122 ad
3607 3081 3845 3124 austrum

2272 3150 2464 3215 magis.
2494 3147 2781 3214 aliquando
2817 3145 2982 3212 magis
3009 3143 3072 3215 ad
3100 3142 3400 3215 aquilonem
3434 3141 3668 3215 accedat,
3693 3157 3848 3215 secu-

2273 3211 2598 3277 tus-orbem,
2623 3215 2710 3282 qui
2739 3218 2985 3269 zodiacus
3008 3213 3222 3270 dicitur,
3246 3221 3519 3276 propterea
3551 3211 3664 3263 dies
3689 3211 3850 3265 modo

2274 3291 2485 3343 brevior
2505 3298 2606 3352 est,
2639 3288 2797 3339 modo
2819 3284 3044 3351 longior.
3071 3282 3289 3335 Brevior
3314 3292 3396 3334 est
3423 3283 3534 3334 sole
3561 3283 3851 3336 accedente

2278 3360 2340 3413 ad
2393 3369 2652 3419 austrum,
2702 3355 2841 3424 quod
2892 3356 2950 3407 lit
2996 3355 3062 3406 ab
3090 3352 3723 3424 mquiuoctioantumoali
3766 3356 3844 3424 ad

2273 3430 2561 3482 solstitium
2607 3423 2918 3490 hibernum,
2964 3424 3165 3477 scilicet
3196 3437 3223 3474 a
3257 3423 3513 3489 vigesimo
3552 3426 3706 3476 tertio
3751 3423 3848 3477 Sc-

2277 3500 2531 3567 ptembris
2566 3498 2630 3550 ad
2662 3497 2968 3565 vigesimum
3009 3495 3300 3567 secundum
3322 3493 3681 3567 Decembris“:
3705 3493 3846 3560 quod

2275 3562 2480 3632 tempus
2510 3572 2666 3633 vulgo
2695 3562 2991 3634 appellatur
3035 3563 3288 3634 bruma,_a
3322 3562 3579 3616 brevitate
3614 3563 3844 3625 dierum,

2274 3651 2329 3692 ut
2353 3631 2664 3694 aitVossius
2691 3631 2805 3702 post
2835 3636 3124 3689 Varronem
3145 3641 3197 3686 et
3219 3631 3431 3688 Festum
3456 3648 3607 3700 ;quae
3630 3645 3849 3699 promer

2275 3724 2546 3763 recessum
2601 3707 2730 3759 solis
2773 3717 2826 3759 et
2873 3704 3058 3769 frigida
3091 3714 3192 3757 est.
3241 3712 3296 3754 et
3321 3703 3542 3756 arbores
3572 3702 3848 3758 frondibus

2275 3779 2439 3833 exilit.
2496 3778 2627 3831 Hinc
2666 3777 2888 3837 dicitur,
2942 3775 3018 3827 Tu
3064 3773 3358 3843 frondiﬂure
3409 3776 3598 3844 frigore
3638 3778 3848 3838 brumae,

2277 3848 2502 3918 S/ringt's
2531 3849 2693 3918 lucem
2725 3847 2944 3918 breuiore
2964 3861 3127 3897 mora.
3161 3845 3389 3918 Lt'uigior
3415 3855 3589 3918 autem
3614 3857 3694 3899 est
3735 3847 3851 3898 sole

2276 3915 2563 3973 accedente
2594 3917 2655 3969 ad
2689 3917 3012 3985 aquilonem,
3044 3915 3186 3984 quod
3217 3915 3273 3967 iit
3299 3916 3366 3967 ab
3395 3917 3712 3981 aequinoctio
3734 3932 3856 3969 ver-

2279 4005 2347 4042 no
2374 3989 2436 4041 ad
2471 3988 2757 4042 solstitium
2781 3988 3045 4048 aestivum,
3075 3985 3322 4055 videlicet
3350 4000 3376 4037 a
3409 3987 3664 4054 vigesimo
3683 3987 3856 4055 primo

2280 4061 2452 4113 Martii
2484 4060 2548 4111 ad
2590 4059 2905 4125 vigesimum
2941 4057 3233 4109 secundum
3266 4054 3431 4118 Junii,
3463 4073 3567 4124 quo
3616 4054 3856 4118 tempore

2280 4130 2470 4198 incipit
2486 4139 2646 4183 aestas
2662 4128 2855 4198 calida,
2875 4126 3115 4198 adeoque
3138 4133 3322 4198 noctes
3345 4126 3675 4180 brevissima:
3697 4136 3820 4181 sunt
3842 4144 3855 4179 :

2278 4194 2560 4268 propterea
2591 4212 2733 4251 nunc
2763 4197 2988 4268 dicitur:
3018 4194 3237 4268 Tu_eum
3265 4196 3668 4268 [eruida_venerit
3690 4209 3857 4263 restas,

2280 4265 2455 4394 liiiqiles
2478 4270 2646 4323 noctis
2668 4268 2856 4321 dividis
2879 4267 3054 4324 horas.
3089 4265 3176 4321 Sic
3202 4265 3420 4322 Ovidius
3444 4265 3604 4321 Trist.
3639 4267 3677 4322 l.
3703 4285 3756 4335 v,
3785 4269 3856 4322 el.

2402 4430 2506 4480 Nec
2528 4431 2646 4480 mihi
2665 4430 2918 4479 solstitium
2943 4428 3152 4488 quidqua
3174 4444 3200 4476 ιι
3233 4429 3297 4479 de
3321 4430 3539 4482 noctibus
3558 4427 3738 4491 aufert,

2468 4491 2626 4543 Efﬁcit
2651 4501 2884 4552 angustos
2906 4505 2999 4540 nec
3021 4491 3135 4538 mihi
3156 4492 3324 4539 bruma
3342 4491 3466 4540 dies.

2352 4575 2452 4629 Hic
2473 4574 2578 4630 duo
2595 4575 2870 4629 observari
2890 4583 3158 4641 poterunt.
3182 4572 3415 4627 Primum
3438 4573 3649 4639 quidem
3675 4571 3862 4628 vocem

2204 4628 2258 4689 Ῑ)
2287 4628 2444 4708 hanc,
2477 4628 2794 4714 froiidiﬂuw,
2829 4628 3072 4714 quamvis
3101 4653 3205 4698 non
3233 4644 3304 4696 ita
3339 4628 3494 4697 fuerit
3523 4645 3574 4698 in
3601 4659 3700 4698 usu
3725 4645 3864 4712 apud

2286 4718 2538 4784 antiquos
2576 4725 2845 4780 auctores,
2886 4715 3216 4783 aptissimam
3249 4727 3420 4768 tamen
3451 4729 3572 4769 esse
3602 4715 3668 4768 ad
3702 4716 3864 4783 'signi<

2296 4787 2572 4912 licandgg;
2591 4786 2642 4840 id
2681 4787 2823 4856 quod
2869 4785 3108 4854 pluribus
3135 4788 3400 4852 expressit
3436 4785 3616 4855 Virgil.
3649 4785 3862 4842 Eneid.

2296 4874 2316 4911 ν
2340 4895 2358 4912 .
2386 4872 2436 4912 v.
2601 4873 2615 4910 :

2284 4872 2358 4925 vr,
2386 4872 2436 4916 v.
2470 4872 2572 4910 oua
2601 4873 2615 4910 :

2409 4948 2561 5010 Quam
2582 4946 2732 4997 multa
2759 4948 2809 5010 in_
2829 4945 2966 4996 silvis
2987 4947 3200 4996 autumni
3220 4945 3402 5007 h‘igore
3428 4949 3583 5010 primo

2408 5008 2562 5072 Lapsa
2590 5011 2767 5060 cadunt
2786 5008 2916 5058 folia.

2293 5091 2498 5148 Deinde
2525 5093 2704 5156 horas,
2753 5107 2815 5145 ex
2859 5090 3051 5160 quibus
3089 5089 3202 5143 sive
3227 5090 3342 5145 dies
3368 5089 3482 5145 sive
3512 5106 3620 5146 nox
3656 5091 3870 5146 brevior

2293 5167 2652 5232 componitur,
2696 5165 2879 5232 vocari
2904 5161 3060 5232 agiles
3087 5160 3198 5214 sive
3233 5170 3493 5232 promptas
3525 5176 3543 5214 :
3570 5161 3692 5227 quia
3726 5161 3872 5215 licia:

2291 5231 2519 5300 duplicis
2553 5242 2676 5287 sunt
2705 5231 2916 5300 generis
2944 5249 2956 5282 :
2989 5230 3106 5283 alim
3133 5230 3388 5298 aequales,
3431 5231 3550 5284 alia:
3581 5232 3872 5298 irimqualcs

2294 5305 2434 5356 inter
2458 5317 2538 5358 se.
2574 5300 2833 5368 Equales
2862 5301 3106 5354 dicuntur
3135 5301 3238 5353 illa:
3285 5318 3402 5368 quae
3423 5303 3536 5356 sive
3563 5301 3739 5356 hieme
3762 5304 3873 5356 sive

2294 5381 2481 5426 testate
2512 5373 2784 5440 sexaginta
2810 5386 3040 5438 semper,
3062 5379 3118 5423 ut
3148 5372 3311 5435 aiunt,
3345 5373 3551 5426 minutis
3580 5372 3873 5438 aaqtialibus

2295 5450 2582 5496 constant:
2612 5439 2712 5510 qua
2744 5439 2949 5494 ratione
2971 5441 3195 5493 dicimus
3218 5442 3384 5494 solem
3414 5457 3507 5509 per
3538 5444 3718 5511 viginti
3743 5458 3874 5510 qua-

2299 5523 2424 5565 tuor
2453 5513 2612 5566 horas
2656 5515 2722 5562 ab
2751 5527 2858 5563 uno
2903 5511 3024 5564 coeli
3067 5521 3261 5581 puncto
3291 5511 3356 5564 ad
3403 5513 3540 5566 idem
3569 5527 3871 5581 regressum

2302 5592 2468 5637 totam
2497 5581 2808 5636 circuivisse
2859 5591 3077 5634 terram.
3109 5580 3410 5650 'lnmquales
3452 5598 3580 5636 vero
3626 5580 3873 5636 dicuntur

2301 5668 2442 5721 quae,
2467 5667 2587 5704 cum
2615 5652 2721 5704 sint
2744 5650 3054 5703 duodecima
3076 5661 3276 5704 tantum
3302 5653 3414 5706 sive
3435 5654 3538 5706 diei
3565 5654 3677 5707 sive
3701 5655 3873 5708 noctis

2303 5739 2448 5792 pars.
2477 5721 2842 5775 crescentibus
2859 5722 3392 5792 decrescentibusque
3420 5724 3532 5777 sive
3555 5724 3742 5779 diebus
3757 5724 3872 5779 sive

2304 5790 2548 5848 noetibus
2572 5805 2815 5846 crescere
2845 5790 3040 5844 debent
3067 5801 3116 5844 et
3147 5793 3478 5848 decrescere.

2378 5864 2464 5919 18.
2503 5862 2610 5919 Tua
2634 5863 2706 5918 vis
2733 5861 2928 5917 varium
2951 5869 3194 5932 temperat
3220 5861 3453 5934 annuat.)
3479 5863 3567 5922 ιν.
3600 5866 3787 5936 Agitur
3804 5864 3872 5921 de
