4292 6262
510 382 611 438 659

719 495 891 565 Mores
920 494 1074 561 solio,
1102 502 1385 565 sanctaque
1414 494 1619 550 calcant

718 586 911 655 lnjusta
939 586 1051 640 vice
1076 587 1211 640 colla
1242 595 1517 643 nocentes.

718 678 870 733 Latet
896 677 1135 733 obscuris
1155 679 1366 733 condita
1392 682 1558 737 virtus

611 766 680 822 35
717 766 869 821 Clara
893 769 1144 834 tenebris,
1172 768 1447 840 iustusque
1477 772 1593 825 tulit

928 858 1137 913 Crimen
1167 859 1352 928 iniqui.

718 949 801 1004 Nil
834 950 1083 1018 perjuria,
1110 952 1179 1005 nil
1214 962 1367 1007 nocet
1395 952 1521 1022 ipsis

718 1040 902 1104 Fraus,
935 1042 1171 1095 mendaci
1199 1052 1404 1111 compta
1437 1044 1635 1097 colore.

718 1132 825 1200 70
851 1131 953 1186 Sed
984 1148 1103 1187 cum
1138 1134 1287 1187 libuit
1317 1135 1515 1188 viribus
1545 1136 1642 1202 uti,

614 1221 683 1277 40
720 1224 862 1289 Quos
891 1224 1149 1278 innumeri
1181 1234 1419 1280 metuunt
1446 1227 1647 1295 populi,

716 1314 964 1369 Summos
992 1316 1221 1385 gaudent
1246 1318 1478 1372 subdere
1506 1332 1680 1387 reges.

714 1407 882 1475 Ojam
914 1410 1135 1464 miseras
1162 1411 1364 1479 respice
1392 1418 1583 1479 terras,

713 1500 961 1572 Quisquis
988 1517 1165 1558 rerum
1192 1501 1391 1559 lmdera
1421 1504 1621 1559 nectis;

1717 382 1823 439 AN.
1870 383 2077 440 MANL.
2116 376 2266 436 sev.
2312 375 2534 463 nomn

2108 499 2159 557 Α

3652 374 3751 431 θιθ

2394 491 2585 562 Operis
2608 488 2740 544 tanti
2768 502 2887 557 pars
2918 503 3020 543 non
3054 486 3169 543 vilis

2293 584 2362 640 45
2404 582 2677 651 Homines,
2708 580 2975 651 quatimur
3007 579 3232 635 fortunae
3259 582 3390 637 salo.

2396 675 2648 744 Rapidos,
2681 684 2877 741 rector,
2906 677 3199 744 comprime
3231 675 3443 747 ﬂuctus,

2394 770 2482 834 Et,
2513 783 2620 839 quo
2645 768 2838 822 caelum
2866 768 3006 837 regis
3037 768 3377 837 immensum,

2393 863 2568 917 Firma
2606 861 2821 917 stabiles
2846 861 3046 917 ftedere
3077 871 3262 918 terras.

2740 975 2842 1044 τι
2883 974 3101 1030 PROSA
3142 975 3205 1031 v.

2180 1069 2572 1124 Ancuuenruu.
2602 1097 2671 1107 —
2711 1066 3050 1132 Philosophia
3079 1084 3195 1120 cum
3220 1067 3397 1123 Boetio
3433 1073 3619 1137 partim
3648 1076 3755 1129 dis-

2251 1140 2488 1203 sentiens,
2520 1139 2835 1193 consentiens
2868 1139 3074 1211 partim.
3105 1138 3242 1191 hunc
3271 1141 3457 1211 arguit,
3480 1146 3615 1211 quod
3637 1157 3681 1198 et
3705 1163 3756 1200 se

2251 1212 2473 1264 exsulem
2514 1211 2732 1271 dixerit,
2764 1219 2811 1261 et
2854 1209 3113 1277 fortunam
3143 1209 3405 1264 adversam
3444 1209 3597 1278 fuerit
3635 1234 3755 1269 cou-
3792 1218 3793 1221 ’

2250 1290 2455 1361 questus
2481 1297 2498 1333 :
2528 1280 2701 1361 laudat
2728 1296 2864 1361 vero,
2898 1279 3134 1361 quod_ut
3164 1279 3366 1361 locutus
3395 1292 3491 1349 est,
3526 1287 3599 1361 sic
3638 1289 3755 1361 bene

2251 1352 2440 1433 egerit,
2470 1350 2745 1405 remedium
2768 1350 2972 1404 interim
2994 1350 3062 1403 ad
3090 1353 3483 1422 perturbationes
3505 1356 3754 1413 sedandos

2250 1433 2543 1491 quaesitura.

2252 1511 2377 1568 lltec
2402 1513 2491 1568 ubi
2521 1514 2834 1569 continuato
2862 1511 3047 1569 dolore
3079 1516 3093 1543 ¹
3131 1522 3155 1549 ³
3187 1512 3533 1582 deblateravi,
3564 1518 3583 1547 ¹
3612 1517 3697 1572 illa
3725 1516 3752 1557 δ

1833 1621 2405 1685 INTERPRETATIO.

502 1738 679 1784 nocent
697 1730 831 1802 ipsis
856 1732 1201 1796 nocentibus;
1235 1732 1374 1801 fraus
1395 1731 1556 1785 velant
1577 1732 1740 1800 specie
1772 1734 1947 1802 fallaci
1968 1752 2071 1789 non

500 1810 643 1854 nocet
674 1800 878 1857 iisdem.
912 1804 975 1856 At
996 1804 1081 1856 ubi
1109 1800 1296 1870 placuit
1325 1804 1468 1872 ipsis,
1492 1804 1565 1855 uti
1589 1804 1692 1855 suis
1716 1800 1923 1871 viribus,
1962 1816 2069 1860 tum

499 1872 717 1945 gestiunt
763 1875 1008 1945 subjicere
1051 1874 1148 1928 sibi
1171 1874 1448 1945 _principes
1479 1890 1710 1945 magnos,
1739 1892 1864 1944 quos
1902 1888 2071 1945 gentes

499 1941 886 2013 innumerabiles
933 1945 1127 1997 timent.
1160 1942 1392 2010 O'Deus,
1424 1944 1510 2013 qui
1539 1941 1819 1999 moderaris
1850 1941 2068 2001 necessi-

500 2012 696 2067 tudines
739 2031 931 2081 rerum,
968 2032 1100 2070 nunc
1139 2017 1329 2068 intuere
1361 2012 1523 2068 terras
1565 2017 1908 2072 calamitosas.
1958 2018 2069 2073 Nos

500 2082 744 2153 homines,
776 2087 941 2153 portio
973 2102 1073 2140 non
1096 2085 1292 2156 objecta
1322 2085 1486 2155 operis
1516 2087 1589 2141 tui
1632 2096 1734 2140 tam
1762 2090 1953 2159 magni,
1973 2091 2065 2161 ja~
2097 2087 2147 2149 B

2180 1748 2375 1794 ctamur
2403 1748 2528 1795 cestu
2556 1744 2777 1810 fortuna:
2808 1754 2827 1792 :
2854 1752 3133 1807 compesce,
3151 1736 3472 1811 moderator,
3504 1742 3751 1811 procellas

2179 1812 2425 1865 violentas
2456 1808 2703 1873 fortunat,
2733 1820 2779 1863 et
2810 1827 2909 1877 qua
2938 1811 3047 1880 lege
3074 1808 3323 1878 gubernas
3350 1808 3527 1882 ingens
3552 1814 3748 1881 caelum,

2178 1882 2363 1937 eadem
2392 1882 2639 1951 conﬁrma
2667 1882 2897 1949 ﬁrmatas
2927 1889 3107 1935 terras.

2250 1963 2276 1990 “
2306 1952 2475 2009 Stulte
2497 1952 2697 2006 locutus
2726 1967 2859 2007 sum.

2247 2022 2274 2063 δ
2305 2023 2667 2095 Philosophia.

1999 2208 2229 2267 NOTAE.

566 2322 653 2377 32.
689 2322 975 2398 Sancteque
1003 2326 1181 2398 colla.]
1203 2324 1459 2398 Similiter
1481 2338 1602 2398 pars
1620 2324 1704 2380 hic
1730 2326 1943 2398 ponitur
1964 2341 2061 2396 pro

501 2393 703 2466 totozsi
731 2396 942 2466 quidem
962 2393 1181 2453 sanctos
1203 2397 1377 2466 potius
1406 2397 1649 2449 homines
1676 2412 1833 2465 quam
1860 2393 2074 2454 illorum

499 2464 631 2517 colla
662 2465 868 2519 calcant
909 2478 1181 2524 nocentes.
1206 2464 1331 2522 Sed
1358 2477 1411 2519 ut
1453 2464 1715 2534 posterior
1746 2467 1850 2529 hic,
1883 2467 1960 2522 sic
1989 2470 2075 2523 ille

498 2536 642 2604 prior
671 2536 917 2606 loquendi
946 2540 1137 2594 modus
1170 2538 1339 2607 poetis
1365 2539 1658 2606 prtcsertim
1687 2539 2069 2595 usitatissimus

497 2616 593 2659 est.

567 2677 655 2751 35.
686 2675 892 2746 Injusta
938 2679 1087 2751 vice.]
1114 2680 1264 2747 Quod
1297 2679 1548 2747 injustum
1592 2680 1838 2734 videatur
1870 2684 2063 2748 probos

498 2746 562 2801 ab
600 2748 856 2820 improbis
888 2746 1104 2820 premi':
1140 2746 1307 2806 vicem
1340 2746 1480 2804 enim
1517 2752 1741 2804 dicimus
1786 2746 1926 2819 quod
1978 2754 2060 2807 al-

497 2819 663 2890 ternis
694 2819 913 2890 [acimus
943 2824 1237 2890 patimurve
1271 2838 1282 2872 :
1319 2821 1440 2874 hinc
1469 2822 1708 2886 vicissim,
1741 2830 1793 2875 et
1822 2823 2061 2878 vicarius.

565 2889 651 2961 ὀί.
687 2888 828 2944 Latet
857 2888 1079 2948 obscuris
1109 2893 1310 2946 condita
1331 2892 1487 2945 virtus
1518 2893 1657 2945 clara
1686 2892 1945 2961 tenebris]
1977 2895 2067 2947 Pa-

497 2960 759 3013 radoxum
791 2964 1003 3018 videtur
1033 2966 1264 3017 virtutem
1310 2963 1502 3016 claram
1543 2964 1767 3015 obscuris
1806 2966 2064 3017 conditam

495 3029 703 3084 tenebris
734 3032 891 3087 latere
917 3051 935 3088 :
964 3035 1078 3089 haec
1108 3046 1281 3088 tamen
1311 3049 1377 3089 ex
1419 3050 1482 3087 eo
1513 3045 1735 3101 possunt
1763 3036 2060 3099 conciliari,

495 3101 627 3168 quod
675 3103 841 3159 virtus
872 3106 1095 3161 obscura
1126 3106 1196 3159 sit
1224 3106 1342 3159 aliis
1383 3103 1719 3163 hominibus:
1751 3105 1891 3159 clara
1937 3122 2063 3161 vero

494 3186 609 3224 cum
642 3176 806 3247 menti
840 3176 956 3242 ejus
985 3179 1069 3247 qui
1101 3178 1349 3230 virtutem
1380 3177 1523 3235 colit,
1557 3186 1664 3229 tum
1699 3176 1809 3229 Deo
1830 3178 1917 3242 qui
1954 3178 2067 3231 vir-

496 3250 658 3317 tutem
688 3246 790 3317 ipsi
832 3246 1013 3302 menti
1046 3247 1254 3302 infudit.
1287 3247 1377 3301 Sic
1414 3248 1594 3313 virtus,
1623 3248 1696 3301 ait
1727 3247 1932 3300 Tullius
1973 3264 2067 3317 pro

494 3312 652 3387 Sest.,
758 3325 1048 3387 tempestate
1090 3320 1261 3387 quieta
1282 3328 1374 3379 est,
1410 3327 1455 3369 et
1500 3312 1629 3371 lucet
1661 3318 1714 3370 in
1747 3312 1985 3383 tenebris,
2020 3330 2066 3373 et

494 3384 643 3451 pulsa
667 3385 775 3439 loco
808 3384 974 3441 manet
1007 3384 1171 3441 tamen
1194 3400 1340 3453 atque
1367 3390 1519 3441 hwret
1543 3390 1593 3440 in
1618 3389 1782 3456 patria
1812 3390 2067 3457 splendet-

495 3470 700 3575 :yueper
720 3472 826 3509 sese
853 3475 1071 3529 semPer,
1100 3476 1187 3513 nec
1212 3459 1393 3512 alienis
1414 3474 1640 3528 unquam
1665 3458 1899 3512 sordibus
1929 3461 2067 3514 obso-

510 3533 650 3575 escit.

510 3533 627 3577 escit
637 3565 650 3578 .

494 3665 751 3739 signiﬁcat
777 3665 1009 3735 culpam,
1037 3671 1230 3739 quippe
1250 3686 1367 3739 qua!
1390 3671 1518 3724 solis
1542 3665 1684 3723 inest
1707 3671 2022 3727 nocentibus
2047 3665 2062 3735 ξ

495 3737 584 3809 sed
619 3738 790 3804 potius
814 3737 1106 3805 infamiam,
1135 3737 1496 3807 ‘qum‘i-ulpam
1540 3742 1690 3809 sequi
1730 3743 1973 3803 deberet,
2011 3755 2065 3797 ut

494 3806 663 3861 honos
718 3810 987 3865 virtutem.
1037 3813 1126 3866 Sic
1156 3806 1387 3865 Tullius
1418 3812 1467 3864 itt
1509 3806 1729 3864 Verrem
1761 3814 1835 3866 ait
1863 3812 2065 3868 laudent

494 3878 867 3946 imperatoriam
896 3883 1190 3935 criminibus
1216 3882 1445 3935 avaritia:
1466 3882 1641 3936 obteri.
1677 3882 1936 3937 Nimirum
1960 3887 2063 3938 cri-

493 3964 612 4020 men
665 3954 958 4019 generatim
1000 3952 1049 4006 id
1080 3968 1237 4007 omne
1282 3962 1383 4017 est,
1420 3967 1526 4017 quo
1557 3952 1746 4020 aliquis
1780 3969 1807 4005 a
1853 3958 2062 4009 creteris

494 4018 828 4093 distinguitur
851 4035 1229 4089 separaturvc:
1250 4023 1390 4076 unde
1412 4018 1700 4076 discrimen.
1723 4021 1855 4077 Cum
1878 4039 2058 4093 autem

494 4089 703 4144 infamia
747 4092 859 4146 haec
903 4094 1265 4161 improborunt
1295 4108 1418 4147 esse
1447 4094 1689 4159 deberet,
1728 4094 1841 4148 btec
1872 4089 2064 4164 probo-

494 4177 609 4214 rum
644 4176 783 4227 nunc
832 4179 952 4219 esse
996 4164 1209 4229 dicitur,
1266 4164 1581 4232 additurque
1631 4165 1820 4219 modos
1870 4168 2064 4234 quibus

491 4243 746 4309 nocentes
783 4245 1008 4289 cteteros
1055 4235 1547 4309 a_miger_e_s‘oleut,
1600 4235 1847 4289 videlicet
1888 4242 2061 4309 perju-

493 4301 641 4367 rium,
677 4307 908 4373 fraudem
964 4316 1017 4359 et
1046 4301 1324 4371 vitm—nihil
1355 4305 1482 4373 ipsis
1511 4308 1820 4360 llocenlllllh'
1846 4301 2059 4363 nocere.

559 4374 645 4428 37.
688 4373 781 4428 Nil
808 4374 1077 4448 per]uria.]
1108 4378 1145 4429 Ι.
1177 4378 1476 4443 Perjurium
1508 4387 1611 4439 est,
1639 4388 1729 4430 aut
1760 4377 1949 4448 falsum
1980 4380 2065 4448 jn-

493 4458 630 4515 rare,
659 4456 747 4500 aut
774 4447 913 4514 quod
945 4463 1005 4501 ex
1039 4448 1200 4501 animi
1248 4449 1506 4501 sententia
1553 4447 1840 4515 juraveris,
1874 4450 1922 4501 id
1958 4447 2061 4503 non

493 4513 665 4587 facere
690 4532 703 4568 :
733 4513 854 4571 hinc
884 4519 934 4571 in
971 4518 1226 4587 perjurio,
1268 4528 1487 4571 auctore
1509 4513 1704 4580 Tullio,
1742 4519 1872 4573 lides
1896 4521 2065 4586 jusju—

492 4585 819 4657 randumque
852 4585 1169 4655 negligitur:
1197 4590 1318 4642 hinc
1346 4604 1440 4642 sua
1471 4598 1574 4653 est,
1598 4591 1787 4643 eodem
1822 4585 2063 4656 auctore,

493 4671 526 4728 ll
554 4658 619 4710 de
661 4657 812 4727 Leg.,
847 4660 1080 4728 perjurio
1112 4674 1286 4727 pmna,
1318 4660 1491 4713 diiina
1524 4660 1757 4725 quidem,
1792 4662 2013 4714 exitium
2048 4677 2064 4726 ;

493 4726 718 4800 humana
750 4726 912 4794 vero,
940 4726 1210 4784 dederitis.
1264 4729 1586 4785 Nocentibns
1639 4742 1839 4795 tamen,
1896 4734 2069 4800 inquit

493 4797 727 4878 Boetius,
759 4801 831 4853 nil
857 4812 1033 4855 nocent
1061 4803 1323 4872 perjuria:
1357 4815 1525 4870 usque
1548 4800 1684 4855 adeo
1712 4804 1918 4872 injttsla!
1939 4797 2069 4856 sunt

493 4880 636 4922 ινιίεε.

561 4940 647 5014 βῖ.
686 4940 775 4993 Nil
800 4952 939 4995 nocet
962 4943 1085 5009 ipsis
1116 4942 1304 5014 fraus.]
1325 4942 1388 4995 II.
1417 4942 1584 4996 Fraus
1606 4942 1803 4997 dicitur
1830 4943 2065 4998 adulatio

493 5008 672 5063 dolosa
704 5030 714 5062 :
751 5008 1028 5079 propterea
1054 5008 1189 5067 nunc
1210 5008 1403 5069 dicitur
1431 5015 1663 5066 mendaci
1689 5030 1889 5080 comp'a
1920 5017 2064 5067 colo-

492 5097 564 5133 re.
596 5080 811 5135 Scilicet
841 5086 1369 5150 bomo,vulpeculam
1401 5085 1653 5148 imitatus,
1680 5084 1819 5151 quod
1854 5085 1898 5136 vi
1924 5086 2063 5137 obti-

495 5166 620 5205 nere
664 5152 864 5219 nequit,
900 5155 949 5205 id
1005 5157 1348 5209 mendacibus
1388 5154 1539 5208 factis
1580 5156 1802 5207 dictisvc
1850 5156 2061 5222 assequi

493 5234 712 5276 conatur
738 5242 748 5275 2
783 5224 942 5287 quod.
971 5225 1283 5293 inquiebant
1308 5235 1534 5287 veteres,
1562 5225 1686 5277 odio
1713 5224 1926 5293 dignum
1954 5241 2063 5277 lna-

493 5293 607 5360 jore
639 5312 649 5347 :
676 5294 916 5361 adeoque
958 5310 1056 5348 suo
1086 5297 1421 5350 afﬁciendum
1467 5296 1669 5363 supplic
1691 5311 1722 5347 o
1751 5313 1761 5345 :
1796 5296 2063 5349 nihilomi-

493 5380 610 5427 nus,
637 5370 705 5417 ait
735 5365 968 5429 lluetius,
995 5366 1127 5419 ordo
1152 5383 1323 5419 rerum
1351 5368 1418 5418 ita
1441 5376 1795 5433 prieposterns
1821 5367 2056 5433 videtur,

494 5445 550 5488 ut
571 5435 1074 5505 ipsisb-andulcnlis
1101 5436 1243 5505 fraus
1274 5437 1346 5489 nil
1375 5446 1565 5488 noceat.

561 5506 651 5560 59.
686 5504 810 5559 Cum
841 5508 987 5559 libuit
1012 5504 1201 5561 viribus
1232 5505 1349 5576 uti.]
1388 5507 1471 5559 lll.
1510 5506 1619 5568 Vis,
1666 5506 1833 5574 inquit
1874 5506 2068 5560 Roma-

494 5591 592 5627 nus
622 5590 818 5642 uratur,
850 5594 945 5646 pro
972 5580 1117 5640 αρε..
1152 5587 1233 5631 est
1260 5594 1375 5646 qua:
1411 5576 1660 5643 perirulo,
1693 5589 1781 5628 aut
1805 5578 2067 5633 decedere

494 5660 589 5717 nos
619 5648 861 5701 alicunde
904 5650 1067 5717 cogit,
1097 5659 1187 5701 aut
1220 5664 1292 5715 pra
1319 5648 1462 5700 bibet
1500 5648 1751 5701 accedere
1785 5667 1796 5700 :
1828 5659 1880 5702 ct
1912 5650 2008 5701 hoc
2037 5663 2066 5703 a

494 5716 699 5770 ratione
738 5735 803 5771 eo
851 5716 1017 5785 magis
1053 5720 1281 5772 alienum
1312 5729 1411 5783 est,
1447 5720 1605 5785 quod,
1643 5721 1857 5771 mutatis
1889 5736 2066 5773 rerum

495 5785 717 5857 vicibus,
748 5790 904 5840 ctiam
938 5790 1033 5850 illi,
1060 5791 1251 5857 quibus
1273 5789 1495 5842 delwtur
1524 5789 1850 5856 obsequium,
1870 5793 1915 5842 vi
1943 5796 2069 5843 sub-

492 5854 774 5930 jlciantur,
806 5868 862 5913 ut
909 5874 1047 5914 nunc
1078 5854 1324 5915 dicitur;
1354 5860 1490 5926 Quos
1542 5854 1791 5913 innumeri
1842 5871 2069 5915 metuunt

677 3593 953 3680 Iustusque
992 3600 1326 3680 tulit-crimen
1355 3598 1559 3680 iniqui.]
1587 3598 1802 3654 Crimen
1833 3600 1937 3680 bic_
1959 3618 2061 3671 non
2091 3568 2137 3632 Ο

2096 4910 2144 4968 Ι)

2187 2328 2386 2398 papuli,
2437 2344 2662 2383 summos
2698 2328 2915 2396 gaudent
2942 2327 3153 2382 subdere
3182 2343 3323 2398 reges
3360 2343 3379 2382 :
3407 2326 3750 2396 quamobrem

2181 2397 2353 2469 neque
2374 2400 2425 2454 id
2454 2401 2655 2454 crimen
2686 2399 2999 2467 impunitum
3025 2414 3144 2453 esse
3166 2397 3354 2454 debeat
3386 2415 3398 2451 :
3432 2415 3551 2453 cum
3574 2408 3749 2456 tamen

2180 2471 2450 2540 praedictis
2474 2469 2786 2525 nocentibus
2814 2470 2944 2524 nihil
2964 2470 3202 2524 videatur
3218 2486 3418 2540 nocere.

2246 2541 2333 2595 42.
2364 2542 2407 2595 0
2426 2543 2543 2612 jam
2573 2541 2782 2594 miseras
2808 2542 3001 2607 respice
3030 2539 3234 2611 terras.]
3268 2539 3347 2612 Ad
3383 2539 3570 2606 Deum,
3595 2558 3623 2595 a
3646 2557 3750 2610 quo

2177 2627 2392 2666 carmen
2426 2611 2737 2682 incmperat,
2769 2612 3049 2665 revertitur
3071 2619 3245 2680 poeta,
3276 2611 3553 2680 ipsumque
3576 2622 3747 2682 rogat,

2175 2695 2233 2736 ut
2260 2683 2471 2737 miseras
2499 2684 2736 2752 respiciat
2760 2690 2941 2750 terras,
2975 2697 3105 2751 quas
3122 2683 3371 2736 nimirum
3399 2682 3634 2737 incolunt
3656 2684 3750 2739 ho-

2174 2754 2365 2817 mines,
2397 2754 2609 2823 indigna
2641 2754 2889 2807 ferentes.

2243 2824 2332 2878 45.
2361 2822 2597 2893 Quisquis
2612 2840 2781 2878 rerum
2803 2824 2993 2891 fwdera
3014 2822 3217 2894 nectis.]
3242 2823 3527 2878 Prtedictas
3548 2824 3749 2881 scilicet

2172 2909 2450 2949 causarum
2482 2894 2904 2963 ell‘ectorumque
2933 2896 3253 2949 naturalium
3293 2894 3711 2950 vicissitudines.

2244 2966 2334 3019 45.
2362 2964 2543 3035 Operis
2568 2967 2693 3018 tanti
2722 2982 2841 3035 pars
2865 2982 2965 3019 non
2993 2966 3104 3019 vilis
3132 2963 3404 3035 homines.]
3434 2964 3605 3019 Homo
3632 2968 3747 3033 qui-

2172 3034 2294 3090 dem
2337 3034 2455 3103 pars
2486 3045 2568 3090 est
2611 3052 2787 3091 rerum
2818 3052 2845 3088 a
2893 3037 3000 3089 Deo
3043 3034 3401 3101 conditarum,
3457 3038 3500 3089 si
3533 3037 3746 3105 quidem

2174 3122 2347 3176 neque
2392 3120 2423 3160 a
2452 3108 2761 3176 semetipso,
2798 3122 2970 3176 neque
3009 3121 3037 3159 a
3070 3106 3239 3162 nihilo
3269 3107 3382 3161 ﬁeri
3411 3108 3579 3174 potuit
3616 3108 3745 3161 :sed

2172 3177 2311 3232 idem
2338 3180 2499 3231 homo
2529 3193 2651 3247 pars
2672 3189 2754 3232 est
2774 3195 2875 3231 non
2895 3178 3029 3242 vilis,
3056 3178 3196 3247 quod
3222 3193 3284 3232 ea
3306 3178 3464 3232 etiam
3489 3193 3517 3230 τι
3556 3178 3745 3247 quibus

2172 3251 2389 3317 cogitari
2424 3264 2527 3302 non
2561 3258 2752 3317 potest,
2782 3250 2895 3317 ipse
2922 3250 3137 3317 cogitet.

2242 3316 2332 3389 45.
2362 3316 2633 3385 Quatimur
2655 3316 2872 3389 fortuna:
2891 3316 3045 3389 salo.]
3070 3320 3138 3373 Ut
3160 3319 3331 3387 poetis
3351 3317 3427 3372 sic
3449 3318 3746 3373 oratoribus

2172 3388 2341 3442 solum
2385 3400 2467 3444 est
2497 3388 2671 3456 mare,
2706 3391 2845 3459 quod
2877 3388 3124 3443 nimirum
3162 3390 3215 3442 in
3259 3390 3388 3442 mari
3438 3390 3635 3443 multus
3677 3392 3747 3444 sit

2170 3461 2299 3517 salis
2327 3476 2522 3529 sapor;
2558 3461 2682 3516 hinc
2727 3458 2920 3514 solacia
2965 3469 3016 3514 et
3045 3460 3228 3513 venilia
3258 3458 3396 3527 apud
3429 3469 3612 3528 poetas
3642 3460 3747 3514 usi-

2174 3537 2353 3586 tantur
2375 3531 2439 3585 ad
2464 3531 2810 3600 signiﬁcanda
2842 3546 2901 3585 ea
2936 3531 3097 3584 maris
3123 3529 3461 3585 decrementa
3497 3541 3549 3584 et
3571 3530 3746 3585 incre-

2171 3611 2370 3673 menta,
2401 3602 2593 3673 quibus
2625 3602 2705 3656 bis
2742 3604 2794 3655 in
2841 3602 2927 3656 die
2976 3602 3252 3673 detumere
3280 3612 3335 3654 et
3377 3604 3583 3673 tumere
3610 3601 3746 3655 solet

2169 3671 2434 3727 Oceanus.
2474 3672 2687 3728 Salacia
2716 3675 2912 3742 quippe
2941 3682 3066 3726 sunt
3094 3671 3295 3742 ﬂuctus
3316 3671 3480 3725 maris
3511 3687 3538 3723 a
3572 3671 3747 3726 littore

2169 3742 2235 3795 ad
2278 3744 2448 3798 salum
2483 3744 2783 3807 redeuntis;
2817 3741 3017 3797 venilia
3056 3753 3232 3797 autem
3277 3741 3467 3796 ﬂuctus
3507 3742 3744 3810 ejusdem

2169 3814 2332 3867 maris
2360 3815 2431 3867 ab
2451 3813 2560 3868 alto
2589 3814 2706 3867 salo
2730 3813 2794 3867 ad
2830 3815 2975 3868 littus
3006 3813 3283 3867 venientis.
3331 3811 3444 3865 Non
3476 3814 3746 3868 immerito

2168 3897 2347 3938 autem
2373 3885 2569 3938 dicitur
2600 3885 2821 3954 fortuna:
2853 3886 3019 3938 salum
3042 3894 3160 3937 cum
3181 3885 3248 3938 ab
3268 3883 3386 3937 aliis
3416 3882 3744 3947 auctoribus,

2169 3956 2307 4022 quod
2350 3956 2487 4009 sicut
2523 3970 2553 4008 a
2592 3957 2723 4009 mari
2754 3956 2831 4010 sic
2862 3972 2887 4006 a
2922 3954 3131 4008 fortuna
3162 3956 3313 4024 plura
3357 3962 3480 4006 sunt
3518 3954 3653 4008 bona
3692 3965 3745 4007 et

2170 4026 2327 4088 mala,
2361 4026 2455 4080 sed
2478 4027 3000 4080 inconstantissime:
3034 4035 3143 4078 tum
3174 4024 3466 4091 praesertim
3504 4039 3534 4076 a
3566 4034 3745 4077 nostro

2168 4110 2387 4150 auctore
2407 4140 2420 4159 ,
2458 4098 2599 4165 qttod
2624 4100 2711 4150 hic
2738 4111 2949 4150 amaros
2968 4097 3269 4165 experiatur
3296 4094 3519 4165 fortuna:
3539 4109 3718 4165 casus.

2238 4168 2326 4221 46.
2362 4163 2610 4237 Rapidos,
2628 4179 2812 4233 rector,
2839 4163 3114 4235 comprime
3133 4163 3370 4235 ﬂuctus.]
3395 4165 3447 4218 Id
3461 4176 3540 4219 est
3564 4164 3745 4218 violen-

2169 4246 2246 4291 tos
2284 4248 2453 4291 ntotus
2481 4238 2726 4299 fortunae,
2754 4252 2871 4306 qua:
2895 4246 2977 4291 est
3007 4238 3166 4290 veluti
3196 4239 3635 4306 insanumgmare.

2243 4309 2330 4362 47.
2360 4308 2473 4373 Quo
2497 4309 2676 4362 caelum
2696 4303 2828 4377 regis
2857 4308 3062 4374 findere,
3092 4308 3243 4375 ﬁrma
3263 4303 3469 4377 terras.]
3498 4304 3744 4377 Homines

2171 4380 2243 4431 sic
2275 4380 2562 4441 moderare,
2602 4391 2659 4432 ut
2696 4376 3140 4447 quemadmodum
3168 4392 3271 4430 non
3303 4376 3473 4429 solum
3501 4378 3551 4429 in
3582 4376 3739 4438 caelo,

2168 4450 2261 4501 sed
2298 4452 2347 4501 itt
2394 4451 2608 4510 reliquis
2648 4449 2898 4516 operibus
2949 4450 3071 4510 luis,
3120 4462 3233 4501 sum
3270 4447 3381 4501 suis
3419 4448 3741 4516 respondent

2172 4520 2373 4572 vicibus
2401 4522 2562 4582 vices,
2590 4521 2665 4574 sic
2684 4514 2823 4587 apud
2854 4519 3118 4583 homines,
3138 4529 3191 4572 et
3215 4516 3495 4571 virtutibus
3512 4514 3739 4585 praemia

2170 4599 2223 4643 et
2251 4591 2394 4643 vitiis
2424 4591 2683 4659 supplicia
2718 4589 3023 4643 reddantur.

2243 4662 2259 4690 ¹
2290 4656 2657 4730 Deblateravi.]
2690 4662 2786 4713 Alii
2816 4660 2995 4728 legunt
3020 4660 3431 4730 delatravi,_sive
3466 4656 3737 4730 dilatravi;

2170 4732 2263 4785 sed
2307 4746 2406 4784 vox
2446 4747 2547 4800 qua
2593 4726 2790 4785 utimur
2834 4726 2935 4783 tam
2978 4740 3098 4797 apta
3128 4739 3210 4784 est
3250 4727 3314 4781 ad
3344 4726 3738 4800 signiﬁcandam

2170 4817 2286 4855 eum
2327 4797 2484 4869 quam
2519 4818 2657 4856 nunc
2709 4802 2921 4855 Boetius
2956 4800 3113 4854 habet
3154 4802 3221 4854 de
3251 4800 3517 4867 prmdictis
3544 4797 3741 4866 cogita-

2176 4874 2393 4931 tionem.
2421 4881 2632 4942 tamque
2655 4872 2808 4926 facile
2830 4872 2999 4941 potnit
3021 4884 3236 4942 promer
3255 4870 3484 4942 similem
3512 4885 3742 4942 promin-

2172 4944 2440 4996 tiationem
2470 4946 2521 4995 iu
2548 4940 2788 5012 vulgatas
2820 4940 2976 4995 Voces
3008 4940 3219 5004 mutari,
3252 4950 3307 4992 ut
3331 4940 3410 5012 lite
3442 4941 3584 5012 illam
3611 4940 3743 4993 obli-

2171 5023 2373 5066 teraSse
2396 5008 2695 5075 videantur,
2728 5013 2864 5077 quod
2889 5012 3180 5066 attendenti
3212 5011 3432 5077 patebit.
3484 5008 3742 5063 Nimirum

2167 5085 2499 5146 deblaterure,
2534 5085 2704 5154 inquit
2733 5083 2942 5146 FeSIus,
2971 5092 3043 5137 est
3074 5080 3225 5154 stulte
3252 5081 3419 5150 loqui,
3472 5096 3591 5133 nam

2169 5177 2261 5214 κας
2301 5157 2491 5208 stultos
2528 5149 2718 5207 vocant
2749 5154 2917 5206 Grmci
2952 5171 2963 5205 :
3006 5155 3125 5207 hinc
3160 5149 3460 5205 blaterones
3490 5149 3632 5205 sunt
3654 5149 3743 5201 ho-

2167 5228 2324 5276 mines
2368 5226 2439 5295 inr
2468 5227 2613 5277 verba
2654 5225 2893 5295 projecti,
2948 5224 3115 5289 inquit
3156 5223 3389 5288 Agellius
3426 5222 3463 5295 l.
3490 5236 3536 5285 ι,
3568 5236 3618 5295 c_.
3656 5218 3742 5295 1ᾳόε

2164 5294 2441 5363 importuni
2482 5290 2760 5357 locutores,
2803 5296 2886 5361 qui
2934 5295 3073 5347 nullo
3118 5294 3546 5363 rerunt_ponder_e
3582 5290 3743 5343 innixi

2164 5361 2323 5418 verbis
2344 5365 2567 5416 humidis
2593 5374 2639 5417 et
2661 5366 2973 5433 lapsantibus
2998 5364 3247 5434 difﬂuunt.
3277 5361 3531 5434 Normani
3553 5370 3744 5434 vocant
3769 5364 3777 5369 ’

2170 5435 2417 5499 bavards;
2444 5449 2541 5487 nec
2584 5436 2651 5487 ita
2683 5430 2858 5502 inepte
2889 5452 2900 5487 :
2934 5435 3022 5499 qui
3052 5430 3192 5489 enim
3225 5433 3523 5501 prtecipites
3550 5430 3629 5502 sic
3669 5437 3743 5483 lo-

2173 5518 2425 5573 quuntur,
2461 5505 2511 5556 hi
2542 5509 2814 5557 iulantium
2846 5506 3033 5569 illSlat',
3064 5505 3233 5558 saliva
3263 5502 3517 5557 efﬂuente
3548 5501 3743 5555 buccas

2173 5590 2225 5629 et
2254 5587 2427 5629 vestes
2447 5589 2733 5643 aspergere
2760 5576 2958 5629 solent!
2992 5580 2998 5585 ”

2243 5648 2262 5676 ²
2298 5644 2401 5698 Illa
2446 5647 2585 5697 vultu
2616 5642 2879 5716 placida]
2925 5643 3257 5717 PhilosOphia
3285 5644 3521 5717 scilicet;
3548 5642 3745 5717 quippe

2175 5733 2291 5782 qua:
2314 5717 2547 5769 otnnium
2575 5714 2751 5769 rerum
2781 5714 3106 5769 moderatrix
3130 5714 3230 5771 est.
3255 5716 3387 5770 Hinc
3411 5714 3611 5783 sapiens
3633 5716 3744 5768 sine

2176 5787 2543 5855 philosophus,
2579 5788 2818 5841 Ciceroni
2848 5802 2895 5840 tv
2919 5787 3103 5852 Tusc.,
3135 5791 3177 5840 is
3200 5797 3271 5842 est
3295 5789 3377 5852 qui
3406 5786 3745 5839 moderatione

2174 5866 2218 5912 et
2247 5857 2526 5913 constantia
2560 5858 2756 5931 quietus
2783 5859 2949 5915 animo
2979 5869 3088 5928 est,
3118 5860 3308 5931 sibique
3338 5858 3446 5929 ipse
3481 5860 3741 5929 placatus,
