4292 6262
523 383 621 438 641

1435 378 1523 434 DE
1554 368 2072 434 CONSOLATIONI‘I
2111 368 2579 429 PHILOSOPHUS
2618 367 2748 425 LIB.
2789 367 2831 422 l.

3672 357 3778 419 612

521 497 667 551 vultu
700 494 931 566 placido,
960 493 1196 566 nihilque
1224 492 1357 548 meis
1399 491 1677 561 questibus
1707 498 1886 545 mota:
1916 490 1932 521 ι
1963 487 2093 543 Cum
2122 494 2179 555 Α
2200 486 2493 543 existimari
2524 485 2711 549 mavis,
2748 492 2797 538 te
2829 483 3005 552 potius
3050 483 3163 552 ipse
3193 481 3464 553 pepulisti.
3498 481 3629 537 Nam
3661 482 3712 535 id
3748 493 3771 521 ο

522 600 593 659 te,
624 592 822 661 inquit,
858 599 883 627 λ
914 601 1161 647 maestum
1192 591 1682 661 lacrymantemque
1714 586 2002 649 vidissem,
2033 584 2097 638 il-

520 685 625 739 lico
649 688 668 716 ²
708 684 959 740 miserum
981 724 996 748 ,
1020 686 1145 756 -72
1195 684 1215 715 ³
1244 683 1588 752 exsulemque
1639 680 1885 749 cognovi.
1936 676 2039 733 Sed
2068 674 2096 714 ι)

519 793 673 847 quam
702 777 751 831 id
778 778 1119 848 longinquum
1161 784 1305 831 esset
1335 775 1581 829 exsilium
1601 814 1617 837 ,
1650 773 1752 827 nisi
1784 779 1875 825 tua
1920 768 2099 839 prodi-

519 869 685 925 disset
712 870 905 933 oratio,
939 868 1266 923 nesciebam.
1299 866 1403 923 Sed
1438 875 1491 919 tu
1520 863 1759 935 procula
1788 860 1959 932 patria
1991 874 2097 913 non

518 962 728 1033 quidem
772 962 954 1031 pulsus
1001 975 1089 1026 es,
1122 960 1215 1016 sed
1259 957 1538 1013 aberrasti.
1573 956 1643 1012 At
1680 956 1727 1010 si
1778 963 1829 1009 te
1878 951 2093 1023 pulsum

2205 579 2415 649 quidem
2444 577 2510 632 de
2541 587 2591 633 te
2636 591 2904 645 nunquam
2957 578 3201 644 cuiquam
3252 576 3329 629 fas
3377 576 3580 629 fuisset.
3615 574 3693 643 (5)
3722 574 3777 629 Si

2204 671 2348 727 enim
2372 669 2393 701 ‘
2413 670 2563 739 cujus
2583 669 2843 723 oriundus
2866 669 2939 723 sis
2956 668 3139 737 patriae
3161 667 3540 733 reminiscaris,
3556 663 3583 703 ά
3608 666 3628 695 ³
3650 681 3777 730 ηοη,

2206 765 2279 819 uti
2307 762 2713 819 Atheniensium
2743 761 3027 830 quondam,
3064 758 3414 814 multitudinis
3443 758 3667 828 imperio
3689 772 3777 813 re—

2203 856 2373 926 gitur,
2404 853 2498 909 sed
2530 864 2553 891 ε
2586 851 2654 916 εἷς
2683 856 2905 929 κοίρανος
2937 851 3108 918 ἔστιν,
3149 850 3217 912 εἷς
3247 852 3518 923 βασιλεὺς,
3551 852 3637 919 qui
3675 849 3779 905 fre-

2204 948 2419 1015 quentia
2450 947 2675 1012 civium,
2708 961 2813 1002 non
2839 946 3153 1016 depulsione
3180 946 3386 1000 laetatur
3414 962 3427 999 :
3459 945 3563 1016 73
3583 946 3604 975 ⁸
3627 945 3778 1014 cujus

1860 1084 2429 1147 INTERPRETATIO.

589 1233 613 1262 ⁸
646 1222 690 1276 0
720 1220 883 1276 Baeti.

586 1292 614 1333 δ
647 1294 903 1360 Quantum
931 1292 1024 1345 hoc
1045 1288 1279 1360 exsiliunt
1302 1287 1533 1340 distaret.

591 1376 613 1404 ε
644 1358 809 1419 Nemo
832 1363 1073 1432 potuisset
1099 1370 1144 1413 te
1170 1358 1355 1432 pellere

2263 1200 2287 1239 δ
2321 1202 2431 1275 Tua
2456 1202 2623 1272 patria
2651 1218 2751 1275 non
2776 1202 2964 1275 regitur
2989 1199 3197 1275 imperio
3239 1196 3614 1265 multitudinis;
3643 1200 3774 1257 sicut

2198 1275 2316 1328 olim
2343 1270 2557 1327 Athente
2580 1270 2877 1339 regebantur
2899 1289 2917 1325 :
2944 1272 3032 1325 sed
3060 1270 3234 1333 huius.

2273 1353 2295 1380 θ
2338 1343 2483 1399 Unus
2510 1352 2580 1397 est
2610 1345 2862 1409 dominus,
2895 1357 3023 1397 unus
3047 1358 3157 1396 rem.

2041 1500 2269 1558 NOTAE.

518 1650 571 1695 ut
596 1654 753 1710 neque
773 1636 992 1710 tabescat
1013 1635 1457 1710 molestiis,‘nequ_e
1483 1637 1752 1710 frangatur
1779 1628 1986 1710 timore,
1999 1640 2091 1710 nec

517 1700 735 1766 sitienier
763 1708 883 1778 quid
911 1714 1154 1778 appetens
1197 1700 1382 1759 ardeat
1406 1700 1672 1769 desiderio,
1710 1716 1801 1753 nec
1829 1700 2094 1752 alacritate

518 1777 899 1855 futiligestiens
928 1777 1257 1855 deliquescat.

2204 1620 2272 1673 de
2303 1618 2473 1687 patria
2517 1617 2722 1673 caelesti
2761 1632 2939 1672 sermo
2968 1616 3308 1687 continuatur
3346 1630 3357 1662 :
3410 1609 3564 1679 hujus
3598 1622 3774 1670 autem

2205 1683 2389 1757 patria:
2435 1689 2709 1743 reminisci
2755 1689 3011 1743 duntaxat
3059 1683 3299 1740 Boetium
3349 1691 3559 1757 oportet
3597 1701 3608 1735 :
3650 1687 3773 1753 quia

2200 1752 2414 1815 Boetius
2440 1759 2553 1813 sive
2581 1774 2610 1811 a
2644 1760 2751 1814 Deo
2774 1799 2788 1821 ,
2818 1761 2933 1814 sive
2960 1772 3055 1810 suo
3086 1757 3285 1819 Marte,
3332 1752 3444 1807 sive
3473 1755 3631 1808 etiam
3663 1752 3775 1808 ina-

591 1802 1582 1915 iuilgfii‘iznmtgsit‘i:gfdggimautemque
1608 1838 1885 1911 vidissem]
1918 1837 2088 1907 lnqttit
2125 1802 2170 1866 Β
2195 1832 2483 1901 gistrorum
2511 1802 2848 1915 adminiculis
2871 1831 3181 1909 instructus,
3205 1802 3387 1915 multis
3406 1823 3598 1915 abhinLc
3620 1826 3773 1915 annis

519 1921 879 1990 Philosophia.
910 1910 1416 1990 Lacrymteq'uidetn
1449 1910 1651 1990 seipsas
1690 1910 1919 1990 produnt
1942 1910 2084 1990 stri-

518 1995 657 2048 stitia
689 1981 864 2045 autem
906 1998 960 2044 et
988 1981 1237 2059 Iaérymis
1270 1996 1331 2043 et,
1352 1981 1634 2059 oculorum
1665 1983 1768 2037 situ
1810 1981 2085 2059 noscitur:

525 2064 669 2119 Oculi
691 2064 822 2116 enim
848 2069 987 2123 sunt,
1016 2055 1181 2127 inquit
1207 2056 1397 2112 Orator
1427 2072 1481 2110 ut
1508 2056 1575 2109 de
1601 2055 1715 2114 Or..
1744 2058 2091 2127 quorumtum

520 2135 813 2193 intentione,
837 2140 943 2183 tum
970 2121 1277 2193 remissione,
1303 2138 1410 2180 tum
1431 2128 1679 2199 conjecta,
1710 2121 1810 2176 tum
1834 2121 2090 2175 hilaritate

522 2216 685 2259 motus
711 2203 995 2255 animorum
1021 2200 1385 2269 signiﬁcamus.

592 2278 611 2305 ²
641 2274 886 2327 Miserum
915 2262 1168 2341 cognovi]
1209 2270 1471 2341 Misertut
1498 2265 1715 2341 anacio
1745 2262 2089 2341 pluribusque

522 2346 636 2400 aliis
665 2346 855 2411 placet,
880 2333 1071 2396 dicitur
1100 2333 1304 2413 aptata,
1323 2339 1431 2401 odi,
1463 2333 1822 2413 quodmisera
1855 2333 2089 2413 conditio

523 2405 765 2471 omnibus
793 2416 859 2468 sit
886 2427 1068 2466 exosa.
1099 2405 1341 2464 Miseram
1369 2405 1547 2462 autem
1591 2408 1728 2460 illam
1764 2405 1930 2459 Boetii
1961 2419 2089 2459 con-

521 2486 775 2541 ditionem
823 2482 1159 2549 Philosophia
1191 2481 1501 2549 cognovisse
1535 2479 1704 2548 potuit
1742 2491 1805 2549 es
1841 2474 2087 2549 lacrymis

521 2566 576 2612 et
621 2556 826 2610 tristitia
868 2547 1137 2623 praedictis
1178 2570 1192 2606 :
1238 2547 1318 2604 lite
1363 2550 1503 2604 enim
1539 2547 1676 2602 sunt
1722 2547 1950 2601 miseria:
1997 2559 2087 2599 co-

519 2628 691 2682 mites.

592 2698 611 2729 ³
642 2691 1030 2765 Εωεηιεηιαιιε.]
1065 2692 1224 2747 Exsul
1268 2692 1416 2765 sive,
1459 2686 2083 2765 ut_vcteres_legebant,

521 2770 657 2824 exsul
684 2768 771 2821 ille
791 2756 984 2820 dicitur
1012 2756 1099 2832 qui
1141 2779 1203 2817 ex
1235 2763 1353 2817 solo
1382 2756 1691 2832 deturbatus
1736 2758 1889 2832 abest
1916 2774 1940 2832 :_
1961 2756 2086 2809 hinc

522 2842 666 2893 aiunt
710 2828 1055 2903 scribendum
1073 2834 1240 2895 exsul,
1270 2849 1372 2887 non
1404 2834 1563 2887 exul:
1594 2830 1686 2884 sed
1731 2829 1780 2882 id
1813 2828 1941 2882 tanti
1976 2841 2080 2903 non

521 2922 619 2974 est,
650 2924 769 2962 cum
806 2908 974 2960 littera
1005 2898 1133 2958 at'ex
1165 2904 1356 2961 litteris
1384 2921 1410 2957 c
1438 2912 1535 2957 ets
1564 2909 1931 2974 componatur.
1980 2896 2082 2951 Co-

522 2970 698 3051 gnovit
726 2986 903 3051 autem
932 2974 1271 3051 Pliil_050phia
1305 2975 1403 3051 hoc
1422 2974 1595 3051 _Boet_ii
1624 2970 1863 3026 exsilium
1890 2983 1991 3051 non
2014 2982 2081 3021 ex

523 3039 728 3105 iristitia
760 3057 813 3103 et
839 3048 1081 3117 Iacrymis
1105 3039 1309 3117 tantum
1340 3062 1351 3117 ξ
1385 3045 1464 3117 his
1483 3044 1683 3117 quippe
1700 3056 1803 3094 non
1826 3039 2077 3117 exsilium

522 3123 694 3191 p0tius
712 3135 869 3189 quam
891 3110 1145 3191 quaelibet
1162 3116 1261 3168 alia
1284 3110 1867 3191 miseria—significatur;
1896 3110 1989 3191 sed
2013 3124 2077 3191 ex

2196 1892 2416 1955 noverat
2438 1899 2630 1954 caelum
2659 1915 2807 1954 suam
2834 1916 2952 1954 esse
2973 1898 3195 1967 patriam
3223 1912 3237 1949 :
3266 1892 3360 1967 sed
3384 1895 3529 1949 notio
3554 1894 3665 1949 haec
3690 1895 3770 1949 af-

2194 1970 2417 2027 fectibus
2465 1969 2603 2025 forte
2649 1971 2926 2025 obscurata
2953 1965 3120 2023 {hinc
3165 1965 3295 2021 illud
3334 1979 3437 2018 non
3479 1973 3584 2020 tam
3632 1967 3771 2021 scire

2195 2042 2418 2111 primum
2449 2056 2604 2109 quam
2634 2041 2907 2095 reminisci
2936 2040 3186 2111 debebat.

2263 2113 2283 2142 ⁵
2316 2109 2439 2164 Non
2467 2106 2557 2163 'uti
2590 2108 3023 2181 Atheniensium]
3065 2108 3409 2181 Triplexest
3451 2106 3771 2181 patrimure-

2191 2181 2376 2252 gendre
2405 2182 2625 2244 modus,
2671 2182 2785 2236 sive
2825 2178 3022 2250 triplex'
3045 2179 3255 2247 imperii
3288 2178 3455 2233 forma
3478 2220 3492 2239 ,
3525 2178 3773 2252 videlicet

2193 2248 2546 2323 principatus,
2572 2260 2742 2305 status
2767 2248 3103 2323 optimatum,
3133 2259 3187 2305 et
3215 2259 3383 2323 stante
3407 2248 3622 2323 populi:
3648 2264 3768 2304 nam

2192 2319 2403 2377 cunctas
2427 2319 2652 2375 nationes
2679 2333 2725 2375 et
2749 2319 2913 2386 urbes,
2947 2322 3023 2375 ait
3050 2319 3267 2375 Cornel.
3300 2320 3534 2389 Tacitrl.
3567 2334 3638 2382 χι,
3671 2336 3768 2389 po-

2191 2396 2367 2465 pulus,
2399 2400 2485 2444 aut
2518 2395 2765 2465 primores
2781 2436 2793 2454 ,
2836 2409 2924 2446 aut
2952 2392 3143 2465 singuli
3169 2401 3370 2461 regunt.
3398 2388 3770 2465 Athenienses

2190 2460 2403 2532 quidem
2433 2466 2499 2516 ab
2528 2463 2874 2532 optimatibus
2900 2463 3128 2533 primum
3148 2502 3164 2527 ,
3196 2460 3240 2515 a7
3256 2461 3448 2533 populo
3476 2460 3675 2533 deinde,
3696 2464 3771 2514 le-

2189 2550 2283 2604 ges
2327 2544 2679 2601 acceperunt,
2731 2534 2871 2589 unde
2902 2548 3004 2587 non
3042 2533 3213 2604 solum
3262 2532 3560 2604 depulsione
3584 2532 3768 2585 civium

2190 2601 2309 2659 Bene
2337 2607 2631 2657 meritorum
2661 2604 2845 2671 lentati,
2878 2605 2971 2658 sed
3008 2602 3143 2657 mori
3175 2618 3265 2657 eos
3316 2601 3599 2670 aliquando
3646 2616 3770 2657 coe-

2150 2676 2333 2743 ‘gisse
2373 2674 2632 2729 feruntur.
2676 2678 2746 2728 At
2785 2674 3019 2729 celestis
3063 2682 3241 2726 nostra
3271 2674 3438 2741 patria
3468 2686 3638 2741 neque
3675 2688 3769 2741 po-

2189 2747 2335 2815 pulo,
2367 2760 2540 2812 neque
2566 2744 2908 2813 optimatibus
2930 2785 2944 2809 ,
2973 2744 3066 2798 sed
3103 2759 3209 2815 uno
3238 2744 3497 2798 duntaxat
3528 2743 3766 2812 principe

2188 2813 2431 2886 regitur:
2463 2824 2520 2868 ut
2548 2816 2690 2870 enim
2723 2816 2797 2868 ait
2824 2814 3083 2887 Homerus
3112 2813 3329 2887 Iliadin
3361 2831 3375 2867 :

2905 2882 3220 2959 εἶς’κοίρανος
3246 2883 3377 2939 ἔστω

2536 2954 2605 3016 εἷς
2628 2956 2887 3031 βασιλεὺς.

2541 3089 2546 3094 .
2938 3045 3103 3095 Herus
3120 3045 3293 3094 unicus
3319 3052 3425 3093 esto

2310 3108 2491 3159 Unicus
2514 3113 2567 3158 et
2584 3109 2829 3172 princeps.

523 3170 743 3259 ῖῆέίιῖ-ἰῐῖ
756 3170 871 3259 qua
898 3170 1109 3241 Doetius
1134 3186 1543 3259 lacrymabatur,
1563 3170 1703 3243 Ϊιιεο.
1726 3182 1837 3259 qui,
1852 3170 1935 3259 ut.
1956 3188 2077 3247 pote
2105 3170 2151 3234 C

2067 3194 2077 3232 ⁵
2105 3170 2151 3234 C
2261 3192 2478 3248 Scilicet
2497 3200 2551 3246 ut
2572 3193 2721 3248 solus
2740 3192 2884 3246 Deus
2904 3200 2986 3246 est
3006 3191 3200 3246 mentis
3224 3189 3466 3244 humanze
3488 3189 3762 3253 conditor,

523 3250 705 3317 Doetio
743 3250 1079 3328 conjunctus,
1114 3250 1281 3324 potuit
1305 3265 1359 3309 et
1392 3255 1459 3309 ab
1487 3262 1706 3307 auctore
1729 3250 1940 3306 reticeri
1969 3260 2024 3305 et
2056 3265 2084 3303 a

523 3333 720 3388 lectore
749 3331 903 3384 facile
932 3328 1174 3397 intelligi.

598 3405 787 3458 Verum
814 3416 932 3455 cum
955 3391 1199 3453 exsilium
1227 3398 1431 3451 dicatur
1454 3393 1635 3464 patriae
1664 3391 1912 3463 privatio,
1941 3405 2086 3445 cum-

526 3491 625 3544 quc
655 3472 886 3528 hominis
914 3470 1078 3544 patria
1108 3469 1209 3522 alia
1230 3463 1843 3544 dicaturcorporis,.alia
1874 3464 2086 3544 mentis,

526 3532 1078 3615 proptereaexs'ilium
1106 3554 1210 3615 non
1240 3539 1410 3615 solum
1435 3538 1502 3591 de
1529 3532 1841 3615 corporibus
1872 3548 1906 3615 a_
1930 3532 2089 3613 natali

527 3604 641 3670 solo
669 3614 929 3680 expulsis,
979 3612 1070 3680 sed
1121 3612 1278 3664 etiam
1328 3609 1394 3662 de
1437 3606 1704 3661 mentibus
1748 3620 1778 3680 a
1808 3604 1945 3658 cmlo
1975 3604 2092 3680 sive

525 3688 701 3754 potius
725 3674 758 3736 a
788 3683 895 3736 Deo
926 3678 1144 3754 remotis
1171 3680 1389 3754 intelligi
1420 3687 1592 3754 potest
1625 3695 1637 3730 :
1671 3678 1810 3754 unde
1833 3674 2094 3754 quamvis

528 3743 741 3811 Boetius
776 3754 827 3807 in
871 3751 1139 3821 praedictis
1167 3752 1277 3821 suis
1320 3743 1739 3821 carminibusde
1767 3746 1929 3815 priori
1961 3743 2096 3797 dun-

529 3837 671 3880 taxat
711 3818 897 3879 exsilio
938 3823 1145 3875 locutus
1174 3819 1360 3887 fuerit,
1394 3818 1733 3887 Philosophia
1765 3826 1973 3879 tamen,
2005 3829 2097 3887 oc-

530 3898 744 3952 casione
788 3901 1004 3962 accepta
1028 3934 1041 3958 ,
1075 3894 1142 3945 de
1189 3884 1469 3962 posteriori
1513 3884 1987 3962 exsilio'loquitur,
2025 3884 2097 3962 si-

529 3968 829 4034 mulataque
856 3956 947 4017 sua
980 3956 1326 4028 ignoratione,
1357 3960 1534 4034 innuit
1560 3956 1811 4013 exsilium
1827 3973 1933 4034 non
1957 3956 2098 4034 adeo

533 4027 862 4107 longinquum
930 4027 1066 4097 esse';
1121 4034 1261 4107 quod
1316 4032 1564 4084 nimirum
1606 4044 1769 4107 ‘mens
1826 4027 2095 4107 hominis,

530 4097 897 4178 quamcunque
924 4106 969 4159 is
998 4097 1191 4178 incolat
1220 4113 1477 4178 terrarum
1510 4104 1780 4178 regionem
1804 4144 1818 4165 ,
1854 4097 2099 4178 neclono

531 4168 659 4248 éiori
693 4168 995 4248 propterea,
1027 4189 1124 4227 nec
1142 4173 1383 4248 breviori
1416 4168 1694 4225 intervallo
1721 4187 1747 4222 a
1779 4168 1980 4248 caelesti
2009 4181 2101 4248 pa-

532 4239 631 4304 tria
658 4239 863 4303 distet:
902 4247 1037 4299 bene
1067 4244 1259 4313 quippe
1302 4249 1643 4311 Anaxagoras
1687 4240 1945 4313 quaerenti
1987 4239 2103 4295 nttl-.

532 4322 650 4375 lane
680 4319 864 4389 patria:
894 4316 994 4385 ipsi
1021 4310 1163 4369 esset
1182 4310 1304 4389 cura
1326 4330 1339 4389 ξ
1365 4313 1510 4378 Mihi,
1539 4313 1726 4389 inquit,
1764 4310 2098 4389 patriaecura

532 4403 583 4445 et
612 4381 821 4459 quidem
854 4381 1057 4459 summa
1083 4395 1182 4459 est,
1204 4383 1455 4459 _digitum
1492 4399 1541 4436 tn
1571 4381 1762 4438 caelum
1796 4381 2098 4459 intendens.

534 4451 740 4530 Optime
769 4461 823 4511 S.
855 4456 1077 4530 Paulus,
1124 4456 1168 4530 ll_
1196 4451 1320 4508 Cor'.
1354 4471 1405 4518 v,
1433 4464 1625 4530 monet
1660 4469 1750 4530 unos
1782 4451 1972 4530 habere
2010 4451 2102 4501 do-

536 4522 670 4586 mum
700 4540 939 4584 wternam
986 4529 1040 4579 in
1079 4528 1214 4578 catis
1251 4541 1267 4577 :
1304 4526 1445 4595 quod
1490 4525 1627 4593 apud
1669 4522 1996 4595 Christianos
2016 4530 2100 4595 est

534 4601 979 4672 vulgatissimum.
1012 4596 1295 4672 PrOpterea
1322 4590 1405 4647 ’ab
1434 4590 1539 4672 hac
1559 4592 1723 4672 patria
1756 4605 1913 4645 nemo
1942 4590 2099 4658 pelli-

533 4662 655 4727 tur“:
692 4687 742 4723 tu
767 4669 945 4740 procul
982 4684 1013 4720 a
1058 4662 1224 4740 patria
1266 4666 1605 4740 non_quidem
1636 4662 1813 4740 pulsus
1855 4677 1907 4713 es
1931 4677 1951 4714 .·
1977 4675 2097 4740 nam

534 4746 635 4797 hoc
660 4752 740 4797 est
768 4733 1065 4793 discrimen»
1086 4739 1222 4790 inter
1254 4733 1472 4803 patriam
1516 4735 1756 4801 corporis
1797 4741 1850 4785 et
1880 4733 2100 4803 patriam

534 4816 751 4875 mentis,
783 4810 923 4880 quod
950 4812 1108 4862 etiam
1135 4802 1283 4861 inviti
1317 4807 1577 4880 possimus
1604 4820 1639 4880 _a
1673 4804 1837 4871 patria
1865 4802 2103 4880 corporis

535 4873 767 4953 expelli»:
800 4873 826 4933 a
861 4881 1029 4953 patria
1061 4893 1187 4931 vero
1216 4873 1442 4953 mentis,
1489 4875 1737 4939 nimirum
1766 4886 1795 4953 ᾳ
1820 4873 1957 4926 caelo
1990 4873 2103 4953 sive

534 4944 708 5024 potius
735 4953 803 5006 ab
824 4944 938 5024 ipso
957 4949 1206 5024 Deo,non
1233 4950 1329 5000 nisi
1361 4950 1599 5001 volentes
1621 4944 1937 5024 recedamus
1961 4960 1973 4993 :
2006 4944 2106 5024 huc

536 5012 676 5081 enim
707 5012 1005 5084 tendimus,
1039 5020 1123 5073 hic
1152 5032 1545 5071 commoramur
1582 5013 1859 5068 affectibus
1888 5012 2102 5084 mentis,

536 5110 763 5166 quorum
793 5107 975 5166 sumus
995 5082 1226 5166 domini.
1355 5088 1521 5166 patria
1551 5095 1733 5166 tamen
1777 5082 2108 5166 calesiiab-

538 5152 779 5221 erramus
826 5161 1155 5230 aliquando,
1187 5160 1275 5212 sed
1316 5152 1606 5230 aberrastt':
1644 5164 1901 5226 quatenus
1942 5152 2107 5210 libere

536 5239 783 5289 voluntas
804 5243 983 5287 nostra
1008 5229 1186 5284 deficit
1214 5244 1243 5281 a
1271 5229 1445 5283 divina
1476 5232 1766 5292 voluntate,
1797 5241 1914 5295 quae
1943 5236 2001 5279 ut
2027 5235 2110 5280 est

536 5308 705 5375 prima
736 5319 912 5359 rerum
943 5301 1180 5375 omnium
1219 5315 1405 5375 causa,
1438 5300 1514 5353 sic
1559 5298 1725 5375 prima
1769 5308 1850 5375 est
1893 5307 2105 5375 actuum

540 5369 891 5432 humanorum
925 5373 1098 5441 regula
1127 5389 1139 5423 :
1172 5371 1513 5438 quamobrem
1543 5371 1588 5421 si
1616 5381 1661 5421 te
1695 5371 1898 5441 pulsum
1936 5369 2108 5441 existi-

540 5449 669 5500 mari
700 5446 874 5508 mavis,
906 5453 951 5495 te
980 5438 1147 5508 potius
1174 5442 1279 5507 ipse
1307 5442 1566 5509 pepulisti.
1594 5450 1678 5491 tua
1707 5438 2110 5509 scilicetvolun-

541 5528 667 5581 tate,
698 5527 789 5568 tuo
815 5528 1108 5571 consensu,
1147 5508 1394 5578 cujus'ita
1421 5509 1780 5581 dominuses,
1812 5520 1868 5561 ut
1896 5508 1950 5559 id
1975 5510 2038 5560 de
2063 5518 2110 5581 te

542 5579 797 5655 nunquam
822 5586 1058 5652 cuiquam
1080 5584 1157 5655 [as
1182 5582 1377 5647 fuisset.
1407 5583 1571 5633 'l‘anta
1599 5579 1792 5649 quippe
1816 5587 1901 5655 e_st_
1918 5579 2110 5655 mentis

544 5649 790 5712 humana:
818 5649 1060 5715 libertas,
1081 5649 1204 5721 ipsa
1251 5661 1308 5703 ut
1336 5666 1435 5704 nec
1462 5666 1643 5704 errore
1673 5666 1769 5703 nec
1810 5649 1961 5721 vitio,
1993 5650 2111 5716 qui-

544 5729 647 5783 bus
671 5743 699 5779 a
729 5724 933 5781 caelesti
959 5724 1122 5791 patria
1163 5737 1428 5786 arcemur,
1466 5721 1565 5774 nisi
1597 5721 1782 5774 eadem
1823 5720 1986 5774 libere
2015 5734 2109 5772 vo-

544 5798 724 5858 luerit,
754 5794 1101 5849 contaminari
1129 5793 1313 5861 possit.

616 5867 636 5903 ⁸
666 5869 822 5936 Cujus
868 5867 1107 5921 oriundus
1145 5864 1214 5917 sis
1246 5864 1420 5932 patria:
1440 5862 1822 5933 reminiscaris.]
1851 5863 2117 5931 [acceptus

2189 3263 2267 3317 sic
2292 3263 2436 3317 solus
2474 3264 2613 3318 Deus
2643 3274 2727 3317 εει
2766 3262 3004 3330 ejusdem
3036 3261 3232 3316 mentis
3273 3262 3575 3314 moderator
3606 3279 3618 3314 :
3645 3277 3769 3330 pro-

2195 3343 2375 3403 pterea
2413 3333 2599 3397 Deus,
2628 3334 2643 3385 ι
2674 3333 2909 3387 Timotlt.
2942 3348 2991 3386 v1
3021 3340 3076 3387 et
3112 3332 3273 3403 alibi,
3318 3332 3515 3403 dicitur
3558 3330 3669 3384 Rea:
3693 3348 3771 3385 re-

2194 3401 2314 3473 gum
2340 3414 2387 3473 et
2416 3404 2667 3457 Dominus
2693 3405 3086 3457 dominantium.
3119 3401 3230 3457 Rex
3264 3413 3437 3456 autem
3469 3402 3560 3473 ille
3585 3416 3771 3471 supre-

2193 3472 2312 3529 mus
2331 3472 2537 3528 letatur
2565 3474 2847 3543 frequentia
2868 3474 3051 3527 civium
3074 3491 3091 3537 ;
3123 3482 3397 3541 propterea
3421 3472 3560 3525 enim
3588 3473 3773 3525 huma-

2198 3560 2323 3599 num
2378 3559 2546 3614 genus
2593 3542 2859 3610 condidit,
2896 3543 3285 3614 Aperditumque
3337 3542 3601 3612 Unigeniti
3651 3543 3774 3597 Filii

2196 3625 2367 3670 morte
2388 3612 2662 3683 reparavit
2687 3634 2699 3667 :
2731 3616 2855 3669 ltinc
2880 3612 3154 3685 Christus,
3184 3613 3340 3685 Joan.
3380 3629 3412 3665 χ
3432 3613 3619 3685 ,_Atios
3640 3614 3774 3685 ,in-

2197 3686 2339 3755 quit,
2368 3701 2480 3739 oves
2514 3685 2703 3749 habeo,
2740 3702 2854 3756 qua:
2883 3701 2986 3738 non
3014 3683 3127 3739 su‘nt
3157 3701 3219 3738 ea:
3258 3683 3354 3736 hoc
3389 3683 3543 3756 ovili,
3575 3694 3620 3737 et
3655 3684 3776 3756 illas

2199 3754 2396 3825 oportet
2437 3773 2514 3809 me
2542 3754 2826 3821 adducere;
2869 3765 2915 3807 et
2960 3771 3125 3809 vocem
3166 3770 3326 3807 meam
3357 3754 3565 3807 audient
3603 3763 3650 3807 et
3690 3754 3776 3822 [iet

2202 3844 2357 3880 unum
2393 3827 2520 3881 ovile
2550 3836 2597 3880 et
2632 3842 2763 3879 unus
2804 3835 2996 3893 pastor.
3042 3825 3184 3879 Idem
3216 3825 3328 3879 Rex
3354 3839 3635 3893 supremus
3677 3840 3778 3878 non

2205 3897 2727 3968 lmtatur_depulsione
2746 3897 2930 3950 civium
2954 3913 2973 3950 :
3000 3912 3117 3968 nam
3146 3898 3163 3950 Ι
3192 3895 3509 3968 Τίιηοιιιηιι.
3540 3896 3778 3949 Salvator

2202 3982 2370 4022 noster
2400 3965 2537 4021 Deus
2566 3983 2738 4021 omnes
2767 3968 2992 4020 homines
3015 3967 3118 4019 vult
3141 3965 3303 4019 salvos
3333 3966 3445 4033 ﬁeri
3467 3974 3515 4018 et
3541 3968 3608 4017 ad
3621 3968 3778 4036 agni-

2204 4040 2391 4092 tionem
2419 4039 2642 4092 veritatis
2668 4039 2859 4091 venire.
2899 4037 3025 4090 Vivo
3050 4054 3161 4107 ego,
3186 4036 3308 4089 dicit
3335 4037 3583 4089 Dominus
3610 4033 3747 4089 Deus
3764 4076 3779 4099 ,

2202 4108 2501 4163 Ezechielis
2524 4124 2689 4163 χχχιιι
2706 4150 2719 4169 ,
2752 4110 2868 4162 nolo
2889 4118 3096 4161 mortem
3124 4108 3303 4177 impii,
3327 4109 3415 4160 sed
3441 4118 3493 4161 ut
3520 4116 3779 4159 converta-

2202 4190 2283 4232 tur
2312 4180 2499 4246 impius
2527 4196 2558 4232 a
2594 4181 2675 4231 via
2702 4195 2797 4232 sua
2831 4190 2877 4232 et
2916 4180 3068 4232 vivat.
3111 4176 3501 4243 Convertimini,
3536 4178 3781 4231 converti-

2204 4251 2328 4302 mini
2350 4267 2379 4301 a
2401 4251 2492 4303 viis
2522 4251 2692 4302 vestris
2718 4250 2970 4317 pessimis,
2999 4259 3046 4301 et
3070 4264 3225 4317 quare
3256 4248 3571 4312 moriemini,
3602 4248 3782 4301 domus

2203 4319 2393 4372 Israel.
2428 4320 2592 4387 Hujus
2633 4319 2860 4388 denique
2900 4319 3095 4373 summi
3134 4318 3294 4386 Regis
3321 4324 3594 4372 voluntate
3638 4318 3782 4387 regi,

2204 4406 2406 4441 summa
2437 4390 2636 4442 libertas
2665 4402 2735 4443 est
2762 4387 2786 4442 :7
2805 4388 2897 4443 sed
2925 4388 2976 4442 id
3009 4388 3235 4458 longiori
3263 4387 3491 4457 quadam
3520 4389 3783 4457 interpre-

2207 4460 2408 4529 tatione
2429 4459 2636 4513 videtur
2663 4458 2919 4529 indigere.

2279 4531 2298 4559 ⁶
2328 4528 2489 4600 Cujus
2515 4530 2598 4600 agi
2621 4530 2776 4598 frenis
2792 4528 2947 4596 atque
2971 4529 3313 4600 obtemperare
3325 4528 3564 4600 jttstitite,
3589 4545 3785 4582 summa

2209 4596 2414 4670 libertas
2445 4599 2561 4670 cst.]
2594 4596 2869 4666 Libertas,
2900 4601 3072 4668 inquit
3100 4596 3341 4654 Tulliusi
3372 4601 3437 4652 de
3466 4598 3583 4670 Oli.
3603 4608 3658 4652 et
3688 4600 3787 4653 Pa-

2209 4669 2361 4735 rad.,
2395 4670 2448 4733 5,
2480 4669 2553 4724 est
2592 4679 2807 4739 potestas
2848 4670 3045 4723 vivendi
3075 4680 3126 4721 ut
3152 4671 3305 4731 velis;
3346 4684 3450 4721 non
3489 4669 3660 4739 solum
3699 4685 3786 4724 ex-

2210 4739 2503 4803 trinsecus,
2551 4738 2764 4809 inquam
2791 4782 2804 4805 ,
2844 4740 3076 4795 motibus
3120 4739 3329 4793 scilicet
3371 4738 3649 4806 corporis;
3695 4740 3787 4794 sed

2211 4812 2374 4864 etiam
2426 4808 2772 4871 intrinsecus,
2822 4810 3071 4863 nimirum
3115 4808 3525 4877 cogitationibus
3571 4811 3786 4864 mentis.

2212 4881 2429 4935 Duobus
2457 4891 2631 4933 autem
2666 4880 2837 4934 modis
2867 4882 3026 4933 homo
3053 4887 3227 4949 potest
3252 4881 3412 4943 velle,
3444 4881 3684 4947 adeoque
3712 4881 3789 4934 vi-

2211 4965 2356 5005 vere.
2392 4951 2625 5004 Pritnutn
2649 4951 2866 5021 quidem
2890 4951 3162 5020 sequendo
3183 4950 3415 5004 divinam
3439 4950 3788 5013 voluntatem,

2211 5036 2331 5089 quae
2361 5030 2418 5074 ut
2441 5022 2607 5091 prima
2633 5036 2815 5085 causa,
2847 5022 2924 5075 sic
2953 5021 3126 5089 prima
3167 5030 3250 5076 est
3274 5029 3469 5075 nostrte
3498 5021 3788 5075 voluntatis

2210 5092 2394 5161 regula
2421 5110 2433 5143 :
2462 5102 2518 5147 et
2544 5094 2656 5145 haec
2681 5100 2762 5145 est
2787 5106 2989 5162 summa
3022 5091 3255 5151 libertas,
3285 5107 3403 5162 qua:
3424 5102 3506 5146 est
3530 5092 3585 5146 in
3615 5092 3788 5156 nobis,

2212 5162 2339 5215 dum
2370 5164 2616 5216 volumus
2644 5176 2765 5217 esse
2796 5160 3009 5228 felices,
3041 5178 3159 5231 qua:
3187 5160 3372 5217 fuitin
3403 5163 3639 5224 Christo,
3670 5177 3789 5216 cum

2215 5233 2404 5287 mterni
2435 5233 2607 5287 Patris
2637 5232 2885 5286 mandata
2914 5233 3086 5286 viator
3129 5233 3400 5301 implevit,
3444 5249 3564 5302 quae
3609 5233 3712 5287 erit
3739 5232 3790 5286 in

2216 5303 2465 5358 omnibus
2514 5304 2683 5356 beatis
2716 5304 2881 5356 Deum
2934 5314 3133 5359 aeterna
3181 5302 3429 5371 felicique
3477 5303 3791 5357 necessitate

2215 5375 2493 5428 amaturis.
2520 5373 2722 5427 Deinde
2744 5372 3075 5443 deﬂectentto
3099 5389 3128 5426 a
3158 5374 3343 5428 divina
3376 5372 3650 5427 voluntate
3682 5373 3790 5427 sivo

2254 5443 2488 5499 eccando
2509 5461 2519 5494 :
2546 5452 2602 5496 et
2617 5443 2731 5497 haec
2748 5452 2831 5497 est
2850 5444 3026 5498 infima
3048 5444 3286 5506 libertas,
3310 5457 3465 5511 quam
3488 5452 3791 5510 optaremus

2238 5513 2359 5567 elici
2385 5513 2613 5580 quadam
2638 5514 2953 5569 necessitate
2984 5515 3079 5568 Dei
3106 5529 3318 5580 semper
3341 5513 3553 5565 amandi
3586 5527 3791 5579 permu-

2214 5583 2337 5636 tari.
2370 5584 2632 5648 Quoniam
2665 5594 2840 5639 autem
2870 5585 3106 5638 divinam
3132 5584 3463 5636 voluntatem
3505 5583 3655 5650 sequi
3684 5597 3793 5652 pos-

2216 5667 2401 5708 sumus
2429 5667 2481 5707 et
2506 5654 2724 5707 vitando
2751 5655 2945 5709 malum
2973 5665 3026 5709 et
3054 5653 3298 5707 faciendo
3325 5652 3545 5719 bonum,
3567 5655 3719 5721 juxta
3742 5653 3792 5707 il.

2218 5724 2307 5777 lttd
2341 5726 2471 5791 psal.
2502 5740 2691 5789 xxxvr,
2740 5723 2953 5777 Declina
2993 5742 3024 5778 a
3061 5725 3191 5776 malo
3220 5732 3269 5775 et
3295 5727 3377 5792 fac
3418 5723 3634 5791 bonum,
3674 5725 3792 5778 hinc

2217 5809 2423 5866 summa
2455 5795 2674 5849 libertas
2718 5794 2947 5849 hominis
2978 5804 3058 5849 est
3085 5809 3188 5849 non
3235 5796 3405 5848 solum
3444 5794 3497 5848 in
3528 5796 3629 5849 hoc
3658 5796 3790 5866 quod

2219 5864 2447 5925 declinet
2482 5880 2510 5921 a
2550 5866 2713 5932 malo,
2754 5866 2866 5923 sive
2910 5866 3001 5922 Dei
3044 5866 3200 5936 [renis
3240 5874 3451 5937 agatur,
3486 5866 3579 5941 sed
3611 5864 3790 5923 in‘ltoc
