4292 6262
458 357 577 433 ’διδ

1693 372 1801 428 AN.
1843 371 2052 430 MANL.
2094 370 2249 429 SEV.
2296 371 2522 428 BOET“

3631 364 3734 420 644

471 495 552 564 agi
578 502 603 530 α
627 491 816 558 frenis,
849 497 1006 560 atque
1036 488 1408 558 obtemperare
1427 485 1456 528 ιι
1481 487 1723 558 justitiae,
1754 501 1960 542 summa
1991 487 2054 540 li-
2082 495 2132 552 Α
2161 488 2225 543 tis
2255 489 2436 544 sedem
2465 487 2698 559 requiro.
2729 485 2784 540 in
2810 499 2910 552 qua
2936 498 3038 540 nou
3077 483 3273 552 libros,
3303 481 3395 539 sed
3418 479 3470 538 id
3500 481 3641 554 quod
3670 482 3735 538 li-

472 586 649 639 bertas
691 595 792 639 est.
840 585 918 637 An
953 586 1163 652 ignoras
1205 583 1347 634 illam
1377 581 1393 611 ¹
1425 590 1528 635 tute
1563 589 1586 617 α
1626 579 1856 634 civitatis
1907 578 2048 632 anti-

472 679 778 746 quissimam
810 677 1006 743 legem,
1040 689 1140 743 qua
1171 673 1429 727 sancitum
1456 683 1570 738 est,
1602 672 1650 727 ei
1678 669 1765 741 jus
1795 669 2046 724 exsulare

472 785 580 823 non
607 781 755 834 esse,
788 768 1027 836 quisquis
1055 767 1107 819 in
1151 781 1213 819 ea
1261 765 1442 820 sedem
1488 762 1712 818 fundare
1761 760 2050 816 maluerit‘t

472 860 580 932 74
607 859 734 913 Nam
756 860 777 889 ³
799 860 886 927 qui
914 854 943 894 ἀ
997 859 1135 911 vallo
1164 857 1280 927 ejus
1306 871 1369 911 ac
1399 856 1697 910 munimine
1717 854 2048 918 continetur,

473 955 651 1007 nullus
681 960 855 1004 metus
875 958 976 1016 est,
1010 964 1076 1004 ne
1095 949 1246 1003 exsul
1268 964 1384 1004 esse
1410 957 1697 1003 mereatur.
1747 947 1819 1002 At
1853 944 1875 977 ³
1907 945 2054 1014 quis-

474 1046 589 1114 quis
635 1045 933 1098 inhabitare
973 1058 1089 1098 eam
1121 1043 1259 1097 velle
1303 1043 1553 1106 desierit,
1603 1042 1801 1110 pariter
1845 1037 2056 1094 desinit.

474 1141 633 1196 etiam
680 1139 895 1194 mereri.
929 1139 950 1169 ⁵
1005 1140 1181 1208 Itaque
1207 1138 1229 1168 ⁸
1287 1153 1391 1192 non
1425 1145 1530 1191 tam
1572 1149 1659 1190 me
1688 1133 1790 1189 loci
1838 1131 1996 1200 hujus
2031 1138 2054 1166 ε

476 1248 632 1302 quam
677 1241 762 1286 tua
811 1231 972 1286 facies
1020 1240 1220 1286 movet.
1268 1231 1289 1263 ⁸
1343 1231 1452 1287 Nec
1497 1227 1834 1286 bibliothecae
1881 1225 2057 1294 potius

477 1337 716 1398 comptos
743 1328 905 1385 ebore
930 1344 992 1384 ac
1023 1330 1166 1384 vitro
1197 1329 1277 1401 (5)
1307 1331 1558 1400 parietes,
1589 1341 1747 1399 quam
1776 1335 1883 1382 sine
1904 1340 2055 1380 men-

2153 591 2264 645 bris
2288 591 2515 660 pretium
2542 589 2685 656 facit,
2705 588 2960 644 librorum
2992 586 3258 656 quondam
3287 583 3306 624 τ
3342 600 3581 640 meorum
3605 600 3735 641 sen-

2127 694 2346 751 tentias
2371 691 2649 748 collocavi.
2679 690 2784 762 75
2810 690 2874 744 Et
2903 699 2956 744 tu
2977 687 3195 759 quidem
3217 689 3237 720 ⁷
3287 687 3356 743 de
3389 688 3494 742 tuis
3519 689 3568 741 in
3593 702 3737 743 com-

2153 811 2314 850 mune
2344 796 2542 850 bonum
2571 793 2776 847 meritis
2806 806 2930 847 vera
2955 791 3168 861 quidem
3192 833 3210 859 ,
3239 789 3335 845 sed
3368 804 3465 859 pro
3495 789 3739 846 multitu-

2154 897 2278 952 dine
2297 905 2566 966 gestorum
2589 902 2613 940 ε
2639 891 2734 947 tibi
2751 906 2945 960 opauca
2965 890 3165 946 dixisti.
3191 891 3212 922 ⁸
3263 890 3338 945 De
3357 888 3688 959 objecsorutn
3709 887 3740 930 δ

2164 999 2254 1052 tibi
2272 998 2351 1051 vel
2370 995 2647 1048 honestate
2662 992 2743 1046 vel
2767 991 3016 1055 falsitate,
3033 991 3242 1045 cunctis
3261 998 3386 1044 nota
3406 990 3735 1046 memorasti.

2162 1104 2181 1136 ⁸
2235 1097 2313 1153 De
2360 1095 2652 1151 sceleribus
2705 1090 3087 1160 fraudibusque
3138 1089 3434 1144 delatorum
3488 1101 3633 1144 recte
3683 1103 3739 1144 tu

2164 1199 2374 1271 quidem
2407 1209 2420 1235 ι
2455 1195 2676 1250 strictim
2716 1191 3080 1262 attingendutn
3126 1192 3352 1260 putasti,
3393 1189 3477 1262 (5)
3506 1189 3648 1261 quod
3675 1206 3735 1245 ea

2166 1303 2356 1360 melius
2400 1297 2720 1364 uberiusque
2749 1293 2763 1343 i
2802 1291 3236 1362 recognoscentis
3259 1292 3442 1348 omina.
3475 1292 3613 1363 vulgi
3644 1307 3738 1348 ore

1685 1427 1692 1454 ‘
1814 1427 2388 1496 INTERPRETATIO.

551 1564 580 1592 α
609 1554 853 1612 Habenis.
884 1553 938 1607 id
964 1563 1036 1607 est
1061 1553 1292 1624 imperio.

549 1625 576 1664 δ
608 1625 842 1694 Legibus.

552 1706 576 1736 ο
610 1696 786 1749 Romae
811 1704 856 1746 et
877 1693 1008 1748 coeli.

549 1763 577 1804 ἀ
614 1765 882 1819 Praesidio.

551 1848 565 1877 ε
609 1836 789 1905 Ticini,
825 1835 913 1890 ubi
944 1846 994 1890 te
1019 1834 1152 1889 dicis
1178 1833 1445 1890 exsulare.

2086 1821 2137 1887 Β

2243 1542 2260 1580 ί
2301 1502 2792 1606 Philosophicorum.

2235 1624 2264 1722 ξ
2298 1613 2491 1734 lilium
2511 1693 2626 1749 qua:
2648 1677 2770 1730 vitio
2797 1673 3134 1729 vertebantur.

2242 1756 2258 1793 ί
2292 1750 2655 1822 ςστηρννρεδὶιητ

2241 1827 2256 1876 i
2293 1819 2697 1877 Considerantis.

2006 1940 2234 2001 NOTAE.

482 2063 638 2119 etiam
672 2061 809 2130 quod
841 2059 997 2115 faciat
1029 2060 1220 2114 bonum
1251 2059 1366 2113 sive
1408 2059 1587 2113 divina:
1609 2061 1827 2130 justitite
1863 2059 2050 2113 obtem-

483 2143 638 2202 peret,
664 2148 882 2202 servans
905 2131 1348 2202 nimirumlegem
1376 2130 1464 2202 Dei
1494 2133 1714 2184 honesta
1740 2131 2053 2195 imperantis

483 2199 537 2259 et
581 2201 905 2268 prohibentis
946 2201 1233 2256 Contraria.
1283 2201 1388 2254 Lea;
1424 2199 1666 2264 Domini,
1723 2205 1854 2268 psal.
1897 2217 2050 2264 xvm,

483 2277 637 2327 immo
670 2275 808 2326 ulata
863 2283 1151 2325 convertens
1191 2273 1420 2337 animus;
1461 2274 1798 2324 testimonium
1853 2270 2058 2324 Domini

484 2345 660 2413 ﬁdele,
689 2343 988 2414 sapientiam
1026 2353 1273 2412 prtcstttns
1311 2341 1570 2410 parvulis;
1603 2343 1818 2412 justititc
1853 2341 2056 2394 Domini

484 2426 651 2468 rectte.

559 2487 574 2517 ⁸
607 2484 726 2537 Tute
769 2482 982 2535 civitatis
1019 2483 1427 2550 antiquissimam
1466 2482 1674 2552 legem]
1718 2482 2062 2547 Philosophia

486 2555 677 2624 duplici
707 2554 1096 2624 significatione
1129 2555 1282 2620 hujus
1314 2552 1458 2604 votis
1485 2555 1660 2608 civitas
1693 2564 1868 2624 utens.
1896 2553 2064 2624 iduu-

489 2622 728 2695 tatiquod
754 2636 804 2677 et
832 2623 1282 2695 Rulllmplt‘wln,
1331 2625 1467 2695 unde
1510 2624 1767 2695 oriundus
1816 2622 2058 2687 Boetius,

486 2693 653 2765 possit
674 2695 980 2765 convenire.
1026 2693 1237 2765 Scilicet
1266 2693 1652 2765 antiquissima:
1693 2695 1876 2765 Roma:
1919 2695 2064 2761 leges

489 2763 757 2820 netttinem
802 2764 976 2818 exsilii
1007 2763 1368 2816 damnabunt:
1404 2769 1539 2816 unde
1565 2763 1770 2818 Tullius
1811 2780 1905 2832 pro
1948 2765 2065 2817 Ca:-

488 2837 642 2891 cinna
670 2853 684 2890 :
712 2836 989 2897 Exsilium,
1013 2834 1639 2902 inquit,nontupplicium
1663 2845 1736 2888 est
1759 2835 1865 2897 sed,
1895 2835 2065 2902 perfu-

488 2912 649 2978 giunt,
693 2919 964 2978 portusque
984 2906 1261 2978 supplicii:
1297 2921 1411 2978 nam
1433 2907 1519 2972 qui
1543 2906 1714 2978 volunt
1745 2920 1944 2976 plenam
1974 2905 2067 2956 ali-

489 2975 642 3044 quam
671 2976 1014 3046 subterfugere
1041 2985 1127 3027 aut
1158 2975 1520 3038 calamitatem,
1553 2993 1611 3028 eo
1641 2975 1804 3029 solum
1831 2986 2066 3038 vertunt;

491 3052 586 3102 hoc
618 3058 689 3101 est
731 3047 898 3099 sedem
928 3057 976 3100 et
1021 3049 1184 3098 locum
1213 3053 1408 3097 mutant
1439 3062 1456 3098 :
1486 3048 1656 3116 itaque
1689 3048 1835 3099 nulla
1870 3048 1920 3098 in
1960 3047 2067 3114 lege

490 3129 661 3172 nostra
687 3119 983 3187 reperietur,
1017 3126 1069 3168 ut
1108 3118 1245 3185 apud
1273 3126 1479 3170 crateras
1511 3119 1736 3170 civitates
1761 3116 2067 3185 maleﬁcium

490 3189 653 3242 ullum
681 3190 860 3241 exsilio
889 3203 995 3240 esse
1020 3189 1308 3240 multatum.
1341 3193 1405 3240 At
1433 3188 1669 3241 caelestis
1709 3187 1892 3256 patriae
1923 3188 2066 3256 leges

2159 2055 2200 2109 1.
2238 2048 2454 2106 Boetius
2479 2044 2759 2116 qutesierat
2790 2061 2802 2094 :
2838 2041 3052 2116 Nihilne
3067 2047 3138 2116 ,ξε
3176 2041 3287 2112 ipsa
3330 2039 3426 2116 loci
3455 2039 3611 2116 facies
3637 2057 3742 2093 mo-

2162 2123 2277 2177 vet?
2324 2111 2610 2186 reSpotidct
2637 2115 2974 2180 Philosophia
3006 2128 3020 2165 :
3057 2111 3177 2186 Non
3198 2111 3341 2186 tum,
3373 2113 3560 2186 inquit,
3593 2127 3744 2186 quam

2164 2207 2254 2248 tua
2274 2183 2450 2263 facies,
2466 2189 2518 2242 in
2542 2183 3155 2263 qua,veltttjn_speCIi_lo,
3184 2184 3374 2236 mentis
3398 2191 3499 2263 tua:
3520 2183 3744 2263 dejectio

2168 2253 2377 2318 videtur
2406 2278 2418 2314 :
2450 2253 2589 2328 quod
2631 2263 2772 2328 tanta
2824 2254 3178 2328 Philosophia:
3223 2268 3325 2308 non
3367 2253 3436 2307 sit
3475 2268 3602 2307 cura
3639 2261 3744 2328 ter-

2169 2350 2350 2398 renae,
2397 2324 2588 2399 quanta
2639 2325 2876 2380 cmlestis
2907 2326 3423 2399 patriae;_nec_tanta
3469 2324 3743 2393 corporis,

2170 2395 2371 2474 quanta
2401 2395 2596 2474 mentis
2621 2413 2652 2474 τι,
2679 2399 2834 2450 natali
2865 2397 2981 2474 solo
3004 2395 3320 2474 exsulantis.

2244 2476 2263 2505 ⁶
2322 2472 2430 2526 Nec
2457 2467 2768 2524 bibliotheca‘
2800 2461 3023 2536 patius.]
3061 2463 3120 2518 ll.
3159 2466 3370 2518 Boetius
3417 2465 3697 2536 quasierat
3728 2479 3744 2518 :

2173 2544 2414 2599 Hreccine
2441 2550 2511 2595 est
2542 2534 2838 2592 bibliotheca
2882 2534 3035 2603 quam
3077 2536 3404 2589 certissimam
3445 2535 3532 2587 tibi
3581 2534 3748 2588 sedem

2177 2619 2363 2670 nostris
2386 2616 2434 2665 in
2455 2612 2668 2665 Laribus
2687 2611 2798 2675 ipsa
2821 2608 3075 2677 delegeras
3092 2607 3113 2657 ἶ)
3130 2608 3353 2667 ιὶθρθηὶι
3377 2605 3709 2672 Philosophia
3733 2623 3744 2656 :

2173 2687 2296 2740 Non
2327 2695 2451 2746 tam,
2480 2685 2572 2744 ait,
2607 2679 2936 2740 bibliothecw,
2964 2692 3115 2747 quam
3142 2679 3322 2729 mentis
3352 2683 3748 2747 tute_ornamen-

2173 2766 2255 2820 ta,
2294 2745 2566 2810 sententias
2587 2752 2777 2805 scilicet
2799 2745 3178 2820 philosophicas
3202 2747 3417 2814 requiro.
3449 2745 3736 2804 Cotisncve

2173 2836 2295 2880 rant
2320 2836 2497 2879 autem
2541 2823 2668 2876 olim
2711 2830 2956 2888 potentes
2982 2833 3173 2875 ornate
3215 2834 3341 2874 suas
3383 2821 3571 2874 domos
3596 2836 3751 2884 auro,

2174 2898 2369 2961 ebore,
2419 2904 2510 2946 aut
2556 2894 2740 2947 saltem
2788 2892 2948 2957 vitro,
2993 2905 3057 2944 eo
3087 2891 3292 2946 scilicet
3333 2891 3436 2945 line
3479 2906 3582 2957 quo
3614 2904 3751 2944 nunc

2175 2970 2356 3037 plures
2403 2963 2712 3034 magnificas
2744 2961 2940 3037 habere
2985 2961 3177 3037 mdes,
3209 2972 3516 3037 sumptuosa
3563 2975 3752 3037 parare

2174 3032 2439 3099 convivia,
2467 3032 2748 3088 numerosa
2768 3032 3054 3086 satellitqu
3081 3032 3229 3086 turba
3252 3032 3492 3086 cornitari
3515 3033 3748 3094 student,

2175 3121 2232 3162 ut
2267 3111 2316 3162 in
2343 3105 2550 3162 caneris
2583 3103 2882 3157 hominibus
2911 3101 3340 3167 admirationem,
3375 3102 3650 3167 honorem,
3684 3101 3747 3154 ti-

2175 3195 2378 3233 morem
2426 3187 2480 3232 et
2527 3187 2751 3228 rmtcras
2795 3173 3053 3240 ejusmodi
3102 3173 3451 3242 cogitationes
3495 3173 3750 3228 esciLent.

492 3260 656 3313 multo
699 3259 874 3312 minus
914 3273 1176 3325 quemque
1214 3256 1391 3310 exsilii
1434 3243 1725 3310 damnant:
1758 3243 2064 3326 quicunque
2089 3250 2136 3312 C
2170 3251 2258 3305 Sic
2285 3249 2425 3319 Virg.
2461 3264 2474 3301 ι
2505 3243 2658 3308 Ᾰῧη..
2694 3261 2741 3297 v.
2768 3243 2906 3297 79.9:

490 3331 630 3384 enim
659 3331 790 3381 intra
818 3327 962 3394 regni
992 3327 1226 3380 ctelestis
1256 3328 1448 3380 limites
1471 3329 1696 3381 voluerit
1723 3328 2058 3396 permanere,

490 3414 699 3453 summo
729 3399 869 3451 illius
901 3397 1028 3465 Regi
1073 3397 1454 3460 obsecuturos,
1501 3398 1587 3452 hic
1621 3413 1885 3466 nunquam
1913 3413 2063 3452 essu-

490 3471 618 3523 labit
645 3487 658 3522 :
684 3467 945 3534 siquidem
990 3483 1145 3520 nemo
1187 3467 1254 3518 ab
1300 3467 1388 3519 illo
1433 3483 1595 3536 regno
1638 3467 1740 3522 nisi
1770 3468 2060 3523 voluntaria

489 3555 667 3593 rcrutn
698 3539 1014 3592 caducarum
1057 3539 1554 3606 contrariarumque
1595 3539 1875 3592 affectione
1920 3556 2068 3594 urce-

492 3622 598 3663 tur.
624 3609 789 3662 Porro
815 3608 880 3660 dc
904 3607 1122 3661 civitate
1149 3607 1355 3677 σφεδιὶ
1394 3607 1585 3675 passim
1617 3608 1850 3677 loquitur
1877 3609 1933 3663 S.
1965 3615 2065 3665 Au-

493 3681 734 3750 gustinus
763 3681 813 3731 in
845 3679 976 3750 libro
1003 3691 1157 3746 quem
1189 3677 1458 3745 inscripsit
1490 3680 1551 3731 de
1578 3678 1802 3750 Civitate
1821 3677 1932 3735 Dei.

563 3753 581 3782 ⁸
626 3751 726 3816 Qui
762 3748 895 3802 vallo
919 3749 1432 3820 ejustcmunimine
1476 3748 1804 3820 contiuetur.]
1861 3750 2065 3806 Vallum

493 3830 576 3876 est
605 3835 786 3874 murus
815 3834 846 3873 e
877 3829 1012 3872 terra
1032 3859 1048 3884 ,
1077 3817 1143 3870 ad
1192 3821 1344 3870 fossae
1377 3835 1523 3871 oratu
1563 3817 1838 3888 aggestus,
1866 3823 2068 3877 crebris

493 3893 710 3946 sudibus
739 3893 850 3943 sive
882 3891 1014 3958 palis
1043 3889 1294 3941 Inuniltus.
1327 3889 1591 3942 Munimen
1624 3905 1750 3943 vero
1775 3897 2068 3959 generatim

495 3963 620 4015 illutl
675 3976 832 4013 omne
871 3969 1164 4012 castrorum
1216 3960 1514 4024 praesidium
1559 3977 1662 4028 quo
1713 3962 1846 4014 hosti
1896 3965 2071 4016 aditus

492 4032 883 4103 pra-cludatur:
916 4031 1030 4082 haec
1061 4041 1238 4082 autem
1287 4045 1424 4103 nunc
1462 4031 1791 4094 accipiuntur
1838 4049 1940 4084 non
1984 4048 2073 4087 so-

497 4101 602 4156 lum
635 4102 865 4171 proprie,
897 4111 1155 4172 quatenus
1195 4101 1559 4166 iutethgm-ttur
1587 4104 1652 4154 de
1684 4103 1847 4171 patria
1880 4118 2072 4172 corpo-

496 4175 602 4236 ris;
632 4173 724 4226 sed
754 4173 912 4224 etiam
941 4171 1163 4238 quodam
1197 4172 1442 4237 loquendi
1479 4173 1854 4236 translatione,
1887 4171 2072 4242 quate-

494 4260 593 4298 nus
633 4245 698 4296 de
726 4241 928 4295 calesti
962 4242 1152 4295 mentis
1197 4245 1360 4308 patria
1395 4243 1614 4310 intelligi
1663 4241 1911 4309 possunt.
1935 4243 2069 4299 Cum

493 4327 670 4367 autem
717 4313 927 4366 Boetius
971 4312 1458 4365 Christianissimus
1490 4313 1678 4378 fuerit,
1723 4314 1767 4367 is
1799 4316 2072 4370 nominato

495 4384 723 4440 civitatis
751 4382 990 4437 (abestis
1018 4385 1162 4436 vallo
1183 4382 1451 4435 Christum
1499 4386 1640 4435 cruci
1672 4387 1886 4437 atlixum
1907 4427 1923 4450 ,
1957 4401 2072 4440 mu-

496 4457 693 4511 nimine
717 4469 842 4508 vero
872 4453 1091 4521 gratiam
1124 4468 1281 4521 quam
1311 4452 1554 4506 Christus
1581 4468 1674 4506 sua
1720 4466 1890 4510 morte
1920 4459 2072 4511 nobis

495 4527 819 4596 promeruit,
872 4525 1040 4596 potuit
1079 4523 1415 4590 intelligere:
1445 4523 1745 4592 quicunque
1784 4527 1922 4579 enim
1973 4528 2075 4582 hoc

497 4595 744 4666 iwmsidio
774 4595 1026 4667 munitur,
1062 4597 1180 4646 huic
1210 4610 1309 4646 non
1342 4607 1421 4667 est
1455 4598 1776 4648 metuendum
1807 4615 1866 4650 ne
1891 4600 2073 4667 patria:

494 4664 705 4721 scelestis
729 4665 874 4718 exsul
901 4681 1008 4717 esse
1033 4676 1302 4717 uterentur.
1340 4664 1448 4718 Hac
1478 4669 1585 4718 fere
1618 4671 1823 4720 ratione
1867 4664 2072 4723 locutus

495 4739 548 4794 Β.
579 4736 774 4790 Paulus
804 4739 866 4786 ad
911 4736 1108 4801 Epnes.
1141 4749 1189 4787 c.
1221 4751 1268 4786 vi
1299 4752 1309 4785 :
1340 4734 1742 4804 Confortamini,
1775 4740 1978 4805 inquit,
2020 4741 2072 4793 in

495 4810 714 4863 Domino
743 4817 790 4858 et
818 4808 870 4857 in
903 4808 1126 4872 potentia
1147 4806 1344 4857 virtutis
1370 4822 1497 4874 ejus.
1532 4808 1736 4860 lnduite
1775 4826 1859 4860 vos
1901 4826 2072 4862 arma-

496 4891 661 4933 turam
694 4875 809 4937 Dei,
843 4886 895 4926 ut
926 4877 1124 4942 possitis
1152 4885 1285 4927 stare
1313 4876 1552 4930 adversus
1583 4878 1796 4930 insidias
1821 4878 2032 4934 diaboli.

566 4949 587 4980 ³
637 4947 876 5010 Quisquis
921 4947 1201 4997 inhabitare
1247 4963 1355 4998 eam
1412 4949 1538 4999 relle
1587 4950 1825 5011 desierit,
1886 4950 2072 5003 desinit

497 5021 648 5074 etiam
677 5013 903 5084 mereri.)
935 5017 1043 5068 Non
1075 5016 1214 5068 enim
1251 5019 1468 5080 patriam
1509 5020 1784 5072 caelestem
1817 5020 2074 5074 inhabita-

497 5107 608 5144 mus
653 5101 992 5152 meremnrqne
1033 5085 1130 5156 nisi
1174 5087 1306 5138 bona
1347 5089 1619 5142 voluntate
1653 5107 1666 5142 :
1700 5099 1859 5141 totum
1891 5090 2077 5156 habet,

499 5159 668 5229 inquit
707 5158 764 5211 S.
797 5159 931 5224 Aug.
967 5159 1001 5229 l.
1037 5172 1065 5209 L
1092 5155 1319 5217 l'lOllllL,
1353 5160 1535 5211 homil.
1569 5165 1620 5222 8,
1651 5161 1738 5227 qui
1767 5162 1949 5212 bonam
1992 5155 2075 5215 vo-

500 5223 743 5287 luritatem
767 5223 930 5299 habet.
965 5223 1087 5293 lp..a
1111 5238 1180 5279 est
1210 5243 1322 5293 qua:
1345 5239 1504 5291 potest
1533 5223 1757 5299 stt/ﬁcere
1777 5273 1790 5295 ,
1825 5233 1866 5282 si
1894 5244 2076 5286 cratera

499 5319 597 5358 non
637 5317 660 5353 s
685 5310 757 5355 nt.
805 5298 864 5352 Si
906 5309 1074 5371 autem
1106 5299 1368 5371 solardesit
1389 5340 1401 5359 ,
1436 5301 1561 5352 nihil
1594 5302 1798 5366 prodest
1824 5304 2076 5371 quidquid

500 5375 725 5428 habitum
771 5371 940 5438 fuerit.
974 5369 1100 5423 Sola
1140 5368 1350 5436 sti/ﬁcit,
1392 5375 1432 5421 si
1474 5373 1654 5424 adsit:
1683 5381 1862 5424 cwtcra
1905 5368 2076 5427 omnia

499 5445 630 5498 nihil
663 5451 891 5507 prosunt,
919 5442 963 5493 si
987 5441 1099 5493 sola
1129 5441 1350 5490 charitas
1377 5442 1521 5493 desit.

566 5515 591 5545 ‘
642 5510 869 5582 Itaque]
902 5510 1059 5567 Facta
1110 5521 1377 5586 mentione
1399 5512 1640 5586 duplicis
1663 5515 1865 5582 patriae,
1897 5516 2074 5586 dupli-

502 5588 679 5655 cisque
723 5593 999 5655 propterea
1040 5581 1245 5641 exsilii,
1297 5585 1574 5655 positoque
1607 5583 1792 5655 horum
1833 5581 2072 5645 Omnium

503 5653 824 5711 discrimine.
862 5653 1198 5720 Philosophia
1231 5655 1294 5705 iis
1323 5653 1592 5718 omnibus,
1624 5654 1690 5707 de
1711 5669 1778 5724 qn
1808 5657 1902 5710 bus
1935 5659 2068 5714 Boe.

504 5730 604 5780 tius
629 5739 787 5796 prosa
813 5727 846 5775 4
874 5725 1028 5796 hujus
1048 5724 1484 5796 ltb.conquestus
1513 5725 1702 5788 fuerat,
1720 5742 2062 5796 responsura,

505 5808 728 5866 optimas
760 5794 1011 5860 quasdam
1045 5792 1207 5866 infert
1234 5795 1626 5866 conclusiones.

572 5867 592 5898 ⁸
649 5865 767 5916 Non
808 5875 908 5914 tam
948 5879 1025 5931 τηε
1051 5866 1144 5915 loci
1185 5862 1339 5929 hujus
1361 5880 1511 5931 quam
1556 5875 1642 5918 tua
1677 5867 1831 5936 facies
1872 5867 2074 5944 mortem]

2297 3339 2372 3388 Fit
2403 3339 2638 3396 strepitus
2658 3336 2822 3395 tectis,
2847 3347 3116 3396 vocemque
3136 3347 3226 3396 per
3247 3333 3406 3396 ampla
3432 3333 3645 3385 volutant

2299 3402 2430 3449 Atria
2460 3415 2470 3448 :
2495 3396 2780 3460 dependent.
2799 3398 2952 3460 lychni
2972 3396 3282 3460 laquearibus
3302 3398 3470 3460 aureis

2295 3462 2489 3512 incensi
2522 3474 2533 3509 ε
2562 3457 2614 3509 et
2635 3467 2827 3508 noctem
2846 3457 3050 3508 ﬂammis
3068 3457 3242 3506 funalia
3268 3459 3479 3509 vincunt.

2242 3547 2330 3600 Sic
2376 3545 2657 3606 Horatius,
2691 3542 2869 3597 Carm.
2901 3542 2938 3596 l.
2968 3557 3040 3608 ιι,
3071 3540 3161 3597 od.
3196 3541 3283 3604 18,
3315 3541 3552 3609 seipsum
3593 3557 3620 3596 a
3653 3541 3752 3597 Po-

2175 3618 2410 3673 tentibus
2437 3614 2692 3676 secernit,

2512 3706 2617 3755 Non
2643 3706 2785 3766 ebur,
2813 3717 2975 3766 neque
3004 3716 3206 3754 aureum

2511 3743 2620 3816 iii?
2643 3743 2839 3816 renidet
2927 3743 3070 3816 domo
3085 3743 3301 3815 lacti-ttat.

2243 3840 2262 3869 "
2325 3837 2398 3891 De
2427 3839 2526 3890 tuis
2569 3839 2622 3889 in
2651 3852 2914 3888 commune
2941 3841 3124 3890 bonum
3151 3832 3389 3905 meritis.]
3421 3834 3507 3890 Ill.
3539 3835 3756 3890 Boetius

2177 3909 2382 3964 dixerat
2411 3908 2610 3960 nullum
2636 3922 2697 3960 se
2726 3907 2792 3959 ad
2827 3907 3191 3973 inagistrattun
3225 3905 3325 3959 nisi
3352 3921 3634 3959 commune
3660 3907 3754 3959 bo-

2176 3995 2362 4033 norum
2395 3982 2630 4032 omnium
2660 3977 2894 4030 studio
2931 3978 3225 4045 impulisse.
3251 3976 3341 4029 'Tst
3374 3977 3496 4029 mihi
3518 4019 3533 4043 ,
3564 3977 3752 4044 inquit,

2175 4062 2218 4104 et
2247 4052 2329 4114 qui
2367 4061 2412 4100 te
2450 4048 2753 4116 sapientium
2779 4048 3030 4101 mentibus
3055 4048 3267 4101 inseruit
3310 4047 3449 4100 Deus
3473 4089 3484 4107 ,
3528 4049 3754 4109 conscii,

2175 4122 2378 4173 nullum
2422 4135 2500 4172 me
2539 4121 2606 4170 ad
2639 4119 3021 4187 magistratum,
3066 4119 3160 4171 nisi
3199 4132 3467 4171 commune
3511 4117 3756 4171 bonorum

2177 4191 2402 4242 omnium
2438 4191 2664 4242 studium
2709 4189 2944 4242 detulisse
2974 4203 2992 4241 :
3028 4189 3358 4256 respondens
3407 4187 3750 4253 PhilosOphia

2177 4261 2227 4314 id
2261 4275 2365 4314 non
2400 4260 2594 4313 fatetur
2625 4259 2812 4325 modo,
2845 4258 2938 4313 sed
2969 4259 3132 4311 etiam
3162 4269 3442 4326 exaggerat
3469 4275 3482 4314 :
3518 4258 3593 4310 De
3619 4260 3749 4322 ιώ,

2177 4334 2272 4394 ait,
2306 4332 2358 4384 in
2393 4346 2660 4383 commune
2687 4331 2872 4381 bonum
2917 4329 3107 4382 meritis
3137 4343 3256 4382 vero
3277 4331 3511 4399 quidem,
3538 4330 3628 4381 sed
3662 4344 3765 4399 pro.

2175 4403 2504 4454 multitudine
2534 4415 2785 4463 gestorum
2809 4400 2898 4452 tibi
2923 4417 3082 4466 pauca
3105 4400 3302 4453 dixisti.

2247 4473 2269 4504 ⁸
2335 4472 2408 4524 De
2434 4473 2746 4539 objectorum
2791 4471 2879 4522 tibi
2911 4465 2986 4523 υιι
3033 4470 3322 4537 honestate,
3369 4471 3445 4524 vel
3483 4465 3754 4539 falsitate.)

2182 4542 2268 4596 ιν.
2299 4543 2511 4596 Boetius
2533 4542 2803 4595 addiderat
2829 4540 2928 4594 sibi
2951 4540 3161 4607 objecta
3186 4539 3346 4595 fuisse
3365 4555 3484 4594 cna
3505 4539 3752 4603 honesta,

2105 4637 2153 4696 ι)
2182 4623 2290 4667 tum
2326 4614 2452 4665 falsa
2482 4629 2498 4694 ξ
2529 4614 2751 4692 honesta
2777 4613 3016 4692 quidem,
3051 4621 3108 4663 ut
3133 4614 3272 4696 quod
3302 4612 3646 4696 innocentem.
3666 4623 3754 4663 se-

2186 4693 2364 4736 natum
2398 4684 2693 4750 majeslalie
2729 4683 2957 4736 crimine
2983 4681 3310 4748 postulatum
3353 4680 3652 4736 defenderit
3691 4694 3754 4735 ac

2183 4754 2491 4808 liberaverit
2517 4771 2530 4806 :
2562 4753 2830 4818 Senatum,
2860 4751 3052 4821 inquit,
3084 4753 3302 4804 dicimur
3328 4753 3522 4806 saluum
3541 4765 3649 4804 esse
3669 4766 3758 4804 vo-

2183 4826 2339 4877 luisse
2363 4839 2381 4876 :
2414 4826 2541 4878 lalsa
2572 4839 2720 4886 veno,
2752 4833 2806 4877 ut
2833 4823 2971 4890 quod
3000 4823 3217 4890 magicis
3243 4822 3448 4876 artibus
3472 4822 3757 4875 studeret:

2187 4896 2260 4946 Ub
2288 4895 2549 4955 ambitum,
2583 4896 2678 4958 ait,
2709 4895 2972 4963 dignitatis
2999 4892 3266 4962 sacrilegio
3293 4908 3372 4945 me
3399 4893 3760 4946 conscientiam

2186 4967 2430 5030 pollui-sse
2456 4968 2646 5017 nisiniti
2670 4975 2828 5018 sunt:
2851 4963 3040 5032 quibus
3067 4963 3398 5032 respondens
3417 4963 3756 5027 Philosophia

2183 5036 2376 5088 asserit
2403 5037 2670 5090 neminem
2702 5037 2864 5088 latere
2895 5037 2976 5088 illa
3006 5042 3059 5088 et
3095 5035 3318 5087 honesta
3341 5045 3394 5089 et
3422 5033 3548 5088 falsa
3573 5049 3588 5087 ε
3617 5033 3758 5087 Cun-

2183 5107 2298 5170 ctis,
2331 5105 2518 5173 inquit,
2551 5117 2666 5158 nota
2689 5105 2997 5159 memorasti.

2251 5178 2271 5208 ⁸
2330 5172 2413 5228 De
2425 5176 2694 5229 sceleribus
2717 5176 3079 5246 fraudibusque
3099 5172 3432 5246 delatorumJ
3455 5173 3766 5246 V.Boetius~

2180 5245 2391 5299 dixetat
2428 5261 2486 5299 se
2530 5243 2724 5312 injuste
2767 5248 2997 5300 delatum
3053 5259 3084 5298 a
3138 5243 3357 5308 Basilio,
3399 5243 3652 5313 Opilionc
3706 5254 3760 5297 es

2183 5317 2509 5376 Gaudentio,
2542 5332 2766 5383 quorum
2802 5316 3003 5383 primus
3027 5316 3080 5367 in
3122 5316 3425 5367 delationem
3453 5316 3605 5368 aliens
3640 5317 3758 5367 teris

2179 5388 2473 5439 necessitate
2494 5387 2788 5452 compulsus
2814 5397 2885 5439 est
2908 5402 2925 5438 :
2954 5387 3060 5440 duo
3085 5386 3169 5438 alii
3197 5389 3256 5437 ob
3277 5391 3574 5438 innatast-ns
3615 5386 3762 5454 [ratu

2186 5457 2274 5509 des
2300 5457 2366 5506 ad
2393 5457 2630 5509 exsilium
2674 5457 2901 5509 damnati
2931 5472 3189 5508 sacrarum
3222 5471 3328 5508 sese
3357 5458 3547 5508 radium
3587 5456 3761 5522 defen-

2178 5528 2320 5580 sione
2343 5527 2606 5579 tuebantur
2630 5540 2646 5579 :
2679 5529 2964 5594 respondet
2990 5527 3327 5594 Philosophia
3350 5535 3486 5581 recte
3504 5527 3612 5581 ham
3641 5526 3762 5579 stri-

2181 5599 2296 5651 ctim
2327 5599 2535 5665 attingi,
2569 5599 2704 5659 quod
2731 5614 2790 5648 ea
2821 5599 3000 5649 melius
3031 5597 3334 5668 uberiusque
3359 5597 3762 5668 recognoscentis

2180 5669 2352 5720 omnia
2391 5669 2527 5736 vulgi
2557 5685 2644 5721 ore
2683 5668 3013 5722 celebrentur.
3062 5667 3280 5722 Scilicet
3317 5681 3436 5720 cum
3482 5667 3775 5736 loquantur

2181 5754 2284 5790 non
2315 5740 2483 5791 solum
2519 5739 2722 5803 verbis,
2769 5739 2858 5792 sed
2886 5747 2940 5791 et
2966 5747 3122 5800 nutu,
3157 5748 3210 5791 et
3233 5747 3384 5804 gestu
3408 5781 3420 5801 ,
3453 5751 3507 5792 et
3551 5739 3762 5791 caeteris

2180 5810 2443 5876 ejusmodi
2475 5813 2620 5863 vocis
2647 5810 2887 5863 humana:
2918 5808 3204 5876 adjunctis,
3233 5810 3404 5876 ipsum
3428 5810 3588 5862 etiam
3616 5807 3756 5876 vulgi

2181 5881 2445 5933 silentium
2477 5881 2760 5950 aliquando
2793 5881 3046 5950 eloquens
3079 5882 3227 5950 plura
3271 5881 3566 5950 signiﬁcat,
3599 5894 3757 5949 quam
