4254 6250
473 342 575 393 (iiii

1392 339 1479 395 DE
1520 334 2037 396 CONSOLATIONE
2072 332 2552 399 PHILOSOPHIE
2581 341 2707 398 LIB.
2748 341 2785 397 Ι.

3623 342 3730 400 ὒὸϐ

469 452 827 511 celebrentur.
855 463 881 491 ι
912 453 1219 521 lncrepuisti
1242 454 1402 510 etiam
1428 454 1773 511 vehementer
1796 456 1811 485 ¹
1868 455 2053 523 injusti
2078 459 2130 519 Α
2157 465 2407 520 ruerunt,
2454 457 2517 510 ad
2545 455 2766 511 acrioris
2797 454 2904 508 vim
2934 453 3305 512 medicaminis
3331 455 3723 529 recipiendam,

469 546 664 600 factum
714 557 949 600 senatus.
991 545 1014 579 ⁸
1074 546 1149 600 De
1192 556 1372 601 nostra
1417 546 1579 599 etiam
1613 543 1641 582 δ
1678 546 2053 599 criminatione

468 637 703 692 doluisti.
766 640 872 707 76
899 638 920 668 ³
949 638 1111 691 Lzesaa
1139 652 1349 707 quoque
1382 647 1403 676 ο
1432 637 1700 705 opiniOuis
1728 636 1919 690 damna
1961 636 2051 691 fle-

477 730 610 783 visti.
642 728 663 759 ⁸
714 729 1022 783 Postremus
1053 730 1307 783 adversus
1338 728 1605 783 fortunam
1638 728 1790 781 dolor
1820 725 1844 764 ά
1870 729 2051 782 incan-

468 820 614 886 duit,
660 830 1089 889 conquestusque
1132 834 1191 874 es
1239 834 1344 873 non
1392 834 1539 888 :equa
1590 818 1795 873 meritis
1832 818 2050 888 praemia

468 914 701 983 pensari.
738 922 762 950 ε
791 914 847 966 1η
876 922 1116 968 extremo
1146 912 1306 967 Musae
1338 914 1633 978 saevientis,
1670 913 1745 966 uti
1775 927 1895 981 quae
1930 926 2034 966 cte-

470 1008 598 1071 lum,
630 1017 796 1061 terras
824 1022 1035 1077 quoque
1072 992 1172 1077 pax
1202 1015 1446 1076 regeret,
1484 1015 1607 1059 vota
1650 1004 1893 1074 posuisti.
1939 1002 2045 1059 Sed

466 1100 719 1167 quoniam
749 1098 1009 1167 plurimus
1048 1098 1139 1152 tibi
1170 1096 1450 1152 affectuum
1490 1096 1747 1151 tumultus
1777 1094 1856 1166 (5)
1896 1095 2043 1148 incu-

468 1188 610 1248 buit.
647 1188 1022 1258 diversumque
1056 1198 1107 1244 te
1132 1188 1307 1252 dolor,
1339 1191 1415 1242 ira
1436 1231 1451 1255 ,
1484 1201 1683 1243 maeror
1718 1187 2041 1251 distrahunt,

467 1280 543 1332 uti
583 1295 722 1333 nunc
754 1281 946 1333 mentis
986 1294 1073 1348 es,
1107 1279 1342 1333 nondum
1403 1288 1454 1333 te
1512 1277 1766 1333 validiora
1808 1276 2043 1331 remedia

474 1367 491 1406 ί
517 1356 851 1440 contingunt.
880 1370 1062 1441 Itaque
1080 1372 1100 1402 ³
1122 1372 1409 1426 lenioribus
1434 1371 1699 1440 paulisper
1725 1378 1954 1435 utemur,
1985 1378 2041 1422 ut

466 1476 585 1516 aute
613 1462 667 1516 in
706 1471 970 1518 tumorem
1000 1461 1487 1534 perturbationibus
1514 1459 1858 1516 inﬂuentibus
1889 1459 2043 1512 indu-

2157 555 2297 601 tactu
2329 547 2606 602 blandiore
2634 547 2966 601 mollescaut.

2640 680 2743 752 77
2781 680 3068 736 METRUM
3098 684 3117 705 ο
3149 682 3235 737 v1.

2154 791 2625 846 Aacuussruu.-—
2645 790 2979 861 PhilosOphia
3008 795 3277 861 incoeptum
3297 812 3578 850 sermonem
3608 814 3733 851 con-

2225 864 2548 934 tinuans,‘ea:
2586 880 2642 915 eo
2686 864 2862 933 probat
2893 875 3106 917 utentem
3137 864 3300 918 Boetii
3322 868 3550 921 nondum
3586 884 3731 934 posse

2223 932 2553 1009 validioribus
2592 935 3052 1009 remediiscurari.
3080 938 3232 1009 quod
3261 954 3351 989 sua
3378 939 3479 1009 sint
3515 932 3727 1009 singulis

2221 1003 2402 1085 rebus,
2433 1012 2487 1056 ut
2518 1005 2695 1067 messi,
2728 1005 2942 1075 ﬂoribus
2964 1016 3012 1058 et
3042 1007 3305 1061 vindemiae
3333 1008 3572 1063 divinitus
3596 1003 3729 1077 pra:-

2220 1081 2411 1141 scripta
2438 1085 2685 1142 tempora.

2288 1180 2419 1237 Cum
2454 1183 2638 1239 Phoebi
2678 1181 2841 1237 radiis
2869 1197 3032 1253 grave
3344 1213 3372 1233 κ

2288 1274 2480 1330 Cancri
2512 1274 2660 1329 sidus
2689 1276 2934 1329 inmsmat
2956 1318 2972 1344 ,

2289 1366 2398 1436 78
2426 1366 2559 1420 Tum
2592 1366 2680 1436 qui
2714 1367 2856 1435 larga
2886 1366 3200 1436 negantibus

2293 1458 2469 1513 Sulcis
2498 1458 2702 1513 semina
2730 1458 2979 1525 credidit,

1779 1566 2364 1625 INTERPRETATIO.

537 1691 562 1719 ³
596 1681 936 1751 Redarguisti.

534 1752 561 1791 δ
591 1755 919 1806 Accumtione
946 1754 1121 1806 nostri.

537 1836 557 1861 ο
593 1823 1013 1877 Existimationis.

532 1891 557 1931 ἀ
589 1893 855 1961 Eﬂ'erbuit.

2218 1686 2240 1747 ἐ
2275 1678 2531 1747 Denique;

2218 1746 2237 1784 τ
2270 1746 2617 1801 Commoveat.
3034 1794 3051 1803 -

2216 1818 2661 1893 Quandosignum
2683 1817 2880 1893 cwleste
2895 1816 3080 1893 Cancri
3098 1818 3365 1893 inardescit
3390 1825 3721 1893 perniciosum

2140 1890 2332 1943 lumine
2371 1890 2529 1942 solari
2553 1926 2570 1954 ,
2605 1899 2723 1942 tunc
2756 1890 2843 1958 qui
2873 1891 3130 1944 mandavit
3178 1896 3326 1946 terris
3356 1890 3609 1950 sterilibus
3637 1915 3719 1951 se-

1972 2001 2199 2057 NOTAE.

466 2118 622 2172 multa
652 2117 972 2185 loquacitas,
999 2133 1115 2187 quae
1148 2125 1322 2172 tamen
1352 2117 1434 2171 his
1473 2118 1538 2171 de
1566 2118 1722 2172 rebus
1747 2119 1902 2186 vulgo
1925 2132 2029 2170 non
2062 2117 2107 2176 Β
2138 2130 2265 2187 num
2314 2115 2466 2181 capia
2520 2113 2707 2169 eodem
2759 2114 3023 2171 afdttxerit
3084 2116 3280 2174 ibidem
3353 2136 3720 2187 permansura.

462 2190 773 2329 desultijusti
805 2259 995 2327 factum
1026 2268 1248 2312 senatus.
1283 2257 1300 2329 ]
1352 2260 1438 2314 VI.
1474 2244 1690 2312 Βοοιίηέ
1719 2259 2036 2312 ηιεηιίηθτθι

459 2342 697 2384 senatum
730 2346 895 2397 tt~que
937 2330 1069 2383 adeo
1099 2332 1285 2396 ingrati
1325 2333 1481 2383 animi
1528 2330 1720 2393 fuisse,
1767 2339 1821 2381 ut
1852 2345 1943 2383 sua
1978 2332 2031 2383 in

460 2402 627 2467 ipsum
662 2403 899 2454 Boetium
932 2401 1143 2454 decreta
1174 2402 1428 2455 emiserit.
1463 2400 1612 2461 Suis.
1645 2399 1836 2468 inquit,
1868 2402 1929 2451 de
1957 2417 2032 2453 me

458 2474 687 2535 decretis,
715 2473 790 2524 uti
816 2477 908 2523 hoc
940 2477 1083 2538 nefas
1110 2482 1268 2535 esset,
1298 2472 1565 2538 e/fecerat;
1592 2471 1877 2539 respondet
1904 2471 2027 2523 Phi-

460 2542 696 2611 losophia
737 2543 1029 2611 probatque
1074 2542 1311 2596 Boetittm
1342 2544 1648 2610 increpuisse
1697 2543 1847 2594 etiam
1881 2545 2029 2596 t'ehe-

456 2627 644 2665 menter
667 2615 843 2683 injusti
871 2615 1060 2681 factum
1085 2623 1306 2666 senatus.

532 2687 549 2712 ²
585 2686 657 2735 De
684 2681 857 2737 nostra
894 2686 1042 2735 etiam
1071 2681 1466 2753 criminatione.|
1516 2681 1627 2736 VII.
1663 2682 1877 2736 Boetius
1906 2698 2036 2740 con-

455 2765 673 2821 questus
702 2755 872 2807 fuerat
898 2754 1038 2822 quod
1074 2754 1225 2821 cujus
1254 2755 1497 2807 maleficii
1527 2755 1638 2821 ipse
1671 2766 2029 2820 accusaretur,

455 2825 590 2878 idem
630 2826 681 2877 in
715 2825 881 2889 ipsum
935 2824 1329 2891 Philosophiam
1374 2824 1749 2877 refunderetur
1782 2842 1795 2877 :
1841 2823 1916 2876 De
1956 2837 2029 2892 te,

455 2894 645 2962 inquit,
680 2895 806 2946 tanti
834 2894 1057 2946 criminis
1084 2894 1238 2962 ﬁdem
1265 2896 1491 2965 capiunt,
1533 2903 1682 2959 atque
1710 2898 1803 2947 hoc
1826 2895 1934 2965 ipso
1959 2899 2033 2950 vi-

455 2965 680 3018 debimur
706 2967 875 3033 a/ﬁnes
906 2968 1057 3019 luisse
1085 2965 1357 3031 maleﬁcio,
1387 2966 1521 3031 quod
1551 2966 1647 3017 tuis
1676 2966 1851 3017 imbuti
1880 2968 2033 3020 disci-

454 3036 628 3099 plinis,
662 3037 761 3087 tuis
802 3036 1017 3088 instituti
1061 3038 1283 3087 moribus
1329 3051 1542 3098 sumus;
1576 3035 1912 3103 Philosophia
1941 3053 2033 3091 au-

454 3115 583 3170 tem,
616 3107 776 3159 veluti
812 3121 1014 3159 memor
1060 3105 1214 3174 hujus
1242 3107 1403 3160 lioetii
1449 3106 1498 3159 in
1531 3108 1756 3171 seipsam
1789 3106 2029 3171 affectus,

452 3186 691 3240 questum
736 3176 960 3242 probat:
997 3176 1069 3229 De
1100 3186 1306 3243 nostra,
1344 3177 1447 3241 ait,
1487 3176 1637 3227 etiam
1677 3176 2033 3231 criminatione

453 3246 729 3371 άοίηῖἔῑῖξαῖ
748 3334 944 3386 Quoque
965 3317 1215 3384 opinionis
1238 3318 1425 3369 damna
1454 3313 1681 3386 ﬂfviS‘i-l
1735 3315 1862 3370 vm'
1896 3317 2029 3372 Boe-

2136 2186 2312 2264 Quare
2337 2189 2474 2239 sicut
2491 2194 2672 2264 tumor
2693 2190 2937 2264 corporis
2967 2204 3077 2264 non
3102 2190 3251 2264 prius
3273 2186 3511 2264 aufertur
3536 2213 3717 2264 quam,

2139 2257 2240 2308 hoc
2302 2257 2355 2309 in
2398 2258 2674 2309 mollitiem
2724 2259 3007 2323 quamdam
3066 2260 3428 2317 blandioribus
3475 2257 3721 2323 remediis

2137 2326 2372 2400 redacto,
2404 2327 2641 2400 praedicti
2673 2330 2924 2383 humores
2950 2332 3135 2397 majori
3166 2346 3448 2400 corporum
3480 2338 3715 2392 subeun-

2135 2396 2265 2449 tium
2297 2405 2440 2474 motu
2470 2398 2937 2474 abripianturzita
2976 2396 3125 2456 mens
3169 2396 3314 2457 tanto
3347 2410 3711 2474 perturbatio-

2134 2468 2498 2544 num__agmine
2528 2484 2632 2544 non
2666 2472 2810 2535 prius
2856 2469 3132 2537 liberatur,
3165 2468 3360 2541 quam,
3413 2478 3523 2544 ipsa
3570 2494 3717 2535 cres-

2135 2539 2399 2616 centibtts_
2427 2541 2681 2616 paulatim
2724 2544 3053 2616 argumentis
3081 2539 3256 2616 veluti
3301 2539 3532 2613 mollita,
3579 2566 3718 2616 pra:-

2138 2610 2295 2662 dictm
2325 2610 2632 2681 affectiones
2663 2611 2849 2677 majori
2877 2612 3259 2681 cogitationum
3283 2610 3588 2673 sanctarum
3614 2624 3718 2674 vir-

2140 2680 2479 2802 tuterprocul
2522 2681 2837 2748 pellantur:
2889 2680 2990 2737 hoc
3037 2694 3091 2738 et
3137 2685 3269 2739 illud
3314 2688 3593 2751 prudentis
3637 2699 3718 2747 est

2140 2764 2223 2802 tne
2267 2765 2352 2802 ιρι.

2140 2764 2352 2804 ιηθιιιοι.

2212 2844 2231 2863 °
2277 2840 2426 2905 Quod
2466 2839 2534 2893 ab
2577 2839 2860 2896 inventore
2899 2842 3002 2897 dici
3051 2843 3191 2898 solet
3220 2845 3584 2915 ,Glyconicum.
3621 2851 3716 2907 Est

2136 2921 2311 2963 autem
2333 2926 2546 2990 car-men
2572 2922 2824 2990 constans
2851 2926 2915 2966 ΘΧ
2946 2929 3051 2967 uno
3071 2930 3265 2990 genere
3290 2933 3556 2984 vrrsuum,
3582 2938 3715 2990 (1υο-

2136 2995 2256 3033 rum
2284 2981 2509 3054 quilibet
2539 2980 2776 3036 trimeter
2810 2998 2971 3036 unum
3017 2980 3313 3054 spondeum
3347 2998 3399 3041 et
3425 2980 3560 3044 duos
3590 2980 3715 3047 ἅδος

2138 3055 2268 3120 ιγιος
2304 3051 2461 3115 pedes
2494 3050 2672 3120 habet.

2206 3123 2258 3194 2.
2288 3120 2469 3173 Cancri
2493 3119 2678 3191 δίψει]
2707 3122 2743 3176 Ι.
2780 3122 3034 3191 Exemplo
3063 3126 3253 3179 messis
3282 3127 3533 3194 probatur
3554 3146 3712 3187 suum

2134 3192 2352 3268 cuilibet
2381 3194 2455 3268 rei
2493 3200 2700 3268 tempus
2724 3197 3033 3268 convenire
3063 3212 3075 3247 :
3105 3205 3165 3268 ut
3194 3192 3399 3262 negatis
3444 3202 3713 3268 segetibus

2134 3262 2218 3334 ad,
2245 3262 2467 3334 glandes
2521 3262 2820 3334 confugias.
2867 3264 3072 3319 Cancer
3101 3267 3257 3334 igitur
3298 3268 3382 3320 hic
3426 3262 3530 3322 est"
3547 3287 3711 3327 unum

2132 3347 2162 3387 e
2193 3333 2473 3406 duodecim
2517 3332 2682 3401 signis
2713 3334 2951 3397 zodiaci,
2997 3332 3376 3406 quze'exprimi
3415 3339 3591 3396 solent
3623 3343 3706 3399 his

455 3388 557 3469 tius
604 3388 955 3470 sulijiiuxerat
1003 3403 1083 3469 se.
1105 3389 1401 3480 humeritoJ
1421 3387 1621 3467 bonam
1642 3389 1793 3469 apud
1831 3389 2026 3469 multos
2053 3415 2101 3480 ο
2132 3403 2375 3459 versibus

452 3459 894 3512 existimationem
933 3458 1175 3512 amisisse
1207 3476 1217 3511 :
1255 3458 1401 3522 Quod
1425 3499 1437 3519 ,
1483 3459 1647 3525 inquit
1669 3498 1682 3519 ,
1715 3459 2021 3512 existimatio

452 3528 791 3601 plurimorum
830 3546 927 3581 non
975 3545 1158 3601 rerum,
1190 3530 1401 3601 merita,
1434 3529 1545 3601 sed,
1568 3529 1786 3601 fortuna:
1831 3538 2021 3598 spectat

450 3609 699 3652 eventum.
731 3600 790 3651 Et
824 3606 922 3652 hoc
955 3598 1217 3651 immerito
1251 3600 1361 3652 fieri
1393 3598 1573 3651 annuit
1605 3598 1959 3660 l’hilosonhia.

521 3668 541 3698 ’⁵
594 3666 886 3723 Postremus
912 3670 1153 3721 adrersus
1182 3669 1436 3737 fortunam
1459 3666 1651 3738 dolor]
1684 3668 1770 3722 IX.
1808 3670 2021 3723 Boetius

451 3742 739 3805 priesertim
787 3747 1111 3803 conquestus
1161 3739 1331 3793 fuerat
1369 3739 1435 3791 de
1478 3739 1733 3805 injustitia
1768 3738 2017 3803 fortunae,

450 3827 547 3861 non
578 3826 721 3878 a'qua
762 3812 953 3863 meritis
994 3811 1204 3873 prazmia
1250 3810 1634 3878 repentleutis:
1684 3808 1895 3873 Videre,
1942 3812 2022 3862 in-

449 3882 581 3947 quit,
612 3882 783 3933 videor
812 3881 1031 3948 nefarius
1059 3880 1416 3933 sceleratorum
1442 3880 1661 3947 ofﬁcinas
1686 3882 1873 3948 gaudio
1896 3881 2026 3933 licti-

449 3954 618 4019 tiaque
645 3953 932 4019 ﬂuitantes;
963 3953 1182 4003 insontes
1213 3960 1374 4001 autem
1414 3968 1510 4001 non
1552 3951 1700 4001 modo
1732 3953 2019 4015 securitate,

446 4038 616 4073 verum
647 4023 757 4088 ipsa
784 4025 934 4073 etiam
967 4022 1259 4089 defensione
1284 4024 1522 4084 privatos.
1558 4020 1688 4073 Hinc
1717 4021 1851 4072 idem
1898 4022 2023 4075 Boe-

449 4091 553 4146 tius
585 4094 745 4146 lleum
778 4094 1088 4155 compositis
1119 4093 1364 4143 versibus
1406 4092 1641 4157 rogavit.
1676 4104 1729 4142 ιιι
1757 4106 1859 4159 qua
1892 4108 2021 4158 pace

447 4164 636 4216 caelum
667 4163 822 4231 regit,
853 4163 1037 4215 eadem
1070 4170 1238 4213 terras
1266 4176 1454 4228 regere
1483 4161 1794 4230 dignaretur
1824 4179 1837 4213 :
1868 4161 2021 4216 Musa

446 4242 620 4287 autem
683 4234 796 4286 haec
852 4248 989 4287 nunc
1049 4232 1243 4284 dicitur
1309 4232 1550 4293 saeviens,
1603 4232 1744 4301 quod
1802 4247 1867 4284 ne
1921 4232 2018 4300 ipsi

446 4305 655 4372 quidem
694 4304 803 4358 Deo
831 4304 1071 4357 videatur
1104 4316 1354 4372 parcere,
1384 4302 1570 4356 dicens
1598 4310 1767 4355 metro
1810 4300 1842 4354 5
1867 4301 2021 4370 hujus

446 4370 588 4440 libri,

779 4465 949 4515 Omnia
966 4473 1104 4515 certo
1120 4465 1218 4527 line
1245 4464 1526 4527 gubernans

783 4528 1040 4577 Hominum
1061 4526 1188 4576 solos
1207 4526 1398 4586 respuis
1421 4533 1556 4573 actus

781 4589 977 4648 Merito,
1000 4600 1181 4647 rector,
1206 4589 1438 4637 cohibere
1458 4585 1615 4633 modo.

513 4673 711 4742 Quibus
734 4674 963 4744 querelis
990 4673 1243 4744 deinceps
1275 4667 1618 4744 respondebit
1639 4666 2009 4744 Philosorihia;

443 4739 713 4799 scil'antea
744 4739 911 4814 ipsius
944 4743 1108 4814 Boetii
1153 4756 1300 4814 mens
1327 4739 1654 4814 quibusdam
1681 4739 2005 4804 prmiuiliciis

442 4826 661 4869 exuatur
690 4809 909 4869 necesse
938 4825 1039 4868 est.
1069 4812 1377 4879 Prtejudiria
1403 4819 1575 4861 autent
1603 4809 1689 4860 illa
1710 4819 2005 4861 nascuntur

442 4902 503 4939 ex
532 4887 832 4949 aﬂ'ectibus,
869 4900 921 4937 v.
948 4899 1023 4952 3.,
1049 4883 1231 4935 dolore
1251 4924 1264 4943 ,
1296 4882 1367 4932 ira
1386 4921 1400 4944 ,
1437 4893 1663 4952 mturare
1693 4892 1753 4952 et
1773 4879 2001 4941 caeteris,

441 4958 629 5022 quibus
673 4958 871 5011 idcirco
909 4949 1200 5007 remedium
1243 4950 1453 5019 aliquod
1494 4949 1849 5022 adhibendum
1878 4959 2002 5003 est:

444 5018 714 5091 Quoniam,
745 5026 914 5093 inquit
940 5022 1277 5091 Philosophia
1299 5063 1311 5085 ,
1347 5022 1591 5087 plurimus
1619 5020 1707 5073 tibi
1730 5018 2004 5093 affectuum

441 5101 684 5152 tumultus
706 5092 950 5157 incubuit,
966 5096 1314 5161 diversumque
1339 5106 1382 5144 te
1405 5093 1568 5154 dolor,
1587 5093 1684 5152 ira,
1700 5105 1879 5144 mceror
1900 5092 2004 5144 dis-

440 5167 661 5232 trahunt,
698 5171 768 5221 uti
801 5185 933 5221 nunc
964 5168 1141 5219 mentis
1172 5182 1243 5227 es,
1281 5164 1505 5215 nondum
1535 5174 1581 5214 te
1623 5162 1874 5215 validiora
1920 5178 2003 5215 re-

439 5241 604 5291 media
630 5242 944 5304 contingunt.

512 5311 530 5340 ³
588 5302 884 5362 Lenioribus
915 5305 1159 5375 utemur.]
1195 5302 1413 5375 Egregia
1446 5303 1773 5375 comparatio
1799 5318 1865 5375 ex
1889 5318 2007 5357 cor-

440 5381 653 5447 poribus
678 5382 955 5445 desumpta
982 5394 996 5431 :
1022 5373 1465 5447 quemadmodum
1489 5373 1630 5447 enim
1657 5374 1901 5447 corporis
1927 5385 2008 5447 tu-

440 5444 553 5503 inor
574 5467 634 5504 ex
658 5466 724 5503 eo
750 5444 959 5513 accidit,
980 5444 1117 5516 quod
1146 5444 1453 5516 humoribus
1478 5445 1667 5496 alicubi
1689 5446 2010 5512 quiescenti-

441 5523 536 5574 bus
558 5536 749 5588 corpus
772 5520 877 5573 illic
902 5513 1229 5588 durescendo
1259 5513 1489 5588 infletur,
1523 5529 1693 5583 eoque
1716 5516 1879 5584 magis
1903 5532 2007 5588 quo

441 5593 607 5660 major
653 5583 929 5644 humerum
972 5589 1124 5656 c0pia
1170 5587 1295 5638 illuc
1332 5583 1557 5660 afliuens
1597 5583 2006 5660 motumquiute

438 5656 819 5731 per'inutaverit
858 5660 987 5731 :rsic
1034 5672 1207 5731 tumor
1249 5656 1442 5731 mentis
1485 5670 1551 5707 ex
1606 5670 1668 5709 eo
1705 5658 2003 5731 contingit,

438 5728 575 5801 quod
611 5730 1095 5801 perturbationibus
1122 5730 1226 5781 illic
1258 5729 1429 5779 illSlliS
1459 5740 1611 5801 mens
1639 5728 1795 5781 veluti
1827 5730 2003 5801 dures-

438 5796 869 5867 cendo'infletur,
897 5815 1066 5870 eoque
1095 5800 1278 5868 magis,
1303 5811 1406 5866 quo
1442 5796 1609 5862 major
1641 5798 2005 5865 perturbatio-

2248 3494 2377 3563 §unt
2396 3490 2783 3563 Aries,;l‘aurt_ts,
2812 3493 3023 3563 Gemini,
3053 3496 3261 3563 Cancer,
3288 3496 3409 3559 Leo,
3433 3499 3584 3563 Virgo
3606 3518 3619 3563 ;

2248 3556 2521 3618 Libraque,
2544 3554 2790 3618 Scorpius
2811 3593 2826 3618 ,
2862 3554 3153 3608 Arcitenens
3173 3598 3188 3622 ,
3218 3554 3405 3624 Caper,
3437 3554 3709 3627 Amphora,

3503 3624 3708 3686 [Pisees.

2122 3699 2357 3777 Quaeque
2383 3698 2488 3765 sol,
2526 3714 2763 3755 annuum
2786 3706 3007 3777 cursum
3036 3702 3347 3777 conficiens,
3380 3718 3543 3759 unum
3576 3724 3704 3777 quo-

2125 3772 2252 3825 libet
2282 3785 2462 3824 mense
2492 3785 2808 3838 percurrere
2836 3773 3051 3827 dicitur.
3118 3772 3324 3829 Cancer
3350 3789 3528 3830 autem
3563 3772 3616 3833 in
3646 3796 3708 3837 ea

2124 3851 2206 3895 est
2242 3842 2361 3895 cmli
2413 3850 2559 3908 parte
2579 3858 2744 3914 quam
2790 3845 2876 3895 uhi
2926 3845 3003 3896 sol
3056 3858 3247 3914 versus
3285 3848 3706 3914 septentrionem

2128 3913 2396 3979 profectus
2440 3912 2614 3979 attigit
2661 3925 2889 3967 exeunte
2941 3913 3146 3980 Junio,
3204 3925 3315 3969 tum
3351 3912 3517 3970 nobis
3562 3920 3705 3975 diem

2127 3985 2326 4035 uastatis
2350 3982 2714 4050 longissimum
2750 3986 2813 4035 ita
2840 3981 3026 4051 efﬁcit,
3054 3995 3107 4038 ut
3136 4001 3238 4040 non
3267 3986 3486 4040 ulterius
3518 4002 3706 4048 versus

2125 4052 2546 4119 septentrionem
2590 4054 2969 4121 progrediens,
3011 4055 3075 4109 ad
3110 4056 3385 4110 meridiem
3417 4058 3705 4116 deflectere

2126 4123 2336 4198 incipiat
2373 4138 2410 4198 :_
2433 4123 2553 4198 hinc
2579 4124 2832 4198 circulus,
2864 4141 3019 4198 quem
3051 4128 3342 4181 astronomi
3378 4139 3579 4195 ponunt
3611 4146 3704 4198 per

2128 4195 2357 4265 primum
2400 4194 2555 4258 hujus
2591 4192 2726 4261 signi
2768 4196 2988 4265 gradum
3036 4198 3262 4251 transire
3287 4239 3301 4259 ,
3344 4192 3561 4251 vocatur
3600 4192 3703 4255 tro-

2130 4264 2271 4384 picus
2320 4263 2535 4327 Cancri,
2579 4267 2664 4316 ubi
2710 4263 2996 4320 solstitium
3028 4270 3309 4321 :estivum:
3348 4271 3489 4323 unde
3520 4269 3701 4326 Manil.

2154 4372 2165 4384 .
2200 4349 2256 4384 LI
2280 4348 2295 4384 ε

2556 4423 2724 4475 Cancri
2747 4438 2853 4474 cum
2874 4425 3039 4474 sidere
3064 4425 3279 4476 thbus

2249 4485 2517 4535 Solstitium
2538 4484 2648 4547 fuit,
2676 4499 2728 4536 et
2749 4499 2938 4537 summo
2966 4496 3185 4536 versatur
3201 4490 3403 4552 Olympo

2198 4565 2359 4641 Atqui
2416 4566 2517 4619 hoc
2564 4564 2747 4620 Cancri
2796 4569 3114 4641 sidusnunc
3160 4569 3354 4641 dicitur
3400 4574 3698 4641 ina-stuare,

2125 4636 2266 4703 quod
2300 4647 2453 4689 terra:
2502 4645 2625 4689 tunc
2674 4639 2904 4691 maximo
2947 4639 3082 4707 ignis
3132 4640 3367 4695 caelestis
3414 4648 3557 4694 motii
3585 4636 3698 4700 sive

2039 4723 2092 4784 υ
2125 4714 2254 4760 testu
2280 4716 2719 4761 commoveantur
2747 4726 2757 4760 :
2789 4708 2879 4763 Sic
2912 4709 3094 4762 Horat.
3133 4709 3300 4777 Epod.
3332 4712 3421 4765 od.
3451 4714 3507 4765 ll
3537 4730 3549 4765 :

2358 4798 2553 4861 Quodsi
2577 4801 2702 4848 meis
2716 4800 2941 4861 intesluat
2961 4801 3241 4861 prtecordiis

2451 4859 2625 4908 Libera
2661 4860 2792 4911 bilis.

2189 4940 2387 4995 Dicitur
2417 4944 2576 5016 etiam
2608 4958 2758 5012 grave
2799 4944 2960 4998 radiis
2996 4942 3174 4999 Phoebi
3194 4986 3209 5009 ,
3250 4946 3391 5016 quod
3421 4948 3534 5003 sole
3566 4950 3695 5007 illud

2115 5011 2356 5086 ingresso
2399 5013 2484 5066 vix
2520 5011 2644 5068 ferri
2695 5016 2863 5084 possit
2904 5031 3024 5069 cum
3074 5011 3302 5085 corpore
3349 5031 3567 5086 pr0pter
3614 5024 3695 5076 ni-

2116 5085 2279 5159 inium
2310 5091 2499 5137 aestum
2534 5100 2548 5147 ;
2585 5095 2702 5159 tum
2740 5089 2899 5159 etiam
2930 5098 3108 5159 mente
3142 5099 3359 5159 propter
3388 5085 3503 5144 eam
3535 5107 3692 5159 quam

2117 5152 2317 5207 urendo
2347 5166 2555 5225 segetes
2582 5156 2758 5209 statim
2790 5152 3155 5225 perhibebitur
3190 5152 3383 5213 afferre
3429 5152 3689 5217 sterilita-

2119 5234 2244 5277 tem.
2273 5225 2431 5277 Silius
2474 5224 2509 5278 Ι.
2546 5242 2618 5278 1.;
3716 5228 3719 5229 ⁷

2241 5303 2468 5352 [Εεῐὶΐρῐο
2487 5302 2637 5366 Libye
2660 5314 2916 5368 torquetur
2939 5307 3127 5358 subdita
3146 5307 3344 5359 Cancro.

2117 5374 2288 5429 Grave
2327 5377 2466 5449 enim
2501 5380 2791 5440 generatim
2838 5379 2964 5432 illud
3010 5380 3233 5433 habetur
3278 5378 3417 5448 quod
3458 5380 3570 5449 geri
3602 5382 3690 5437 vix

2119 5454 2308 5520 potest,
2337 5446 2451 5520 sive
2472 5460 2719 5520 corpore,
2744 5452 2857 5503 sive
2880 5450 3036 5503 etiam
3064 5460 3242 5504 mente
3262 5465 3278 5505 ‘.
3296 5446 3545 5519 exempla
3568 5463 3689 5509 sunt

2119 5514 2307 5582 cuique
2335 5517 2507 5568 obvia.

2186 5586 2239 5637 4.
2267 5585 2451 5660 Sulcis
2462 5587 2658 5660 semina
2687 5587 2945 5660 credidit.]
2960 5590 3170 5653 Sulcus,
3197 5606 3262 5642 un
3281 5589 3452 5653 sillon,
3475 5589 3680 5659 judicio

2118 5655 2387 5717 Varronis,
2421 5655 2617 5710 dicitur
2655 5676 2684 5711 a
2720 5655 2958 5724 sustolle",
2989 5660 3129 5727 quod
3160 5660 3321 5714 aratri
3360 5655 3544 5715 vomer
3575 5674 3686 5718 ler-

2113 5739 2224 5777 raui
2258 5730 2501 5801 sustollat
2531 5745 2541 5779 :
2577 5730 2715 5783 sicut
2754 5745 2939 5801 arvum
2974 5743 3028 5784 et
3055 5732 3320 5785 arationes
3353 5733 3419 5785 ab
3447 5736 3683 5801 arando;

2106 5806 2159 5849 et
2188 5811 2373 5865 porca,
2395 5796 2439 5850 le
2461 5813 2618 5863 rauon
2644 5818 2731 5853 sur
2759 5800 2915 5866 leqttel
2941 5817 3005 5854 on
3036 5802 3191 5866 seme,
3226 5803 3364 5872 quod
3397 5813 3535 5859 terra
3557 5796 3683 5873 por;
