4292 6262
616 336 709 394 ΒΗ

679 448 713 503 5
789 446 980 504 Elusus
1007 448 1220 508 Cereris
1251 452 1374 517 ﬁde,

786 544 1030 610 Queroas
1057 555 1241 615 pergat
1266 548 1332 602 ad
1362 549 1600 607 arbores.

782 637 1067 708 Nunquam
1098 654 1426 709 purpureum
1458 660 1644 702 nemus

788 731 897 804 79
927 731 1184 788 Lecturus
1211 736 1377 791 violas
1401 750 1568 807 petas,

788 823 921 878 Cum
953 825 1109 911 saevis
1131 827 1472 897 aquilonibus

1828 343 1937 401 AN.
1981 342 2187 402 MANL.
2228 338 2382 397 SEV.
2423 336 2645 393 BOETII

2215 461 2269 521 Α
2295 456 2363 513 10
2434 454 2676 510 Stridens
2706 467 2924 523 campus
2956 452 3241 508 inhorruit.

3765 336 3871 396 643

2439 549 2545 602 Nec
2579 560 2785 616 quaeras
2815 546 2967 600 avida
2999 560 3161 599 manu

2443 637 2644 690 Vernos
2666 637 2929 705 stringere
2958 634 3229 705 palmites,

2441 728 2563 783 Uvis
2597 728 2639 781 si
2672 729 2835 783 libeat
2868 728 3007 795 frui;

2441 816 2710 872 Autumno
2740 819 2913 887 potius
2942 834 3036 873 sua

1956 952 2523 1013 INTERPRETATIO.

617 1088 831 1133 tuentem
863 1078 1139 1148 capiosam,
1178 1077 1415 1146 deceptus
1443 1077 1692 1148 promisso
1722 1072 2183 1148 Cereris__numinis

618 1148 857 1217 frugum,
886 1144 932 1202 is
969 1152 1139 1206 tendat
1184 1150 1252 1203 ad
1280 1144 1497 1219 quercus
1533 1146 1876 1219 glandiferas.
1910 1144 2183 1219 Nunquam

616 1215 768 1273 adeas
794 1221 968 1274 silvam
1006 1220 1268 1291 pulchram
1292 1215 1375 1273 'ad
1396 1215 1705 1290 colligendas
1739 1216 1922 1282 violas,
1956 1215 2039 1268 ubi
2063 1230 2185 1285 ager

2291 1072 2517 1124 turbatus
2545 1062 2698 1139 fuerit
2730 1070 2982 1147 crepitans
3011 1072 3334 1147 aquilonibus
3362 1076 3668 1133 crudelibus.
3696 1076 3871 1147 Neque

2292 1150 2451 1215 ten-tes
2478 1155 2631 1215 verno
2660 1148 2881 1215 tempore
2911 1142 3099 1215 vincire
3124 1154 3212 1197 aut
3238 1154 3419 1215 putare
3447 1147 3570 1201 vites
3600 1166 3751 1202 manu
3777 1142 3869 1205 ὗες

2292 1212 2384 1265 luti
2405 1211 2609 1280 cupida,
2634 1213 2675 1264 si
2696 1210 2857 1278 possis
2879 1213 3032 1281 potiri
3057 1210 3267 1269 racemis
3292 1231 3310 1269 :
3342 1232 3461 1271 nam
3482 1217 3710 1275 Bacchus
3731 1221 3869 1274 dedit

2134 1344 2359 1402 ΝΟΤᾹΣ.

617 1481 762 1527 recta
800 1470 917 1543 sive
942 1469 1080 1543 jacla
1112 1468 1378 1543 utrinque.
1402 1465 1671 1543 Quidquid
1703 1471 1891 1543 autem~
1912 1464 1983 1517 sit
2008 1462 2074 1543 de
2099 1462 2185 1543 in-

617 1534 1079 1611 terpretationibus
1115 1534 1387 1611 nominum
1422 1534 1693 1611 istorum,
1740 1535 1912 1604 poetis
1951 1534 2185 1611 agricola

616 1604 713 1683 qui
758 1610 1131 1683 seritAdicitur
1156 1607 1661 1683 semina‘siveanni
1698 1620 1845 1683 spem
1891 1604 2056 1659 sulcis
2102 1604 2186 1657 vel

617 1676 773 1738 terra)
794 1681 1043 1736 credere:
1070 1680 1203 1733 adeo
1226 1691 1301 1755 ut,
1325 1680 1366 1732 si
1398 1678 1618 1755 semina,
1643 1676 1838 1755 injuria
1862 1685 2181 1755 temporum,

616 1764 739 1809 aute
782 1767 1007 1806 messem
1039 1752 1380 1815 evanuerint,
1414 1750 1517 1802 dici
1566 1744 1734 1814 possit
1778 1746 1947 1799 elusus
1990 1744 2186 1798 Cereris

617 1825 716 1893 ﬁde
740 1824 853 1877 sive
879 1822 1159 1893 promisso.
1195 1821 1283 1875 Sic
1311 1820 1460 1889 Virg.
1488 1835 1521 1873 ιι
1549 1818 1768 1887 Georg,
1798 1832 1848 1870 v.
1875 1816 1975 1869 221
2002 1832 2014 1868 :

737 1914 862 1961 Ante
884 1912 973 1960 tibi
996 1911 1106 1960 ane
1130 1909 1404 1959 Atlantides
1428 1907 1784 1957 abscondantur

734 1975 1008 2035 Gnosiaque
1029 1974 1245 2035 ardentis
1267 1970 1469 2019 decedat
1489 1970 1627 2017 stella
1649 1980 1839 2035 coronae
1856 2006 1868 2027 ,

736 2036 908 2085 Debita
929 2032 1076 2095 quam
1100 2034 1245 2082 sulcis
1263 2036 1533 2081 committas
1553 2032 1756 2095 semina,
1779 2040 2021 2092 quamque

740 2098 907 2147 Invitas
932 2094 1169 2158 properes
1192 2096 1463 2158 anni_spem
1488 2094 1694 2141 credere
1720 2101 1885 2158 terrm.

736 2160 872 2209 Multi
895 2150 1008 2206 ante
1025 2150 1254 2205 'occasum
1284 2150 1418 2204 Maia:
1441 2168 1639 2216 carpere
1666 2168 1677 2202 :
1701 2154 1790 2202 sed
1817 2150 1924 2201 illos

738 2222 1030 2282 Exspectata
1048 2230 1199 2278 seges
1224 2218 1357 2266 vanis
1376 2216 1525 2265 elusit
1554 2219 1741 2266 avenis.

618 2305 704 2360 Sic
730 2302 967 2359 Tibullus
999 2302 1035 2355 l.
1067 2316 1123 2367 tt,
1157 2300 1293 2369 eleg.
1326 2299 1419 2352 ult.

1337 2392 1461 2452 Spes
1484 2390 1629 2439 sulcis
1652 2389 1807 2438 credit
1827 2393 1973 2439 aratis

941 2456 1140 2504 Semina
1157 2466 1265 2515 quae
1290 2465 1462 2514 magno
1476 2452 1659 2501 fatnore
1682 2452 1849 2500 reddat
1869 2465 2001 2513 ager.

684 2541 771 2597 Sic
818 2554 946 2610 ergo
988 2546 1203 2606 propter
1249 2536 1467 2610 nimium
1514 2534 1696 2610 Cancri
1744 2536 2073 2610 intestuantis
2100 2550 2185 2610 ar-

616 2613 796 2667 dorem
837 2606 924 2681 qui
970 2610 1112 2679 larga
1154 2606 1449 2677 negantibus
1490 2606 1645 2659 sulcis
1699 2607 1892 2659 semina
1938 2606 2181 2670 credidit,

618 2684 705 2738 ltic

685 2756 739 2809 5.
773 2752 965 2806 Elusa:
989 2749 1185 2806 Cereris
1212 2747 1357 2819 ﬁde]
1391 2746 1552 2803 Ceres
1579 2748 1747 2816 poetis
1774 2757 1856 2802 est
1882 2747 2095 2819 Saturni
2126 2754 2183 2801 et

616 2824 742 2893 Opis
790 2824 925 2883 lilia,
968 2838 1033 2875 ex
1063 2835 1177 2893 qua_
1214 2818 1448 2893 Jupiter”
1474 2819 1845 2893 Proserpinam
1877 2818 2181 2893 suscepisse

616 2888 820 2950 fertur:
855 2893 946 2947 sed
977 2893 1113 2945 hanc
1140 2889 1351 2945 Cereris
1379 2889 1539 2942 tiliam
1572 2888 1726 2942 Pluto
1758 2899 1939 2958 postea
1965 2888 2139 2955 rapuit
2166 2905 2177 2939 :

616 2966 757 3021 unde
780 2964 944 3019 Ceres
970 2963 1210 3016 accensis
1240 2961 1292 3013 in
1321 2959 1477 3013 Aitna
1507 2969 1685 3013 monte
1712 2960 1862 3012 mdis
1892 2967 2059 3013 totum
2091 2974 2183 3012 or-

616 3036 736 3092 bem
768 3034 1063 3104 peragravit
1093 3031 1249 3104 ﬁliam
1277 3031 1596 3104 quaesitura:
1624 3032 1677 3083 in
1710 3031 1976 3104 laborioso
2003 3039 2180 3084 autem

616 3107 706 3161 illo
742 3101 933 3159 itinere
959 3102 1344 3173 Triptolemum
1387 3101 1581 3173 Eleusii
1603 3101 1771 3173 gregis,
1796 3102 1960 3154 tilium
1993 3115 2181 3155 seren-

617 3177 802 3231 dorum
849 3171 1111 3230 seminum
1155 3175 1409 3226 rationem
1459 3171 1679 3225 docuit:
1726 3172 1808 3225 hic
1838 3187 1966 3225 vero
1994 3173 2179 3226 orbem

616 3250 815 3319 pariter
844 3244 1415 3319 paragrans,__eamd_e_m
1450 3252 1617 3294 artem
1649 3243 1857 3319 cretei-is
1881 3242 2183 3319 horninibus

617 3312 1047 3373 communicavit.
1071 3313 1407 3376 Philosophis
1432 3323 1628 3375 autem,
1655 3313 1697 3365 si
1721 3312 1892 3364 Tullio
1917 3329 1948 3367 tl
1974 3313 2041 3367 de
2064 3314 2182 3366 Nat.

618 3389 769 3443 deor.
814 3385 1138 3441 Credamus.
1188 3380 1353 3436 Ceres
1388 3381 1517 3435 nihil
1560 3391 1638 3435 est
1690 3382 1831 3435 aliud
1873 3398 2030 3451 quam
2073 3384 2186 3452 ipsa

617 3468 778 3520 terra,
821 3458 897 3509 sic
927 3456 1066 3508 dicta
1100 3454 1182 3506 vel
1218 3470 1243 3503 ιι
1277 3454 1493 3521 gerendo
1524 3454 1674 3521 quasi
1711 3452 1863 3505 Ceres
1910 3458 2185 3508 immutata

618 3529 828 3589 littera,
879 3541 908 3578 a
952 3524 1197 3593 gerendis
1228 3522 1504 3593 frugibus;
1538 3524 1624 3575 vel
1668 3537 1697 3575 a
1739 3526 1991 3583 creando,
2034 3525 2184 3589 quasi

616 3599 824 3667 frugum
856 3597 1106 3649 creatrix.

618 3663 888 3729 sidérare,
922 3667 964 3717 is
995 3679 1205 3717 causam
1264 3664 1495 3716 inveniet
1534 3677 1627 3715 cur
1666 3670 1808 3715 terra
1855 3664 2060 3716 dicatur
2087 3663 2185 3718 Sa-

618 3741 756 3792 turni
804 3746 857 3791 et
903 3736 1027 3805 Upis
1059 3734 1197 3805 filia_,
1230 3744 1283 3786 et
1321 3748 1417 3786 cor
1445 3734 1574 3786 Jove
1617 3732 1896 3787 fecundata
1942 3734 2186 3805 genuerit

618 3803 993 3876 Proserpinam
1024 3848 1037 3867 ,
1088 3821 1115 3855 a
1158 3803 1381 3876 Plutone
1427 3811 1606 3873 postea
1651 3816 1875 3872 raptam.
1925 3805 2029 3859 Sed
2073 3804 2185 3858 ham

617 3880 782 3936 nostri
814 3875 917 3933 non
950 3885 1073 3930 sunt
1102 3875 1349 3928 instituti.

690 3952 742 4005 6.
779 3950 1008 4014 Quernas
1049 3957 1221 4015 pergat
1252 3945 1318 3996 ad
1349 3942 1594 4015 arbores.]
1632 3943 1741 3998 Hoc
1770 3953 1853 3998 est
1878 3946 1946 3997 ad
1971 3960 2184 4013 quercus

615 4021 928 4090 glandiferas
946 4059 964 4090 ,ί
1004 4015 1361 4090 tauquamad
1403 4015 1603 4090 primas
1652 4017 1922 4090 hominum
1972 4016 2184 4090 altrices

616 4080 901 4159 confugiat.
934 4080 1172 4154 Quercus
1202 4080 1577 4159 arboscuique
1607 4094 1751 4159 nota.
1786 4086 1907 4159 Htec
1945 4097 2069 4140 ante
2104 4086 2185 4139 in-

615 4154 802 4217 ventas
838 4160 1013 4227 fruges
1042 4158 1247 4227 populis
1272 4154 1584 4227 quibusdam
1613 4155 1805 4208 dicitur
1834 4157 2029 4210 victum
2053 4172 2185 4227 sup-

615 4234 880 4303 peditasse
906 4223 1093 4282 {unde
1118 4226 1299 4297 Virgil.
1326 4242 1341 4279 ι
1366 4223 1586 4295 Geurg..
1614 4242 1663 4278 ν.
1688 4228 1825 4282 159:

737 4322 1079 4381 Concussaque
1097 4318 1271 4367 famem
1291 4321 1337 4365 in
1360 4312 1489 4366 silvis
1512 4316 1736 4365 solabere
1760 4332 1964 4380 quercu.

684 4408 861 4474 Quare
901 4420 1020 4459 cum
1051 4403 1203 4472 glans
1224 4441 1238 4464 ,
1270 4401 1427 4467 hujus
1456 4399 1664 4474 arboris
1691 4400 1915 4474 fructus,
1947 4415 2053 4474 non
2084 4400 2183 4454 nisi

613 4471 733 4549 post
770 4486 1009 4545 segetum
1042 4471 1264 4549 messem
1296 4473 1599 4549 adolescat,
1635 4471 1745 4525 haec
1786 4472 2013 4525 diversis
2046 4481 2183 4549 teut-

613 4540 922 4619 poribus'ita
953 4546 1165 4619 astricta
1196 4553 1341 4619 sunt,
1367 4550 1422 4593 ut
1450 4540 1568 4619 site
1593 4556 1746 4619 seges
1771 4554 2078 4619 cnspectatu
2107 4542 2182 4596 fe-

612 4612 773 4683 fellit,
817 4634 844 4670 a
881 4613 1425 4687 quernisarbot-ibus
1467 4612 1596 4687 olim
1645 4613 1954 4687 glaudileris
2004 4612 2181 4687 fruges

611 4682 831 4761 sperare
862 4682 1050 4757 possis.
1085 4685 1173 4761 Sic
1213 4698 1340 4753 ergo
1389 4682 1637 4751 exemplo
1677 4685 1863 4761 messis
1888 4684 2179 4761 probatur,

610 4753 701 4815 sua
756 4753 875 4815 esse
924 4757 1145 4827 singulis
1190 4761 1350 4809 rebus
1399 4764 1679 4821 tempora,
1738 4753 1989 4807 divinitus
2037 4768 2178 4822 prte-

610 4846 713 4886 SCI'I
725 4843 827 4886 Na.

680 4851 1038 4968 r'7|.pll\a’.unquam
1077 4911 1383 4967 purpureum
1426 4892 1649 4964 nemus.]
1687 4893 1749 4968 ll.
1784 4893 2044 4963 Exemplo
2073 4895 2173 4950 flo-

608 4986 723 5025 rttm
754 4965 1004 5040 probatur
1032 4965 1212 5031 etiam,
1238 4982 1391 5040 suum
1419 4980 1613 5040 cuique
1636 4965 1711 5018 rei
1734 4970 2019 5040 convenire
2043 4977 2174 5020 tem-

610 5057 706 5111 pus
731 5034 1099 5111 fsignilicatur
1129 5041 1292 5100 enim,
1324 5036 1503 5111 ﬂores,
1527 5034 1615 5104 qui
1647 5046 1834 5111 sponte
1862 5036 2008 5111 na_sci
2035 5052 2167 5091 con-

607 5105 906 5171 sueverunt,
930 5110 1123 5177 quique
1146 5123 1284 5161 nunc
1307 5108 1592 5159 nominatis
1614 5107 1760 5177 violis
1782 5105 2167 5177 intelliguntur,

606 5197 710 5236 non
744 5195 860 5235 esse
897 5176 1210 5248 quatreudos
1244 5187 1480 5245 tempore
1525 5176 1768 5241 hiemali,
1812 5192 1917 5246 quo
1946 5176 2172 5232 saeviunt

606 5264 901 5315 aquilones,
958 5264 1051 5318 per
1102 5264 1410 5318 purpureum
1466 5262 1701 5301 nemus:
1758 5262 1923 5315 quare
1972 5248 2168 5317 aliquid

605 5324 883 5378 dicendum
910 5317 975 5373 de
1006 5334 1273 5388 purpureo
1298 5334 1537 5383 nemore,
1582 5320 1648 5371 de
1675 5317 1825 5372 violis
1852 5327 1906 5372 et
1932 5318 2000 5373 de
2028 5319 2172 5389 aqui-

605 5395 834 5449 lonibus.

674 5466 1001 5533 Purpureum
1047 5460 1294 5533 dicitura
1342 5474 1591 5533 purpura.
1635 5458 1729 5513 Est
1773 5474 1901 5533 vero
1935 5473 2162 5533 purpura

604 5530 820 5591 concha:
840 5548 1027 5603 genus,
1052 5533 1199 5599 cujus
1223 5532 1424 5598 liquore
1454 5532 1578 5583 olim
1604 5541 1776 5584 vestes
1806 5530 2160 5597 tingebantur.

603 5608 747 5673 Quod
780 5615 954 5658 autem
993 5606 1101 5671 jam
1134 5618 1162 5654 a
1194 5603 1349 5669 longo
1392 5612 1629 5668 tempore
1662 5613 1898 5654 veterum
1924 5615 2160 5673 purpura

603 5672 837 5736 desierit,
871 5685 1148 5742 prottterea
1192 5673 1401 5725 inducta
1435 5673 1588 5739 hujus
1619 5673 1763 5724 vocis
1793 5672 2158 5739 ambiguitate,

603 5741 895 5813 purpureus
925 5754 1141 5796 Vocatur
1186 5758 1325 5795 nunc
1359 5742 1571 5811 quidem
1605 5744 1795 5810 nigror,
1828 5750 1883 5794 ιιι
1915 5741 2162 5813 apudACi-

603 5810 849 5875 cereuem
879 5829 1025 5868 mare
1054 5814 1314 5883 nigricans
1342 5810 1699 5887 purpureum;
1746 5813 1884 5880 apud
1917 5810 2159 5868 Ovidium

1132 3594 1229 3660 Qui
1255 3606 1413 3661 porro
1443 3591 1491 3643 id
1516 3594 1745 3645 voluerit
1772 3595 2026 3647 attentius
2054 3608 2209 3646 con-'

2296 1474 2411 1512 uva:
2440 1458 2623 1528 nigrae,
2658 1473 2974 1528 purpureae;
3012 1470 3067 1517 et
3090 1464 3226 1531 apud
3257 1464 3541 1522 Homerum
3584 1484 3728 1525 mors
3756 1481 3867 1529 atra

2293 1531 2490 1583 dicitur
2520 1544 2812 1599 purpurea:
2848 1547 2989 1585 nunc
3018 1535 3233 1600 candor,
3284 1536 3422 1591 sicut
3452 1539 3668 1594 lloratio
3694 1542 3868 1599 olores

2294 1601 2581 1677 purpurei,
2626 1609 2681 1654 et
2716 1601 2904 1677 Qvidio
2965 1603 3053 1677 nix
3104 1614 3323 1659 vocatur
3376 1623 3677 1677 purpurea:
3729 1629 3868 1669 nunc

2292 1670 2466 1733 rubor,
2497 1680 2554 1722 ut
2582 1672 2835 1725 omnibus
2868 1675 3034 1753 poetis
3062 1690 3211 1753 gente
3244 1670 3543 1753 purpureae,
3574 1690 3627 1753 et
3654 1687 3865 1753 sanguis

2296 1756 2599 1821 purpureus
2625 1759 2639 1794 :
2685 1757 2825 1795 nunc
2854 1744 2993 1796 color
3022 1745 3293 1821 caeruleus,
3328 1744 3379 1800 tit
3410 1752 3545 1817 apud
3592 1744 3864 1821 Virgilium

2295 1811 2442 1889 viola:
2488 1811 2713 1889 sublucet
2763 1830 2988 1889 purpura
3026 1816 3223 1889 nigrm:
3271 1833 3409 1871 ttunc
3446 1811 3591 1873 color
3630 1811 3865 1889 quvilibet,

2296 1883 2707 1960 quiqne_ex__i_llo
2747 1884 2892 1960 na_sci
2923 1889 3060 1938 solet
3085 1883 3289 1960 decor:
3324 1883 3652 1956 pulchritudo
3699 1883 3866 1960 enim,

2287 1951 2469 2030 judice
2499 1952 2674 2007 Tullio
2715 1968 2767 2030 tv
2798 1954 2984 2030 'I_‘usc.,
3008 1966 3084 2030 est
3112 1951 3344 2025 qumdatn
3375 1970 3493 2028 apta
3524 1961 3688 2030 ﬁgura
3715 1980 3843 2017 ment

2293 2024 2645 2102 brorum‘cum
2672 2024 2857 2077 coloris
2881 2027 3101 2093 quadam
3126 2024 3390 2082 suavitate.
3408 2024 3726 2102 Sic-Virgil.
3761 2036 3865 2092 ecl.

2292 2094 2346 2157 9,
2378 2109 2428 2147 v.
2458 2094 2565 2148 40'

2412 2183 2501 2250 ﬂio
2526 2199 2609 2234 ver
2635 2199 2953 2250 purpureum,
2982 2189 3141 2250 varios
3156 2189 3236 2239 hic
3260 2190 3454 2240 ﬂumina
3477 2195 3660 2242 circum

2416 2248 2595 2315 Fundit
2614 2250 2786 2315 humus
2806 2248 2951 2297 ﬂores
2980 2262 2991 2295 :
3015 2249 3092 2299 hic
3111 2251 3311 2302 candida
3333 2254 3536 2315 populus
3557 2264 3696 2305 antro

2415 2309 2660 2371 Imminet,
2682 2320 2733 2360 et
2758 2314 2905 2359 lenta:
2925 2318 3098 2361 texunt
3118 2309 3555 2365 umbracula'vites.

2361 2394 2535 2475 Atque
2561 2393 2661 2447 hoc
2688 2394 2871 2447 ultimo
2898 2394 3055 2448 modo
3082 2396 3369 2463 credimus,
3402 2415 3577 2454 nemus
3607 2416 3747 2456 nunc
3769 2416 3859 2456 vo-

2290 2478 2396 2517 carl
2442 2480 2767 2534 purpureum.

2363 2534 2631 2588 Violarum
2665 2539 2924 2610 duosunt
2950 2551 3176 2610 genera,
3198 2546 3254 2590 ut
3280 2540 3545 2610 colligitur
3572 2557 3635 2596 ex
3670 2542 3856 2607 Plinio,

2288 2604 2323 2658 l.
2360 2620 2470 2683 va,
2499 2620 2616 2683 cap.
2731 2608 2860 2683 Alite
2891 2604 3099 2683 nsi—tura,
3133 2608 3249 2683 alite
3279 2620 3391 2683 arte
3408 2604 3741 2667 'nascuntur:
3770 2604 3863 2683 po-

2288 2675 2546 2748 sreriores
2569 2676 2624 2729 in
2655 2678 2858 2742 hortis;
2887 2679 3089 2748 priores
3115 2680 3271 2732 etiam
3300 2680 3349 2732 in
3381 2683 3554 2736 silvis:
3581 2682 3645 2737 de
3675 2684 3740 2737 iis
3767 2675 3863 2738 au-

2289 2754 2392 2798 tem
2424 2747 2595 2825 agitur
2643 2761 2796 2825 quae,
2827 2747 2976 2825 utait
3018 2749 3155 2803 idem
3193 2749 3416 2825 Plinius.
3472 2764 3648 2820 sponte
3675 2757 3862 2825 apricis

2286 2825 2330 2868 et
2365 2817 2545 2892 macris
2574 2819 2703 2892 locis
2726 2820 3019 2885 proveniunt
3047 2836 3314 2890 purpurea:
3343 2817 3522 2876 latiore
3552 2825 3693 2892 folio.

2360 2887 2554 2960 Aquilo
2583 2888 2815 2957 denique
2853 2898 2935 2943 est
2958 2887 3153 2944 vetitus»
3175 2892 3296 2959 qui,
3345 2903 3477 2948 IeSte
3509 2887 3643 2948 Plini
3669 2918 3701 2960 -,
3735 2896 3771 2950 1.
3801 2912 3858 2958 tt.

2289 2972 2340 3010 c.
2372 2956 2464 3023 47,
2506 2960 2642 3011 inter
2689 2956 3107 3027 septentrionem
3156 2956 3209 3014 et
3247 2971 3422 3016 ortum
3454 2956 3790 3021 solstitialem
3830 2956 3861 3021 e

2288 3030 2506 3104 regione
2545 3029 2700 3082 Cauri
2732 3030 2852 3104 ttat.
2894 3032 3093 3104 vetitus
3138 3041 3314 3104 autem
3356 3035 3440 3087 ille
3488 3035 3737 3104 frequens
3775 3047 3860 3091 est

2289 3098 2464 3173 hieme
2491 3117 2514 3173 :7
2534 3114 2695 3173 quare
2732 3100 2902 3173 hiems
2931 3102 3103 3154 Plinio
3133 3103 3327 3155 dicitur
3348 3098 3624 3173 aquilonia,
3648 3118 3700 3159 et
3733 3120 3859 3171 poe-

2287 3171 2385 3246 tis,
2419 3170 2949 3246 rigidisaquilonibus
2978 3174 3183 3246 [torrens
3208 3188 3224 3225 :
3256 3170 3399 3227 unde
3431 3177 3573 3228 80!va
3603 3178 3858 3246 aquiloni-

2290 3239 2379 3292 bus
2407 3256 2557 3315 nunc
2578 3242 2927 3308 significatur,
2961 3242 3131 3315 violas
3168 3244 3221 3296 in
3250 3246 3397 3297 silvis
3425 3261 3530 3299 non
3567 3239 3686 3301 esse
3714 3263 3857 3315 qua:-

2292 3310 2483 3363 rcudas
2511 3312 2710 3387 hieme:
2744 3327 2908 3387 usque
2930 3314 3062 3366 adeo
3083 3315 3327 3383 exemplo
3358 3315 3548 3371 florum
3581 3310 3852 3387 probatur,

2290 3395 2443 3433 suum
2475 3382 2667 3453 cuique
2696 3383 2771 3435 rei
2800 3386 3085 3437 convenire
3117 3382 3346 3453 tempus.

2362 3452 2449 3504 Η.
2487 3450 2594 3525 Nec
2624 3468 2823 3521 quaeras
2852 3450 3244 3525 avidaimanul
3267 3454 3351 3511 Ill.
3386 3457 3645 3523 Exemplo
3675 3460 3861 3513 vinde-

2290 3522 2410 3574 mia:
2436 3524 2707 3589 probatur,
2729 3537 2819 3575 sua
2832 3524 3065 3591 singulis
3088 3522 3247 3579 rebus
3278 3539 3512 3594 tempora
3538 3522 3855 3584 convenire:

2287 3606 2406 3643 cum
2438 3593 2578 3645 enim
2615 3594 2876 3646 vindemia
2917 3604 3170 3647 autumno
3200 3600 3307 3661 liat,
3343 3596 3536 3651 frustra
3582 3600 3680 3652 hoc
3727 3610 3861 3654 tetn-
3896 3602 3899 3603 ⁷

2291 3676 2419 3738 pore
2449 3679 2862 3738 quwrast'ernos
2888 3667 3131 3738 stringere
3150 3669 3431 3738 palmites:
3463 3670 3656 3738 quibus
3685 3671 3860 3725 verbis

2284 3730 2546 3807 distincta
2571 3734 2705 3807 veris
2733 3744 2788 3788 et
2827 3730 3065 3788 autumni
3107 3730 3279 3791 oflicia
3326 3730 3711 3807 proponuntur.
3744 3744 3860 3794 Pri-

2289 3818 2432 3856 mum
2466 3803 2876 3880 quidem-verno
2916 3816 3154 3873 tempore
3182 3808 3269 3861 alii
3303 3803 3549 3877 palmites
3580 3824 3859 3880 amputan-

2290 3884 2392 3934 tur,
2441 3873 2531 3926 alii
2562 3874 2867 3949 vinciuntur
2913 3885 3156 3949 tantum;
3206 3873 3345 3946 quod
3397 3873 3686 3949 utrumque
3732 3883 3853 3936 dum

2290 3953 2503 4022 praestat
2542 3946 2808 4022 agricola,
2842 3949 3104 4022 stringere
3128 3948 3321 4003 dicitur
3351 3969 3363 4002 :
3396 3946 3606 4022 stringit
3623 3952 3763 4007 enim
3805 3962 3859 4006 et

2290 4014 2501 4068 frondes
2530 4030 2661 4084 quas
2691 4017 2909 4086 colligit,
2938 4014 2990 4071 ui
3021 4034 3035 4071 ι
3067 4017 3288 4089 Georg,
3321 4036 3373 4073 v.
3399 4014 3534 4075 5055

2409 4104 2508 4180 Sed
2540 4112 2700 4180 tamen
2721 4116 2773 4157 et
2794 4121 3005 4180 quernas
3028 4109 3231 4171 glandes
3261 4121 3373 4161 tunc
3397 4115 3643 4175 stringere
3668 4122 3857 4180 tempus

2411 4167 2472 4216 Et
2498 4168 2621 4217 lauri
2643 4171 2831 4231 baccas,
2859 4167 3115 4233 oleamque
3141 4182 3441 4236 cruentaque
3464 4167 3633 4238 mira.

2291 4274 2354 4327 lit
2384 4290 2557 4327 ramos
2587 4288 2720 4344 quos
2750 4275 2900 4343 ligat,
2931 4285 2989 4328 ιιι
3021 4275 3172 4343 ibid.,
3200 4292 3252 4328 v.
3276 4279 3413 4331 5H:

2410 4364 2631 4427 Agricola
2654 4373 2702 4415 et
2724 4365 2883 4427 fragili
2899 4370 2994 4429 jam
3012 4368 3277 4430 stringeret
3296 4369 3476 4419 hordea
3494 4372 3669 4424 culmo.

2289 4448 2460 4517 Atque
2500 4448 2726 4517 idipsutn
2758 4450 2952 4503 dicitur
2992 4450 3104 4504 fieri
3136 4453 3283 4505 avida
3314 4469 3468 4505 manu
3496 4470 3514 4507 :
3546 4470 3664 4510 cum
3712 4460 3853 4516 enim

2292 4519 2450 4572 homo
2470 4520 2665 4597 aliquid
2690 4520 2842 4573 valde
2870 4523 3073 4597 appetit
3093 4524 3422 4597 quadamrsui
3439 4528 3676 4597 corporis
3704 4541 3853 4597 parte

2211 4589 2261 4650 D
2288 4594 2532 4668 assequi,
2577 4600 2686 4668 tum
2727 4592 3241 4668 trans_lata_quadatn
3292 4589 3675 4668 significviione
3704 4589 3853 4668 'pars

2288 4660 2375 4713 illa
2423 4660 2527 4713 dici
2577 4662 2713 4713 solet
2762 4662 2930 4714 avida.
2978 4662 3066 4715 Sic
3118 4677 3274 4718 aures
3316 4660 3559 4718 Ciceroni
3605 4660 3854 4726 dicuntur

2287 4729 2455 4808 avida:
2478 4747 2493 4783 :
2520 4729 2899 4808 Demosthenes,
2925 4732 3092 4800 inquit
3116 4733 3183 4808 de
3213 4738 3388 4801 Urat.,
3418 4751 3517 4787 non
3542 4752 3736 4808 semper
3759 4742 3853 4795 int-

2283 4803 2382 4882 plet
2410 4818 2557 4882 aures
2588 4818 2723 4854 meas
2750 4818 2767 4855 :
2812 4803 2884 4882 ita
2902 4810 3031 4882 sunt
3054 4805 3216 4857 avida:
3235 4814 3289 4882 _et
3310 4803 3854 4882 _cap.'tces,_et'semper

2282 4872 2480 4940 aliquid
2508 4874 2804 4925 immensum
2833 4874 3183 4941 inﬁnitumque
3211 4872 3518 4930 desiderant.
3544 4878 3632 4933 Sic
3663 4872 3852 4940 manus

2282 4942 2410 5010 ipsa:
2440 4943 2655 4996 lloratio
2681 4945 2929 4997 dicuntur
2950 4944 3139 5011 avidte,
3171 4943 3350 4999 Carm.
3385 4948 3419 4997 l.
3445 4961 3520 5011 tv,
3547 4949 3637 5004 od.
3672 4952 3701 5002 7
3726 4968 3741 5006 :

2403 5030 2581 5097 Cuncta
2602 5034 2770 5097 manus
2793 5032 2953 5097 avidas
2973 5032 3166 5094 fugient
3193 5034 3424 5097 haeredis,
3444 5039 3601 5086 amico

2398 5097 2516 5153 Qua:
2542 5093 2744 5143 dederis
2762 5096 2939 5143 animo.

2273 5184 2582 5255 Quicunque
2625 5191 2799 5237 autem
2852 5197 3066 5255 vernos
3098 5184 3339 5251 palmites
3376 5185 3617 5255 stringit,
3665 5186 3749 5241 hic
3776 5187 3847 5241 ita

2274 5254 2477 5323 appetit
2534 5254 2829 5319 stringere,
2878 5262 2937 5305 ut
2987 5253 3223 5307 videatur
3271 5257 3462 5309 timere
3519 5253 3611 5311 ne
3640 5257 3849 5312 desinat

2276 5328 2555 5397 stringere.
2586 5323 2786 5397 Deinde
2815 5332 3099 5378 autumnus
3148 5327 3226 5379 sic
3262 5328 3375 5378 uvis
3407 5327 3718 5397 colligendis
3758 5342 3850 5381 ac-

2275 5396 2662 5455 commodatur,
2707 5394 2787 5446 his
2832 5403 2887 5446 ut
2935 5396 3019 5447 ille
3074 5411 3100 5445 ει
3150 5399 3321 5463 poetis
3366 5394 3555 5450 soleat'
3591 5396 3847 5461 describi,

2276 5465 2414 5533 quod
2447 5464 2862 5532 vulgatissitnum
2891 5472 2991 5526 est,
3044 5464 3256 5521 Lucret.
3293 5469 3326 5518 Ι.
3361 5483 3372 5519 ι
3404 5485 3416 5518 :

2394 5556 2641 5619 Praeterea
2667 5567 2753 5603 cur
2780 5566 2899 5619 vere
2916 5567 3090 5619 rosam,
3121 5555 3361 5606 frumenta
3381 5557 3563 5619 calore,

2392 5616 2551 5665 Viteis
2574 5623 2803 5664 autumno
2826 5616 2958 5662 fundi
2986 5616 3191 5665 sudante
3220 5621 3458 5673 videmus.

2391 5682 2443 5728 Si
2466 5692 2559 5727 non
2577 5685 2709 5743 certa
2734 5689 2823 5724 suo
2845 5680 2955 5736 quia
2981 5682 3407 5743 terutporesentina
3432 5694 3618 5743 rerum,

2392 5745 2507 5789 tlutn
2531 5740 2888 5797 continuerunt,
2910 5740 3071 5799 patefit
3095 5742 3415 5804 quodcunque
3431 5740 3640 5792 creatur.

2338 5813 2468 5877 Hinc
2512 5820 2752 5865 autumno
2785 5826 2878 5865 sua
2910 5808 3141 5866 Bacchus
3170 5830 3376 5871 munera
3419 5814 3691 5869 contulisse
3721 5814 3849 5876 dici-
