4292 6262
320 390 426 447 640

320 504 392 560 15
467 503 700 558 Bacchus
729 517 949 558 munera
977 503 1221 558 contulit.

459 593 567 663 8ο
600 594 787 662 Signat
815 604 1052 660 tempora
1085 590 1311 661 propriis

465 687 666 752 Aptans
698 683 888 737 ofliciis
922 683 1084 747 Deus,

463 771 568 825 Nec
594 786 727 839 quas
754 773 870 839 ipse
899 772 1158 835 coercuit,

464 862 668 916 Misceri
706 862 902 927 patitur
929 861 1091 915 vices.

319 954 392 1006 20
464 951 557 1007 Sic
581 951 723 1019 quod
756 951 1015 1020 principiti
1049 949 1132 1003 via

467 1042 680 1096 Certum
713 1042 914 1097 deserit
943 1041 1210 1106 ordinem,

464 1133 639 1188 Laetos
667 1148 774 1187 non
806 1134 963 1188 habet
994 1132 1191 1186 exitus.

858 1243 967 1311 32
1005 1240 1227 1296 rnoss
1268 1237 1357 1292 v1.
1582 1298 1587 1299 ,

326 1335 713 1389 Ancum-surum
755 1360 826 1372 --
868 1331 1203 1399 PhilosOphia
1251 1327 1485 1382 Boetiunt
1539 1324 1898 1388 interrogans,

1246 389 1334 446 DE
1370 380 1887 446 CONSOLATIONE
1927 372 2395 436 PHILOSOPHUS
2435 374 2561 429 LIB.
2604 373 2646 428 I.

1478 500 1479 503 “
1914 498 1967 555 Α

3462 366 3569 423 650

2058 488 2289 545 eumdem
2318 485 2448 555 cogit
2477 483 2625 553 fateri
2653 497 2712 555 se
2741 480 2922 541 Deum,
2955 485 3001 532 et
3032 475 3350 555 semetipsum
3380 477 3570 555 partiris

2071 545 2677 628 cognoscerefpar'timque
2698 553 2935 628 ignorare
2964 565 2981 602 :
3012 548 3153 628 unde.
3179 546 3269 598 illo
3300 547 3488 599 lumine
3506 545 3574 597 ad

2075 617 2336 697 pellendas
2381 617 2488 697 has
2514 624 2671 674 animi
2713 617 2937 697 fenebres
2972 634 3041 697 se
3074 617 3310 683 deinceps
3368 630 3577 696 usuram

2070 685 2258 757 inonet,
2284 702 2338 745 ut
2379 693 2563 744 scilicet
2586 709 2615 743 a
2644 692 2773 743 notis
2804 690 2870 741 ad
2906 690 3160 758 ignota;‘a
3182 685 3582 755 persuasissimis

2073 765 2141 819 ad
2170 780 2271 817 non
2297 778 2538 830 persuasa
2561 761 2653 827 ﬁat
2684 774 2999 829 progressus.

2076 853 2315 908 Primum
2337 850 2495 918 igitur
2530 850 2795 918 paterisne
2823 862 2908 900 me
2932 855 2958 884 ι
2984 843 3229 912 pauculis
3250 844 3266 873 ⁸
3291 841 3583 910 rogationi-

2004 946 2105 1000 bus
2132 951 2332 997 statum
2365 950 2470 995 tute
2500 940 2699 993 mentis
2727 938 3007 1006 attingere,
3058 943 3219 1003 atque
3248 942 3475 997 tentare,
3505 942 3584 998 ut,

2000 1039 2089 1106 qni
2113 1037 2300 1091 modus
2329 1035 2400 1089 sit
2441 1042 2544 1087 tuae
2582 1032 2873 1085 curationis
2900 1072 2915 1097 ,
2941 1027 3269 1097 intelligam?
3291 1025 3318 1065 ι)
3349 1026 3428 1079 'I‘u
3460 1040 3589 1080 vero

2002 1129 2281 1191 arbitratu,
2307 1126 2544 1194 inquam,
2580 1130 2669 1176 tuo
2706 1132 2728 1160 ε
2758 1137 2875 1190 qua:
2902 1120 3070 1183 voles,
3113 1124 3172 1171 ut
3201 1130 3580 1184 responsurum

2001 1229 2208 1290 rogato.
2238 1215 2264 1254 ά
2295 1216 2431 1272 Tum
2462 1215 2570 1281 illa,
2600 1214 2708 1284 83
2741 1215 2761 1244 '
2785 1213 3073 1276 llunccine,
3110 1209 3299 1277 inquit,
3323 1210 3581 1264 mundum

2005 1308 2307 1366 temerariis
2335 1307 2419 1376 agi
2460 1305 2800 1374 fortuitisque
2828 1301 3041 1358 casibus
3091 1307 3265 1369 putas,
3293 1314 3361 1353 an
3415 1299 3584 1354 ullum

1670 1441 2243 1504 INTERPRETATIO.

329 1593 420 1632 sua
448 1577 563 1630 haec
588 1576 721 1628 dona
762 1584 1008 1627 autumno
1051 1573 1217 1643 potius
1247 1584 1404 1643 quam
1438 1580 1605 1643 verno
1636 1571 1898 1643 tempore.

332 1629 467 1698 Deus
493 1629 645 1698 notat
691 1654 943 1697 momenta
981 1629 1180 1704 omnia,
1228 1629 1320 1714 sua
1362 1637 1576 1707 singulis
1615 1629 1905 1714 muneiibus

330 1715 744 1774 accommodans,
788 1729 946 1780 neque
991 1714 1108 1764 sinit
1152 1711 1412 1769 ordinem,
1453 1721 1599 1780 quem
1627 1708 1732 1771 ipse
1758 1708 1902 1780 insti-

331 1786 443 1849 tuil,
469 1785 682 1837 turbari.
710 1775 982 1852 Propterea
1020 1780 1267 1852 quidquid
1302 1775 1675 1852 inconsiderqu
1708 1778 1904 1852 ratione

332 1837 513 1921 (inquit
553 1854 780 1907 ordinent
811 1837 1184 1919 pratscriptum',
1219 1851 1267 1902 id
1294 1865 1394 1901 non
1428 1846 1617 1898 obtinet
1640 1837 1902 1911 jucundos
1931 1886 1977 1943 Β

333 1934 554 1977 eventus.

2086 1562 2110 1589 ἰ
2145 1548 2461 1615 Quibusdam
2489 1562 2623 1615 quies
2669 1547 2885 1599 maculis.

2085 1621 2109 1659 δ
2148 1621 2319 1689 lnqnit
2343 1618 2701 1689 Philosophia.

2086 1702 2105 1729 ε
2144 1684 2321 1755 Quiere
2352 1691 2486 1755 quod
2512 1688 2779 1755 placuerit,
2807 1684 2969 1753 inquit
2998 1686 3232 1755 Iloctius,
3263 1690 3349 1743 tibi
3379 1704 3579 1759 respon-

2010 1763 2155 1814 debo.

2080 1830 2104 1867 δ
2129 1830 2267 1883 Tunc
2304 1825 2634 1895 Philosophia
2658 1824 2747 1875 ait.

1842 2011 2072 2071 EOT/E.

337 2153 443 2205 tur,
467 2144 646 2212 potius
665 2156 825 2213 quam
847 2156 1012 2196 verno
1035 2150 1305 2213 tempore_:
1333 2136 1471 2213 quod
1500 2134 1646 2213 enim
1665 2127 1905 2209 Bacchus

336 2207 582 2268 inventor
609 2207 713 2266 viiii
743 2212 1017 2277 habeatur,
1048 2207 1240 2282 munus
1266 2207 1455 2261 Bacchi
1487 2214 1570 2258 est
1600 2207 1804 2282 vinum,
1828 2207 1904 2279 vi.

339 2299 463 2335 num
493 2292 669 2337 autem
701 2297 804 2335 non
839 2296 986 2345 vere,
1019 2281 1113 2334 58d
1146 2292 1405 2351 autumno
1433 2281 1758 2351 ςοιιιρτθξῖις
1787 2282 1903 2351 ιινιξ

336 2353 557 2406 efﬂuere
597 2351 911 2406 consuevit:
946 2343 1112 2418 usque
1137 2350 1272 2421 adeo
1315 2360 1524 2421 messe,
1566 2343 1821 2421 llorihus,
1850 2347 1904 2392 et

337 2423 601 2475 vindemia
626 2430 853 2484 constat,
882 2435 975 2474 sua
1000 2420 1222 2489 singulis
1251 2417 1411 2471 rebus
1441 2417 1751 2483 praescripta
1781 2422 1902 2465 esse

336 2492 592 2544 divinitus
619 2501 876 2559 tempora.

414 2560 495 2614 16.
541 2548 985 2627 Signat-tempora
1025 2558 1243 2627 prapriis
1283 2564 1464 2623 aptans
1504 2553 1677 2622 o/ﬁciis
1721 2548 1901 2620 Deus]

339 2629 481 2682 Deus
508 2631 650 2682 enim
672 2637 753 2682 est
776 2629 939 2694 prima
967 2643 1125 2682 causa
1157 2642 1261 2679 non
1285 2628 1457 2678 solum
1485 2638 1659 2676 rerum
1683 2633 1906 2694 cauera-

338 2714 481 2759 rum,
528 2699 622 2751 sed
665 2691 942 2752 modorum
987 2699 1146 2750 etiam
1178 2695 1415 2749 omnium
1455 2694 1645 2761 quibus
1684 2705 1770 2744 res
1798 2691 1904 2761 illa;

336 2778 485 2822 recte
522 2781 582 2821 se
609 2770 822 2831 habent,
852 2766 986 2819 adeo
1015 2774 1075 2820 ut
1102 2766 1231 2818 nihil
1266 2778 1451 2818 eorum
1474 2759 1773 2828 contingat,
1804 2759 1903 2812 nisi

336 2837 633 2890 secundum
664 2837 805 2904 leges
829 2836 1004 2889 divina
1039 2837 1591 2904 voluntatestatutas:
1628 2838 1901 2904 propterea

338 2905 677 2960 Ecclesiastte
714 2899 768 2959 iu
796 2920 810 2958 :
853 2905 1037 2958 Omnia
1075 2916 1271 2969 tempus
1305 2900 1486 2954 habent
1514 2910 1557 2952 et
1598 2900 1702 2952 suis
1727 2899 1903 2968 spatiis

338 2984 599 3029 transeunt
640 2977 872 3029 universo
900 2977 991 3027 sub
1019 2978 1161 3027 cwlo.
1196 2972 1409 3042 Tempus
1440 2971 1674 3022 nascendi
1702 2978 1903 3042 autem:

337 3062 433 3113 pus
468 3046 736 3099 moriendi.
779 3044 995 3112 Tempus
1039 3036 1625 3113 plantandi'etrtempus
1660 3036 1904 3113 evellendi

335 3108 473 3178 quod
505 3115 789 3181 plantatum
814 3108 910 3177 est,
931 3108 1193 3166 etc.'lliuc
1215 3126 1340 3178 quas
1371 3112 1498 3162 vices
1524 3108 1662 3181 Deus
1688 3108 1905 3159 coercuit

338 3200 432 3236 sua
487 3178 735 3237 nimirum
793 3184 1218 3235 constantis-sima
1275 3181 1584 3241 voluntate,
1644 3178 1737 3229 has
1799 3192 1903 3228 non

335 3252 777 3371 patiturilnisceri
814 3253 928 3305 sive
965 3252 1165 3305 turbari
1197 3268 1209 3301 :
1253 3250 1343 3304 Sic
1374 3249 1627 3302 l’hmdrus
1659 3246 1695 3299 l.
1723 3260 1762 3312 ι,
1795 3245 1902 3299 l'ab.

373 3360 391 3371 .
442 3336 564 3371 011111
596 3338 694 3371 ur:

373 3360 391 3388 ,
424 3322 656 3389 loquitur
681 3339 694 3373 :

459 3411 666 3460 Athenas
687 3422 794 3458 cum
816 3409 1053 3459 ﬂorerent
1070 3411 1225 3471 aequis
1244 3407 1457 3470 legibus,

457 3471 644 3521 Procax
672 3473 875 3521 libertas
891 3474 1142 3520 civitatem
1166 3474 1358 3519 miscuit

410 3552 543 3607 Hinc
584 3553 889 3622 philoSOphi
917 3568 1102 3608 eruere
1125 3560 1412 3621 potuerunt
1438 3548 1678 3622 quaedam
1709 3546 1909 3616 princi-

334 3622 419 3691 pia
442 3618 632 3691 quibus
656 3624 947 3676 innitantnr
968 3618 1457 3676 demonstrationes
1486 3632 1619 3689 quas
1649 3618 1714 3673 de
1740 3625 1909 3672 mate-

338 3693 417 3745 ria
448 3692 796 3761 philosophia:
825 3691 1063 3760 subjecta
1094 3691 1400 3761 conﬁciant.

404 3756 495 3815 ξι).
528 3761 615 3814 Sic
648 3756 782 3829 quod
821 3756 1070 3831 μνωὶὶρὶιὶ
1098 3763 1178 3814 via
1203 3805 1217 3829 ,
1247 3759 1374 3831 etc.]
1418 3756 1777 3831 Praecipitatio
1804 3756 1905 3831 alia

332 3840 419 3885 est
442 3826 717 3900 corporis,
744 3826 843 3883 alia
873 3832 1087 3884 mentis.
1123 3826 1483 3900 Priecipiiatio
1511 3828 1790 3900 corporis,
1822 3826 1903 3879 in-

331 3902 448 3970 quit
488 3898 551 3955 S.
577 3899 809 3953 Thomas
830 3942 844 3967 ,
871 3900 985 3965 2-2,
1014 3915 1067 3967 q.
1099 3902 1198 3963 55,
1241 3915 1291 3953 a.
1330 3902 1383 3962 5,
1418 3899 1469 3970 in
1510 3898 1612 3951 hoc
1639 3906 1900 3970 versatur,

330 3968 471 4038 quod
498 3984 691 4038 corpus
720 3986 752 4021 a
780 3971 1028 4039 superiori
1054 3972 1106 4021 in
1133 3973 1232 4022 ima
1259 3969 1481 4038 pervenit
1507 3968 1782 4039 secundum
1805 3968 1903 4039 int-

331 4036 501 4107 petum
531 4036 796 4106 quemdam
825 4036 1021 4110 proprii
1047 4050 1215 4093 motus
1240 4036 1319 4093 uel
1347 4039 1565 4110 alicujus
1595 4036 1901 4110 impellentis

330 4124 431 4161 non
469 4110 702 4162 ordinate
744 4108 1089 4162 descendendo
1140 4126 1227 4178 per
1277 4112 1490 4178 gradus.
1544 4108 1899 4178 Praecipitatio

329 4191 459 4232 vero
491 4180 684 4232 mentis
708 4188 791 4232 est
816 4174 1365 4233 inconsideratum'de
1388 4179 1565 4244 ignoto
1590 4174 1846 4242 judicium
1878 4191 1892 4226 :

332 4248 557 4302 interior
596 4249 790 4315 quippe
824 4252 935 4300 veri
965 4252 1203 4315 certique
1228 4248 1414 4315 judicii
1447 4246 1647 4315 regula,
1677 4254 1758 4298 est
1783 4245 1894 4315 evi-

330 4319 506 4370 dentia
530 4336 541 4369 :
571 4314 703 4371 sine
725 4319 831 4387 81
860 4332 961 4383 qua
986 4319 1027 4370 si
1052 4314 1369 4370 sententiam
1394 4314 1545 4387 ferat,
1578 4325 1669 4367 aut
1691 4314 1893 4387 errabit

330 4396 419 4438 aut
443 4390 653 4439 errandi
697 4383 989 4454 pcri—culum
1021 4386 1219 4440 subibit
1243 4386 1623 4453 philosophus:
1653 4383 1894 4451 adeoque

328 4457 579 4523 τινωεὶρίιὶ
601 4458 681 4509 via
701 4466 889 4508 certum
920 4457 1150 4509 deserens
1179 4458 1405 4509 ord.nem
1432 4456 1572 4507 lwtos
1606 4470 1706 4507 non
1735 4454 1892 4504 habe-

328 4526 398 4575 bit
427 4527 611 4579 exitus.
648 4527 742 4579 llic
772 4541 931 4593 porro
967 4529 1140 4595 agitur
1168 4541 1273 4579 non
1302 4525 1369 4578 de
1399 4526 1561 4590 priori
1592 4526 1897 4595 sedposte-

328 4596 454 4646 riuri
485 4598 739 4648 duntaxat
765 4591 1181 4663 prmcipitntioue
1209 4613 1220 4646 :
1266 4595 1458 4662 quaerit
1487 4596 1628 4645 enim
1657 4591 1895 4663 pltilosof

2012 2118 2223 2175 aissent.
2248 2114 2294 2168 si
2315 2114 2440 2184 quid
2464 2114 2731 2179 videretur,
2757 2114 2965 2177 diceret;
2993 2116 3081 2180 qui
3102 2133 3204 2169 mos
3227 2132 3341 2171 cum
3370 2136 3400 2171 a
3420 2132 3580 2186 poste-

2012 2188 2235 2240 rioribus
2265 2201 2364 2237 non
2413 2195 2538 2236 esset
2589 2192 2832 2245 retentus,
2868 2186 3118 2240 Arcesilas
3145 2204 3256 2239 eum
3289 2194 3529 2245 rerocarit
3560 2205 3578 2242 :

2006 2256 2344 2318 instituitque,
2377 2264 2429 2326 ut
2450 2254 2486 2304 ii
2513 2254 2599 2321 qui
2619 2271 2671 2306 se
2690 2254 2867 2326 audire
2894 2257 3091 2316 vellent,
3135 2274 3235 2309 non
3263 2260 3325 2309 de
3361 2275 3412 2311 se
3437 2276 3582 2326 quar-

2005 2335 2191 2387 rerent,
2224 2327 2311 2376 sed
2335 2324 2430 2391 ipsi
2453 2325 2673 2395 dicerent
2694 2324 2819 2392 quid
2844 2326 3103 2387 sentirent,
3122 2328 3255 2395 quod
3277 2344 3386 2379 cum
3415 2324 3582 2382 dixis-

2005 2405 2134 2458 sent,
2163 2395 2249 2447 itle
2282 2404 2476 2445 contra.
2513 2393 2619 2446 Ilac
2646 2402 2760 2446 arte
2805 2409 2944 2448 nunc
2999 2393 3335 2463 Philosophia
3392 2409 3581 2451 statuat

2006 2467 2185 2517 mentis
2218 2464 2385 2517 Boetii
2415 2464 2617 2531 attingit
2647 2474 2692 2515 et
2715 2472 2895 2529 tentat,
2921 2465 3089 2530 ipsum
3135 2466 3383 2521 videlicet
3429 2484 3583 2522 revo-

2005 2536 2177 2588 camlo
2192 2534 2254 2585 ad
2276 2534 2489 2599 primas,
2521 2546 2651 2595 quas
2678 2534 2731 2586 in
2755 2549 2813 2585 sc
2841 2535 3066 2599 experiri
3088 2536 3272 2601 possit,
3299 2537 3573 2597 notiones;

2008 2618 2231 2672 quantm
2264 2602 2607 2672 benelicioget
2645 2603 2709 2655 ab
2750 2617 2935 2657 errore
2984 2606 3146 2658 veteri
3210 2607 3401 2660 iberari
3430 2616 3483 2661 et
3526 2610 3579 2662 in

2009 2670 2200 2725 novam
2233 2670 2797 2742 veritatetnrintroduci
2831 2681 2990 2739 queat
3018 2692 3030 2725 :
3063 2676 3147 2742 qui
3174 2677 3352 2729 modus
3396 2689 3469 2730 est
3492 2695 3583 2729 cu-

2006 2742 2219 2794 rationis
2252 2757 2270 2794 :
2312 2742 2405 2795 sed
2440 2741 2561 2793 huic
2596 2742 2696 2792 arti
2729 2742 2993 2794 Consentit
3026 2741 3139 2810 ipse
3170 2744 3380 2799 Boetius
3409 2765 3420 2797 :
3446 2747 3582 2801 arbi-

2008 2811 2387 2884 tratu,_inquit,
2423 2822 2507 2862 tuo
2528 2825 2639 2884 qua:
2666 2811 2816 2873 voles,
2845 2820 2898 2861 ut
2918 2827 3273 2884 responsurum
3301 2825 3499 2884 rogato.

2078 2878 2406 2954 {Hunccine
2455 2878 2701 2954 mundum
2752 2878 3073 2954 lautumiis]
3116 2881 3191 2954 ΔΙΙ.
3242 2878 3581 2954 ΡΙιίΙῖιεονΙιίει

2013 2951 2158 3018 cogit
2189 2950 2427 3023 lioetium
2476 2948 2661 3023 lateri,
2693 2964 2751 3002 se
2768 2950 2941 3023 _I_)eum
2997 2948 3183 3023 paitim
3210 2948 3579 3023 rCtlgI'ttlSC-ttl'c,

2014 3024 2127 3071 viso
2155 3020 2361 3089 saltem,
2396 3019 2838 3089 ordinequohic
2868 3019 3084 3072 mundus
3113 3022 3330 3089 regitur.
3366 3019 3583 3079 Scilicet

2012 3088 2460 3152 quemadmodum
2491 3085 2644 3139 amici
2691 3087 2822 3139 alias
2846 3089 3042 3151 cogniti
3096 3085 3459 3156 referdamur,
3488 3106 3583 3148 au-

2013 3158 2122 3211 dita
2154 3159 2269 3226 ejus
2298 3172 2453 3229 voce,
2477 3158 2556 3229 vel
2580 3158 2689 3209 visa
2718 3157 2834 3223 ejus
2855 3157 3159 3229 scriptura:
3188 3176 3289 3213 non
3317 3164 3453 3229 quod
3479 3180 3584 3219 vox

2015 3228 2103 3281 vel
2132 3229 2399 3299 scriptura
2442 3226 2608 3299 hujus
2642 3229 2794 3279 amici
2826 3226 3096 3281 notionem
3129 3226 3458 3295 inferna—scd
3493 3250 3523 3299 p
3560 3259 3583 3276 α

2019 3299 2119 3350 tius
2149 3296 2287 3365 quod
2317 3295 2565 3364 adjuncta
2595 3294 2709 3349 haec
2752 3307 2981 3350 veterem
3013 3300 3167 3351 amici
3214 3294 3384 3352 ideam
3422 3294 3585 3358 veluti

1938 3343 1985 3403 C
2017 3343 2243 3436 sopitam
2275 3343 2554 3436 excitando
2580 3375 2834 3421 renovent
2864 3383 2875 3417 ε
2909 3367 2978 3419 ita
3012 3368 3103 3421 Dei
3138 3343 3585 3426 ιιηιῦτ..ιί”ιηιῖιίἷιὲ

2012 3435 2122 3503 jaui
2151 3437 2343 3503 cogniti
2377 3435 2765 3489 reminiscimur
2811 3438 2933 3491 viso,
2960 3436 3056 3489 hoc
3086 3444 3273 3489 muttdo
3314 3444 3584 3505 spectatu-

2017 3522 2120 3577 que
2174 3505 2360 3558 ordine
2390 3520 2492 3577 quo
2515 3506 2766 3577 universa
2814 3505 2971 3577 etiam
3015 3521 3236 3577 corpora
3286 3519 3584 3577 reguntur:

2019 3574 2144 3629 hinc
2196 3576 2340 3627 nullo
2378 3575 2783 3638 existimaverim,
2820 3575 2988 3642 inquit
3022 3574 3255 3640 Boetius,
3303 3574 3474 3643 modo,
3528 3591 3585 3634 ut

2015 3646 2225 3715 fortuita
2254 3645 2528 3719 temeritate
2556 3654 2659 3719 lant
2684 3653 2915 3719 ‘certa_m
2951 3655 3162 3696 veantur
3185 3661 3201 3697 :
3227 3662 3397 3719 verum
3446 3654 3587 3719 operi

2012 3712 2107 3766 suo
2149 3715 2456 3766 conditorem
2508 3715 2777 3780 privsidere
2828 3712 2989 3765 Deum
3039 3721 3143 3767 scio
3185 3731 3203 3767 :
3263 3716 3385 3770 hinc
3442 3712 3583 3779 quod

2021 3784 2242 3836 evidens
2272 3783 2533 3851 ejusmodi
2565 3783 2711 3836 notio
2737 3783 2935 3849 Optima
2967 3783 3034 3836 sit
3056 3786 3293 3839 veritatis
3322 3789 3587 3853 sivejudi-

2008 3854 2073 3926 cii
2106 3855 2215 3907 veri
2242 3856 2485 3926 certique
2514 3867 2719 3926 norma,
2750 3862 3033 3926 propterei
3060 3869 3149 3907 nec
3171 3872 3391 3923 unquam
3423 3859 3582 3926 fuerit

2007 3924 2134 3983 dies.
2188 3924 2329 3975 addit
2363 3923 2596 3983 Boetius,
2632 3925 2716 3988 qui
2746 3938 2823 3974 me
2864 3921 2926 3974 ab
2962 3923 3057 3974 hac
3085 3921 3342 3977 sententia:
3378 3921 3588 3981 veritate

2006 3992 2233 4065 de'ellut
2259 4008 2278 4045 :
2312 3994 2435 4045 hinc
2460 4008 2558 4062 pazi
2584 4008 2615 4045 ο
2646 4004 2790 4058 ante,
2819 4008 2990 4045 tnczro
3018 3994 3132 4046 scil.
3164 3995 3218 4057 5,
3252 4011 3301 4047 v.
3327 3997 3419 4065 ‘25,
3444 4002 3583 4052 ceci-

2006 4062 2081 4114 nit
2110 4064 2322 4115 Boetius
2356 4080 2367 4114 :
2862 4090 2863 4093 η

2248 4162 2418 4208 t‘tnnia
2443 4171 2577 4208 certo
2604 4162 2697 4207 line
2715 4162 2994 4219 gubernans

2248 4223 2503 4270 Ilooduuni
2523 4237 2547 4268 s
2582 4222 2649 4267 los
2672 4223 2865 4280 reSpuis
2890 4230 3021 4269 acllts

2250 4283 2427 4331 Merito
2452 4291 2611 4330 rector
2629 4285 2858 4331 conitere
2884 4286 3025 4330 modo

2071 4385 2205 4438 Ilinc
2231 4385 2594 4451 Philosophia,
2624 4385 2825 4453 prolata
2859 4385 3091 4439 homin's
3114 4401 3244 4439 mira
3274 4388 3451 4442 subito
3481 4406 3574 4444 au-

1996 4455 2242 4521 cipieutis
2285 4458 2657 4525 interjectione,
2706 4456 3054 4508 vehementer
3107 4457 3439 4523 admiratur,
3482 4476 3581 4514 cur

2002 4526 2186 4593 positis
2233 4525 2494 4592 ejusmodi
2546 4526 2817 4591 principiis
2853 4526 3063 4577 Boetius
3107 4528 3154 4578 in
3199 4530 3403 4580 erroris
3432 4539 3582 4583 tene-

2003 4597 2124 4648 bras
2156 4595 2467 4662 prtecipitet,
2502 4608 2592 4646 aut
2633 4598 2799 4647 instar
2821 4595 3125 4657 languentis
3165 4596 3213 4646 in
3245 4610 3423 4649 veram
3457 4612 3583 4651 seu-

328 4665 449 4727 phia
479 4666 711 4717 remedia
743 4656 939 4732 quibus
970 4666 1082 4720 ilch
1112 4656 1311 4719 mederi
1340 4664 1506 4727 possit
1534 4656 1698 4715 menii
1726 4661 1892 4714 Boetii
1925 4656 1975 4715 D
2003 4656 2218 4717 tentia-ui
2249 4656 2333 4717 ire
2364 4656 2577 4732 dubitet.
2617 4664 2684 4716 de
2735 4664 2843 4715 Di-o
2884 4656 3063 4724 rebus,
3112 4665 3269 4716 etiam
3308 4664 3578 4732 humanis,

330 4732 588 4785 laboranti
614 4749 629 4785 :
664 4736 865 4787 laborat
902 4746 1077 4788 autem
1109 4750 1311 4797 errore,
1340 4737 1426 4801 qui
1459 4736 1635 4785 sanari
1664 4747 1768 4784 non
1799 4744 1893 4797 pi-

329 4812 451 4863 test,
483 4805 582 4855 nisi
612 4805 831 4856 veritate
855 4807 1140 4858 contraria.
1176 4804 1305 4858 Cum
1335 4808 1493 4872 igitur
1536 4801 1762 4870 primum
1793 4816 1894 4872 ve,

329 4873 500 4924 ritatis
544 4874 871 4926 inveniendus
922 4870 1396 4940 impedimentum]
1443 4872 1681 4939 adeoque
1726 4870 1896 4936 prima

328 4943 528 5011 erroris
546 4955 707 4994 causa
737 4943 806 4995 sit
831 4944 1194 5008 praecipitatio,
1215 4945 1415 5011 optime
1447 4952 1624 4994 monet
1656 4940 1899 5011 Philoso-

332 5010 451 5077 phia
486 5026 589 5065 non
626 5025 745 5066 esse
790 5008 1263 5079 praicipitaudunt,
1279 5014 1372 5066 sed
1398 5028 1427 5065 a
1475 5010 1761 5065 levioribus
1800 5008 1901 5076 pri-

332 5094 474 5134 tuum
504 5081 751 5134 remediis
784 5082 1159 5149 incipiendum.

384 5151 419 5180 "
456 5148 859 5221 Rogatiombus.]
883 5155 920 5204 Ι.
948 5151 1284 5217 l’thSOphia
1309 5151 1598 5221 interrogat
1621 5149 1893 5203 Boetium:

332 5221 452 5285 quia
487 5221 645 5273 homo
691 5220 1026 5289 interrogans
1056 5224 1073 5285 (
1101 5221 1200 5273 nisi
1250 5222 1333 5274 hic
1373 5220 1797 5289 fueritipratceps
1843 5228 1899 5273 et

329 5290 746 5351 amentissimus,
771 5288 1215 5358 quemadmodum
1264 5290 1496 5357 loquitur
1524 5288 1749 5357 Cicero)
1783 5290 1899 5343 ani-

331 5374 419 5411 mo
449 5362 674 5412 attendit
698 5361 761 5411 ad
808 5376 947 5421 eam,
977 5374 1135 5427 quam
1160 5359 1319 5413 habet
1349 5362 1417 5411 de
1444 5359 1662 5411 materia
1702 5373 1899 5426 pI'OpO-

328 5429 453 5490 sita,
485 5429 776 5490 nouonem,
821 5444 1099 5498 suamque,
1129 5444 1281 5494 cu;us
1339 5429 1453 5497 ipse
1500 5433 1745 5481 conscius
1790 5438 1892 5494 est,

330 5499 363 5550 h
401 5514 429 5549 c
458 5498 528 5551 de
574 5514 634 5551 re
680 5502 992 5553 sententiam
1042 5500 1271 5566 profert:
1299 5500 1440 5552 unde
1479 5499 1690 5551 auditor
1719 5508 1895 5564 potest

328 5568 571 5639 qitmdain
592 5568 691 5619 alia
714 5572 997 5639 conﬁcere.
1029 5572 1114 5622 Sic
1142 5570 1397 5631 Socrates,
1422 5570 1510 5639 qui
1525 5584 1703 5639 parens
1725 5569 1891 5639 philo-

327 5638 524 5704 sophice
546 5640 667 5706 ji-re
689 5637 789 5689 dici
811 5647 992 5705 potest,
1014 5648 1072 5691 ut
1095 5640 1144 5693 lo
1167 5641 1324 5704 initur
1350 5637 1553 5692 Tullius
1595 5653 1627 5691 ιι
1654 5638 1721 5691 de
1752 5638 1892 5697 Fiu..

330 5709 680 5775 percontando
715 5717 863 5775 atque
898 5710 1258 5776 interrogando
1297 5711 1475 5762 elicere
1504 5710 1692 5761 solebat
1724 5724 1895 5761 eorum

331 5778 593 5846 opiniones
614 5777 909 5846 quibuscum
935 5779 1227 5840 disserebat,
1248 5788 1301 5831 ut
1323 5781 1388 5832 ad
1416 5796 1472 5832 ea
1496 5794 1610 5847 qua:
1637 5779 1670 5831 ii
1691 5793 1899 5846 respou-

782 5875 1051 5934 PATROL.
1084 5872 1305 5931 LXIII.

2002 4734 2317 4801 providente
2347 4749 2361 4784 :
2398 4730 2576 4800 Papus,
2614 4737 2725 4785 inec
2755 4743 2836 4785 est
2874 4735 3155 4800 interjectio
3184 4734 3417 4788 hominis
3447 4730 3580 4791 mira

2002 4804 2179 4855 subito
2207 4803 2537 4869 aecipientis,
2561 4804 2874 4855 vehementer
2894 4802 3142 4866 admiror,
3175 4819 3265 4854 cur
3294 4806 3344 4857 in
3370 4816 3473 4858 tam
3498 4824 3584 4860 sa-

2006 4872 2136 4923 lubri
2158 4875 2402 4924 sententia
2448 4872 2660 4936 locatus,
2686 4873 2753 4925 de
2806 4874 2915 4926 Deo
2956 4887 3039 4925 res
3063 4886 3288 4944 caeteras
3337 4889 3579 4944 regente,

2006 4949 2251 5011 «grates.
2283 4952 2375 4994 aut
2409 4944 2679 5009 negando,
2719 4952 2811 4995 aut
2856 4944 3043 4996 saltent
3102 4943 3579 5002 (ιιιιιιιηιιάιιρίιρει

2010 5010 2180 5075 ipsum
2236 5012 2399 5063 Deum
2428 5027 2513 5064 res
2546 5013 2801 5064 lnunanas
2842 5029 3049 5066 Summa
3100 5028 3193 5065 Sll‘t
3246 5017 3580 5081 providentia

2011 5081 2491 5134 administrantem.
2519 5082 2771 5134 Nimirum
2814 5097 2933 5136 cum
2966 5085 3084 5135 dure
3114 5095 3201 5134 aut
3232 5087 3405 5149 plures
3453 5104 3576 5141 scn-

2002 5152 2337 5205 teutitearcta
2362 5151 2586 5219 quadam
2614 5153 3003 5207 necessitudine
3030 5152 3149 5221 eoaj
3166 5167 3434 5222 unguntur
3454 5173 3577 5212 eum

2003 5222 2420 5295 prioriquadatn
2448 5223 2739 5295 sententia,
2772 5238 2891 5288 qua:
2917 5233 3196 5289 promerea
3230 5225 3429 5279 habere
3460 5243 3581 5295 pos-

2000 5291 2069 5343 sit
2091 5293 2261 5343 ration
2286 5307 2349 5343 -m
2383 5291 2645 5358 principii,
2671 5293 2861 5344 mirum
2875 5302 2976 5357 est,
3004 5295 3273 5346 hominem
3304 5291 3581 5362 praestanti

2001 5362 2211 5428 ingenio
2234 5364 2533 5426 pr.editum,
2564 5362 2860 5426 cujusmodi
2894 5374 3007 5416 erat
3056 5364 3093 5415 Β
3131 5365 3287 5425 etius,
3322 5380 3576 5418 concessa

2000 5431 2163 5498 priori
2219 5431 2302 5482 illa
2359 5429 2640 5491 sententia,
2689 5433 3011 5497 posteriores
3050 5436 3100 5487 in
3149 5434 3367 5487 dubium
3427 5450 3581 5489 revo-

1998 5516 2139 5552 Clll‘c.

2074 5569 2175 5633 Qui
2206 5568 2338 5619 enim
2364 5569 2611 5631 convenit,
2637 5570 2805 5637 inquit
2826 5572 3031 5626 Tullius
3074 5588 3109 5625 ιι
3142 5572 3207 5625 de
3257 5572 3376 5625 Nat.
3400 5572 3577 5636 deor.,

1999 5640 2299 5707 signuntaut
2321 5638 2545 5690 tabulam
2565 5643 2750 5705 pictam
2772 5658 2882 5694 cunt
2902 5644 3181 5707 aspexeris,
3216 5643 3343 5695 scire
3371 5641 3579 5697 adhibi-

2003 5721 2104 5760 tam
2126 5718 2441 5782 e_sse_artem,
2465 5724 2687 5782 cumque
2713 5715 2888 5779 procul
2913 5729 3115 5764 cursum
3146 5712 3336 5782 navigii
3368 5713 3575 5773 videris.

2006 5796 2104 5831 non
2136 5777 2364 5832 dubittre
2390 5780 2509 5848 quin
2535 5780 2586 5831 id
2617 5777 2811 5834 ratione
2838 5791 2984 5851 atque
3010 5792 3119 5836 arte
3156 5777 3421 5836 morentur
3443 5801 3460 5836 :
3491 5802 3577 5839 au:

3162 5878 3236 5936 2i
