4292 6262
688 378 781 433 (iiii
1897 365 2002 421 AN.
2046 366 2251 423 MANL.
2289 367 2441 424 SEV.
2484 367 2704 421 BOETll

3816 366 3920 421 659.

674 482 848 532 credis
873 482 919 530 ei
952 479 1183 545 regimen
1214 477 1388 530 inesse
1412 485 1441 512 τι
1472 476 1726 529 rationis?
1754 476 1934 544 Atqui,
1966 475 2233 545 inquamb,
2266 485 2319 545 Α
2346 476 2591 544 inquisita
2634 475 2957 544 respondere
2983 490 3194 544 queam.
3249 473 3382 530 Num
3412 474 3715 543 mia—inquit
3737 474 3786 540 δ,
3837 475 3917 545 (5)

674 570 820 623 nullo
846 566 1259 623 existimaverim
1290 567 1468 632 modo,
1496 576 1549 620 ut
1571 567 1783 621 fortuita
1812 569 2113 621 temeritate
2133 577 2237 623 tam

672 667 814 713 certa
844 667 1175 713 moveantur.
1210 656 1404 711 Verum
1434 657 1580 726 operi
1617 672 1715 711 suo
1749 659 2075 713 conditorem
2104 674 2240 728 prie-

672 752 846 804 sidere
870 751 1034 803 Deum
1060 749 1189 814 scio,
1219 764 1316 804 nec
1342 765 1570 819 unquam
1602 748 1852 821 fuerit(5)
1873 749 2007 815 dies,
2033 751 2123 819 qui
2154 765 2240 805 me

672 843 740 896 ab
769 844 867 897 hac
891 843 1167 896 sentcntize
1198 844 1418 896 veritate
1447 842 1697 911 depellat.
1724 842 1800 895 Ita
1845 852 1946 905 est,
1988 842 2159 912 inquit
2184 852 2233 910 ο,

644 1006 647 1008 _
674 945 795 985 nam
819 930 869 985 id
891 932 1049 985 etiam
1082 931 1235 998 paulo
1257 940 1379 985 ante
1403 932 1637 985 cecinisti
1658 932 1709 997 ά,
1742 932 2093 1000 hominesque
2116 942 2265 986 tan-v

674 1031 785 1075 tum
816 1022 1006 1075 divina:
1035 1032 1275 1076 exsortes
1303 1038 1443 1075 curse
1490 1037 1608 1075 esse
1648 1022 1954 1088 deplorasti.
1988 1022 2117 1077 Nam
2169 1022 2239 1078 de

672 1110 903 1172 cieteris,
939 1110 1067 1180 quin
1107 1111 1314 1165 ratione
1363 1120 1689 1179 tegerentur,
1744 1111 1872 1164 nihil
1930 1110 2234 1166 movebare.

677 1199 831 1269 Papie
877 1212 1053 1256 autem
1108 1202 1455 1257 vehementer
1502 1203 1758 1268 admiror,
1807 1218 1927 1270 cur,
1980 1204 2031 1256 in
2074 1213 2178 1257 tam
2212 1213 2236 1241 θ

670 1292 868 1345 salubri
898 1293 1159 1347 sententia
1189 1294 1387 1347 Iocatus
1403 1304 1649 1361 aegrotes.
1678 1292 1788 1363 84
1812 1293 2002 1348 Verum
2031 1291 2051 1331 ί
2081 1294 2239 1347 altius

674 1385 1153 1451 perscrutemur;‘
1189 1384 1367 1437 nescio
1412 1384 1533 1452 quid
1582 1384 1768 1438 abesse
1816 1384 2080 1453 conjecto.
2134 1386 2237 1440 Sed

672 1473 759 1525 dic
786 1472 935 1533 mihi,
967 1470 1216 1538 quoniam
1249 1472 1417 1529 a.Deo
1440 1472 1691 1525 mundum
1725 1473 1832 1541 regi
1864 1489 1967 1526 non
1993 1474 2235 1541 ambigis,

671 1562 861 1628 quibus
890 1562 1046 1615 etiam
1078 1562 1446 1628 gubernaculis
1492 1571 1722 1631 regatur,
1753 1564 1986 1619 advertis
2007 1565 2030 1617 'l
2054 1574 2080 1613 s
2109 1565 2233 1628 Vix,

672 1653 906 1722 inquam,
930 1652 1217 1721 rogationis
1240 1661 1341 1707 tua:
1365 1653 1678 1708 sententiam
1721 1668 1902 1722 nosco,
1922 1669 1986 1709 ne
2009 1653 2134 1708 dum
2165 1655 2230 1708 ad

2348 565 2538 621 fefellit
2588 565 2603 602 ί
2662 568 2850 621 abesse
2879 564 3108 635 aliquid,
3163 578 3257 633 per
3302 563 3446 633 quod
3497 561 3690 616 veluti
3732 564 3912 619 hiante

2350 656 2471 710 valli
2496 656 2711 723 robore,
2738 657 2790 709 in
2821 656 3059 710 animum
3103 665 3249 708 tuum
3286 654 3744 723 perturbationum
3776 668 3917 707 mor-

2349 746 2449 801 bus
2472 745 2497 782 ι
2528 747 2825 816 irrepserit?
2873 747 2975 801 Sed
3008 746 3094 800 die
3121 747 3273 811 mihi,
3302 746 3659 799 meministine
3690 746 3812 814 quis
3846 747 3918 800 sit

2349 855 2525 895 rerum
2572 840 2726 894 linis?
2773 854 2947 908 quove
2999 840 3159 893 totius
3190 848 3392 891 natura:
3429 837 3612 891 tendat
3659 836 3916 893 intentio?

2348 932 2653 995 Audieram,
2676 930 2889 999 inquam
2924 927 2968 992 ι,
3010 928 3102 982 sed
3134 926 3445 982 memoriam
3476 940 3678 980 niteror
3704 926 3919 980 hebeta-

2344 1032 2438 1085 vit.
2470 1035 2539 1086 At
2558 1041 2597 1068 ω
2619 1034 2707 1101 qui
2738 1033 2865 1097 scis,
2898 1030 3040 1085 unde
3067 1039 3255 1086 cuncta
3281 1028 3642 1097 processerint
3664 1036 3693 1063 ιι
3716 1029 3740 1082 ?
3760 1027 3915 1089 Novi.

2344 1135 2555 1202 inquam
2588 1143 2635 1199 ο,
2665 1135 2937 1203 Deumque
2980 1133 3095 1203 (10)
3118 1148 3241 1188 esse
3284 1132 3555 1200 respondi.
3588 1132 3653 1185 Et
3679 1131 3770 1199 qui
3799 1130 3915 1186 ﬁeri

2346 1242 2540 1301 potest,
2585 1242 2645 1287 ut
2689 1233 2948 1303 principio
2994 1234 3227 1303 cognito,
3258 1234 3380 1303 quis
3428 1233 3495 1285 sit
3540 1246 3718 1286 rerum
3761 1230 3906 1296 linis,

2344 1334 2555 1403 ignores
2580 1334 2640 1387 P?
2665 1332 2858 1388 Verum
2881 1333 2933 1387 hi
2958 1334 3413 1402 perturbationum
3440 1347 3617 1387 mores
3632 1326 3774 1396 suni,
3800 1344 3863 1385 ea
3884 1340 3916 1379 ιι

2339 1433 2568 1489 valentia
2596 1442 2698 1499 est,
2730 1440 2789 1487 ut
2815 1447 3034 1488 movere
3081 1434 3303 1502 quidem
3336 1431 3456 1486 loco
3503 1430 3772 1486 hominem
3795 1445 3918 1498 pos-

2339 1535 2447 1590 sint
2470 1553 2482 1589 :
2513 1534 2820 1591 convellere
2849 1544 3052 1601 autem,
3075 1536 3283 1607 sibique
3304 1544 3471 1590 totum
3492 1535 3788 1605 exstirpare
3810 1550 3914 1590 non

2340 1636 2561 1706 possint.
2591 1637 2700 1709 85
2719 1638 2827 1695 Sed
2857 1638 2957 1693 hoc
2991 1652 3204 1710 quoque
3226 1637 3554 1707 respondeas
3581 1638 3762 1702 velim,
3785 1639 3805 1669 ⁸
3824 1637 3917 1692 ho.

2021 1788 2083 1841 IN
2100 1789 2117 1837 1
2137 1788 2589 1844 ERPRETATIO.

743 1907 768 1967 ἒ
800 1897 981 1951 Mentis
1005 1900 1201 1952 ratione
1225 1899 1467 1967 promitte.

742 1966 767 2003 δ
797 1967 909 2030 Ipso
938 1969 1169 2021 Boetius.

745 2047 767 2072 ε
801 2038 1155 2103 Philosophia.

746 2104 771 2140 ι¹
808 2104 918 2157 Lib.
947 2123 981 2168 I,
1007 2116 1122 2158 met.
1153 2108 1206 2166 5.
1240 2122 1284 2159 ι’.
1315 2106 1406 2158 25.

748 2184 770 2211 ε
797 2177 938 2240 ξαντα
957 2177 1189 2240 opinione
1212 2189 1451 2229 versatus.

748 2242 767 2281 ί
806 2234 1011 2314 Penitus
1037 2247 1381 2314 inspiciamus.

742 2325 765 2359 ις
794 2313 1012 2366 Tantum
1036 2322 1113 2367 ab.
1130 2326 1174 2367 st
1203 2327 1253 2366 ut
1286 2325 1383 2368 lttlL’
1403 2315 1669 2380 qurrst’oni
1700 2315 2001 2378 respondere
2024 2318 2231 2383 possint,

674 2397 726 2435 ut
748 2386 1067 2448 qmrstionmi
1098 2388 1179 2436 ri!
1209 2385 1509 2453 intelligam,
1530 2386 1693 2452 inquit
1730 2386 1958 2438 Boetius.

742 2453 769 2490 ι·
802 2455 949 2506 Phi.o
979 2456 1155 2519 Ophii.

2416 1899 2433 1936 ³
2472 1902 2655 1954 Nonne
2678 1913 2811 1956 recte
2824 1904 3077 1972 judicavi.

2421 1972 2433 2018 i
2478 1972 2648 2023 “illius
2671 1987 2867 2041 agente.

2420 2041 2442 2076 *
2482 2043 2658 2094 It'rror.

2423 2109 2435 2145 ¹
2471 2114 2578 2174 Fgo
2614 2114 2843 2164 Ilueiitts.

2415 2190 2452 2215 ’τι
2487 2182 2752 2245 Quomodo

2417 2260 2440 2284 "
2476 2252 2643 2318 Ittquil
2679 2252 3036 2321 Philosophia.

2416 2328 2440 2354 °
2477 2323 2586 2386 ligo
2611 2322 2844 2374 lloetitts.

2427 2400 2452 2437 ιι
2484 2391 2657 2461 inquit
2686 2392 3039 2461 Philosophia.

2419 2470 2446 2509 τι
2484 2458 2676 2515 Virtus.

2180 2596 2408 2651 NOTAE.

669 2726 783 2762 cuin
811 2709 1055 2761 solarium
1083 2707 1156 2759 vel
1173 2708 1597 2771 descriptum,ant
1628 2721 1690 2758 ea:
1712 2722 1843 2773 aqua
1873 2706 2232 2776 contemplere,

669 2781 945 2848 intelligvt‘e
974 2778 1234 2848 declarari
1269 2776 1454 2841 horas,
1488 2788 1595 2829 arte
1622 2792 1721 2828 nats
1766 2791 1886 2827 casu
1917 2790 1935 2827 :
1984 2779 2233 2848 nitendum

668 2846 855 2906 autem.
883 2850 1037 2916 quiet
1084 2849 1177 2899 has
1219 2847 1356 2911 ipsas
1379 2858 1533 2916 artes,
1589 2856 1636 2898 et
1682 2860 1859 2916 earum
1911 2846 2153 2913 artiﬁces,
2186 2854 2232 2897 et

669 2930 847 2971 cuncta
872 2914 1251 2983 complectatur.
1289 2914 1486 2968 consilii
1514 2922 1559 2968 et
1589 2915 1802 2984 rationis
1845 2930 1950 2968 esse
1979 2926 2233 2984 expertem

668 2999 865 3058 putare.
899 2986 1048 3058 Quod
1064 2988 1107 3058 si
1134 2988 1185 3037 in
1209 2984 1490 3055 Scythiam,
1518 2999 1605 3038 aut
1633 2985 1686 3036 in
1716 2983 2233 3058 Britanniam'sphaz-

668 3054 777 3110 ram
797 3057 979 3126 aliquis
1009 3056 1176 3107 tulerit
1219 3054 1369 3115 hanc,
1397 3071 1549 3126 quam
1580 3070 1741 3122 nuper
1770 3054 2037 3126 familiaris
2066 3063 2235 3126 noster

2342 2708 2567 2760 meminit
2598 2708 2709 2777 quis
2736 2707 2798 2759 sit
2823 2722 2993 2761 rerum
3014 2707 3152 2775 finis,
3175 2723 3333 2777 quove
3353 2709 3509 2763 totius
3528 2717 3727 2763 natura!
3748 2710 3918 2765 tendat

2342 2780 2576 2845 intentio,
2611 2779 3032 2843 perturbatione,
3066 2782 3366 2843 praesertim
3400 2794 3525 2831 vero
3574 2796 3785 2833 mazrore
3811 2797 3918 2833 me-

2342 2849 2557 2917 moriam
2587 2847 2866 2917 hebetonte.
2898 2846 3185 2908 Propterea
3235 2849 3401 2900 nescio
3427 2849 3553 2917 quid
3580 2850 3740 2914 abest,
3773 2851 3917 2904 clara

2342 2916 2550 2969 sci'icet
2572 2927 2625 2969 et
2651 2916 2895 2969 distincta
2916 2917 3145 2985 cognitio
3178 2917 3289 2977 Dei,
3320 2916 3582 2985 quatenus
3615 2922 3751 2972 tiens
3790 2922 3915 2973 ulti-

2343 3001 2461 3038 mus
2490 2994 2656 3038 estut
2702 2994 3013 3039 ceterarum
3058 2986 3135 3039 sic
3171 2986 3523 3039 humanarum
3555 3003 3730 3042 rerum
3773 2990 3913 3050 linis,

2344 3056 2492 3122 cujus
2519 3055 2732 3123 quidem
2764 3056 2883 3108 linis
2911 3056 3198 3108 maximum
3222 3066 3302 3108 est
3324 3057 3376 3109 in
3409 3058 3646 3110 moribus
3675 3074 3917 3112 momen-

667 3128 831 3206 r/I‘ecit
882 3124 1209 3206 Posidonius,
1241 3126 1388 3193 cujus
1419 3125 1655 3205 usingqu
1707 3124 2054 3206 conuersiones
2096 3125 2234 3206 idem
2269 3146 2314 3206 ρ
2348 3136 2471 3206 toto
2495 3142 2508 3177 :
2533 3127 2671 3206 quod
2697 3125 2950 3206 quidquid
2976 3134 3057 3206 est
3079 3126 3290 3205 virtutis
3339 3137 3429 3179 aut
3465 3127 3683 3206 .Vitii‘iu
3738 3129 3915 3206 nobis,

667 3198 882 3267 i-ﬁiciunt
910 3197 961 3248 in
982 3198 1087 3248 sole
1115 3205 1159 3247 et
1182 3196 1381 3267 lunaet
1414 3195 1708 3267 inquinque
1734 3195 1894 3245 stellis
1916 3193 2223 3267 errantibus.

669 3263 801 3319 quod
822 3268 1032 3335 e/[icitur
1056 3267 1108 3316 in
1132 3264 1255 3335 creti
1286 3264 1503 3335 singulis
1542 3264 1717 3335 diebus
1739 3272 1783 3315 et
1820 3263 2047 3335 noctibus
2078 3280 2097 3315 :
2124 3264 2237 3331 quis

668 3354 719 3389 tn
752 3333 987 3387 illaborb
1010 3337 1098 3386 .rie
1127 3334 1318 3384 dubitet
1341 3334 1459 3400 quin
1492 3349 1549 3384 ea
1571 3334 1769 3401 sphazra
1799 3336 1861 3384 sit
1900 3333 2117 3401 perfecta
2145 3348 2237 3385 ra-

670 3406 833 3457 tione?
859 3404 932 3456 Hi
961 3413 1128 3456 autem
1156 3403 1386 3453 dubitant
1414 3404 1477 3453 de
1507 3403 1716 3463 mundo,
1754 3417 1816 3454 ex
1855 3416 1952 3469 quo
1983 3404 2235 3461 orinnlttr,

670 3485 714 3525 et
745 3474 871 3540 ﬁunt
904 3476 1092 3532 oinnia,
1134 3487 1316 3523 casune
1337 3471 1442 3539 ipse
1486 3471 1549 3521 sit
1586 3472 1788 3532 e/fertus
1836 3489 1902 3522 an
1950 3472 2242 3524 neci’ssitate

668 3545 863 3609 aliqua,
896 3560 958 3592 an
990 3542 1204 3602 ratione,
1253 3557 1317 3591 an
1366 3550 1529 3591 mente
1558 3541 1725 3590 diuina
1756 3556 1775 3592 :
1802 3550 1848 3591 et
1894 3540 2241 3592 Archimedem

668 3614 975 3665 ariitramur
1003 3613 1115 3679 plus
1159 3611 1374 3661 t'aluisse
1404 3610 1455 3661 in
1494 3610 1753 3679 ivtit'luttdis
1792 3609 2007 3675 sphaera:
2032 3624 2241 3661 conver-

674 3684 919 3739 sionibus.
942 3678 1093 3749 quam
1141 3689 1372 3730 naturam
1396 3680 1447 3729 iu
1478 3678 1770 3745 efficiendis,
1801 3680 2076 3749 prasertim
2119 3694 2232 3749 eum

672 3752 843 3804 multis
875 3747 1101 3818 partibus
1145 3750 1244 3801 sint
1272 3750 1361 3800 illa
1387 3751 1628 3817 perfecta,
1672 3763 1817 3814 quam
1850 3747 1956 3798 ha’c
2001 3748 2237 3799 simulata

669 3824 924 3886 solertius,
957 3832 1061 3874 etc.

744 3891 879 3956 Quid
910 3884 1011 3942 tam
1051 3889 1296 3955 furiosum
1329 3894 1418 3947 est,
1462 3885 1535 3937 ait
1562 3885 1845 3956 Salvianus
1874 3886 1911 3939 1.
1946 3900 1995 3937 ιν
2037 3884 2103 3938 de
2130 3885 2239 3940 Gtt—

670 3953 820 4013 herit.
857 3960 966 4023 Dei,
991 3953 1144 4025 quam
1173 3968 1221 4009 ut
1251 3957 1451 4023 aliquis,
1498 3972 1610 4006 cum
1642 3953 1800 4008 Deum
1832 3966 2107 4007 creatorem
2131 3973 2240 4006 om-

671 4034 807 4083 nium
838 4047 938 4081 non
976 4040 1113 4097 neget
1140 4068 1153 4087 ,
1188 4029 1564 4093 gubernatorem
1591 4042 1622 4075 u
1642 4035 1830 4097 u,et,iet
1864 4041 1979 4079 cum
2002 4028 2242 4093 [actorem

670 4116 774 4153 esse
798 4094 1193 4166 fateatur,'dicat
1222 4098 1337 4163 negl
1360 4112 1471 4162 gere
1495 4111 1607 4166 qua;
1628 4094 1783 4166 fecit?

744 4172 757 4200 ³
798 4163 980 4221 Nescio
1002 4169 1122 4235 quid
1146 4167 1315 4217 abesse
1333 4163 1603 4235 conjei°to.]
1630 4164 1714 4216 Ill.
1740 4163 2078 4232 Philosophia
2104 4166 2245 4231 cogit

671 4240 916 4290 eumdem
969 4238 1207 4289 ltnctiuin
1251 4237 1398 4287 lateri
1449 4250 1507 4285 sc
1542 4236 1703 4285 lienut
1737 4236 1928 4299 partim
1976 4236 2243 4299 ignorare.

670 4310 879 4361 Niiuiru
906 4330 932 4355 ιι
966 4322 1112 4359 incus
1144 4315 1320 4358 nostra
1351 4305 1513 4356 Deum
1544 4304 1684 4356 inter
1711 4313 1762 4355 ct
1781 4318 1973 4369 corpus
2002 4312 2244 4356 nostrum

673 4380 867 4440 modia,
902 4390 955 4429 et
1003 4392 1031 4427 a
1066 4376 1173 4429 Deo
1199 4386 1252 4427 et
1290 4389 1317 4425 a
1349 4388 1574 4438 corpore
1606 4385 1785 4424 tttislro
1815 4374 2128 4439 quihusdam
2157 4388 2248 4425 co-

669 4446 1011 4516 gitationibus
1049 4446 1387 4516 informatur.
1419 4446 1459 4495 A
1499 4445 1614 4516 lico
1668 4442 1883 4516 quidrm
1917 4443 2111 4516 accipit
2141 4446 2248 4510 pri-

2347 3195 2473 3247 illud
2506 3209 2533 3245 a
2566 3195 2704 3247 bono
2731 3195 2815 3248 vel
2847 3194 2986 3246 man
3017 3196 3122 3247 line
3162 3195 3313 3257 cujus
3340 3196 3508 3261 gratia
3536 3199 3737 3257 agimus
3775 3197 3917 3250 oria-

2345 3274 2446 3317 tur:
2465 3265 2623 3331 atq‘ue
2639 3280 2724 3329 per
2736 3264 2833 3317 hoc
2844 3264 2975 3331 quod
2987 3265 3145 3329 abest,
3160 3262 3311 3315 veluti
3323 3265 3494 3316 hiante
3511 3265 3628 3317 valli
3645 3267 3841 3325 robore.
3860 3274 3919 3319 ttt

2342 3336 2502 3387 etiam
2520 3333 2728 3397 dicitur,
2746 3336 2797 3385 in
2810 3334 3036 3385 anintum
3053 3333 3242 3391 Boetii.
3260 3336 3694 3401 perturbationum
3716 3336 3919 3387 morbus

2346 3403 2567 3472 irrepsit.
2627 3404 2713 3455 Ille
2733 3404 2874 3455 enim
2905 3402 3308 3472 attimimorbus
3339 3404 3468 3457 nihil
3499 3404 3736 3457 estaliud
3759 3419 3917 3471 quam

2343 3470 2496 3526 error
2518 3484 2569 3525 et
2590 3474 2797 3532 vitium,
2828 3487 2945 3537 qua:
2971 3487 3035 3526 ex
3068 3470 3152 3524 his
3172 3473 3405 3525 tenebris
3436 3474 3551 3526 sive
3590 3470 3919 3540 ignoratione

2346 3551 2601 3611 nascuntu
2622 3541 2804 3611 ‘.—lie
2826 3541 2926 3611 hoc
2950 3542 3181 3607 nomine,
3197 3542 3433 3608 valentia,
3456 3543 3651 3597 dictum
3674 3552 3757 3596 est
3771 3558 3921 3611 prosa

2350 3611 2370 3662 ι
2397 3650 2411 3670 ,
2438 3620 2544 3662 not.
2572 3610 2727 3673 δίεοι.
2761 3610 2912 3677 587).

2417 3683 2447 3749 ὀ
2484 3679 2819 3731 Hominemne
2854 3690 2899 3731 te
2945 3696 3051 3732 esse
3081 3679 3355 3732 meministi
3372 3678 3415 3749 2]
3464 3679 3921 3749 lV._Philosopliia'

2348 3734 2495 3802 addit
2520 3750 2753 3802 Boetium
2781 3750 3122 3816 semetipsum
3147 3750 3335 3816 partim
3360 3734 3700 3819 cognoscere,
3726 3734 3922 3817 ips'um-

2346 3835 2450 3883 que
2497 3818 2560 3871 ad
2610 3820 2745 3872 hanc
2797 3819 2878 3871 sni
2926 3818 3089 3885 ipsius
3145 3822 3453 3873 memoriam
3500 3829 3733 3881 revocat,
3783 3820 3924 3883 quod

2351 3888 2509 3941 homo
2537 3886 2803 3955 imprimis
2824 3888 2891 3941 de
2920 3889 3209 3954 semetipso
3234 3889 3486 3951 convinci
3516 3890 3707 3941 debeat
3751 3904 3765 3941 :
3802 3889 3923 3942 hinc

2351 3966 2673 4024 praeceptum
2699 3957 2983 4026 Apollinis,
3008 3974 3113 4023 quo
3134 3968 3333 4021 monet,
3354 3970 3405 4009 ut
3433 3961 3703 4026 sequisque
3726 3969 3920 4011 noscat.

2352 4026 2544 4080 Verum
2576 4026 2627 4079 id
2677 4027 2819 4079 ultro
2867 4036 3085 4094 praestat
3135 4027 3372 4089 Boetius,
3418 4030 3548 4081 noo'
3576 4027 3826 4080 dubitans
3865 4044 3925 4081 se

2350 4111 2458 4149 esse
2482 4096 2733 4149 rationale
2760 4095 2953 4147 animal
2972 4105 3126 4163 atque
3149 4098 3360 4149 mortale
3393 4112 3412 4149 :
3440 4112 3559 4164 quae
3581 4097 3794 4165 quidem
3825 4096 3924 4147 ho-

2352 4165 2509 4219 minis
2531 4165 2767 4219 del‘tnitio
2788 4173 3095 4219 etveterum
3120 4175 3173 4218 et
3200 4166 3553 4219 recentiorum
3585 4165 3926 4234 philosopho.

2352 4251 2467 4288 rum
2498 4246 2621 4288 est:
2656 4234 3001 4287 nihilominus
3032 4242 3088 4287 ut
3134 4234 3480 4288 animadverti
3536 4245 3731 4303 potest,
3777 4238 3851 4288 sic
3895 4251 3925 4287 a

2354 4314 2535 4357 nostro
2586 4314 2802 4357 auctore
2834 4304 3041 4373 videtur
3071 4304 3242 4371 rejici.
3286 4304 3651 4357 Animadverti
3710 4306 3925 4373 quidem

2354 4384 2526 4439 potest
2548 4374 2635 4426 illa
2666 4373 2893 4425 hominis
2923 4372 3161 4425 deﬁnitio
3189 4387 3292 4425 non
3339 4375 3511 4427 εςιιιιηι
3549 4374 3689 4439 quod
3732 4372 3928 4427 'ohscu-

2354 4445 2562 4496 rissima
2601 4444 2688 4509 sit,
2716 4452 2773 4495 ut
2819 4442 3113 4496 attendenti
3157 4452 3301 4510 patet
3335 4444 3467 4496 .scd
3518 4445 3678 4496 etiam
3707 4444 3832 4510 quia
3882 4445 3927 4496 si

673 4507 813 4572 inani
846 4519 1113 4591 notionem
1142 4513 1399 4591 veritatis,
1432 4507 1762 4591 primumque
1788 4507 2059 4591 felicitatis
2087 4507 2246 4591 appe-
2279 4507 2329 4565 Ι)
2353 4512 2539 4591 bestia;
2558 4507 3079 4591 cogitarendicantur,
3103 4507 3551 4591 quemadmodum
3588 4507 3838 4591 dicuntur
3859 4513 3928 4565 ab

672 4589 845 4647 litum,
873 4589 939 4639 ita
969 4596 1026 4637 ut
1069 4587 1206 4638 Deus
1237 4584 1434 4647 primus
1461 4583 1529 4635 sit
1565 4584 1754 4634 mentis
1788 4585 2028 4633 humauze
2080 4583 2243 4645 magi-

670 4670 779 4712 ster
809 4666 863 4711 et
885 4656 1209 4709 moderator.
1236 4656 1278 4705 Α
1318 4665 1546 4719 corpore
1578 4666 1701 4703 vero
1742 4651 1931 4717 accipit
1959 4667 2078 4704 cum
2119 4664 2241 4703 sen-

671 4743 809 4785 sum.
842 4738 949 4779 tum
992 4724 1434 4793 perturbatione-;
1482 4722 1675 4793 quibus
1722 4736 1870 4772 mens
1902 4724 2014 4787 ipsa
2044 4721 2240 4793 ita_ali-

668 4798 879 4863 quando
904 4789 1220 4856 οινεὶυοτιιιιι,
1271 4793 1381 4845 hinc
1413 4802 1469 4863 ut
1507 4791 1612 4863 illis
1666 4791 1715 4842 iit
1750 4806 1959 4863 errores
1986 4797 2040 4863 et
2085 4789 2237 4863 vitia,

669 4859 785 4933 qua:
812 4864 1093 4919 voluntarii
1142 4872 1264 4916 sunt
1292 4861 1481 4914 mentis
1509 4861 1755 4933 humana:
1784 4860 1977 4921 morbi,
2010 4859 2238 4933 deduca—

669 4928 775 4990 tur.
822 4937 1105 4995 Prontcrea
1157 4936 1207 4983 lii
1238 4930 1693 5000 perturbationum,
1745 4940 1801 4980 ut
1850 4944 1991 4980 nunc
2019 4928 2234 5000 dicitur,

669 5022 830 5057 mores
850 5018 985 5068 sunt,
1018 5019 1076 5055 ea
1108 4998 1325 5055 valentia
1349 5011 1441 5065 est,
1470 5008 1519 5049 nt
1563 5014 1756 5050 morere
1776 5000 1977 5063 quidem
2014 4999 2123 5068 loco
2157 4998 2248 5049 ho-

671 5077 855 5126 minem
902 5067 1114 5139 possint,
1164 5071 1499 5123 olivcnranilo
1541 5068 1819 5135 praedictas
1861 5067 2242 5131 cogaationes,

670 5138 948 5196 convellere
970 5153 1138 5193 autem
1166 5142 1354 5204 sibique
1382 5149 1539 5189 totum
1568 5138 1830 5189 hominem
1848 5139 2125 5201 exstirpare
2145 5151 2246 5187 non

673 5214 886 5280 possint,
929 5210 1317 5279 cxstiiiguendo
1368 5211 1585 5262 omnino
1641 5206 1921 5280 pricdictas
1971 5205 2249 5280 rogitatio-

672 5274 768 5337 iies
802 5300 815 5335 ;
845 5274 1075 5348 quattdiu
1106 5274 1245 5334 enim
1271 5294 1421 5332 mens
1444 5282 1667 5331 humana
1701 5292 1729 5328 a
1765 5276 1892 5337 Deo,
1933 5291 2093 5342 aquo
2133 5274 2240 5342 pri-

673 5370 813 5406 mum
853 5352 1063 5407 condita
1092 5350 1479 5409 informataque
1524 5348 1639 5409 fuit,
1672 5348 2095 5405 conservabitur,
2130 5354 2245 5395 tan-

672 5425 756 5477 tliu
776 5423 998 5477 naturali
1015 5429 1068 5473 et
1084 5418 1585 5485 Inmuttcctappctitu
1600 5416 1874 5470 allicictur.
1888 5416 2018 5485 Hinc
2034 5415 2245 5485 Boetius

672 5511 703 5545 a
726 5495 827 5546 Deo
847 5492 1088 5544 mundum
1102 5491 1230 5555 regi,
1259 5497 1313 5541 ut
1340 5482 1497 5540 etiam
1524 5486 1743 5548 dicitttr,
1772 5501 1870 5537 non
1906 5482 2244 5555 ambigit,vi-

672 5575 827 5631 gente
842 5564 1012 5615 adhuc
1032 5560 1120 5613 illo
1138 5561 1355 5620 lumine,
1376 5573 1478 5609 non
1510 5556 1725 5631 advertit
1744 5571 1855 5631 vero
1868 5556 2045 5631 quibus
2064 5554 2240 5631 guber-

674 5624 869 5685 naculis
886 5631 1113 5685 mundus
1138 5644 1363 5698 regatur,
1395 5624 2240 5698 perturbationibustenebrasiu-

674 5704 1017 5755 ducentibus:
1034 5694 1274 5755 idetuscit
1291 5694 2242 5761 nmlecunctuprocesserint,Deumque

674 5772 1071 5834 esset-rspondit:
1088 5770 1391 5838 alllulgontt-
1409 5766 1658 5835 pra-dicto
1679 5764 1897 5818 naturali
1916 5763 2129 5816 lumine:
2147 5778 2242 5813 non

2353 4582 2481 4647 ipsis
2522 4581 2679 4649 hujus
2708 4580 3033 4634 deﬁnitionis
3073 4582 3333 4648 patronis,
3357 4584 3551 4649 quippe
3596 4579 3685 4647 qui
3738 4590 3929 4647 putant

2350 4650 2550 4704 bestias
2592 4668 2622 4703 ll
2651 4667 2695 4702 -n
2727 4650 3045 4716 inadiequate
3088 4651 3261 4703 solum
3317 4653 3409 4704 sed
3440 4653 3723 4719 adaquate,
3752 4652 3823 4702 uti
3851 4652 3928 4701 tu.

2348 4728 2605 4784 quuntur,
2633 4722 2831 4773 sentire
2876 4719 3115 4786 adeoque
3154 4734 3500 4784 cognoscere,
3541 4722 3803 4785 ejusmodi
3835 4720 3927 4773 de-

2350 4789 2520 4843 ﬁnitio
2557 4789 2717 4842 etiam
2764 4788 2951 4842 bestiis
2992 4790 3313 4842 conveniet:
3349 4790 3495 4842 ranis
3543 4789 3711 4851 enim,
3742 4804 3793 4839 ν.
3843 4804 3923 4857 g.,

2350 4859 2636 4913 latentibus
2690 4859 2803 4911 istis
2832 4858 3165 4926 philosoohis
3195 4870 3277 4912 est
3310 4857 3535 4910 animale
3587 4858 3800 4910 mortale
3835 4875 3853 4911 :
3880 4860 3927 4911 si

2350 4943 2500 4991 vero,
2532 4938 2587 4980 ut
2638 4930 2845 4990 volunt,
2898 4927 3041 4988 idem
3083 4926 3231 4980 canis
3286 4928 3570 4983 sentiendo
3612 4940 3927 4995 cognoscat,

2352 4997 2531 5067 negari
2560 5013 2663 5051 non
2697 5006 2890 5066 potest,
2915 4997 3039 5063 quin
3085 4997 3308 5067 rationis
3335 4998 3406 5051 sit
3437 4996 3701 5065 particeps
3748 4999 3929 5062 proin-

2350 5065 2723 5120 de‘vocandus
2776 5067 3092 5119 rat:onalis:
3146 5065 3405 5133 siquidem
3464 5068 3769 5120 ratiocinari
3812 5068 3931 5129 qui-

2352 5136 2472 5188 dam
2504 5146 2586 5189 est
2614 5135 2965 5204 cognoscendi
3018 5135 3224 5204 modus,
3258 5145 3313 5190 et
3351 5134 3569 5203 quidem
3611 5135 3785 5188 minus
3808 5150 3929 5202 per-

2353 5206 2539 5263 lecnis.
2566 5203 2721 5274 quam
2752 5207 2894 5259 clarc
2922 5215 2975 5258 et
3004 5203 3253 5274 distinCte
3296 5206 3572 5269 percipere
3602 5222 3615 5257 :
3646 5213 3927 5271 propterei

2354 5276 2494 5327 enim
2522 5273 2675 5328 Deus.
2703 5276 2789 5342 qtti
2832 5276 2977 5327 clare
3005 5283 3058 5326 et
3095 5273 3352 5327 distincte
3399 5275 3652 5341 percipit,
3704 5282 3930 5342 negatur

2356 5344 2657 5397 ratiocinaii
2695 5362 2706 5395 :
2754 5344 3099 5412 quamobrem
3158 5344 3392 5412 cognitio
3432 5346 3646 5405 eortina,
3701 5351 3760 5395 ut
3805 5355 3929 5409 pote

2351 5427 2471 5480 quas
2495 5416 2686 5465 divinio
2708 5413 2934 5465 similior
2962 5413 3084 5475 erit,
3118 5414 3349 5465 humana
3390 5414 3495 5467 erit
3522 5412 3850 5477 perfectior,
3883 5413 3928 5466 si

2356 5482 2753 5549 propngnanda:
2800 5483 3068 5549 praedictae
3124 5480 3450 5536 delinitionis
3496 5497 3680 5544 causa,
3718 5481 3931 5535 dicatur

2351 5552 2499 5605 canis
2523 5566 2847 5617 cognoscere
2876 5550 3107 5617 quidem.
3148 5566 3244 5605 ncc
3274 5560 3449 5605 tamen
3482 5552 3814 5605 rati0rinari.
3862 5552 3933 5605 At

2352 5636 2481 5673 vero
2511 5624 2696 5674 eadem
2738 5621 2965 5673 hominis
2994 5621 3233 5674 delinitin
3253 5637 3281 5672 a
3315 5630 3499 5675 nostro
3526 5631 3745 5674 auctore
3783 5621 3930 5675 vide-

2352 5702 2436 5743 tnr
2463 5692 2631 5758 rejici;
2664 5701 2751 5742 aut
2780 5692 2955 5757 potius
2980 5690 3047 5740 ali
3092 5690 3201 5755 ipsa
3232 5690 3595 5757 Philosophia,
3630 5706 3749 5757 qua:
3795 5691 3931 5743 Bne-

2356 5763 2484 5815 tium
2533 5774 2672 5813 nunc
2710 5760 3027 5828 alloquitur:
3063 5768 3338 5828 postquam
3388 5762 3531 5816 enim
3581 5758 3926 5830 PbiIoSOphia
