4254 6250
248 400 356 457 655

1176 398 1263 454 DE
1298 393 1819 461 CONSOLATIONE
1858 390 2335 452 PIIILOSOPIIIA‘I
2376 394 2502 451 LIB.
2543 394 2580 452 Ι.

3396 398 3499 453 65b

243 516 516 568 minemne
592 520 644 565 te
709 523 831 565 esse
903 508 1224 563 meministi?
1266 506 1482 576 Quidni,
1534 509 1744 578 inquam
1774 514 1824 573 ι,
1853 510 1904 569 Α
1933 506 2193 574 Quoniam
2226 522 2353 562 vero
2376 507 2571 578 quibus
2610 504 2981 576 gubernaculis
3009 509 3237 562 mundus
3265 520 3497 579 regatur,

250 601 627 658 meminerim?
679 598 815 668 Quid
854 599 1013 668 igitur
1061 598 1223 652 homo
1263 600 1351 663 sit,
1383 599 1653 667 poterisne
1695 613 1821 666 pro-

246 692 392 745 ferre
415 689 471 742 1t?
506 691 738 744 Hoccine
767 689 1065 756 interrogas
1089 698 1136 750 ο,
1167 703 1236 741 an
1265 701 1387 743 esse
1411 700 1497 742 me
1538 691 1700 742 sciam
1734 705 1826 741 ra-

246 780 448 836 tionale
484 778 680 833 animal
729 788 888 846 atque
927 778 1174 831 mortale?
1203 776 1346 839 Scio,
1392 784 1447 831 et
1492 776 1543 830 id
1570 792 1658 831 me
1706 791 1827 832 esse

247 872 525 926 conﬁteor.
559 869 625 923 Et
654 866 783 923 illad
812 886 825 922 :
857 868 1066 924 Nihilne
1094 878 1147 924 te
1174 868 1252 939 (5)
1277 868 1420 923 aliud
1446 883 1568 923 esse
1589 867 1824 923 novisti?

256 961 397 1016 Nihil
426 968 470 1015 ε.
504 960 619 1016 Jam
641 960 776 1024 scio,
804 959 972 1028 inquit
996 957 1042 1025 ί,
1065 960 1237 1014 morbi
1255 960 1350 1025 tui,
1371 959 1530 1014 aliam
1554 960 1637 1014 vel
1658 961 1829 1013 maxi-

251 1066 393 1104 mam
441 1064 693 1114 causam,
743 1051 758 1080 ¹
803 1048 931 1118 quid
970 1048 1087 1118 ipse
1135 1050 1232 1128 sis,
1278 1063 1437 1104 nosse
1488 1049 1829 1119 desisti.“

251 1141 431 1205 Quare
458 1142 478 1171 ³
506 1140 815 1209 plenissime
842 1139 924 1193 vel
944 1139 1278 1208 aegritudinis
1302 1149 1407 1194 tute
1434 1140 1714 1204 rationem,
1745 1140 1829 1193 vel

256 1230 461 1284 aditum
504 1229 909 1284 reconciliandae
927 1238 952 1276 κ
977 1229 1247 1299 sospitatis
1269 1229 1468 1285 inveni.
1498 1230 1629 1284 Nam
1659 1230 1680 1261 ³
1701 1247 1833 1300 quo-

256 1322 399 1375 niam
432 1322 511 1375 tui
565 1321 833 1376 oblivione
882 1321 1247 1387 confunderis,
1284 1333 1337 1378 et
1379 1325 1618 1379 exsulem
1662 1334 1739 1391 te,
1781 1333 1837 1379 et

257 1411 614 1477 exspoliatum
646 1411 872 1479 pr0priis
918 1411 1072 1465 bonis
1110 1425 1230 1467 esse
1249 1412 1487 1467 doluisti.
1526 1414 1548 1445 ⁸
1574 1415 1833 1482 Quoniam

266 1515 421 1564 vero,
440 1501 557 1567 quis
599 1500 669 1554 sit
698 1515 875 1554 rerum
910 1501 1051 1567 ﬁnis,
1080 1500 1311 1569 ignoras,
1344 1517 1573 1571 nequam
1602 1504 1842 1559 homines

260 1600 424 1659 atque
465 1590 719 1658 nefarios,
766 1590 845 1661 (5)
897 1600 1141 1661 potentes
1204 1591 1491 1663 felicesque
1533 1595 1831 1649 arbitraris.

1934 598 2130 654 oblitus
2171 611 2252 666 es,
2290 600 2385 652 has
2432 595 2462 634 ιι
2509 597 2838 653 fortunarum
2872 601 3018 654 vices
3067 600 3342 655 existimas
3390 603 3506 656 sine

1930 699 2141 746 rectore
2166 689 2395 745 ﬂuitare.
2418 689 2619 759 Magna;
2650 704 2755 743 non
2786 689 2852 744 ad
2903 690 3151 745 morbum
3204 690 3385 755 modo,
3414 706 3508 746 ve-

1933 798 2050 839 rum
2075 782 2143 838 ad
2172 782 2447 839 interitum
2477 796 2686 852 quoque
2714 796 2910 837 causae.
2940 780 3088 839 Sed!
3120 780 3391 853 sospitatis
3412 798 3508 838 auo

1934 876 2067 930 ctori
2089 883 2268 944 grates
2295 876 2339 937 l,
2362 874 2501 943 quod
2535 882 2588 927 te
2618 873 2851 927 nondum
2886 882 3054 927 totum
3079 870 3106 911 κ
3134 881 3320 927 natura
3346 872 3509 928 desti—

1933 965 2047 1018 tuit.
2081 965 2101 995 ⁸
2135 963 2398 1019 Habemus
2445 964 2735 1017 maximum
2798 973 2900 1017 tua:
2930 961 2948 1000 ι
2986 962 3223 1016 fomitem
3251 962 3366 1034 (10)
3420 977 3511 1017 sa-

1930 1055 2074 1120 lutis,
2120 1069 2299 1109 veram
2358 1054 2425 1108 de
2484 1054 2664 1107 mundi
2715 1053 3103 1123 gubernatione
3159 1053 3506 1115 sententiam,

1932 1144 2074 1212 quod
2108 1158 2223 1198 eam
2256 1157 2359 1197 non
2390 1157 2609 1198 casuum
2644 1143 2948 1208 temeritati,
2969 1142 3063 1197 scd
3094 1142 3287 1196 divina:
3315 1142 3507 1197 rationi

1932 1233 2192 1287 subditam
2219 1232 2412 1287 credis.
2440 1234 2550 1304 87
2582 1233 2721 1286 Nihil
2772 1233 2931 1301 igitur
2980 1236 3346 1301 pertimescas.
3387 1232 3504 1287 iam

1938 1324 2033 1379 tibi
2063 1324 2083 1354 ⁸
2117 1339 2183 1377 ex
2218 1324 2318 1378 hac
2343 1324 2555 1377 minima
2585 1323 2870 1377 scintillula
2894 1324 3071 1377 vitalis
3091 1325 3235 1377 calor
3256 1333 3297 1361 ιιι
3325 1323 3533 1387 ἰΙΙυιεο,

1940 1415 2033 1469 rit.
2062 1412 2167 1469 Sed
2191 1413 2440 1483 quoniam
2474 1414 2797 1468 ﬁrmioribus
2837 1414 3088 1468 remediis
3126 1414 3356 1468 nondum
3382 1422 3515 1468 tem-

1948 1519 2046 1574 pus
2073 1514 2189 1569 est,
2214 1512 2268 1558 et
2287 1505 2307 1535 τ
2333 1519 2450 1557 eam
2486 1503 2739 1557 mentium
2764 1512 2975 1559 constat
3014 1519 3131 1558 esse
3162 1515 3425 1568 naturam,
3456 1513 3517 1558 ut

1940 1594 2150 1663 quoties
2174 1593 2465 1663 abjeceriat
2493 1608 2665 1652 veras.
2696 1590 2843 1647 falsis
2865 1592 3203 1661 opinionibus
3231 1601 3256 1627 η
3291 1592 3515 1646 induan-

1615 1731 2187 1787 INTERPRETATIO.

340 1850 366 1876 λ
401 1840 508 1906 Ego
530 1841 768 1895 Boetius.

339 1910 367 1947 δ
395 1911 566 1977 Inquit
596 1911 958 1979 Philosophia.

347 1994 367 2011 θ
397 1981 611 2046 Inquam
639 1996 737 2045 ego
767 1982 995 2039 Boetius

346 2048 369 2083 ιε
398 2050 501 2102 Ait.

344 2127 367 2153 ο
393 2119 603 2181 Inquam
626 2133 723 2184 ego
751 2119 984 2174 Boetius.

354 2185 371 2223 ί
406 2188 761 2255 I’ltilosnphia.

344 2266 369 2301 κ
402 2256 613 2311 Salutis.

1872 1843 1919 1900 B

2019 1839 2047 1875 δ
2076 1838 2318 1890 Fortune
2344 1853 2597 1904 prospera?
2610 1848 2653 1889 ct
2680 1853 2708 1886 a
2730 1840 2827 1887 {iter
2856 1852 2917 1886 te.

2030 1908 2042 1945 ί
2073 1908 2215 1961 Salui
2225 1910 2284 1959 is.

2028 1981 2042 2027 l
2084 1977 2345 2030 Habenda:
2368 1982 2509 2027 sunt.

2024 2050 2045 2083 ’ί
2076 2052 2261 2098 Auctor
2284 2057 2479 2097 natura?
2503 2040 2655 2095 Deus.

2025 2115 2041 2151 ἶ
2075 2116 2453 2168 liudimentum.

2022 2196 2057 2220 ιιι
2092 2184 2381 2237 Exorietur.

2020 2262 2047 2291 η
2072 2252 2393 2306 Imbuantur.

1791 2386 1992 2442 ΝΟΤίΕ
2002 2426 2014 2440 .

271 2515 302 2553 a
336 2499 518 2555 Boetio
548 2500 919 2569 quasivisset:
953 2499 1166 2555 Nihilne
1212 2511 1259 2555 te
1297 2501 1445 2555 aliud
1478 2517 1587 2555 esse
1630 2501 1852 2553 novisti?

276 2579 335 2623 et
361 2571 573 2623 Boetius
594 2570 956 2640 respondisset
980 2589 991 2622 :
1017 2570 1164 2623 Nihil
1187 2587 1206 2625 :
1219 2573 1329 2640 jam
1345 2573 1468 2632 scio,
1493 2571 1681 2639 inquit,
1706 2586 1843 2622 mor-

274 2640 324 2759 Si
347 2642 416 2719 tui
438 2641 605 2761 _alilam
631 2638 707 2693 vel
736 2640 1012 2693 maximam
1037 2638 1266 2706 causam,
1296 2639 1419 2712 quid
1438 2641 1547 2710 ipse
1564 2638 1653 2708 sis,
1693 2655 1842 2693 nosse

314 2718 471 2762 eststt.
541 2718 676 2762 2lllll'

458 2746 471 2759 ο
517 2746 566 2776 ,ᾖ

350 2798 366 2828 ¹
394 2796 527 2860 Quia
550 2798 664 2869 ipse
683 2800 772 2861 sis,
794 2813 941 2851 nosse
989 2796 1207 2869 desisti.]
1229 2797 1315 2869 Va
1334 2797 1678 2865 Philosophia
1710 2799 1853 2866 cogit

277 2866 518 2920 Boetium
543 2866 693 2920 fateri
727 2883 784 2920 se
807 2868 1152 2936 semetipsum
1185 2866 1374 2936 partim
1403 2870 1647 2936 ignorare
1671 2885 1683 2919 :
1705 2883 1852 2931 nam,

278 2949 336 2988 ttt
359 2939 626 3004 eleganter
654 2938 730 2989 ait
751 2937 955 2991 Tullius
984 2952 999 2990 ι
1026 2938 1207 2999 Tusc.,
1240 2936 1329 2989 Est
1366 2938 1497 2990 illud
1541 2938 1746 3005 quidem
1774 2938 1853 2990 vel

281 3007 580 3068 maximum,
611 3006 781 3059 animo
836 3006 948 3073 ipso
974 3008 1198 3059 animum
1248 3008 1418 3059 videre
1464 3022 1485 3060 :
1534 3016 1580 3059 et
1611 3008 1853 3059 nimirum

279 3077 407 3126 lianc
429 3074 577 3127 habet
606 3076 705 3125 vim
736 3086 1041 3144 prwceptum
1082 3076 1360 3145 Apollinis,
1392 3092 1491 3143 quo
1516 3084 1704 3139 monet,
1730 3086 1784 3128 ut
1807 3092 1859 3129 se

277 3145 485 3212 quisque
549 3154 761 3197 noscat:
782 3160 883 3197 non
913 3146 1045 3197 enim
1085 3146 1233 3196 credo
1260 3146 1313 3197 id
1339 3146 1586 3214 pra-cipit.
1626 3155 1681 3197 ut
1706 3161 1862 3197 mem-

281 3217 368 3263 bra
392 3222 567 3265 nostra
603 3223 692 3265 aut
738 3224 989 3266 staturam
1043 3214 1321 3282 ﬁguramoe
1350 3231 1618 3267 noscamus
1650 3231 1667 3268 :
1698 3230 1859 3283 neque

281 3297 371 3333 nos
398 3297 612 3352 corpora
639 3300 811 3335 sumus
834 3301 851 3336 :
880 3300 1039 3350 neque
1060 3299 1150 3352 ego
1178 3285 1266 3336 tibi
1303 3285 1473 3337 dicens
1504 3289 1617 3345 hoc,
1652 3284 1855 3351 corpori

1954 2500 2018 2553 ad
2050 2514 2180 2555 suos
2208 2498 2339 2554 ﬁnes
2365 2498 2594 2552 destinat
2620 2516 2633 2552 :
2668 2512 2756 2567 qui
2775 2511 2903 2552 vero
2924 2496 3111 2551 modos
3140 2497 3261 2553 illos
3288 2500 3519 2567 ignorat,

1956 2570 2040 2623 hic
2071 2570 2344 2638 perspicua
2375 2582 2572 2635 negans
2596 2568 2736 2635 quod
2768 2568 2994 2621 obscura
3022 2568 3201 2620 animo
3231 2584 3333 2621 non
3367 2585 3484 2623 com
3503 2604 3517 2613 -

1953 2640 2269 2707 prehendat,
2301 2640 2472 2707 ipsum
2500 2639 2682 2690 mundi
2708 2648 2968 2691 rectorem
3008 2646 3167 2707 negat
3198 2653 3212 2689 :
3246 2648 3525 2705 propterea

1954 2706 2095 2762 nunc
2116 2708 2344 2762 additur:
2374 2706 2626 2770 Quoniam
2647 2722 2782 2767 vero,
2805 2706 2985 2775 quibus
3006 2706 3358 2774 gubernaculis
3374 2718 3525 2761 mun-

1955 2783 2050 2831 dus
2078 2787 2304 2846 regatur,
2335 2775 2516 2828 oblitus
2542 2792 2615 2842 es,
2642 2775 2735 2829 Itas
2760 2776 3082 2844 fortunarum
3108 2775 3238 2829 vices
3267 2778 3526 2831 existimas

1954 2849 2063 2901 sine
2087 2857 2282 2900 rectore
2309 2848 2534 2913 ﬂuitare.

2036 2916 2226 2970 Verum
2260 2916 2345 2969 illa
2374 2930 2494 2968 cum
2543 2913 2733 2966 mentis
2762 2915 3028 2975 humanae,
3079 2922 3189 2966 tum
3230 2914 3389 2966 etiam
3436 2914 3526 2969 Dei

1962 2984 2562 3054 ignorationrincipium
2617 2991 2701 3036 est
2726 2984 2928 3054 erroris
2955 2992 3010 3035 et
3051 2983 3160 3034 vitii
3179 2996 3207 3054 ξ
3238 2997 3344 3054 non
3373 2998 3527 3054 secus

1961 3050 2023 3110 ac
2051 3056 2189 3109 clara
2216 3053 2569 3118 distinctaque
2599 3053 2790 3105 mentis
2817 3052 3060 3104 humanae
3093 3061 3147 3104 et
3178 3050 3268 3104 Dei
3294 3053 3528 3118 cognitio

1963 3123 2278 3194 principium
2332 3123 2568 3176 veritatis
2597 3130 2654 3175 et
2681 3122 2892 3194 virtutis
2917 3137 2931 3171 :
2961 3120 3101 3194 unde
3152 3121 3386 3194 tenebras
3413 3122 3528 3194 illa:

1963 3190 2100 3247 nunc
2119 3194 2367 3247 dicuntur
2393 3206 2590 3260 magna
2626 3196 2727 3243 non
2754 3190 2822 3242 ad
2850 3193 3079 3242 morbum
3131 3193 3301 3260 modo,
3338 3190 3526 3245 videli-

1960 3273 2045 3316 cet
2080 3277 2340 3323 errorem,
2376 3259 2548 3314 verum
2592 3260 2660 3312 ad
2704 3260 2980 3323 interitum,
3013 3259 3261 3312 nimirum
3317 3261 3528 3323 vitium,

282 3360 366 3421 tuo
394 3342 529 3402 dico.
561 3350 688 3404 Cum
717 3355 888 3421 igitur,
917 3342 1178 3413 Noscevte,
1214 3354 1358 3416 dicit;
1392 3355 1484 3405 hoc
1509 3342 1651 3416 dicit,
1684 3342 1853 3405 Nosce
1882 3342 1927 3403 C
1958 3347 2372 3421 qufqﬁ‘ﬁffffffj

281 3420 508 3471 animum
536 3428 675 3471 tuum
701 3436 717 3471 :
740 3420 863 3473 nam
892 3438 1076 3488 corpus
1103 3424 1308 3490 quidem
1337 3424 1482 3490 quasi
1520 3438 1605 3475 uis
1627 3432 1723 3485 est,
1761 3432 1849 3474 aut

281 3490 490 3558 aliquod
514 3491 672 3542 animi
717 3491 1094 3559 receptaculum
1123 3507 1143 3545 :
1170 3492 1231 3543 ab
1270 3493 1439 3545 animo
1481 3502 1568 3545 tuo
1604 3492 1851 3559 quidquid

281 3560 471 3625 agitur,
493 3559 546 3611 id
571 3560 739 3626 agitur
762 3577 794 3611 a
825 3570 871 3613 te
892 3577 912 3613 .'
944 3562 1077 3613 hunc
1106 3561 1261 3629 igitur
1291 3578 1435 3614 nosse
1478 3562 1576 3614 nisi
1621 3562 1851 3613 divinum

282 3638 429 3692 esset,
460 3644 561 3700 non
587 3632 847 3700 esset/ioc
883 3630 1091 3700 acrioris
1138 3631 1406 3700 cujusdam
1433 3631 1591 3683 animi
1619 3646 1848 3698 prtecep-

286 3708 413 3761 tum,
458 3698 551 3760 sic,
583 3707 637 3748 ut
668 3698 911 3751 tributum
943 3698 1045 3750 Deo
1087 3699 1172 3761 sit,
1196 3698 1293 3751 'hoc
1322 3710 1412 3762 est,
1445 3702 1664 3768 seipsum
1710 3715 1853 3763 posse

288 3781 604 3837 cognoscere.
634 3768 789 3835 Atqui
819 3768 1056 3830 Boetius,
1090 3769 1231 3834 quod
1258 3770 1570 3835 quibusdam
1601 3768 1850 3837 prazjudi-

285 3836 381 3889 ciis
409 3846 696 3902 occupatus
748 3850 868 3890 sese
912 3852 941 3890 a
972 3838 1260 3890 bestiarum
1291 3853 1356 3892 co
1397 3836 1731 3893 ditioue’udli
1765 3853 1851 3891 sa-

289 3905 355 3955 tis
384 3906 718 3969 secerueliat,
751 3907 984 3960 animum
1009 3907 1122 3960 sive
1152 3918 1380 3961 mentem
1413 3923 1561 3961 suam
1594 3924 1697 3960 non
1725 3908 1852 3961 satis

287 3971 565 4027 videbatur
592 3989 913 4045 cognoscere
936 3975 1093 4045 :hinc
1125 3976 1177 4029 in
1202 3977 1378 4030 varios
1408 3976 1584 4045 lapsus
1599 3986 1686 4031 est
1704 3992 1852 4030 erro-

289 4056 395 4101 res,
424 4057 457 4111 q
484 4056 558 4095 os
590 4042 925 4110 Philosophia
956 4044 1043 4098 hic
1071 4046 1290 4111 suscipit
1327 4042 1740 4099 enumerandos.

358 4112 379 4141 ¹
413 4110 717 4184 Plenissime
750 4118 825 4184 uel
864 4115 1181 4184 (egritudinis
1211 4110 1323 4184 tute
1338 4120 1604 4184 rationem,
1639 4115 1714 4167 vel
1738 4115 1853 4167 adi-

290 4191 392 4231 tum
415 4182 1326 4255 reconciliqndtesospitatisinveni.)
1380 4183 1465 4241 Vl.
1515 4184 1851 4252 Philosophia

287 4265 351 4302 ex
381 4265 466 4312 eu,
499 4252 638 4316 quod
670 4251 884 4305 Boetius
916 4255 1077 4307 Deum
1105 4264 1160 4307 et
1179 4250 1520 4321 éemétipsum
1553 4250 1742 4320 partim
1762 4270 1856 4307 co-

287 4320 522 4392 gnoverit
561 4334 639 4387 pa:
657 4322 860 4392 timque
890 4322 1211 4390 ignoraverit
1234 4325 1462 4392 colligit,
1485 4324 1714 4390 primum
1738 4323 1857 4391 qui-

287 4389 408 4439 dem
432 4402 619 4440 causas
647 4389 980 4458 tegritudinis
1002 4392 1192 4455 Boetii,
1216 4389 1407 4445 deinde
1456 4389 1673 4445 modum
1706 4389 1858 4444 recu-

292 4458 540 4529 peranda:
566 4461 809 4512 sanitatis
847 4462 1081 4528 ejusdem
1116 4477 1130 4514 :
1164 4476 1337 4514 causa:
1368 4461 1537 4514 morbi
1567 4472 1690 4514 sunt
1713 4463 1860 4529 igno-

291 4525 447 4617 ratio;
480 4529 668 4607 modus
697 4542 824 4609 vero
870 4525 1245 4617 recuperandae
1290 4530 1509 4617 salutis,
1542 4532 1688 4584 notio
1733 4525 1855 4582 cum
1885 4556 1940 4617 Β

293 4596 379 4647 Dei
404 4604 515 4646 tum
542 4599 622 4648 siti
650 4599 814 4664 ipsius
838 4616 849 4650 :
877 4602 1013 4651 sicut
1036 4599 1143 4664 jam
1166 4600 1474 4653 dicendum.

361 4664 382 4694 ³
415 4664 669 4738 Quoniam
699 4670 770 4719 tui
791 4669 1038 4722 oblivione
1064 4667 1431 4738 confunderis.]
1462 4668 1693 4722 Primum
1714 4671 1855 4722 enim

290 4735 433 4798 quod
468 4737 679 4789 lloetius
706 4751 855 4806 suam
892 4749 1124 4791 mentem
1161 4735 1360 4804 partim
1398 4735 1667 4805 ignorans,
1705 4740 1859 4806 hujus

290 4816 399 4876 suae
430 4806 626 4857 meritis
650 4805 811 4858 veluti
841 4808 1036 4861 oblitus
1066 4806 1241 4873 fuerit,
1292 4820 1569 4876 prupterea
1613 4823 1669 4861 se
1696 4818 1741 4859 et
1772 4805 1860 4860 ea:-

290 4872 451 4945 sulem
490 4883 536 4923 et
565 4876 899 4939 exspoliatum
928 4879 1146 4945 propriis
1176 4872 1316 4931 bonis
1356 4872 1460 4930 esse
1483 4877 1669 4943 doluit,
1704 4893 1857 4943 prosa

291 4942 346 5017 ξ,
367 4941 453 5006 qui
484 4945 625 5017 enim
658 4955 890 5017 mentem
918 4941 1066 4999 sitam
1093 4948 1292 5014 optime
1318 4948 1483 5007 novit,
1510 4948 1593 5017 hic
1614 4941 1668 5017 et
1699 4941 1854 4997 men-

293 5012 362 5088 tis
389 5012 611 5088 patriam
643 5013 867 5088 caelum,
894 5028 924 5066 a
965 5031 1069 5083 quo
1099 5012 1255 5088 nemo
1276 5016 1623 5088 exsulatnisi
1650 5016 1854 5088 volens,

292 5080 610 5158 e_t__ejusdem
641 5080 1014 5144 meutisbona.
1039 5086 1319 5158 scientiam
1358 5096 1412 5139 et
1462 5085 1731 5151 virtutem,
1765 5085 1859 5137 ho-

292 5148 460 5222 stibus
489 5150 756 5222 inaccessa
787 5168 907 5206 esse
933 5156 1219 5222 tognoscit.

361 5214 383 5243 ⁸
412 5217 664 5295 Quoniam
704 5224 817 5295 quis
863 5225 926 5274 sit
969 5214 1139 5276 rErum
1184 5224 1325 5293 ﬁnis,
1360 5223 1632 5294 ignoras.]
1666 5222 1865 5278 Deinde

292 5285 432 5363 quod
464 5288 598 5363 idem
622 5285 838 5363 Boetius
874 5296 1038 5345 Deum
1066 5285 1254 5360 partim
1282 5285 1552 5363 ignorans,
1584 5285 1745 5347 Deum
1759 5308 1863 5346 non

290 5354 487 5420 cogitet
541 5357 781 5411 ultimum
815 5377 987 5414 rerum
1037 5354 1272 5415 omnium
1299 5354 1353 5416 "li
1394 5380 1501 5424 em;
1534 5354 1731 5417 idcirco
1779 5378 1868 5414 ne-

288 5439 439 5505 quam
464 5427 711 5505 Itomines
732 5446 879 5505 a'que
909 5435 1147 5505 nej‘urios,
1179 5443 1400 5499 potentes
1430 5434 1696 5505 [εζῖεεεΊηε
1722 5432 1858 5505 “rbi:

290 5503 456 5575 tratur
478 5509 495 5545 :
518 5499 605 5563 qui
629 5499 770 5552 enim
792 5502 872 5575 sui
902 5499 1019 5575 linis
1051 5518 1274 5575 memor,
1301 5499 1677 5575 lieutujustuut
1707 5501 1858 5568 cogi-

289 5570 395 5643 tat,
407 5563 491 5616 hic
506 5580 813 5643 prosperam
833 5570 1109 5643 impiorum
1129 5563 1389 5625 fortunam
1406 5563 1537 5625 mise
1570 5572 1632 5623 i:e
1648 5563 1860 5625 interna:

290 5639 487 5699 potius,
512 5650 669 5703 quam
702 5639 860 5692 ullius
891 5641 1159 5698 fclicitatis
1195 5652 1567 5703 argumentum
1599 5656 1720 5696 esse
1754 5656 1858 5694 non

288 5703 518 5774 dubitet.
550 5704 796 5774 lgnorato
843 5718 1016 5762 autem
1042 5713 1228 5763 ultimo
1260 5728 1434 5764 rerum
1464 5713 1700 5765 omnium
1731 5709 1859 5771 fine,

290 5772 602 5841 ignorentur
632 5790 851 5845 necesse
876 5790 957 5834 est
986 5780 1151 5848 modi,
1181 5782 1372 5850 quibus
1398 5782 1537 5835 Deus
1576 5795 1661 5836 res
1677 5794 1861 5835 omnes

2029 3404 2049 3433 ⁸
2074 3395 2135 3454 Ἠ
2140 3401 2343 3454 abemus
2360 3400 2631 3451 maximum
2649 3408 2746 3451 tute
2767 3398 2991 3466 fomitem
3011 3395 3237 3467 sa!utis.]
3252 3397 3528 3451 Postremo

1958 3473 2097 3537 quod
2128 3472 2342 3524 Boetius
2370 3478 2600 3537 mentem
2630 3482 2780 3521 suam
2813 3467 3218 3537 prtesertimque
3241 3467 3406 3520 Deum
3438 3484 3529 3521 su-

1964 3536 2204 3606 premum
2237 3539 2415 3592 mundi
2446 3536 2835 3592 moderatorem
2865 3536 3143 3605 agnoscat,
3169 3537 3291 3590 ideo
3313 3539 3529 3590 modum

1960 3608 2337 3677 recuperanda
2365 3608 2571 3672 salutis,
2603 3608 2717 3663 sive
2763 3619 2815 3677 ut
2865 3608 3040 3659 tniuus
3061 3607 3279 3677 LLatine
3310 3607 3526 3667 dicitur,

1961 3674 2218 3749 sospitatis
2244 3678 2443 3732 obtinet
2481 3694 2493 3728 :
2526 3678 2664 3743 quod
2710 3676 2911 3749 Optime
2956 3674 3254 3749 explicatur
3283 3679 3530 3749 exemplo

1960 3744 2157 3803 fomitis
2188 3764 2202 3800 :
2233 3763 2354 3801 nam
2384 3748 2552 3801 fomes
2571 3755 2654 3800 est
2693 3746 2915 3798 materia
2961 3744 3237 3811 ignescere
3282 3744 3360 3798 sic
3382 3759 3528 3812 apta,

1961 3831 2135 3873 utuna
2161 3822 2278 3885 ejus
2318 3828 2467 3885 parte
2508 3818 2670 3884 ignita
2698 3824 2906 3869 cauerat
2934 3813 3181 3885 facillime
3209 3814 3484 3883 ignescunt
3517 3832 3530 3867 :

1959 3889 2097 3942 sicut
2121 3883 2386 3956 expressit
2412 3883 2599 3950 Virgil.
2634 3885 2820 3945 ιᾹίΞη..
2850 3899 2900 3936 v.
2932 3883 3034 3937 178
3059 3899 3073 3936 :

2081 3982 2150 4029 Ac
2168 3982 2371 4039 primum
2388 3976 2545 4027 silicis
2565 3974 2819 4039 scintillam
2848 3972 3294 4039 excuditAAcbates,

2080 4034 2405 4102 Suscepitque
2423 4042 2595 4102 ignem
2617 4036 2763 4102 foliis,
2787 4034 3083 4102 atq_ue_srids
3106 4036 3291 4102 circum

2081 4095 2384 4151 Nutritiienta
2407 4095 2562 4155 dedit,
2583 4095 2911 4158 rapuitquein
2937 4095 3105 4145 fomite
3128 4096 3383 4143 flammam.

2032 4183 2164 4236 Cum
2189 4181 2350 4234 i:itur
2378 4193 2529 4233 mens
2547 4178 2771 4231 lutmana
2785 4177 2832 4230 al
2856 4192 2957 4244 qua
2981 4177 3319 4231 notionesive
3337 4175 3535 4229 lumine

1963 4252 2172 4315 affecta,
2203 4248 2453 4303 facillime
2483 4248 2646 4313 posisit
2682 4248 2965 4315 pervenire
2988 4260 3092 4299 non
3118 4246 3291 4299 solum
3318 4247 3382 4315 ad
3418 4260 3536 4312 per-

1963 4313 2233 4375 fectiorem
2264 4318 2564 4381 scientiam,
2597 4313 2713 4383 quin
2744 4316 2873 4369 nihil
2898 4314 3138 4368 estaliud
3165 4329 3321 4380 quam
3354 4313 3533 4383 lumen

1964 4389 2204 4444 naturale
2226 4388 2381 4455 paulo
2399 4382 2910 4455 longius’diﬁ'usum,
2936 4398 3119 4437 verum
3148 4385 3310 4436 etiam
3352 4382 3416 4435 ad
3435 4399 3538 4455 _ve-

1964 4463 2198 4521 ritatetn,
2228 4452 2584 4523 virtutemque
2629 4453 2998 4516 excolendam,
3041 4454 3232 4523 in_qu_o
3262 4461 3368 4503 tota
3398 4452 3539 4523 ejus-

1966 4530 2085 4582 dem
2125 4520 2317 4580 tnentis
2346 4520 2591 4578 humana:
2617 4526 2763 4577 salus
2810 4530 3076 4585 versatur,
3105 4520 3306 4573 idcirco
3329 4536 3447 4573 vera
3475 4521 3539 4571 de

1969 4597 2145 4651 mundi
2180 4595 2551 4665 gubernatione
2577 4588 3290 4665 seittentianaturalilumine
3317 4588 3536 4641 fundata

1961 4661 2212 4721 maximus
2232 4672 2303 4718 est
2330 4664 2508 4717 salu'is
2538 4666 2777 4715 humana!
2808 4661 2986 4728 fomes.

2033 4739 2053 4768 ⁸
2076 4735 2156 4789 Ex
2200 4736 2294 4787 hac
2340 4733 2547 4785 minima
2586 4724 2865 4784 scintillula
2906 4727 3073 4781 vitalis
3107 4724 3290 4796 calor.]
3333 4726 3414 4779 Ea:
3447 4728 3540 4778 hoc

1963 4807 2173 4860 minimo
2214 4804 2406 4857 mentis
2452 4816 2554 4855 tute
2601 4801 2790 4852 lumine
2832 4798 3029 4851 veritas
3057 4798 3365 4865 virtusque,
3415 4813 3533 4864 qiuu

1965 4877 2133 4945 prima
2168 4883 2290 4928 sunt
2318 4880 2533 4925 aeterna:
2555 4871 2675 4923 vitai
2705 4868 2928 4923 semina.

2034 4948 2053 4976 "
2086 4944 2211 4997 Eam
2251 4952 2493 4995 mentium
2546 4949 2740 4993 constat
2784 4954 2887 4990 esse
2916 4946 3172 4998 naturam,
3194 4934 3326 5005 δια]
3356 4935 3539 4990 Modus

1968 5016 2108 5069 enim
2147 5018 2259 5067 sive
2300 5013 2540 5075 corporis
2568 5012 2680 5063 sive
2702 5008 2860 5062 etiam
2897 5008 3090 5059 mentis
3140 5022 3243 5058 tton
3276 5006 3379 5060 nisi
3406 5021 3537 5060 con—

1971 5086 2135 5138 trario
2188 5086 2343 5136 utolo
2398 5082 2609 5149 fugatus
2663 5081 3050 5149 ohlitteratur_:
3104 5076 3449 5149 quamobrem
3484 5086 3540 5129 ιιι

1971 5170 2093 5207 vera
2107 5154 2284 5221 opinio
2299 5166 2327 5203 a
2344 5146 2520 5206 metite
2539 5164 2719 5203 nosna
2740 5165 2841 5221 non
2858 5146 3081 5211 recedit,
3104 5149 3201 5198 nisi
3219 5147 3349 5200 falsa
3388 5160 3541 5221 aucu-

1971 5215 2157 5289 dente,
2172 5229 2246 5276 sic
2261 5222 2385 5274 falsa
2403 5222 2653 5289 opinione
2672 5217 2895 5289 receden
2923 5232 2971 5277 c,
2985 5232 3109 5289 ver}
3125 5226 3357 5289 tuentem
3377 5215 3538 5289 subit.

1975 5295 2049 5347 Ea
2070 5285 2245 5345 autem
2267 5302 2351 5345 est
2380 5285 2963 5358 tuierperturbationes
2985 5298 3039 5340 et
3072 5285 3232 5338 falsas
3261 5285 3541 5358 opiniones

1978 5360 2334 5423 necessitudo,
2351 5355 2564 5413 utsicut
2587 5357 2730 5413 falsae
2749 5357 3029 5425 opiniones
3044 5371 3109 5408 ex
3125 5355 3541 5425 perturbatioiti-

1963 5432 2082 5496 bus,
2107 5431 2177 5482 ita
2201 5430 2626 5498 perturbationes
2648 5443 2710 5481 ex
2734 5424 3238 5498 falsisopinioninus
3259 5424 3502 5498 oriantur
3527 5440 3540 5473 :

1965 5493 2243 5571 propterea
2277 5514 2415 5552 nunc
2448 5497 2641 5571 dicitur
2660 5514 2720 5571 ea
2743 5496 2986 5571 mentium
3015 5506 3237 5571 natura,
3267 5504 3320 5546 ut
3345 5493 3541 5562 quoties

1962 5565 2237 5640 objecerint
2268 5585 2428 5640 veras,
2452 5567 2599 5635 falsis
2638 5565 2963 5640 Opinionibus
3008 5565 3307 5640 induantur,
3346 5573 3457 5640 aut,
3486 5573 3538 5615 ut

1963 5634 2055 5694 alii
2082 5643 2278 5709 legunt,
2309 5634 2600 5690 imbuuntur
2623 5652 2642 5689 :
2669 5634 2729 5688 ea:
2762 5636 2939 5709 quibus
2962 5644 3070 5709 orta
3102 5634 3541 5709 perturbationum

1964 5703 2158 5777 caligo:
2185 5709 2509 5775 Quocunque
2530 5705 2896 5777 :IlllelllAmOtIO
2926 5704 3165 5777 oriantur
3190 5703 3542 5773 perturbatio—

1967 5772 2085 5846 nes,
2109 5780 2191 5833 his
2209 5772 2369 5834 incus
2401 5778 2625 5830 humana
2654 5774 2855 5829 utfnudi
2883 5787 2943 5826 ur
2971 5790 2982 5822 ε
3007 5772 3077 5825 ita
3110 5782 3167 5826 ιιι
3194 5772 3363 5831 τεοιθ
3405 5788 3547 5831 tt'tne
