4292 6262
705 406 809 459 655

703 612 850 667 illum
880 614 1157 669 confundit
1192 615 1436 669 intuitum
1478 624 1527 681 ι,
1553 616 1569 646 ί
1600 617 1736 669 hanc
1758 615 2025 683 paulisper
2050 616 2277 681 lenibus,

705 707 1173 778 mediocribusque
1223 708 1248 746 ιι
1294 709 1544 764 fomentis
1597 719 1878 764 attenuare
1933 711 2166 773 tentabo,
2222 721 2283 765 ut

707 797 924 853 dimotis
954 798 1220 853 fallaciam
1252 799 1595 855 aft‘eetionum
1651 801 1907 866 tenebris,
1939 800 2278 870 splendorem

706 901 847 941 verat
875 887 1010 943 lucis
1037 889 1211 957 possis
1230 903 1546 959 agnoscere.

1180 982 1291 1051 88
1322 981 1606 1036 METRUM
1641 986 1657 1005 ‘
1693 980 1798 1037 γιι.

704 1056 1088 1130 Aeculanum.
1107 1088 1174 1099 —-
1208 1059 1275 1113 Ut
1306 1061 1475 1114 lumen
1500 1062 1742 1124 siderum,
1780 1062 2035 1125 nubibus;
2082 1060 2280 1130 perspi-

773 1128 935 1181 cuitas
958 1145 1123 1195 aqute,
1154 1147 1291 1183 caeno
1307 1147 1324 1193 ,'
1343 1140 1389 1183 et
1409 1146 1587 1184 cursus
1612 1132 1857 1198 ﬂuminis,
1880 1148 2004 1199 rupe
2025 1128 2280 1199 opposita:

772 1200 844 1269 sic
868 1200 1092 1269 cognitio
1118 1201 1338 1253 veritatis
1367 1200 1637 1267 inpeditur
1660 1200 2144 1269 perturbationibus,
2168 1213 2281 1266 qua:

770 1268 964 1320 idcirco
986 1270 1255 1335 pellendus.

847 1356 1083 1411 Nubibus
1100 1343 1231 1412 atris

844 1449 1069 1503 Condita
1096 1451 1300 1503 nullum

846 1540 1089 1594 Fundere
1113 1550 1331 1609 possunt

846 1629 1029 1684 Sidera
1064 1630 1260 1684 lumen.

706 1722 740 1776 5
846 1722 957 1791 89
982 1722 1034 1777 Si
1072 1737 1219 1777 mare
1250 1722 1468 1777 volvens

850 1812 1114 1867 Turbidus
1142 1822 1321 1866 auster

1933 412 2040 467 AN.
2072 411 2281 467 MANL.
2319 411 2472 470 SEV.
2520 418 2741 475 BOETII

704 532 808 587 tur,
837 537 899 577 ex
926 522 1115 592 quibus
1153 532 1269 578 orta
1302 523 1760 593 perturbationum
1788 523 1960 593 caligo
1992 524 2071 594 (5)
2093 539 2274 579 verum
2302 533 2357 589 Α

3867 410 3971 470 656

2526 530 2741 585 Misceat
2764 537 2978 597 aestum,

2531 624 2701 677 Vitrea
2732 624 2950 685 dudum,

2528 715 2735 781 Parque
2762 714 2970 768 serenis

2391 808 2458 860 10
2534 805 2682 859 Unda
2708 803 2919 866 diebus,

2527 896 2644 949 Mox
2668 894 2908 949 resoluto

2530 985 2753 1042 Sordida
2781 998 2941 1040 emno

2533 1077 2747 1131 Visibus
2786 1076 2980 1130 obstat.

2532 1168 2742 1235 Quique
2768 1176 2989 1236 vagatur

2397 1260 2462 1313 t3
2534 1257 2794 1311 Montibus
2823 1257 2944 1309 altis

2536 1348 2752 1404 Deﬁuus
2784 1346 2980 1412 amnis,

2533 1442 2688 1507 Saepe
2717 1437 2922 1492 resistit

2532 1530 2683 1598 Rupe
2712 1528 2875 1583 soluti

2531 1618 2713 1686 Objice
2736 1619 2873 1672 saxi.

2389 1712 2457 1765 20
2526 1711 2637 1781 90
2657 1710 2735 1763 Tu
2766 1723 2978 1779 quoque
3006 1708 3052 1764 si
3075 1708 3153 1762 vis

2533 1802 2754 1855 Lumine
2784 1800 2930 1854 claro

2054 1917 2250 1974 INTER
2262 1914 2624 1970 PRETATIO.

785 2046 809 2073 ⁸
830 2035 1033 2089 Mentis.

782 2106 808 2144 ι)
842 2105 1111 2157 Remediis.

779 2180 926 2228 Astra
954 2174 1175 2227 involuta
1202 2175 1414 2241 caliqine
1434 2176 1581 2242 nigra
1608 2182 1855 2240 nequeunt
1894 2172 2088 2225 mittere
2117 2170 2280 2242 ullam

710 2247 888 2300 lucem.
916 2246 975 2298 Si
1000 2256 1168 2297 atstcr
1209 2240 1560 2309 turbulentus,
1607 2260 1808 2296 versans
1852 2258 2076 2311 (equom,
2123 2240 2284 2292 turbet

2282 2028 2352 2097 VB
2381 2027 2639 2097 ﬂuctum,__
2664 2040 2794 2092 aqua
2836 2022 2977 2097 prius
2997 2018 3299 2097 perspicua,
3355 2016 3613 2097 etnsimilis
3646 2015 3758 2097 luci
3783 2032 3959 2097 crium,

2387 2086 2559 2148 statim
2587 2086 2815 2163 disperso
2853 2094 2962 2163 luto
2993 2086 3212 2163 impura.
3244 2088 3454 2163 impedit
3480 2096 3763 2163 aspectum.
3792 2086 3854 2139 Et
3876 2104 3960 2155 qut

2387 2166 2568 2233 ﬂuvius
2599 2157 2836 2216 discurrit
2857 2178 2888 2214 e
2915 2161 3038 2233 locis
3060 2159 3376 2233 sublimibus
3386 2159 3550 2233 [luens
3561 2173 3590 2233 λ
3602 2157 3704 2233 hic
3714 2174 3826 2233 non
3847 2173 3961 2233 raro

2390 2224 2587 2288 sistitur
2610 2234 2819 2302 scopulo
2857 2231 3088 2298 apposito
3126 2228 3309 2280 montis
3350 2227 3520 2296 fracti.
3554 2224 3803 2281 Similiter
3829 2226 3871 2279 si
3908 2238 3961 2279 tu

2231 2370 2454 2427 NOTA‘J.

710 2491 915 2545 dicatur
949 2486 1383 2553 perturbationum
1412 2487 1575 2556 caligo
1616 2500 1786 2539 verum
1827 2488 2005 2539 mentis
2036 2486 2271 2540 intuitum

711 2559 1036 2627 confundere.

781 2624 817 2659 V
856 2627 1006 2680 Hanc
1057 2624 1317 2694 paulisper
1364 2624 1613 2695 lenibus]
1658 2624 1695 2677 E
1734 2634 2021 2679 anescente
2064 2626 2277 2695 quidem

711 2696 1163 2766 perturbationum
1186 2696 1433 2766 caligine,
1456 2711 1579 2750 vera
1611 2697 1697 2748 lux
1716 2696 1914 2766 omenti
1966 2695 2237 2757 afi'ulgebit
2264 2715 2275 2747 :

712 2764 804 2823 sed
835 2777 891 2820 ut
921 2768 971 2819 in
994 2764 1327 2833 corporibus.
1360 2766 1438 2819 sic
1464 2766 1517 2817 in
1562 2765 1830 2818 mentibus
1867 2767 2150 2819 mediocria
2177 2767 2282 2831 pri-

713 2854 878 2895 munt.
904 2836 1097 2887 deinde
1123 2836 1352 2888 ﬁrmiora
1379 2836 1610 2889 remedia
1630 2834 1930 2888 adhibenda
1954 2845 2079 2889 sunt
2105 2854 2116 2886 :
2145 2836 2286 2890 sicut

712 2908 815 2977 iam
845 2907 1040 2959 dictum
1073 2913 1175 2958 est.

784 3015 978 3082 ‘Quod
1028 3015 1093 3068 ab
1150 3016 1334 3069 Adone
1367 3018 1473 3069 ﬁlio
1530 3017 1667 3085 regis
1713 3017 2027 3088 Cypriorum
2068 3028 2286 3073 vocatur

712 3088 988 3141 Adoninm.
1014 3088 1105 3139 Est
1127 3097 1302 3140 autem
1325 3101 1539 3141 carmen
1569 3097 1817 3141 constans
1846 3103 1911 3142 ex
1942 3103 2048 3142 uno
2089 3103 2287 3156 genere

712 3172 987 3220 versuum,
1014 3170 1241 3228 quorum
1299 3157 1523 3225 quilibet
1565 3157 1793 3212 dimeter
1847 3159 2190 3228 componitur
2218 3174 2285 3214 ex

712 3229 926 3297 dactylo
956 3235 1010 3280 et
1037 3224 1296 3293 Spondeo.

785 3318 936 3371 Mens
960 3323 1140 3368 nostra
1169 3318 1447 3369 veritatem
1482 3327 1814 3383 assecutura,
1843 3318 2069 3385 primum
2093 3319 2160 3371 ab
2190 3318 2287 3373 ali-

715 3402 820 3456 quo
850 3384 1015 3456 veluti
1053 3386 1165 3456 sole
1209 3385 1547 3452 informatur,
1600 3403 1821 3441 necesse
1846 3384 1953 3453 est,
2001 3388 2142 3455 quod
2176 3390 2287 3456 ipsa

712 3454 798 3508 sui
826 3454 1039 3507 luminis
1069 3454 1218 3522 origo
1248 3468 1367 3507 esse
1406 3468 1669 3523 nequeat:
1698 3458 1891 3511 deinde
1919 3454 2075 3523 hujus
2116 3454 2286 3510 infor-

714 3524 980 3594 litationis
1019 3524 1205 3594 eadem
1252 3525 1321 3594 sit
1376 3528 1619 3590 proxime
1657 3530 1901 3591 conscia;
1933 3531 2072 3594 quod
2103 3536 2289 3581 auctor

713 3593 870 3662 hujus
901 3591 1293 3665 informationis
1316 3607 1419 3665 non
1448 3594 1695 3665 informet
1726 3596 1824 3648 nisi
1852 3591 2117 3649 monendo
2143 3613 2157 3661 ;
2188 3612 2285 3665 po-

711 3672 933 3733 stremo
964 3664 1077 3733 ipsa
1107 3662 1499 3733 informationis
1546 3665 1811 3717 evidentia
1868 3667 2133 3726 convicta,
2183 3662 2288 3733 quo

710 3742 900 3786 auctor
924 3731 1079 3799 hujus
1128 3731 1341 3785 luminis
1370 3731 1540 3799 ducit,
1572 3748 1635 3786 eo
1666 3734 1878 3801 proprio
1917 3743 2045 3787 nutu
2088 3731 2288 3789 feratur

711 3803 1088 3873 consentiens:
1123 3801 1263 3873 quod
1298 3802 1355 3873 in
1381 3802 1478 3853 hoc
1529 3818 1793 3856 consensu
1845 3812 2089 3873 versetur
2118 3804 2286 3873 ipsius

710 3872 950 3925 veritatis
977 3870 1165 3923 forma.
1202 3870 1359 3936 Atqui
1395 3872 1816 3936 perturbationes
1847 3871 1962 3926 hrec
1986 3870 2161 3927 omnia
2188 3877 2287 3927 im-

711 3940 963 4010 pediunt;
992 3940 1337 4005 sicuttriplici
1369 3944 1621 4006 exemplo
1649 3943 1902 4007 deinceps
1950 3943 2286 3997 demonstra-

712 4011 889 4063 bitur:
913 4011 1255 4079 quamobrem
1288 4020 1433 4063 recte
1462 4011 1731 4064 concludit
1754 4011 2116 4077 Philosophia,
2150 4013 2287 4066 veri-

714 4081 837 4133 tatis
886 4078 1231 4144 aSsequaadte
1283 4094 1475 4142 causa,
1528 4089 1760 4133 mentem
1814 4081 2110 4134 exuendam
2164 4097 2285 4137 esse

712 4149 971 4218 ejusmodi
1008 4147 1511 4215 perturbationibus.

782 4219 832 4271 1.
862 4217 1092 4270 Nubibus
1119 4218 1265 4268 atris.
1292 4217 1311 4286 1
1342 4219 1379 4271 I.
1416 4219 1573 4286 Igitur
1598 4219 1731 4273 sicut
1758 4220 1910 4273 nubes
1929 4228 2052 4273 atra:
2089 4221 2284 4275 coelum

712 4289 855 4342 inter
881 4296 936 4341 et
958 4299 1124 4341 terras
1153 4287 1443 4353 interjccta:
1467 4289 1779 4357 impediunt,
1802 4289 2082 4355 quominus
2106 4292 2284 4345 sidera

712 4372 837 4411 suos
858 4358 1035 4411 radios
1066 4357 1131 4410 ad
1162 4365 1332 4409 terras
1356 4373 1521 4426 usque
1546 4360 1790 4412 emittant
1816 4376 1827 4409 :
1861 4361 2002 4425 quod
2035 4362 2282 4414 nimirum

714 4430 882 4481 nubes
911 4427 1019 4479 illa:
1053 4440 1297 4497 corpora
1341 4428 1446 4479 sint
1492 4442 1676 4496 Opaca,
1734 4440 1958 4497 quorum
1993 4438 2074 4482 est
2105 4431 2283 4484 lumen

712 4502 1015 4550 remittere:
1051 4496 1118 4548 ita
1151 4496 1572 4562 perturbationes
1598 4497 1767 4550 Deum
1800 4500 1939 4551 inter
1967 4511 2019 4553 et
2051 4509 2281 4554 mentem

713 4567 998 4637 humanam
1042 4564 1204 4637 veluti
1259 4566 1553 4637 interjeeta:
1598 4567 1939 4634 impediunt,
1998 4573 2284 4637 quominus

711 4637 869 4690 Pater
898 4636 988 4689 ille
1016 4636 1274 4688 luminum
1304 4635 1442 4688 Deus
1468 4650 1593 4689 suos
1628 4637 1806 4690 radios
1837 4638 1899 4690 ad
1930 4635 2161 4691 mentem
2196 4655 2283 4691 ns-

708 4722 812 4774 que
832 4705 1115 4758 humanam
1129 4706 1367 4758 emittat:
1389 4706 1526 4771 quod
1545 4708 1808 4774 prtedictte
1837 4708 2279 4771 perturbationes,

709 4791 805 4829 ceu
845 4789 1009 4841 opaca
1037 4774 1279 4841 quaedam
1312 4789 1557 4841 corpora,
1592 4777 1761 4828 lucem
1796 4779 2068 4831 caele-teni
2100 4780 2281 4832 remit-

708 4854 843 4898 tant.
879 4844 992 4916 Hue
1029 4844 1213 4898 referri
1248 4852 1422 4916 potest
1467 4845 1606 4912 quod
1663 4846 1857 4899 dicitur
1900 4848 2024 4916 Sap.
2052 4862 2100 4901 ιχ
2129 4865 2141 4898 :
2170 4846 2285 4902 Etsi

708 4916 820 4982 quis
846 4915 938 4965 erit
966 4922 1343 4965 consummatus
1365 4915 1492 4966 inter
1536 4916 1670 4978 ﬁlias
1702 4915 1984 4975 hominum,
2024 4918 2069 4969 si
2100 4918 2160 4969 ab
2192 4918 2283 4971 illo

707 4984 923 5053 abfuerit
939 4982 1187 5053 sapientia
1217 4993 1322 5053 tua,
1354 4984 1407 5033 in
1435 4984 1651 5035 nihilum
1673 4986 2109 5053 computubitur...
2140 4986 2284 5041 Mitte

707 5050 853 5103 illam
882 5051 943 5103 de
969 5050 1106 5123 caelis
1130 5052 1318 5105 sanctis
1347 5054 1445 5104 tuis
1477 5062 1521 5106 et
1552 5070 1583 5105 α
1619 5054 1734 5106 sede
1763 5050 2126 5123 magnitudinis
2159 5067 2278 5120 tum,

707 5132 760 5172 ut
784 5136 977 5173 mecum
993 5121 1057 5174 sit
1082 5131 1127 5174 et
1156 5137 1347 5192 mecum
1368 5123 1579 5183 laboret,
1613 5134 1667 5174 ut
1693 5121 1994 5191 sciantquid
2019 5136 2281 5192 acceptum

706 5194 769 5241 sit
822 5192 962 5256 apud
1001 5200 1114 5244 te...
1154 5191 1279 5253 Quis
1299 5194 1431 5243 enim
1463 5193 1723 5258 hominum
1750 5196 1930 5258 poterit
1959 5195 2089 5248 scire
2117 5191 2285 5248 consi-

709 5263 835 5312 lium
865 5258 1000 5321 Dei;
1037 5269 1121 5311 aut
1164 5259 1278 5327 quis
1316 5263 1499 5328 poterit
1537 5255 1758 5329 cogitare
1803 5264 1922 5324 quid
1964 5265 2077 5316 velit
2107 5265 2284 5317 Deus?

708 5331 1036 5394 cogitationes
1061 5329 1193 5381 enim
1237 5332 1529 5382 mortalium
1578 5332 1769 5384 timida:
1797 5342 1842 5384 et
1883 5335 2281 5401 inccrtteprovi-

709 5402 1139 5473 dentitenostrar:
1167 5414 1348 5468 corpus
1370 5401 1664 5473 enimquod
1693 5404 2055 5472 corrumpitur,
2086 5421 2279 5473 aggra-

710 5481 792 5523 vat
837 5472 1081 5532 animam,
1125 5480 1170 5520 et
1221 5480 1421 5523 terrena
1448 5470 1749 5523 inltabitatio
1796 5470 2035 5525 deorimit
2083 5470 2285 5527 sensum

710 5541 869 5592 multa
898 5540 1221 5609 cogitantem.

781 5611 837 5663 5.
872 5610 931 5661 Si
951 5608 1092 5680 amre
1120 5608 1365 5680 volvens.]
1393 5608 1453 5663 ll.
1474 5608 1622 5664 Sicut
1651 5626 1779 5677 aqua
1799 5611 2019 5675 marina,
2040 5612 2283 5680 priusin-

712 5688 823 5731 star
855 5679 970 5731 vitri
1022 5679 1305 5746 pellucida,
1329 5694 1483 5733 cinno
1515 5692 1693 5745 postea
1728 5682 1896 5733 ventis
1947 5684 2180 5735 resoluto
2212 5684 2281 5735 ita

713 5749 993 5811 surdescit,
1031 5759 1085 5801 ut
1115 5750 1295 5801 lumini
1320 5752 1390 5803 sit
1418 5750 1690 5815 impervia,
1727 5752 2052 5817 proindeque
2104 5753 2279 5804 immi-

714 5827 793 5870 sta
820 5831 1040 5887 corpora
1070 5821 1299 5874 occultet
1326 5836 1339 5871 :
1369 5835 1475 5875 non
1505 5821 1656 5873 aliter
1702 5835 1851 5873 mens
1904 5822 2131 5875 humana
2164 5837 2279 5877 ca:-

2385 2482 2507 2537 lesti
2532 2481 2677 2549 prius
2699 2480 2883 2533 lumini
2918 2478 3280 2543 penetrabilis,
3322 2480 3605 2534 commotis
3628 2480 3962 2549 postmodum

2388 2552 2868 2621 perturbationibus
2898 2550 2964 2602 ita
2998 2552 3334 2621 obscuratur,
3384 2559 3457 2621 ut_
3484 2551 3632 2603 nullo
3668 2566 3726 2602 se
3753 2550 3955 2605 lumine

2386 2618 2563 2675 videat
2589 2621 2853 2687 perfundi,
2882 2630 2935 2674 et
2967 2619 3243 2673 familiaria
3273 2618 3498 2688 proinde
3519 2621 3744 2687 ignoret.

2458 2692 2637 2759 Neque
2669 2704 2792 2743 vero
2820 2689 2913 2742 abs
2939 2704 2996 2742 re
3021 2698 3074 2759 et
3101 2702 3233 2756 aqua
3263 2688 3458 2741 marina
3481 2693 3691 2743 caeteris
3706 2690 3878 2757 aquis,
3908 2698 3961 2742 et

2388 2772 2555 2813 auster
2586 2760 2802 2827 reliquis
2828 2761 3001 2812 ventis
3023 2758 3107 2811 bic
3130 2759 3440 2826 praefertur;
3464 2774 3585 2811 nam
3600 2772 3733 2827 aqua
3762 2761 3959 2811 marina

2387 2842 2443 2884 ut
2474 2841 2596 2897 pote
2620 2846 2737 2897 qua:
2761 2830 2918 2886 salsa,
2946 2839 3143 2881 rectam
3162 2827 3375 2881 luminis
3398 2829 3764 2890 traiectionem
3797 2830 3961 2896 magis

2388 2915 2544 2969 quam
2575 2900 2743 2952 dulcis
2760 2898 3080 2969 aquajuvat,
3110 2899 3321 2969 caeteris
3346 2897 3580 2965 paribus,
3616 2908 3698 2951 est
3729 2913 3960 2965 quacun-

2390 2967 2494 3037 (jue
2520 2970 2623 3021 alia
2654 2982 2788 3035 aqua
2820 2967 3156 3035 pellucidior.
3188 2967 3369 3037 Auster
3412 2981 3539 3021 vero
3571 2980 3756 3020 ventus
3784 2981 3813 3019 a
3846 2983 3963 3019 me-

2392 3036 2524 3091 ridie
2562 3040 2718 3101 ﬂans,
2753 3038 2891 3105 quod
2925 3037 3144 3089 calidior
3165 3036 3254 3099 sit,
3288 3051 3475 3103 aquam
3506 3040 3785 3101 marinam,
3810 3051 3962 3089 com-

2394 3118 2537 3162 moto
2566 3122 2741 3169 caeno,
2772 3107 2936 3174 magis
2965 3106 3175 3174 videtur
3206 3108 3533 3174 perturbare.

2467 3173 3042 3256 t4.__Quiqu_e.va:qatur.
3074 3173 3092 3256 ]
3118 3173 3904 3256 Ill.’Quemadmodumﬁumep
3930 3190 3963 3256 ιι

2320 3239 2366 3302 C
2398 3239 2666 3302 montibus
2700 3239 2828 3299 'altis
2874 3239 3518 3312 praecipitans,’ojtposita
3564 3246 3757 3297 montis
3804 3243 3964 3297 soluti

2394 3333 2526 3384 rupe
2554 3316 2794 3370 sistitur:
2828 3315 2898 3368 ita
2928 3322 3078 3368 meus
3105 3316 3330 3367 humana
3382 3328 3574 3381 magno
3602 3314 3833 3382 quodam
3866 3328 3964 3365 na-

2394 3396 2525 3440 tune
2556 3386 2755 3453 impetu
2786 3386 2850 3437 ad
2891 3385 3253 3437 assensionem
3277 3385 3519 3438 veritatis
3548 3387 3833 3451 propensa,
3865 3398 3957 3449 op-

2392 3457 2559 3524 posita
2590 3454 2986 3522 perturbatione
3015 3455 3331 3524 retardatur.

2464 3526 2558 3578 llic
2573 3520 2747 3575 autem
2762 3524 3122 3590 grammaticis
3135 3521 3407 3575 observari
3434 3531 3653 3588 possunt
3678 3520 3759 3572 Ine
3781 3535 3960 3583 voces,

2388 3597 2574 3657 amnis,
2599 3595 2819 3661 deﬂuus,
2851 3594 2998 3655 obex,
3028 3600 3071 3644 et
3094 3608 3295 3645 saxum.
3332 3593 3390 3644 1ο
3424 3592 3574 3643 Enim
3614 3592 3799 3661 amnis,
3830 3601 3963 3661 teste

2393 3664 2626 3717 Varrone
2655 3660 2705 3714 tv
2732 3663 2799 3716 de
2830 3663 2865 3715 Ι.
2891 3662 2951 3721 l.,
2984 3671 3067 3715 est
3096 3662 3315 3725 ﬁumen,
3347 3661 3488 3727 quod
3517 3662 3707 3714 circuit
3733 3660 3962 3726 aliquid:

2389 3736 2538 3801 quasi
2565 3734 2770 3786 dicatur
2793 3746 2859 3785 ex
2886 3734 3009 3804 ἀμφὶ
3030 3740 3085 3784 et
3103 3732 3320 3804 νέωηνθι
3344 3731 3514 3804 potius
3531 3745 3593 3782 ex
3616 3731 3961 3804 amicircnm,

2389 3800 2443 3856 et
2474 3820 2558 3868 no,
2585 3804 2684 3854 hoc
2717 3811 2801 3855 est
2838 3800 2954 3852 nato
2978 3815 2996 3851 :
3023 3815 3182 3868 quam
3212 3800 3345 3853 forte
3371 3800 3440 3853 ob
3455 3814 3667 3851 causam
3697 3800 3963 3863 Oceanus,

2388 3874 2525 3937 quod
2559 3871 2741 3924 orbem
2769 3871 3314 3930 ambiatuniversum,
3345 3871 3515 3937 poetis
3538 3878 3754 3923 vocatur
3775 3868 3961 3935 amnis.

2390 3943 2479 3995 Sic
2511 3941 2706 3994 Tibull.
2739 3941 2775 3993 I.
2810 3956 2885 4005 ιιι,
2912 3940 2984 3993 el.
3012 3941 3081 3992 (ιε

2512 4030 2617 4077 Jam
2641 4042 2732 4076 nox
2761 4031 3029 4077 :ethereum
3058 4030 3216 4091 nigris
3239 4041 3436 4077 emensa
3456 4032 3710 4091 quadrigis

2574 4092 2819 4149 Mundum,
2846 4091 3056 4138 caaruleo
3078 4089 3266 4138 laverat
3286 4103 3427 4139 amne
3451 4089 3599 4139 rotas.

2386 4173 2453 4225 2°
2486 4172 2699 4241 Deﬂuus
2750 4173 2889 4224 idem
2936 4171 3079 4238 quod
3132 4171 3352 4225 labens:
3401 4173 3756 4241 antiquiorem
3788 4180 3964 4225 tamen

2387 4240 2681 4305 auctorem,
2711 4242 2799 4309 qui
2821 4242 2919 4294 hac
2946 4256 3093 4303 voce,
3117 4242 3341 4309 deﬂuus,
3362 4256 3489 4294 usus
3517 4241 3693 4303 fuerit,
3724 4240 3968 4295 invenire

2393 4328 2499 4432 "02
2532 4313 2672 4433 [amni
2701 4329 2713 4365 :
2745 4313 2883 4364 hanc
2928 4312 3162 4365 excitare
3203 4320 3369 4378 potuit
3418 4310 3607 4378 Virgil.
3640 4325 3694 4363 ιιι
3744 4310 3963 4379 Georg,

2392 4397 2442 4433 ν.
2514 4384 2605 4433 l':

2428 4406 2605 4437 .‘IIUQ

2821 4470 3037 4531 Udisque
3055 4474 3187 4520 aries
3211 4469 3258 4520 iit
3281 4471 3489 4533 gurgite
3505 4471 3636 4521 villis

2516 4533 2771 4593 Mersatttr,
2794 4536 3063 4591 missusque
3081 4533 3297 4581 secundo
3318 4534 3490 4581 deﬂuit
3507 4534 3652 4581 amni.

2314 4592 2362 4652 θ
2391 4616 2446 4669 5⁸
2481 4592 2829 4669 Obexdicitnr
2854 4618 2920 4668 ab
2946 4617 3252 4684 obiiciendo,
3281 4618 3402 4684 quia
3425 4618 3619 4670 foribus
3647 4614 3965 4683 objiciatur:

2397 4686 2520 4739 hinc
2549 4688 2685 4754 apud
2719 4694 2899 4752 poetas
2920 4688 3114 4754 Μυρίνης
3142 4686 3392 4739 scribitur
3433 4687 3614 4755 objice,
3645 4696 3720 4747 et,
3762 4695 3964 4738 mutata

2394 4756 2707 4825 etianthltac
2745 4766 3027 4825 St‘l‘lpltlra,
3086 4758 3255 4823 prima
3291 4754 3497 4824 syllaba
3539 4754 3872 4825 pro‘ducitnr,
3907 4764 3965 4807 ut

2393 4826 2531 4891 apud
2570 4824 2748 4890 Virgil.
2776 4840 2826 4878 tv
2848 4824 3066 4892 Georg.,
3099 4841 3152 4878 v.
3185 4825 3325 4878 s22:

2515 4914 2649 4963 Intus
2670 4928 2725 4964 se
2752 4918 2871 4965 vasti
2898 4915 3103 4965 Proteus
3127 4917 3251 4976 tegit
3268 4916 3414 4965 obice
3437 4916 3561 4963 saxi.

2394 4999 2458 5052 Et
2479 4998 2757 5052 Claudian.
2789 4998 2825 5051 Ι.
2856 5013 2871 5050 ι
2903 4998 2970 5052 de
3002 4998 3173 5067 Raptn
3217 4997 3549 5065 Proserpinae
3577 5013 3590 5049 :

2512 5088 2632 5137 Sive
2649 5088 2776 5148 quod
2801 5088 3018 5135 obicibus
3034 5087 3318 5135 discurrens
3340 5093 3517 5136 ventus
3534 5087 3737 5149 apertis.

2384 5165 2449 5218 4ο
2482 5166 2680 5305 §3;:‘um
2735 5168 2819 5222 hic
2873 5177 3105 5223 montem
3152 5168 3419 5238 signiﬁcat
3468 5186 3481 5219 :
3538 5178 3595 5221 ut
3640 5182 3675 5219 ιι
3719 5164 3963 5229 ΛΕιιθὶιΙη

2385 5251 2436 5289 v.
2483 5256 2517 5289 θ
2610 5255 2624 5292 :

2385 5251 2436 5289 ν.
2483 5251 2624 5292 DUM!

2508 5330 2769 5389 Accipiens
2792 5331 3002 5377 sonitum
3025 5332 3130 5378 saxi
3154 5331 3215 5378 de
3240 5333 3425 5379 vertice
3448 5337 3628 5391 pastor.

2456 5410 2545 5480 20.
2578 5408 2653 5461 Tu
2676 5425 2872 5476 quoque
2898 5411 2941 5462 si
2963 5411 3053 5463 vis.
3086 5409 3103 5480 ]
3133 5409 3261 5462 Cum
3297 5426 3425 5477 ergo
3454 5411 3720 5478 prtedictzn
3751 5418 3966 5480 pertur-

2394 5478 2637 5531 bttiones
2670 5488 2870 5531 tantum
2902 5480 3004 5532 sint
3035 5478 3469 5543 impedimentum
3500 5488 3557 5531 ut
3591 5480 3747 5531 clarae
3776 5478 3938 5529 distin

2389 5558 2595 5612 eiusque
2610 5549 2947 5613 cognitionis,
2963 5551 3039 5602 sic
3050 5549 3206 5602 etiam
3228 5564 3367 5602 vera:
3384 5549 3663 5602 sententia:
3677 5545 3959 5599 habendae-

2389 5617 2433 5668 si
2464 5618 2645 5684 cupias
2678 5627 2732 5669 ct
2758 5618 2987 5671 evidenti
3020 5618 3326 5685 cognitione
3358 5622 3632 5671 veritatem
3664 5616 3966 5683 percipere.

2388 5696 2440 5739 et
2466 5704 2569 5754 quo
2594 5687 2857 5740 evidentia
2902 5690 2986 5741 illa
3035 5698 3176 5741 recta
3223 5688 3416 5741 ducere
3454 5696 3649 5755 potest,
3679 5685 3970 5753 judicando

2387 5758 2561 5824 sequi,
2614 5767 2665 5809 tu
2712 5767 2941 5810 mentem
2984 5758 3305 5825 prmjttdiciis
3349 5758 3427 5809 sic
3476 5772 3631 5824 exue,
3686 5765 3740 5807 nt
3773 5768 3970 5825 Διιριιιιιι

2386 5823 2599 5893 gaudio,
2660 5843 2831 5895 neque
2881 5823 3101 5894 timere,
3142 5842 3312 5896 neque
3366 5841 3483 5897 spc,
3544 5823 3716 5895 neque
3753 5823 3963 5886 dolore,
