4254 6250
711 294 750 352 θ’
752 297 818 354 59

1940 291 2047 344 AN.
2087 288 2289 343 MANL.
2329 288 2480 344 SEV.
2510 288 2724 343 BUETII

3855 291 3961 345 660

717 388 1030 447 tntolerabili
1060 387 1247 444 dolore
1274 386 1583 451 confundat,
1614 400 1749 454 quos
1794 393 1821 421 δ
1861 384 2123 451 insperata
2156 382 2284 437 reli-
2317 384 2367 442 Α
2394 392 2450 433 ιιι
2477 397 2695 449 quoque
2734 380 3004 450 paulisper
3034 380 3113 451 (5)
3154 396 3182 433 a
3216 389 3303 436 tua
3345 381 3725 451 tranquillitate
3762 381 3967 438 disces-

715 480 903 548 querit.
928 479 1091 549 Cujus
1115 480 1157 534 si
1191 481 1207 510 ⁸
1241 487 1504 539 naturam,
1537 491 1737 541 mores,
1760 490 1821 528 ac
1852 476 2095 528 meritum
2127 476 2287 527 remi-

715 571 942 636 uiscare,
971 585 1070 624 nec
1110 569 1363 623 habuisse
1403 576 1454 623 te
1508 568 1558 621 in
1591 582 1650 621 ea
1698 564 1727 603 δ
1759 566 2037 633 pulchrum
2065 564 2284 633 aliquid.

715 678 813 717 nec
839 663 1086 717 amisisse
1118 676 1430 731 cognosces.
1451 659 1579 726 Sed,
1609 666 1667 713 nt
1695 658 1945 721 arbitror,
1975 655 2115 709 haud
2155 656 2288 707 mul-

714 762 823 807 tum
874 753 965 807 tibi
1011 753 1126 805 haec
1172 751 1224 804 in
1264 751 1574 803 memoriam
1614 762 1865 803 revocare
1906 745 2282 799 laboraverim.

713 843 818 913 93
850 840 1070 897 Solebas
1096 841 1236 894 enim
1277 848 1592 909 praesentem
1619 853 1858 907 quoque,
1891 835 2284 891 blandientem-

713 949 817 1003 que
864 942 887 971 ο
919 930 1157 987 virilibus
1195 929 1223 968 ά
1257 931 1528 985 incessere
1569 930 1766 995 verbis,
1812 942 2038 994 eamque
2087 927 2108 957 ²
2142 934 2165 963 ε
2216 925 2284 979 de

714 1031 901 1079 nostro
930 1022 1090 1092 adyto
1116 1022 1340 1093 prolatis
1371 1019 1697 1076 insectabare
1725 1017 2027 1073 sententiis.
2086 1015 2283 1071 Verum

716 1113 941 1169 ’omnis
994 1114 1167 1168 subita
1220 1113 1445 1167 mutatio
1498 1126 1696 1173 rerum,
1743 1125 1847 1163 non
1894 1108 2010 1161 sine
2050 1104 2282 1176 quodam

714 1206 865 1275 quasi
896 1205 1058 1261 ﬂuctu
1103 1204 1362 1274 contingit
1388 1204 1710 1259 animorum.
1738 1203 1829 1258 Sic
1860 1201 2051 1255 factum
2092 1207 2196 1263 est,
2226 1205 2286 1251 ut

2392 473 2549 527 seris.
2576 472 2680 528 Sed
2710 471 2731 501 ⁸
2757 480 2966 539 tempus
2992 478 3093 537 est,
3119 470 3334 526 haurire
3366 469 3385 507 τ
3414 479 3466 525 te
3487 471 3686 542 aliquid
3712 486 3775 526 ac
3802 473 3967 541 degu-

2392 571 2536 616 stare
2582 562 2763 627 molle,
2820 572 2980 630 atque
3019 560 3335 629 jucundum,
3374 560 3515 630 quod
3561 562 3628 616 ad
3659 562 3911 616 interiora
3938 573 3963 610 ι

2393 652 2784 715 transmissum,
2813 651 3159 705 validioribus
3199 651 3475 706 haustibus
3511 649 3543 689 ι
3584 653 3721 706 viam
3756 653 3962 709 fecerit.

2391 742 2550 797 Adsit
2573 742 2732 811 igitur
2760 741 3040 795 rhetorica:
3076 741 3293 797 suadela
3332 742 3647 808 dulcedinis,
3692 760 3814 812 qua:
3855 756 3965 800 tum

2395 840 2597 886 tantum
2649 831 2672 868 ι
2700 842 2844 885 recto
2871 831 3007 885 calle
3037 831 3294 899 procedit,
3344 846 3465 886 cum
3514 844 3695 886 nostra
3726 834 3965 888 instituta

2390 926 2404 973 l
2446 937 2549 977 non
2572 921 2799 986 deserit;
2829 935 3058 990 cumque
3090 921 3188 976 hac
3214 919 3239 959 ἰ
3270 920 3583 987 κυαθίς-ξιιμ
3612 923 3763 978 Laris
3799 925 3968 979 nostri

2386 1011 2625 1075 vernula,
2658 1009 2771 1079 (10)
2820 1025 2960 1065 nunc
2983 1011 3230 1076 leviores,
3250 1026 3393 1067 nunc
3411 1013 3685 1079 graviores
3722 1022 3749 1049 ιι
3777 1014 3969 1070 modos

2387 1104 2643 1159 succinat.
2674 1101 2786 1175 95
2809 1102 2945 1169 Quid
2974 1111 3057 1157 est
3084 1102 3239 1172 igitur
3269 1103 3290 1135 ⁵
3318 1117 3353 1158 o
3394 1104 3577 1170 homo,
3616 1105 3762 1173 quod
3813 1114 3869 1158 te
3916 1106 3970 1160 in

2387 1196 2694 1251 nunstitiam
2736 1197 3044 1265 luctumque
3088 1194 3321 1264 deiecit?
3352 1195 3374 1227 ⁶
3400 1210 3600 1251 novum
3626 1204 3651 1232 ο
3683 1195 3847 1252 credo
3876 1197 3971 1251 ali-

2057 1308 2624 1366 INTERPRETATIO.

787 1420 812 1447 η
848 1411 923 1463 Ex
948 1412 1209 1477 inopinato

788 1482 813 1518 δ
843 1480 1085 1534 Grande.

791 1560 814 1586 ο
845 1549 1127 1604 Generosis.

790 1620 814 1655 ά
851 1620 1253 1683 flepreltendere.

795 1699 819 1724 °
847 1688 1239 1756 Philosophicis.

798 1759 817 1796 ί
850 1761 1062 1813 Animo.

795 1839 820 1875 π
850 1831 1060 1884 Mentis.

794 1898 819 1934 ‘I
854 1899 1124 1956 lientediis.

2472 1402 2489 1439 λ
2530 1403 2676 1455 Recte
2696 1402 2912 1454 disserit.

2472 1475 2486 1520 l
2532 1471 2908 1533 f’ltilosophica.

2470 1542 2489 1578 Ρ
2530 1542 2817 1595 Rhetorica.

2476 1612 2489 1649 ἒ
2526 1614 2619 1663 Ars
2656 1608 2989 1678 componendi
3019 1608 3327 1672 canendique.
3351 1610 3609 1663 carminis.

2469 1692 2506 1718 ω
2533 1678 2843 1748 Mancipium
2870 1678 3227 1745 philosOphite.

2472 1762 2494 1786 ³·
2529 1750 2767 1802 Carmina
2802 1758 2985 1801 cantet.

2471 1832 2494 1855 υ
2532 1817 2699 1872 Forte.

2229 1978 2434 2036 NOTAE
2445 2016 2457 2030 .

725 2100 1019 2153 addendum
1048 2108 1327 2166 putamus:
1360 2102 1437 2154 sic
1464 2099 1603 2154 enim
1633 2099 1779 2152 reddi
1804 2105 2015 2165 potest:
2046 2096 2286 2164 Intelligo
2319 2095 2365 2153 B

724 2172 942 2235 fortuna:
967 2174 1133 2238 fucos,
1175 2180 1220 2222 et
1257 2170 1655 2239 familiaritatem
1679 2184 1793 2239 cum
1818 2168 1881 2222 iis
1919 2183 2044 2239 quos
2062 2168 2285 2239 eludere

724 2242 918 2303 nititur,
961 2255 1018 2291 eo
1062 2255 1216 2307 usque
1259 2237 1664 2301 blandissimum,
1715 2237 1861 2299 dum,
1904 2237 2009 2293 etc.
2058 2237 2286 2289 Blandus

724 2319 901 2363 autem
934 2309 1021 2362 ille
1044 2308 1236 2361 dicitur
1262 2310 1349 2376 qni
1370 2307 1639 2370 suavibus,
1670 2310 1761 2360 sed
1795 2307 2091 2370 fallacibus,
2124 2314 2288 2376 utitur

726 2379 945 2432 verbis:
979 2393 1083 2445 quo
1140 2380 1352 2431 nomine
1400 2378 1601 2430 nullum
1642 2378 1818 2444 aptius
1870 2378 2067 2442 imponi
2122 2375 2289 2444 potuit

727 2449 974 2510 fortunae,
1031 2448 1226 2514 quippe
1268 2462 1389 2513 qua:
1440 2447 1484 2500 si
1533 2463 1635 2499 non
1667 2447 1865 2511 verbis,
1908 2449 2102 2501 saltem
2141 2446 2290 2497 lactis

727 2533 832 2569 non
860 2518 1035 2568 minus
1074 2518 1346 2569 lallacibus
1397 2531 1554 2583 quam
1588 2518 1838 2568 suavibus
1876 2521 1951 2570 uti
1980 2518 2288 2569 consuevit:

728 2597 784 2637 ιιι
830 2586 1136 2639 intolerabili
1176 2586 1350 2640 dolore
1397 2585 1699 2652 confundat,
1725 2602 1851 2653 quos
1892 2588 2148 2655 insperata
2182 2586 2302 2639 reli-

728 2666 907 2714 auerti.
1006 2704 1027 2715 ,

806 2726 821 2756 ⁸
854 2724 1131 2793 Naturam,
1163 2742 1324 2778 mores
1344 2742 1404 2779 ae
1432 2724 1727 2796 meritum]
1758 2725 2097 2796 PhiIOSOpltia
2127 2724 2301 2779 adhuc

732 2796 964 2860 loquitur
1019 2796 1086 2849 de
1139 2796 1367 2859 fortuna,
1417 2794 1751 2849 ethnicorum
1806 2812 1980 2857 more,
2021 2794 2181 2848 veluti
2233 2795 2301 2848 de

731 2865 957 2933 quodam
1005 2867 1256 2919 numine:
1291 2866 1429 2919 unde
1473 2864 1913 2932 quemadmodum
1966 2865 2032 2916 de
2072 2865 2301 2932 quadam

732 2942 908 2988 tuente
947 2934 1175 2999 diceret,
1224 2938 1301 2989 sic
1340 2935 1407 2988 de
1454 2938 1659 2986 fortuna
1697 2949 1835 2987 nunc
1864 2935 1991 2987 dicit
2038 2946 2295 2997 nalurum,

733 3019 895 3055 mores
936 3015 983 3055 et
1022 3020 1071 3056 nt
1101 3006 1274 3058 rirum.
1313 3004 1511 3056 Naturt
1552 3003 1706 3071 hujus
1752 3002 1871 3056 falsi
1899 3004 2130 3056 numinis
2158 3015 2303 3057 esset

736 3086 822 3126 res
866 3075 1204 3139 cogitationis
1243 3076 1549 3142 particeps;
1583 3087 1745 3125 mores
1791 3074 2053 3142 ejusdem,
2114 3076 2303 3126 modus

735 3142 1032 3209 cogitandi;
1066 3147 1296 3195 meritum
1320 3144 1571 3212 denique,
1604 3143 1798 3212 bonum
1821 3144 1903 3196 vel
1945 3146 2138 3195 malum
2165 3144 2304 3211 quod

735 3212 802 3265 ab
816 3211 916 3265 hoc
930 3216 1148 3267 numine
1167 3216 1236 3267 sit
1260 3230 1272 3265 :
1291 3230 1446 3281 quem
1468 3211 1610 3265 enim
1626 3211 1832 3266 fortuna
1852 3213 2007 3281 erigit
2029 3228 2304 3281 prospera,

737 3281 979 3335 eumdem
1008 3281 1229 3337 adversa
1255 3282 1525 3350 deprimit.

810 3352 829 3380 ³
862 3350 938 3403 De
982 3361 1154 3403 nostro
1204 3356 1361 3420 adyto
1403 3350 1683 3422 prolatis.]
1717 3351 1770 3405 Id
1816 3361 1897 3405 est
1921 3352 2303 3421 philosophicis.

740 3420 966 3489 Adytntn
989 3423 1129 3472 enim
1154 3431 1236 3472 est
1272 3420 1426 3474 sacer
1455 3421 1600 3472 locus
1638 3420 1742 3488 quo
1772 3421 1929 3484 nulli,
1957 3420 2307 3488 praeterquam

740 3489 1025 3550 sacerdoti,
1055 3491 1201 3542 adire
1237 3488 1312 3543 l‘as
1342 3500 1451 3543 est:
1478 3492 1689 3557 adytum
1716 3491 1912 3558 quippe
1938 3506 2128 3543 nomen
2161 3492 2310 3544 Cra--

740 3574 860 3609 t-utn
886 3561 954 3609 ah
981 3575 1013 3609 a
1056 3560 1194 3626 quod
1228 3570 1416 3613 vocant
1467 3562 1763 3625 privativum
1815 3573 1869 3612 et
1908 3559 2032 3622 83w,
2061 3563 2195 3628 quod
2229 3570 2310 3615 est

741 3628 1015 3699 ingredior,
1047 3638 1219 3699 ortum
1252 3646 1263 3680 :
1297 3630 1637 3697 quamobrem
1664 3630 1860 3699 ethnici
1894 3632 2064 3683 locum
2112 3646 2175 3683 ex
2206 3645 2312 3699 quo

741 3698 956 3766 oracula
1011 3697 1403 3763 reddebantur,
1458 3702 1721 3753 vocabant
1773 3698 1957 3755 ἄδυτον
1999 3719 2012 3752 :
2066 3700 2193 3754 rEn.
2224 3697 2309 3766 VII,

743 3781 793 3817 v.
826 3764 958 3819 1142

863 3864 1097 3927 Suspensi
1118 3865 1398 3927 Eurypilum
1418 3869 1641 3916 scitatum
1664 3869 1851 3917 oracula
1880 3870 2053 3920 Phaabi

864 3926 1095 3975 Mittimus
1119 3941 1132 3980 :
1154 3926 1293 3987 isque
1316 3929 1470 3989 adytis
1494 3930 1595 3978 haec
1618 3932 1770 3979 tristia
1791 3931 1919 3980 dicta
1939 3938 2156 3993 reportat

744 4031 873 4084 Cum
902 4031 1060 4106 igitur
1076 4046 1229 4084 suum
1261 4031 1467 4106 dicatur
1492 4048 1613 4088 esse
1645 4036 2002 4106 Philosophia:
2032 4038 2305 4106 templum,

743 4116 837 4151 sua
860 4103 1103 4165 oracula;
1131 4116 1285 4154 suum
1316 4102 1473 4155 etiam
1525 4106 1629 4177 erit
1675 4102 2029 4175 Philosophiae
2073 4102 2306 4177 ady'um,

743 4185 809 4243 ex
829 4184 934 4236 quo
975 4184 1097 4243 suas
1128 4181 1420 4225 sententias
1463 4175 1696 4239 proferat
1739 4193 1750 4226 :
1797 4178 1990 4243 quinus
2027 4175 2308 4232 sententiis

746 4240 999 4302 licetius,
1055 4241 1178 4293 dum
1231 4243 1637 4308 prosperitatem
1690 4240 1939 4309 haberet,
1993 4257 2306 4301 caeterorum

742 4317 1015 4385 oratorum
1039 4325 1209 4375 more,
1236 4312 1308 4363 uti
1334 4314 1527 4364 solebat
1554 4313 1621 4366 ad
1639 4313 1985 4369 incessendum
2015 4330 2309 4385 prtcsentem

742 4378 1176 4447 blandientemque
1208 4384 1484 4447 fortunam.

816 4446 837 4477 ⁸
870 4447 1063 4521 Omnis
1090 4446 1252 4511 subita
1300 4452 1532 4517 mutatio,
1562 4451 1693 4521 etc.]
1725 4453 1788 4507 Μη
1810 4469 1872 4507 Its
1909 4456 2135 4509 humana
2168 4466 2310 4512 tanta

746 4518 1138 4595 necessitudine
1189 4523 1469 4595 conjuncta
1524 4532 1623 4585 est,
1680 4518 1906 4595 primum
1937 4527 2149 4595 quidetn
2189 4544 2310 4581 cum

750 4588 979 4662 humano
1007 4600 1250 4662 corpore,
1275 4590 1469 4644 deinde
1495 4605 1616 4644 cum
1659 4588 1818 4648 rebus
1857 4588 2115 4662 externis,
2143 4597 2223 4651 his
2257 4608 2313 4650 ιιι

746 4659 965 4732 inuitatis
1018 4656 1103 4711 illa
1160 4667 1390 4732 mutetur
1429 4662 1743 4732 cegnando:
1791 4662 1867 4717 sic
1920 4656 2141 4732 corpore
2173 4668 2391 4729 maleD

743 4725 1127 4800 alfectoumeus
1183 4730 1363 4800 dolet;
1422 4725 1519 4783 sic'
1546 4746 1649 4784 non
1704 4735 1822 4786 siue
1869 4725 2093 4800 quadam
2143 4738 2304 4790 animi

742 4797 1055 4873 aegritudine
1079 4799 1357 4852 avellimur
1387 4814 1416 4851 a
1451 4803 1637 4873 patria,
1662 4804 1730 4853 ab
1759 4797 1962 4873 amicis,
1993 4808 2061 4860 ab
2082 4807 2304 4873 opibus;

744 4878 902 4945 atque
929 4866 1039 4920 haec
1058 4874 1276 4945 mutatio
1296 4866 1619 4945 tatttoinagis
1637 4872 1907 4945 aent‘itur,
1923 4866 2131 4941 quintu'
2144 4866 2311 4945 magis

744 4936 961 5015 subita:
988 4951 1131 5002 nam,
1152 4947 1208 4990 ut
1227 4938 1299 5015 ait
1327 4936 1615 5007 S.Greg6r.
1636 4941 1817 5015 homil.
1842 4936 2312 5015 35,'minusjacu'la

745 5009 931 5068 {ei-iant
960 5021 1071 5071 quae
1107 5009 1443 5085 prtevidentur
1473 5025 1493 5061 :
1520 5010 1731 5077 gravius
1761 5022 1918 5066 nocet
1960 5009 2313 5085 quodcunque

746 5086 1077 5138 inexpertum
1105 5077 1341 5129 accidit.-

818 5139 838 5168 ⁸
869 5140 1087 5222 Tempus
1126 5144 1258 5222 esu]
1293 5147 1606 5222 Continuata
1635 5165 1719 5212 ea,
1762 5167 1920 5219 quam
1971 5152 2310 5222 Philosophia

743 5224 903 5290 supra
932 5211 1193 5280 adhibuit,
1218 5211 1636 5290 comparatione,
1667 5211 2037 5290 aeo'rporibus
2080 5211 2218 5279 notis
2245 5227 2311 5279 ad

743 5288 952 5363 mentes
982 5286 1377 5363 cognoscendas
1406 5290 1592 5363 eadem
1634 5286 1973 5360 Philosophia
2027 5310 2166 5348 nunc
2197 5311 2312 5363 pro-

742 5350 1002 5431 greditur.
1056 5350 1285 5431 ZSciIicet
1333 5359 1778 5431 quemadmodum
1845 5350 2032 5431 gnsuts
2079 5350 2306 5431 organa,

742 5422 947 5500 haustus
998 5422 1221 5501 primu-tn
1275 5422 1601 5482 tenuioribus
1651 5422 2088 5501 tttullitiﬁbuStjue
2140 5422 2304 5499 cibis,

741 5492 859 5573 ipso
885 5508 983 5573 usu
1026 5492 1098 5573 ita
1127 5496 1498 5573 disponuntur,
1533 5501 1952 5573 ut‘gravioribus
1980 5492 2160 5571 postea
2196 5492 2305 5558 ius;

741 5563 978 5643 ttnendis
1027 5563 1154 5616 tiant
1196 5574 1339 5633 apta,
1362 5564 1511 5634 juxta
1549 5563 1676 5623 illud
1708 5563 1993 5636 Martialis;
2036 5575 2306 5644 Ep‘gram.

741 5632 781 5682 l.
815 5645 868 5687 ν.
896 5647 1062 5687 eutar.
1094 5634 1191 5687 77:

765 5664 781 5681 .
815 5645 868 5694 v,
896 5647 1062 5701 epigr.
1095 5645 1191 5687 77:

866 5722 1077 5777 Profecit
1102 5736 1212 5789 poto
1233 5728 1540 5780 Mithridates
1558 5745 1689 5795 smpe
1708 5748 1911 5800 veneno,

2574 2127 2757 2175 Toxica
2776 2138 2843 2175 ne
2864 2131 3061 2186 possent
3083 2137 3208 2174 saeva
3232 2138 3411 2175 nocere
3429 2126 3542 2177 sibi.

2511 2188 2808 2251 Tngquoque
2833 2188 3007 2235 cavisti
3029 2188 3262 2251 manando
3285 2194 3381 2236 tam
3398 2187 3525 2251 male
3547 2199 3760 2251 semper,

2570 2249 2645 2297 Ne
2671 2260 2838 2310 posses
2857 2261 3088 2309 unquam,
3112 2248 3281 2305 Cinna,
3311 2250 3472 2307 perire
3491 2247 3634 2297 fame.

2390 2335 2480 2389 Sic
2522 2346 2676 2385 mens
2729 2331 2958 2384 humana
2989 2329 3088 2382 and
3115 2330 3183 2382 tis
3230 2331 3458 2394 primum
3497 2330 3784 2384 !evioribus
3817 2346 3948 2397 argu

2396 2402 2615 2465 mentis,
2641 2400 2815 2469 aptior
2843 2399 3083 2452 redditur
3098 2400 3161 2452 ad
3187 2399 3523 2467 percipienda
3544 2401 3783 2468 graviora
3817 2416 3949 2470 argu

2402 2481 2618 2531 menta,
2674 2470 2867 2539 quibus
2917 2470 3304 2539 aberroribus
3354 2470 3467 2523 suis
3520 2470 3687 2537 possit
3734 2470 3953 2526 liberari

2408 2538 3051 2610 Propterea'Philosophia
3077 2538 3319 2610 ﬁrmiora
3359 2539 3616 2610 deinceps
3658 2550 3971 2605 argumenta

2407 2608 2746 2679 propositum
2800 2624 2939 2661 nunc
2988 2608 3226 2674 incipita
3271 2608 3580 2679 levioribus,
3632 2623 3767 2679 quas
3800 2610 3973 2679 soluta

2410 2677 2620 2748 partim,
2655 2679 2954 2746 partimque
2979 2681 3161 2748 Stricta
3207 2678 3447 2731 oratione
3483 2679 3717 2747 exponit.
3751 2677 3973 2733 Leviora

2410 2747 2727 2803 imtembmc
2756 2757 3064 2815 argumenta
3094 2747 3223 2801 dicit
3257 2760 3376 2799 eSse
3428 2754 3482 2801 et
3524 2748 3747 2800 suadelte
3774 2756 3827 2802 et
3860 2754 3973 2802 rIte~

2409 2820 2580 2871 10rij
2612 2818 2893 2871 dulcedinis
2926 2831 2945 2870 :
2995 2818 3215 2869 suadela:
3260 2817 3473 2883 quidem
3515 2831 3529 2869 :
3582 2817 3791 2870 suadela
3836 2820 3974 2872 enim

2411 2892 2524 2942 sive
2548 2889 2707 2942 suada
2730 2894 2813 2941 est
2842 2887 3008 2954 virtus
3027 2887 3406 2953 persuasionis,
3434 2902 3551 2954 quae
3574 2886 3805 2954 antiquis
3826 2887 3977 2943 dice-

2408 2959 2561 3011 batur
2586 2958 2729 3010 Dea:
2763 2956 2885 3009 hinc
2923 2953 3122 3008 Graecis
3151 2965 3367 3008 vocatur
3415 2953 3596 3017 πὶιθὼ,
3630 2956 3680 3007 id
3707 2953 3813 3008 est
3856 2973 3976 3024 per-

2405 3028 2614 3086 suasio:
2643 3026 2908 3079 rhetorica
2934 3040 3060 3077 vero
3089 3023 3371 3077 dulcedinis
3404 3028 3572 3090 :‘quia
3617 3024 3879 3087 rhetores,
3917 3037 3976 3080 nt

2410 3105 2531 3161 pote
2559 3096 2648 3164 qui
2671 3095 2828 3149 latius
2861 3097 3141 3163 loquuntur
3161 3094 3224 3146 ad
3248 3094 3531 3147 discrimen
3554 3094 3978 3164 dialecticorum,

2407 3168 2498 3233 qui
2551 3163 2927 3231 cotnpres~ins,
2974 3164 3266 3233 prtesertim
3327 3164 3537 3226 [lacere
3580 3163 3795 3216 student
3835 3181 3847 3215 :
3881 3181 3979 3220 nec

2414 3232 2770 3303 persuadent,
2814 3233 2913 3285 nisi
2960 3232 3101 3285 clara
3135 3232 3493 3303 distinctaque
3530 3233 3769 3293 notione,
3816 3249 3979 3300 quam

2414 3302 2792 3370 philosopha-is
2816 3304 3093 3369 prmceptis
3108 3311 3376 3369 acceptant
3401 3302 3711 3365 referimus,
3730 3312 3980 3359 utantur:

2334 3378 2380 3438 ο
2415 3376 2535 3427 hinc
2565 3374 2772 3427 Tullius
2800 3372 2876 3427 ait
2915 3372 3021 3425 sine
3047 3371 3366 3439 philosOphia
3396 3388 3495 3424 non
3536 3387 3680 3438 posse
3705 3371 3816 3439 ﬁeri
3839 3389 3977 3431 eum.

2411 3460 2555 3510 quem
2583 3443 2877 3512 quiet-imus,
2927 3442 3276 3512 eloquentem:
3329 3441 3453 3494 hinc
3481 3444 3594 3508 ipsa
3638 3442 3982 3512 Philosophia

2416 3509 2555 3567 nunc
2577 3509 2788 3571 asserit.
2818 3509 3085 3563 suadelam
3117 3520 3222 3562 tum
3253 3520 3452 3563 tantum
3481 3521 3615 3563 recto
3640 3509 3767 3563 calle
3797 3509 3982 3579 proce-

2413 3586 2549 3645 dere,
2584 3598 2699 3634 cum
2727 3580 3089 3651 philosophica
3114 3581 3345 3651 instituta
3370 3596 3469 3633 non
3500 3582 3703 3633 deserit.
3746 3582 3983 3651 Denique

2413 3654 2552 3719 quod
2582 3648 2917 3717 Philosophia
2950 3648 3215 3703 rhetorica
3246 3650 3360 3703 hzec
3402 3660 3709 3719 argumenta
3734 3648 3980 3718 proposi-

2416 3717 2528 3775 t‘ura
2553 3723 2621 3775 sit
2648 3721 2831 3774 stricta
2847 3718 3108 3788 oratione,
3136 3719 3334 3772 idcirco
3355 3721 3549 3771 musica
3577 3717 3724 3772 Laris
3750 3719 3982 3787 philoso-

2423 3789 2559 3853 phici
2605 3790 2813 3841 vernula
2850 3790 3024 3842 modos
3069 3789 3327 3852 succinat,
3378 3804 3598 3842 necesse
3634 3799 3735 3841 est.
3783 3789 3981 3846 Musica

2420 3860 2559 3912 enim
2590 3868 2671 3912 est
2707 3874 2795 3912 ars
2823 3873 2927 3911 non
2958 3858 3129 3911 solum
3157 3856 3404 3919 canendi,
3454 3858 3547 3911 sed
3578 3858 3733 3910 etiam
3764 3872 3982 3927 campo.

2422 3928 2578 3982 nendi
2609 3929 2894 3981 carminis:
2922 3928 3115 3980 musica
3138 3928 3334 3995 quippe
3362 3940 3465 3979 non
3489 3941 3644 3980 secus
3667 3940 3729 3979 ac
3750 3943 3981 3982 muscum

2418 3998 2612 4051 dicitur
2641 4011 2671 4050 a
2716 3997 2912 4057 musis;
2968 4005 3025 4048 at
3067 3997 3269 4049 musica
3314 4004 3397 4049 est
3445 3997 3594 4050 Laris
3627 3996 3981 4064 philosophici

2416 4067 2663 4119 vernula:
2705 4066 2951 4134 quoniam
2987 4064 3195 4117 vernula
3220 4067 3332 4120 sive
3359 4080 3514 4118 verna
3550 4075 3635 4120 est
3664 4067 3981 4133 mancipium

2415 4152 2484 4189 ex
2511 4136 2773 4204 mancipio
2803 4143 3020 4204 natum:
3061 4136 3111 4187 in
3138 4149 3244 4204 quo
3268 4134 3444 4188 differt
3472 4149 3500 4186 a
3529 4149 3706 4197 servo,
3760 4136 3848 4202 qui
3874 4152 3983 4188 non

2417 4203 2812 4267 nascitur-{sed
2857 4205 2914 4256 lit
2954 4203 3170 4258 alerius
3206 4203 3382 4272 juris:
3424 4207 3624 4258 musica
3659 4214 3835 4258 autem
3876 4206 3983 4259 dici

2416 4283 2589 4343 potest
2609 4273 2927 4343 mancipium
2971 4287 3033 4326 ex
3067 4274 3329 4341 mancipio
3378 4272 3729 4342 philosophia
3758 4285 3936 4328 natum
3967 4293 3979 4328 :

2413 4341 2457 4397 si
2485 4344 2697 4412 quidem
2728 4341 2926 4414 musica
2948 4352 3061 4414 orta
3092 4352 3174 4414 est
3210 4358 3237 4394 a
3264 4343 3447 4414 Musis,
3470 4343 3979 4414 quzephilosophiaa,

2414 4411 2577 4468 veluti
2604 4413 2809 4467 ancilla:
2848 4411 3090 4479 quietiam
3115 4412 3454 4467 famulantur.
3488 4413 3562 4467 De
3584 4411 3834 4468 Laribus’
3860 4416 3985 4468 vide

2414 4487 2450 4537 l.
2475 4498 2512 4547 t,
2540 4482 2678 4552 prol‘.
2717 4482 2770 4543 5,
2800 4494 2911 4552 not.
2942 4483 2997 4552 ι.

2487 4554 2509 4584 ⁸
2544 4549 2598 4606 Ὀ
2621 4549 2819 4623 [comm]
2838 4551 3019 4623 Modus
3048 4550 3148 4623 iste
3178 4550 3425 4623 loquendi
3451 4560 3530 4606 est
3553 4551 3867 4614 superioris,
3893 4563 3988 4606 aut

2416 4622 2534 4691 ejus
2561 4621 2746 4676 saltem
2778 4620 2867 4688 qui
2896 4620 3183 4691 signiﬁcat,
3229 4637 3287 4691 se
3314 4622 3511 4674 nullam
3540 4637 3659 4675 cum
3690 4636 3777 4683 eo,
3823 4638 3985 4689 quem

2416 4690 2726 4761 alloquitur,
2772 4690 3181 4761 familiaritatem
3237 4690 3454 4745 habere.
3522 4691 3611 4745 Sic
3660 4691 3982 4744 Terentius:

2413 4758 2557 4814 Proli
2574 4758 2832 4830 luppiter,
2857 4760 3043 4829 inquit,
3085 4769 3138 4830 tu
3154 4759 3302 4813 homo
3329 4761 3495 4829 adigis
3518 4779 3598 4814 me
3622 4761 3689 4830 ad
3711 4764 3987 4814 insaniant.

2416 4832 2504 4885 Sic
2532 4829 2717 4884 Petrus
2739 4830 3064 4900 Lucanam:
3091 4829 3134 4883 0
3160 4830 3327 4893 homo,
3365 4847 3467 4883 non
3482 4848 3614 4897 sum,
3633 4829 3757 4883 Man
3784 4832 3907 4893 ami,
3928 4835 3992 4900 je

2416 4900 2532 4952 n'en
2573 4901 2678 4953 suis
2706 4901 2867 4967 point.
2900 4899 3035 4954 Hinc
3074 4910 3253 4953 autem
3286 4900 3625 4969 Philosophia
3653 4900 3837 4967 incipit
3863 4899 3992 4955 snas

2418 4970 2741 5025 ratiunculas
2773 4969 3043 5025 rhetorice
3072 4984 3390 5038 proponere,
3420 4986 3551 5039 quas
3579 4972 3623 5025 si
3651 4972 3716 5024 ad
3746 4971 3991 5023 dialecti-

2417 5055 2535 5093 cam
2590 5040 2811 5093 formam
2872 5053 3125 5095 revocare
3181 5049 3406 5093 conatus
3461 5040 3658 5103 fueris,
3707 5042 3993 5094 nonnullas

2419 5110 2843 5163 animadvertere
2866 5109 3064 5177 poteris
3093 5110 3438 5177 repetitiones
3468 5126 3480 5164 :
3509 5126 3606 5165 nec
3636 5111 3828 5163 mirum
3853 5127 3868 5166 :
3894 5126 3993 5161 no-

2423 5190 2529 5231 tum
2555 5182 2767 5247 quippe,
2813 5179 2954 5247 quod
3005 5178 3151 5233 Zeno
3198 5178 3357 5244 dixit,
3411 5180 3733 5234 rhetoricam
3774 5182 3991 5248 palmas.

2417 5250 2747 5303 dialecticam
2790 5264 2960 5317 pugno
2981 5248 3220 5318 isimilem,
3270 5263 3411 5311 esse,
3443 5250 3584 5318 quod
3627 5251 3783 5303 latins
3815 5250 3992 5318 loqneo

2418 5327 2601 5371 rentur
2645 5318 2909 5381 rhetores,
2959 5317 3225 5371 dialectici
3263 5328 3439 5373 autem
3482 5319 3840 5387 compressius
3869 5317 4000 5375 {sic

2419 5387 2650 5458 loquitur
2696 5387 2919 5443 Seneca.
2954 5387 3217 5456 Quidquid
3268 5391 3356 5453 sit,
3404 5390 3538 5443 duas
3578 5391 3873 5458 praesertim
3907 5390 4000 5445 hic

2414 5457 2741 5509 advertimus
2769 5459 3027 5525 ejusmodi
3070 5463 3420 5514 ratiunculas.
3488 5478 3491 5483 λ

2512 5525 2534 5556 ⁸
2566 5526 2767 5597 Novum
2794 5524 2989 5597 credo.]
3016 5528 3186 5582 Prima
3220 5528 3500 5585 rhetorica:
3523 5528 3842 5593 ratiuncula,
3874 5543 3999 5597 qua:

2414 5597 2491 5648 sic
2510 5596 2716 5649 videtur
2740 5610 2893 5663 posse
2911 5596 3175 5652 contrahi.
3197 5597 3329 5652 Cum
3355 5613 3504 5652 tuens
3533 5598 3785 5660 humana,
3810 5596 3966 5663 quem
3981 5627 3998 5637 -

2415 5666 2700 5719 admodum
2724 5677 2776 5719 et
2806 5679 3002 5735 corpus
3030 5670 3301 5725 veteribus
3345 5668 3660 5734 usitatisque
3700 5682 3805 5722 non
3846 5684 3999 5722 cout-

2419 5742 2718 5802 moveatur,
2762 5744 2845 5789 tua
2878 5751 3049 5801 mens,
3105 5752 3137 5790 ο
3175 5737 3341 5803 Baeti,
3400 5752 3504 5791 non
3546 5736 3731 5791 debuit
3767 5738 3997 5793 fortuna:
