4254 6250
611 409 718 465 665

757 615 1129 684 llumilemque
1156 618 1279 671 victi
1310 617 1551 672 sublevat
1581 617 1741 671 fallax
1771 616 1975 671 vultum
2000 631 2016 680 ;

612 704 647 758 5
750 704 866 758 Non
895 704 980 758 illa
1003 706 1226 761 miseros
1247 706 1426 771 audit;
1457 707 1594 761 haud
1620 718 1770 761 curat
1794 707 1968 772 ﬂetus,

760 796 1017 864 Ultroque
1044 797 1297 865 gemitus,
1325 798 1457 852 dura
1485 814 1618 867 quos
1646 799 1790 865 fecit,
1816 798 1971 853 ridet.

756 889 846 944 Sic
874 889 963 943 illa
990 890 1144 953 ludit,
1175 891 1254 945 sic
1282 904 1405 945 suas
1430 892 1617 959 probat
1642 891 1803 953 vires,

752 980 864 1049 99
886 979 1095 1049 Suique
1114 995 1363 1050 magnum
1388 990 1651 1035 monstrat
1678 990 1967 1046 ostentum,
1991 980 2035 1040 si
2066 982 2207 1052 quis

756 1068 971 1123 Visatur
993 1085 1093 1124 una
1120 1080 1315 1125 stratus
1336 1086 1400 1126 ac
1425 1072 1546 1127 felix
1570 1072 1724 1127 hora.

1834 413 1939 467 AN.
1983 409 2179 467 MANL.
2223 410 2348 467 SE"
2412 410 2625 466 BUETII

755 523 866 595 98
893 522 1096 578 Dudum
1128 525 1433 583 tremendos
1460 539 1598 579 saeva
1626 526 1847 594 proterit
1871 539 2046 594 reges,
2204 529 2252 584 A

3752 413 3856 469 604

2801 542 2955 613 mo
2991 542 3210 600 PROSA
3252 542 3309 597 ιι.

2285 654 2671 707 Attoniti-2mm.
2696 680 2764 691 -—
2791 649 3123 718 Philosophia
3146 651 3421 703 introducit
3446 652 3726 719 fortunam,
3747 668 3860 716 qua:

2356 738 2496 788 apes,
2541 721 2903 787 dignitatesque
2933 722 3012 773 sui
3041 723 3178 789 juris
3215 736 3323 772 esse
3358 729 3588 779 causata,
3628 728 3858 788 exemplo

2358 793 2488 854 cceli,
2521 801 2667 843 terra:
2692 803 2736 843 et
2762 791 2916 842 maris
2943 792 3143 856 probat,
3172 806 3224 842 se
3252 795 3474 852 potuisse
3510 793 3639 852 Ita’c,
3677 793 3861 853 absque.

2360 860 2513 912 ullius
2536 860 2745 928 injuria,
2775 859 2842 911 ad
2867 860 3134 911 arbitrium
3155 870 3209 912 ut
3234 857 3424 925 Croeso,
3448 861 3760 926 crebrisque,
3790 866 3860 913 sic

2362 927 2535 982 Boetio
2562 927 2609 981 et
2640 929 2763 981 dare
2789 940 2834 981 et
2858 930 3080 997 auferre.

2361 1075 2565 1129 Vellem
2595 1085 2771 1129 autem
2798 1089 2962 1141 pauca
2995 1084 3166 1130 tecum
3193 1078 3207 1107 ¹
3247 1076 3465 1129 fortuna:
3496 1076 3659 1144 ipsius
3686 1081 3863 1131 verbis

1956 1204 2528 1259 INTI‘ZRPRETATIO.

615 1313 837 1365 mendax
867 1314 1011 1384 erigit
1050 1324 1201 1376 caput
1242 1315 1492 1381 ﬂbjt'CUlln
1535 1315 1762 1367 hominis
1802 1315 2013 1365 subacti.
2066 1314 2193 1365 "(ec

620 1401 718 1435 non
762 1384 905 1435 audit
951 1384 1169 1450 afﬂictos
1211 1400 1228 1434 :
1274 1402 1371 1435 non
1411 1386 1627 1452 flectitur
1677 1385 1934 1451 lacrymis,
1976 1392 2020 1435 et
2064 1385 2193 1435 ridet

616 1464 793 1519 sponte
834 1462 1056 1521 questus,
1102 1470 1314 1519 quorum
1360 1455 1471 1523 ipsa
1511 1453 1731 1507 crudelis
1775 1464 1845 1507 cst
1886 1470 2058 1507 causa.
2103 1452 2192 1507 Sic

2300 1315 2515 1397 fortuna.
2548 1314 2698 1378 ludit,
2740 1314 2812 1367 sic
2840 1316 3018 1397 probat
3041 1317 3167 1369 vires
3193 1327 3407 1397 suos,_et
3438 1324 3652 1371 ostentat
3689 1321 3863 1397 ingens

2298 1383 2602 1455 miraculum
2648 1400 2755 1437 sua:
2802 1383 3032 1443 virtutis,
3079 1389 3284 1454 quando
3334 1388 3429 1439 bac
3474 1401 3683 1455 agente,
3730 1383 3863 1441 idem

2301 1452 2451 1506 homo
2478 1454 2678 1508 videtur
2705 1455 2863 1509 simul
2889 1457 3038 1509 miser
3061 1452 3109 1509 et
3138 1458 3307 1510 beatus
3333 1452 3690 1511 eademwltora'.

2140 1554 2366 1643 ueras.

658 1701 815 1754 nilico
842 1714 1006 1767 opere
1032 1714 1194 1766 aquas
1214 1700 1265 1752 in
1295 1713 1496 1752 morem
1524 1698 1668 1752 ﬂuvii
1704 1698 1994 1759 deducens,
2023 1698 2109 1765 qui
2134 1696 2187 1750 in

618 1718 725 1825 fine
754 1769 931 1825 diﬂ'ert
962 1786 989 1821 a
1022 1770 1138 1823 Nilo
1176 1769 1375 1825 pariter
1405 1768 1718 1825 artilicioso.
1759 1768 1896 1825 quod
1929 1768 2075 1820 Nilus
2106 1767 2187 1819 hic

2294 1710 2412 1770 eum
2454 1697 2623 1770 igitur
2662 1697 2871 1753 fortuna
2913 1700 3051 1753 ultro
3086 1699 3259 1754 rideat
3298 1701 3543 1763 miseros,
3575 1715 3710 1769 quos
3752 1701 3863 1770 ipsa

663 1787 725 1825 nc
754 1765 931 1851 (nam
962 1786 1001 1859 Ξ
1022 1765 1138 1850 Nilo
1176 1769 1375 1837 pariter
1405 1768 1718 1859 artilicion'so,
1759 1768 1896 1834 quod
1929 1767 2191 1859 N|ilusliic
2225 1800 2271 1859 Β
2300 1765 2421 1859 fecit
2452 1765 2653 1859 ἱέιξιιιιε,
2682 1771 2881 1859 merito1
2906 1785 3044 1859 n'unc
3068 1771 3461 1859 vocaturdura.

621 1845 693 1895 sit
718 1841 906 1908 major,
962 1840 1191 1907 Euripus
1222 1855 1347 1892 vero
1374 1839 1546 1891 minor
1574 1856 1585 1890 :
1618 1838 1682 1891 de
1714 1847 1937 1903 utroque
1966 1838 2195 1908 loquitur

622 1907 830 1965 Tullius
861 1925 895 1962 ιι
926 1910 993 1963 de
1020 1910 1146 1973 ch.
1179 1908 1395 1971 Ductus,
1429 1907 1619 1977 inquit,
1648 1924 1915 1976 aquarum,
1958 1923 2081 1973 quos
2111 1907 2197 1958 isti

626 1980 778 2033 Nilos
816 1988 863 2030 et
905 1978 1128 2044 Euripos
1167 1988 1366 2043 uocant,
1403 1980 1514 2045 quis
1558 1994 1678 2043 non,
1714 1994 1829 2029 cum
1868 1979 1975 2029 liceo
2012 1978 2193 2038 videat,

624 2050 884 2103 irriserit?
919 2048 975 2099 2°
1006 2050 1232 2118 Euripus
1280 2049 1532 2102 naturalis
1569 2056 1651 2101 est
1688 2062 1809 2114 pars
1856 2047 2014 2100 maris
2061 2049 2198 2118 inter

626 2119 870 2174 Aulidem
896 2118 1114 2172 Boeotia:
1140 2117 1380 2187 portum.
1406 2127 1459 2172 et
1492 2118 1746 2171 Eubmam
1778 2118 2024 2187 insulam,
2047 2117 2199 2182 cujus

630 2190 874 2243 meminit
918 2188 1113 2243 Strabo
1151 2185 1188 2242 l.
1229 2204 1303 2251 Ix,
1336 2197 1391 2240 et
1424 2188 1558 2241 Plin.
1594 2187 1628 2238 Ι.
1664 2202 1719 2241 ιι.
1774 2185 1884 2239 lloc
1911 2201 2057 2239 mare
2092 2200 2196 2238 non

630 2260 798 2313 instar
826 2260 1021 2312 Oceani
1056 2269 1265 2323 a-stuat,
1304 2257 1396 2311 sed
1439 2257 1634 2325 septies
1673 2256 1993 2323 smpiusque,
2044 2257 2199 2306 unius

631 2329 735 2382 diei
757 2338 813 2382 et
840 2328 1008 2381 noctis
1034 2329 1226 2395 spatio,
1257 2336 1399 2381 tanto
1424 2326 1623 2392 impetu
1655 2328 1899 2382 recurrit,
1930 2335 2200 2395 utventos

630 2398 791 2451 etiam
823 2412 885 2450 ac.
913 2393 1083 2465 plenis
1114 2397 1246 2450 velis
1277 2396 1479 2461 navigia
1522 2396 1803 2447 frustretur
1829 2411 1840 2445 :
1874 2393 2013 2465 quod
2044 2396 2202 2465 nimi-

631 2482 751 2522 rum
791 2462 940 2535 aqua:
984 2467 1085 2520 huc
1121 2466 1421 2534 prmcipites
1450 2464 1712 2535 objicihus
1756 2463 1940 2515 insolis
1968 2462 2200 2531 undique

632 2534 976 2592 remittantur
996 2553 1010 2589 :
1035 2546 1314 2604 propterea
1337 2550 1476 2588 nunc
1494 2534 1687 2591 dicitur
1706 2542 2006 2585 extestuans.
2029 2535 2200 2598 Atque

632 2607 759 2659 inde
803 2606 995 2658 factum
1040 2614 1121 2659 est
1151 2615 1206 2658 ut
1237 2609 1440 2657 fortuna
1470 2644 1485 2667 ,
1530 2604 1780 2671 cogitatio
1827 2604 2077 2663 humana,
2110 2613 2200 2654 aut

634 2676 883 2744 quazlibet
914 2676 1014 2726 alia
1043 2688 1128 2727 res
1153 2672 1428 2727 mutationi
1456 2674 1607 2727 valde
1634 2672 1861 2725 obnoxia
1889 2711 1904 2735 ,
1932 2671 2203 2725 diceretur

634 2746 801 2799 instar
833 2744 1012 2812 Euripi
1042 2745 1368 2797 inconstans.

711 2810 1049 2883 Philosophia
1092 2814 1304 2866 demum
1345 2827 1462 2866 eam
1488 2851 1503 2876 ,
1548 2825 1705 2883 quam
1748 2810 1920 2883 soluta
1964 2812 2204 2883 oratione

638 2881 966 2952 intemperat‘,
1015 2884 1237 2937 fortuna:
1267 2881 1617 2936 inconstantis
1647 2882 2008 2952 probationem
2038 2881 2207 2952 versi-

638 2955 739 3008 bus
757 2950 1092 3021 continuatis,
1114 2952 1350 3021 ejusdem
1373 2953 1776 3006 inconstantiam
1793 2950 2025 3005 ostendit
2044 2950 2203 3004 etiam

639 3028 691 3077 iu
722 3026 952 3092 regibus.

712 3088 1020 3147 5.'Proterit
1058 3091 1243 3164 reges.]
1290 3093 1519 3164 Fortuna
1549 3090 1831 3159 aliquando
1872 3089 2016 3156 ipsos
2033 3088 2204 3164 etiam

644 3179 811 3240 reges.
827 3174 881 3218 et
912 3159 1260 3240 imperaiores
1295 3162 1519 3240 imperio
1554 3173 1608 3215 et
1635 3169 1895 3240 potestate
1924 3160 2089 3213 exuit.
2119 3159 2208 3240 Sic
2237 3176 2283 3240 ε

642 3228 1037 3299 Lacedaemonii,
1080 3242 1136 3288 ut
1174 3232 1248 3285 ait
1285 3228 1550 3291 Elianus,
1592 3246 1707 3282 cum
1736 3229 2084 3282 Thebanorum
2115 3228 2208 3281 do-

644 3304 771 3355 mini
809 3312 995 3367 essent,
1041 3303 1168 3356 adeo
1195 3318 1373 3355 rursus
1400 3301 1464 3353 ab
1504 3300 1607 3353 illis
1653 3301 1854 3368 fuerunt
1890 3301 2118 3358 subacti.
2159 3310 2213 3350 ut

644 3371 873 3425 Thebani
904 3389 1005 3425 non
1033 3374 1199 3425 solum
1229 3370 1640 3439 Peloponnesum
1677 3370 2011 3437 pervenirent,
2041 3382 2214 3421 verum

644 3443 796 3494 etiam
835 3441 1082 3495 Eurotam
1108 3443 1397 3505 transirent,
1429 3450 1475 3494 et
1500 3440 2001 3494 Lacedarmoniorum
2029 3448 2214 3491 terram

645 3515 980 3566 deuastarent.
1008 3512 1117 3574 Sic,
1147 3510 1408 3565 referente
1433 3510 1713 3564 Ammiano
1736 3509 2058 3572 Marcellino,
2092 3506 2133 3560 D
2157 3522 2215 3558 0-

650 3584 833 3650 nysius
861 3584 1096 3651 gentium
1127 3582 1393 3649 quondam
1435 3591 1630 3644 terror,
1673 3577 1915 3632 Corinthi
1957 3577 2213 3632 litterario

648 3651 774 3703 ludo
806 3651 1083 3716 praefectus
1113 3651 1229 3703 fuit.

716 3720 771 3774 4.
794 3721 928 3775 Victi
949 3722 1172 3774 sublevat
1190 3717 1427 3789 vultum]
1447 3719 1485 3772 E
1505 3718 1639 3772 ldClll
1667 3719 1870 3770 fortuna
1895 3716 2061 3770 vietos
2083 3731 2210 3789 non~

650 3807 921 3860 nunquam
951 3792 1126 3859 erigit.
1154 3790 1242 3843 Sic
1277 3796 1522 3859 Amyntas
1564 3789 1808 3851 Macedo,
1849 3803 1918 3860 ex
1963 3788 2214 3860 praedicto

647 3856 879 3924 alitis—no,
926 3856 1055 3914 cum'
1087 3861 1150 3914 ab
1194 3856 1391 3914 accolis
1421 3860 1746 3926 ﬁnitimisque
1789 3856 2013 3909 barbaris
2059 3857 2216 3908 uictus

647 3948 861 4002 regnum
899 3932 1222 3997 perdidisset,
1266 3930 1683 4002 statuebatapnd
1712 3927 1935 3979 animum
1965 3942 2111 4002 suum
2139 3941 2217 3977 re-

648 3997 846 4072 gionem
874 4003 1097 4054 etiamin
1126 4003 1415 4054 universum
1444 4000 1744 4072 relinquere,
1777 4005 2045 4072 (autumat
2063 3997 2214 4072 vitam

649 4065 844 4125 saluam
870 4081 919 4125 et
949 4074 1250 4123 incolumem
1271 4086 1466 4123 servare
1489 4065 1670 4135 posset.
1701 4067 1829 4119 Dum
1854 4070 1905 4117 in
1931 4065 2008 4118 his
2034 4065 2218 4135 anxius

648 4153 840 4210 ageret,
890 4144 1099 4211 quidam
1144 4141 1211 4194 ad
1252 4156 1374 4211 eum
1424 4134 1614 4211 (litium
1656 4137 1942 4211 Ilellopidaa
1986 4134 2220 4205 protulit.

655 4206 835 4284 Itaque
861 4206 1102 4280 occupato
1123 4211 1215 4284 illo
1242 4209 1354 4263 loco
1376 4209 1698 4276 collectisque
1727 4206 1991 4284 militibus=
2010 4220 2224 4284 recurre-

650 4275 779 4335 ravit
800 4275 1083 4351 imperium.
1106 4283 1193 4335 Sic
1218 4296 1280 4334 ex
1303 4294 1499 4351 eo.tci_n
1517 4275 1757 4351 auctore,
1789 4276 1920 4351 Dion
1948 4275 2222 4351 Hipparini

652 4355 791 4415 [ilius
819 4344 882 4404 in.
905 4354 1140 4405 exsilium
1168 4352 1350 4403 missus
1378 4366 1410 4401 a
1436 4349 1684 4416 Dionysio
1715 4362 1829 4398 cum
1856 4344 1930 4397 bis
1955 4345 2093 4397 mille
2129 4344 2224 4394 rui-

649 4422 825 4476 litibus
866 4438 977 4475 eum
1017 4438 1193 4474 rursus
1237 4421 1559 4494 expugnavit.
1590 4418 1672 4494 lta
1711 4416 1893 4484 e/fecit,
1939 4427 1999 4494 ut_
2034 4416 2224 4494 inquo

650 4502 788 4548 statu
830 4494 936 4562 ipse
981 4496 1154 4559 [uisset
1192 4486 1457 4552 antea,'in
1492 4507 1605 4562 eum
1628 4491 1737 4562 jam
1775 4502 1880 4538 sure
1918 4486 2224 4562 calamitatis

653 4552 911 4620 auctorem
941 4552 1247 4616 detruderet.
1291 4565 1460 4630 Atque
1491 4559 1603 4613 haec
1628 4552 1874 4610 'fortunre
1910 4552 2222 4630 vicissitudo

657 4644 863 4687 tantum
901 4634 1093 4687 malum
1130 4624 1533 4694 videtur-[lianc
1565 4640 1621 4682 ut
1665 4631 1803 4680 inter
1837 4636 2055 4679 caeteras
2084 4624 2223 4677 cala-

655 4704 867 4759 mitates
885 4702 1205 4772 imprecetur
1225 4701 1447 4771 Mcgmra
1469 4704 1608 4773 apud
1623 4699 1880 4754 Senecam
1907 4697 1957 4748 iu
1971 4697 2223 4764 Thyeste,

658 4776 846 4830 v.35:

900 4863 1057 4911 Dubia
1085 4862 1293 4911 violenta
1315 4862 1488 4911 domus

777 4923 987 4974 Fortuna
1016 4937 1163 4983 reges
1187 4927 1312 4972 inter
1335 4927 1549 4972 incertos
1573 4922 1722 4973 labet.

777 4985 924 5045 Miser
950 4999 1009 5032 ex
1040 4994 1238 5045 potente
1265 4986 1361 5045 tiat,
1388 4998 1447 5033 ex
1471 4986 1647 5032 misero
1672 4990 1864 5045 potens,

778 5044 1051 5104 Fluctuun
1079 5059 1283 5106 regnum
1310 5044 1449 5094 casus
1472 5047 1665 5093 assiduo
1690 5046 1831 5093 ferat.

727 5127 783 5181 5.
815 5125 936 5178 Non
967 5127 1055 5177 illa
1082 5128 1291 5179 miseros
1320 5124 1509 5194 audit.J
1550 5126 1834 5178 Fortunam
1865 5124 2060 5193 quippe
2085 5121 2229 5194 insa-

659 5212 782 5252 nam
813 5210 933 5251 esse
962 5207 1013 5247 et
1040 5210 1233 5249 crecam
1276 5206 1328 5250 et
1360 5192 1567 5250 brutam
1600 5192 1893 5264 perhibent
1910 5192 2230 5262 plii1050plii,

658 5284 724 5325 ex
753 5268 1031 5324 Cicerone.

730 5339 782 5393 6.
818 5336 860 5391 U
870 5337 964 5389 ltro
994 5336 1230 5406 gemitus,
1253 5335 1385 5388 dura
1409 5352 1536 5406 quos
1563 5338 1703 5407 fecit,
1730 5333 1904 5407 ridet.]
1931 5334 2125 5387 Durum
2151 5339 2235 5407 est

658 5422 710 5465 te
738 5409 913 5464 ridere
941 5404 1063 5459 eum
1098 5407 1391 5473 przesertim
1422 5404 1511 5475 Qui
1542 5404 1605 5460 ex
1638 5406 1796 5461 beato
1828 5404 1997 5459 factus
2022 5411 2103 5457 est
2135 5404 2232 5455 mia

656 5497 746 5535 ser
778 5496 794 5535 :
846 5487 991 5532 tuam
1026 5477 1169 5530 enim
1210 5476 1629 5529 misericordiam
1669 5478 1844 5544 potius
1882 5490 2038 5543 quam
2068 5475 2229 5526 risum

661 5554 749 5605 ille
779 5550 999 5604 deberet
1041 5560 1329 5614 provocare
1368 5562 1379 5597 :
1416 5547 1600 5599 durius
1638 5564 1781 5610 eum,
1812 5548 1962 5614 cujus
2005 5544 2232 5597 miseriae

660 5621 890 5689 injustus
920 5626 1105 5689 auctor
1131 5614 1293 5670 fueris
1323 5632 1335 5667 :
1367 5618 1496 5689 tanti
1518 5618 1666 5689 enim
1698 5619 1937 5689 criminis
1978 5626 2029 5669 te
2060 5615 2233 5683 potius

660 5685 934 5757 oporteret
962 5688 1222 5756 pmnitere
1248 5703 1258 5737 :
1286 5685 1380 5741 sed
1410 5685 1754 5757 duriSsimuin
1782 5687 1833 5739 id
1861 5694 2052 5757 sponte
2076 5698 2225 5757 essc-

660 5754 752 5824 (ιὶιί
790 5775 805 5809 :
838 5754 1125 5813 necessitas
1154 5758 1295 5812 enim
1324 5772 1427 5825 qua
1467 5756 1749 5825 aliquando
1776 5757 1936 5809 etiam
1979 5754 2130 5825 inviti
2160 5755 2233 5809 ri-

661 5827 871 5893 demus,
912 5834 1094 5895 posset
1123 5829 1381 5896 ejusmodi
1412 5824 1910 5880 risus'atrocitatem
1942 5824 2184 5881 minuere
2216 5841 2227 5877 :

2369 1836 2422 1889 7.
2457 1838 2548 1909 δίε
2576 1838 2667 1890 illa
2708 1837 2883 1909 ludit.]
2926 1838 3135 1893 Ludere
3164 1839 3254 1893 ille
3292 1840 3506 1909 dicitur,
3547 1840 3636 1906 qui
3668 1848 3865 1894 temere

2301 1905 2405 1977 huc
2436 1907 2665 1977 illucque
2693 1905 2946 1961 discurrit
2973 1925 2989 1962 ;
3021 1909 3241 1962 verbum
3266 1910 3405 1961 enim
3432 1924 3458 1960 a
3483 1905 3662 1977 Lydis,
3688 1911 3777 1977 qui
3799 1925 3866 1961 ex

2298 1976 2449 2041 Asia,
2478 1976 2754 2044 Tyrrheno
2778 1977 2930 2043 duce,
2974 1979 3028 2031 in
3062 1979 3362 2031 lletruriam
3393 1976 3732 2045 concessere,
3763 1978 3866 2030 ibi-

2299 2059 2404 2113 que
2440 2047 2893 2101 extraordinarios
2931 2048 3054 2101 illos
3090 2058 3287 2112 motus,
3329 2063 3462 2114 quos
3504 2055 3683 2114 postea
3715 2048 3869 2100 hulos

2299 2116 2419 2168 sive
2440 2116 2724 2179 circenses,
2757 2118 2869 2170 sive
2897 2118 3180 2171 theatrales
3205 2125 3548 2183 vocaverunt,
3593 2118 3862 2169 invexere.

2303 2184 2436 2238 Hinc
2450 2186 2688 2255 ludiones
2712 2186 2827 2240 sive
2852 2187 3003 2248 ludii,
3032 2189 3279 2240 nimirum
3308 2189 3455 2255 pueri
3481 2188 3727 2253 puberes,
3752 2185 3865 2239 ele-

2301 2253 2544 2322 gantibus
2569 2255 2760 2309 tunicis
2782 2256 2973 2323 induti,
2999 2258 3148 2323 galea
3172 2253 3407 2319 insuper,
3440 2271 3588 2318 ense,
3607 2266 3659 2306 et
3686 2267 3870 2323 parma

2303 2325 2515 2389 armati,
2546 2324 2634 2390 qui
2662 2325 2992 2379 circensibus
3021 2336 3075 2380 et
3101 2327 3446 2379 theatralibus
3476 2324 3684 2393 pompis
3723 2325 3870 2377 ince—

2302 2396 2429 2446 dere
2465 2394 2725 2455 solebaut.
2755 2396 2916 2449 veluti
2968 2409 3173 2463 po:npae
3213 2396 3396 2459 duces,
3424 2395 3579 2449 Saliis
3619 2394 3819 2447 similes
3852 2407 3868 2443 :

2301 2477 2524 2528 quorum
2559 2465 2796 2517 meminit
2821 2463 2975 2519 Ovid.
3006 2480 3022 2518 ι
3054 2465 3121 2518 de
3144 2469 3256 2519 Art.
3292 2482 3304 2515 :

2362 2550 2587 2615 Dumque
2613 2553 2780 2601 rudem
2801 2555 3051 2615 praebente
3075 2554 3269 2603 modum
3290 2553 3489 2602 tibicine
3510 2550 3701 2600 Thusco

2430 2611 2607 2661 Ludius
2628 2611 2863 2674 aequatam
2888 2623 2967 2664 ter
2986 2616 3113 2675 pede
3136 2616 3291 2676 pulsat
3313 2615 3529 2663 humum.

2308 2693 2603 2819 ΕτοιιιεξιτξῗΙ
2640 2694 2888 2799 lgoratius
2930 2697 3127 2751 bellum
3161 2706 3311 2751 vocat
3340 2696 3524 2752 ludum
3566 2692 3746 2749 Martis
3789 2692 3874 2749 l.t

2351 2780 2509 2819 artn..
2536 2780 2568 2816 ο
2614 2804 2624 2815 .
2660 2802 2691 2817 ..
2721 2782 2735 2817 :

2351 2780 2509 2825 arm.,
2536 2780 2624 2817 ou.
2658 2780 2735 2817 23

2554 2855 2661 2921 i-leu
2687 2857 2827 2921 nimis
2851 2857 2994 2921 longo
3016 2861 3189 2921 satiate
3213 2859 3343 2921 ludo,

2551 2918 2705 2985 Quom
2722 2919 2852 2985 juvat
2877 2918 3075 2985 clamor,
3099 2918 3351 2981 galeisque
3373 2922 3536 2985 lieres,

2552 2978 2678 3025 Acer
2701 2987 2751 3040 et.
2777 2978 2923 3027 Mauri
2950 2978 3125 3040 peditis
3146 2978 3402 3033 cruentum

2705 3038 2877 3088 Vultus
2902 3038 2957 3089 in
2979 3042 3183 3091 hostem.

2310 3122 2665 3197 Quamobrem
2696 3137 2815 3197 cum
2848 3123 3055 3197 fortuna
3097 3141 3201 3180 non
3236 3128 3403 3181 solum
3444 3128 3634 3195 rideat,
3682 3138 3735 3183 ut
3765 3144 3876 3197 jam

2313 3193 2510 3246 dictum
2535 3202 2635 3257 est,
2667 3196 2757 3247 sed
2790 3196 2948 3247 etiam
2991 3204 3191 3250 temere
3232 3212 3375 3251 nunc
3415 3199 3538 3261 huc,
3571 3193 3710 3252 nunc
3748 3193 3876 3252 illuc

2315 3263 2597 3319 diseurrat.
2634 3264 2802 3315 instar
2824 3263 3023 3327 Martis,
3075 3273 3323 3333 prospera
3372 3268 3549 3329 modo.
3600 3268 3758 3321 modo
3786 3270 3878 3320 ad~

2315 3348 2486 3394 versa,
2518 3335 2715 3396 Optime
2755 3335 3061 3400 perhibetur
3101 3336 3304 3389 ludere.
3336 3338 3423 3390 Sic
3453 3337 3675 3390 fertunte
3703 3351 3878 3391 acces-

2315 3416 2430 3525 slinm
2456 3417 2831 3526 regesisumque
2852 3402 2989 3457 idem
3017 3404 3264 3459 Horatius
3283 3407 3485 3460 vocavit
3509 3407 3686 3461 ludum
3701 3406 3880 3462 Carm.

2344 3511 2356 3525 .
2387 3486 2446 3526 ιι.
2477 3490 2508 3525 o
2552 3511 2566 3524 .
2653 3489 2668 3526 :

2344 3511 2356 3525 .
2387 3486 2446 3541 ιι,
2477 3486 2566 3526 oa.
2598 3486 2668 3528 ιζ

2562 3563 2739 3610 Motum
2766 3575 2826 3612 ex
2854 3562 3052 3612 Metello
3072 3567 3270 3615 consule
3288 3566 3491 3615 civicum

2562 3623 2786 3685 Beillique
2810 3636 2996 3685 causas,
3025 3634 3073 3672 et
3098 3629 3228 3683 vitia,
3255 3635 3305 3674 et
3328 3628 3491 3676 modos

2624 3684 2906 3749 [:udumque
2930 3687 3134 3733 fortume
3156 3700 3429 3749 gravesque

2625 3744 2676 3792 Pl
2694 3748 2902 3807 inclpttm
2927 3744 3164 3795 amicitias
3183 3757 3233 3797 et
3251 3744 3397 3796 aim'a.

2321 3827 2469 3883 Sicut
2500 3826 2682 3896 Virgil.
2718 3827 2846 3880 lEn.
2879 3844 2953 3893 xi,
2988 3846 3038 3882 v.
3068 3829 3192 3892 4⁸26,
3222 3831 3456 3885 cecinit:

2686 3918 2857 3968 Multos
2880 3924 3064 3969 afterna
3091 3923 3311 3970 revisens

2440 3979 2593 4041 Lusit,
2620 3986 2672 4029 et
2698 3983 2747 4029 in
2770 3981 2922 4030 solido
2948 3996 3112 4031 rursus
3136 3982 3323 4031 fortuna
3347 3982 3531 4034 locavit.

2433 4102 2445 4115 .
2464 4063 2552 4116 Sic
2572 4078 2690 4115 suas
2716 4064 2893 4128 pro'at
2914 4060 3450 4133 vires.]Continuatur
3473 4063 3720 4131 prredicla
3742 4064 3887 4117 simi-

2323 4132 2491 4212 litudo
2522 4148 2535 4185 :
2565 4135 2653 4201 qui
2683 4135 2825 4186 enim
2859 4132 3143 4197 ludunt,hi
3174 4149 3296 4187 suas
3324 4133 3578 4188 certando
3607 4136 3888 4203 experiun-

2326 4212 2411 4255 ιιιι·
2436 4216 2599 4256 νιΐεε.

2394 4270 2790 4343 δηυδιεηῑιιηι]
2838 4272 2982 4336 Opus
3030 4281 3230 4325 tantum
3275 4283 3330 4324 ut
3372 4273 3587 4341 dignum
3627 4274 3890 4337 videatur,

2326 4341 2464 4410 quod
2489 4343 2645 4396 veluti
2673 4341 2985 4395 admirabile
3012 4342 3177 4409 digito
3204 4344 3537 4395 0~tendatur.

2398 4415 2451 4465 9.
2483 4410 2597 4465 Una
2622 4422 2813 4465 stratus
2841 4428 2900 4464 ac
2932 4412 3053 4475 lelia:
3075 4411 3247 4482 hard]
3279 4412 3562 4482 lllaximum
3595 4427 3723 4465 sane
3765 4412 3893 4465 levis

2331 4481 2785 4551 inconstantisqne
2815 4482 3040 4535 fortume
3083 4480 3472 4550 argumentum.
3520 4480 3714 4535 Putant
3756 4499 3893 4533 non-

2331 4552 2459 4603 nulli
2485 4552 2664 4603 horam
2687 4554 2771 4605 hic
2790 4551 3088 4617 significare
3110 4552 3240 4604 diem
3257 4553 3377 4614 ;sed
3395 4566 3500 4620 quo
3524 4552 3733 4605 brevius
3757 4561 3893 4604 tern-

2254 4597 2304 4655 1)
2334 4622 2476 4687 poris
2501 4624 2725 4688 spatium
2751 4597 2878 4673 horti:
2898 4620 3123 4684 notabit,
3148 4638 3212 4674 eo
3236 4597 3655 4690 magis‘meutem
3678 4623 3894 4690 loquen-

2334 4693 2400 4745 tis
2433 4691 2789 4759 Philosophiae
2820 4690 3195 4743 mamfestahit.

2408 4773 2423 4802 ί
2466 4767 2927 4840 Fortumererbis.]
2961 4770 2997 4822 Ι.
3024 4770 3367 4838 Philosophia
3398 4769 3701 4835 loquentem
3727 4769 3897 4840 fortu-

2337 4857 2456 4893 nam
2488 4841 2806 4894 introducit:
2833 4839 2951 4891 nam
2980 4839 3032 4891 in
3063 4841 3293 4892 omnibus
3317 4840 3479 4903 rebus,
3514 4841 3680 4905 inquit
3708 4839 3897 4892 Cicero

2337 4926 2353 4965 t
2383 4915 2447 4963 de
2470 4910 2601 4971 Inv.,
2626 4908 2905 4962 similitudo
2934 4918 3003 4962 est
3032 4911 3275 4961 satietatis
3301 4920 3461 4962 mater
3486 4925 3505 4961 .'
3530 4925 3693 4975 quare
3722 4910 3900 4961 Philo—

2339 4981 2524 5049 sophia
2563 4983 2814 5033 varietate
2851 4993 3135 5032 ochrrens
3171 4980 3422 5042 satietati,
3454 4980 3705 5041 deinceps
3737 4981 3899 5031 utitur

2341 5054 2431 5102 illo
2463 5051 2706 5118 loquendi
2740 5050 2896 5103 modo
2924 5065 3081 5113 quem
3114 5050 3355 5103 rhetmes
3381 5061 3568 5103 vocant
3608 5056 3898 5115 conforma-

2337 5122 2540 5180 tionem,
2571 5136 2691 5188 qua:
2734 5130 2859 5171 tunc
2904 5127 3007 5183 est,
3053 5133 3172 5171 cum
3218 5119 3417 5185 aliqua,
3450 5133 3570 5184 qua:
3616 5134 3718 5171 non
3746 5120 3901 5188 adest

2338 5186 2936 5257 persona,contingitur
2965 5190 3113 5255 qua~i
3153 5189 3309 5240 adsit.
3343 5189 3407 5241 Et
3438 5200 3583 5242 certe.
3611 5203 3729 5241 cum
3760 5186 3900 5254 inju-

2335 5270 2473 5312 stum
2514 5260 2772 5322 videatur,
2804 5260 3106 5327 quempiam
3148 5259 3387 5311 damnari
3438 5258 3752 5322 inauditum,
3792 5272 3900 5309 non

2336 5331 2602 5383 immerito
2622 5330 2833 5381 fortuna
2856 5344 2997 5382 nunc
3021 5328 3392 5393 introducitur,
3409 5344 3557 5382 suam
3583 5330 3633 5380 in
3661 5328 3900 5379 Boetiuni

2334 5399 2402 5453 de
2430 5400 2539 5465 ipsa
2587 5401 2795 5451 fortuna
2823 5399 3054 5465 graviter
3089 5408 3436 5466 conquestum
3468 5412 3679 5451 causam
3711 5396 3903 5449 defen-

2334 5484 2458 5522 sura
2491 5486 2504 5521 :
2536 5479 2590 5522 at
2612 5468 2952 5535 Philosophia
2982 5469 3185 5530 vult,se
3216 5467 3460 5534 pra-side,
3486 5472 3644 5520 verba
3676 5467 3906 5520 fortuna:

2334 5555 2364 5593 a
2389 5540 2571 5594 Boetio
2600 5536 2854 5592 attentius
2894 5538 3242 5602 considerari,
3280 5553 3346 5592 ne
3377 5539 3461 5590 hic
3486 5546 3577 5590 aut
3607 5536 3906 5604 praecipita-

2338 5610 2478 5662 tione
2514 5618 2607 5662 aut
2655 5608 2960 5675 priejudicio
2996 5618 3148 5662 actus
3189 5610 3507 5662 sententiam
3559 5610 3791 5675 iniquam
3836 5608 3907 5660 de

2337 5680 2448 5747 ipsa
2476 5680 2683 5734 fortuna
2713 5677 2866 5731 ferat.
2916 5679 3093 5733 Potest
3126 5686 3301 5732 autem
3346 5678 3431 5731 hic
3470 5681 3694 5731 fortuna:
3723 5692 3908 5732 sermo

2336 5766 2415 5805 Sic
2440 5749 2702 5803 contrahi.
2747 5747 2803 5802 Si
2848 5749 3081 5817 iniqttmn
3117 5758 3219 5807 est.
3267 5751 3456 5817 inquit,
3498 5761 3549 5802 te
3576 5748 3643 5801 de
3678 5762 3743 5802 eo
3772 5763 3904 5801 ωηο

2336 5820 2484 5891 queri
2518 5819 2751 5887 numine,
2783 5833 2812 5871 a
2842 5834 2945 5877 uno
2973 5834 3078 5874 uoti
3106 5818 3264 5890 quo
3288 5820 3485 5873 nullam
3518 5820 3785 5889 injuriatu,
3811 5819 3907 5874 sed
