4292 6262
439 343 539 397 (265

1344 342 1432 397 DE
1469 338 1985 398 CONSULATIONE
2026 336 2498 396 PHILOSOPHIAI
2541 340 2662 393 LIB.
2708 340 2769 393 ll.

3573 340 3676 391 666

439 456 656 524 agitare.
672 454 752 508 Tu
778 454 933 522 igitur
956 468 1020 506 an
1046 463 1071 489 τι
1096 453 1179 521 jus
1197 453 1844 522 postulet,animadverte.
1864 451 1999 518 Quid
2028 457 2076 514 Α
2104 461 2399 519 οωιρτδηυθ
2431 453 2553 506 talia
2582 456 2685 507 mei
2713 465 2836 508 sunt
2858 454 3016 523 juris.
3047 455 3317 509 Dominam
3349 455 3561 510 famulae
3587 470 3677 509 co-

439 556 526 610 tu,
560 546 576 575 ί
606 562 637 599 o
669 544 901 611 ltutno‘b,
936 559 1079 599 team
1111 560 1194 597 tne
1221 545 1241 574 ²
1268 544 1547 598 totidianis
1578 544 1691 612 agis
1730 542 2002 599 querelis?

436 640 605 703 Quam
628 639 722 691 tibi
752 637 969 692 fecimus
993 637 1270 706 injuriam?
1297 638 1424 703 Qua:
1447 646 1532 690 tua
1560 637 1652 690 libi
1676 635 2004 690 detraximus

437 731 569 785 bona
594 731 618 782 ?
643 730 793 798 101
818 728 838 758 ⁸
863 728 1060 795 Quovis
1085 726 1264 794 judice
1286 727 1352 780 de
1374 741 1553 794 opum,
1582 725 2002 793 dignitatumque

435 837 642 876 mecum
674 822 694 852 δ
727 820 1066 889 possessione
1104 819 1387 872 contende.
1422 819 1509 881 Et,
1544 818 1563 848 ⁸
1598 818 1644 870 si
1687 817 2001 883 cujusquam

435 911 737 966 tuortalium
770 911 1039 977 proprium
1068 910 1193 976 quid
1233 908 1421 961 horum
1453 923 1573 961 esse
1601 905 2003 969 monsuaveris,

434 1017 533 1067 ego
566 1001 673 1067 jam
714 1009 801 1051 tua
832 999 1011 1059 fuisse,
1058 1012 1175 1066 quae
1212 998 1428 1065 repetis,
1460 1005 1650 1065 sponte
1687 994 1997 1049 concedam.

435 1090 566 1143 Cum
614 1096 665 1143 te
702 1088 886 1141 matris
924 1102 987 1141 ex
1019 1096 1171 1140 utero
1213 1098 1397 1139 natura
1442 1087 1706 1155 produxit,
1750 1086 1770 1114 ⁶
1800 1085 1997 1139 nudum

433 1177 595 1231 rebus
631 1178 899 1239 omnibus,
942 1178 1260 1245 inopemque
1286 1178 1363 1245 (5)
1395 1179 1622 1244 suscepi,
1654 1180 1787 1231 me's
1816 1177 2005 1244 opibus

338 1264 343 1271 ’
436 1266 561 1333 fovi,
592 1275 670 1332 et,
694 1266 837 1335 quod
870 1275 920 1319 te
948 1281 1090 1320 nunc
1119 1265 1481 1335 impatientem
1504 1269 1671 1321 nostri
1702 1266 1851 1332 facit,
1882 1278 1903 1306 ο
1930 1267 2007 1320 fa-

436 1371 562 1410 vore
611 1370 777 1424 prona
817 1355 1178 1424 indulgentius
1219 1358 1462 1422 educavi,
1493 1366 1548 1411 et
1576 1358 1833 1423 omnium,
1886 1374 2004 1425 qua:

436 1445 539 1497 mei
570 1452 693 1498 sunt
715 1444 884 1512 juris,
915 1441 943 1480 ἀ
968 1445 1237 1499 affluentia
1266 1455 1320 1499 et
1345 1446 1626 1514 splendore
1656 1448 2002 1501 circumdedi.

437 1534 583 1589 Nunc
612 1536 741 1589 mihi
771 1538 1040 1590 retrahere
1082 1553 1292 1590 manum
1321 1548 1344 1575 ε
1374 1539 1521 1603 libet,
1549 1540 1568 1570 ⁷
1597 1540 1734 1595 habe
1757 1542 2000 1608 gratiam,

438 1626 459 1655 ⁸
485 1625 624 1677 velat
648 1639 772 1678 usus
793 1626 978 1678 alienis
1004 1642 1017 1677 :
1048 1640 1154 1678 non
1182 1626 1448 1694 liabesjus
1470 1630 1720 1694 querelae,
1755 1642 2002 1698 tanquam

438 1730 654 1782 prorsus
684 1727 768 1770 tna
801 1719 1111 1784 perdideris.
1144 1721 1279 1785 Quid
1311 1720 1465 1789 igitur
1492 1722 1830 1789 ingemiscis?
1861 1728 2002 1780 nulla

2107 558 2394 614 gnoscunt;
2438 563 2644 601 meeum
2689 549 2930 615 veniunt,
2974 563 3059 603 me
3096 549 3325 603 abeunte
3370 548 3673 602 discedunt.

2106 634 2370 688 Audacter
2398 637 2678 700 affirmem,
2710 638 2754 691 si
2800 646 2887 692 tua
2918 638 3113 703 forent,
3154 654 3274 708 quae
3313 640 3511 693 amissa
3551 655 3681 694 con-

2107 726 2366 794 quereris,
2411 726 2556 779 nullo
2596 726 2757 780 modo
2796 728 3139 795 perdidisses.
3176 730 3328 798 102
3371 728 3413 758 ¹⁰
3449 730 3530 781 An
3578 744 3677 797 ego

2107 817 2217 871 sola
2260 832 2434 870 meum
2465 816 2551 883 jus
2578 831 2829 870 exercere
2873 818 3232 886 prohibebor?
3267 820 3304 848 ιι
3335 818 3485 872 Licet
3514 818 3673 883 ccelo,

2109 906 2348 974 proferre
2373 906 2576 958 lucidos
2607 906 2741 970 dies,
2766 907 3086 975 eosdemque
3112 906 3409 961 tenebrosis
3434 907 3678 960 noctibus

2107 1002 2360 1054 condere.
2409 999 2451 1030 "
2485 1001 2637 1054 Licet
2672 1015 2835 1063 anno,
2870 1010 3025 1054 terra:
3055 1002 3256 1053 vultum
3288 1013 3426 1053 nunc
3458 997 3675 1051 floribus

2107 1094 2449 1162 frugibusque
2472 1093 2745 1155 redimire,
2765 1107 2906 1145 nunc
2930 1092 3121 1144 nimbis
3143 1089 3530 1159 frigoribusque
3550 1102 3679 1140 con-

2112 1185 2349 1239 fundere.
2380 1185 2421 1215 ¹³
2451 1183 2545 1237 .lus
2574 1192 2656 1237 est
2680 1184 2833 1247 mari,
2865 1196 3005 1236 nunc
3038 1179 3057 1219 τ
3086 1190 3256 1235 strato
3285 1194 3500 1249 aequore
3530 1178 3679 1232 blan-

2108 1275 2234 1340 d;ri,
2257 1274 2339 1341 (5)
2368 1288 2509 1326 nunc
2531 1271 2774 1339 procellis
2796 1286 2857 1323 ac
2879 1269 3128 1323 ﬂuctibus
3152 1270 3541 1322 inhorrescere.
3571 1265 3678 1321 Nos

2109 1366 2174 1418 ad
2198 1364 2549 1419 consrantiam
2579 1364 2775 1416 nostris
2798 1360 3035 1414 moribus
3064 1359 3313 1422 alienam,
3348 1366 3372 1404 ε
3406 1357 3677 1421 inexpleta

2110 1453 2382 1506 hominum
2425 1451 2687 1520 cupiditas
2727 1448 3002 1517 alligabit?
3051 1446 3177 1500 Haec
3222 1454 3399 1499 nostra
3448 1443 3527 1497 vis
3571 1445 3674 1510 cst,

2111 1543 2252 1595 hunc
2273 1543 2582 1594 continuum
2608 1538 2787 1592 ludum
2817 1537 3066 1590 ludimus.
3097 1536 3283 1589 [totam
3308 1534 3522 1588 volubili
3546 1534 3676 1588 orbe

2108 1647 2404 1696 versamus,
2452 1629 2634 1683 infima
2681 1629 2934 1689 summis,
2980 1640 3183 1679 summa
3230 1624 3427 1678 infimis
3473 1632 3677 1677 mutare

2108 1723 2419 1791 gaudemus.
2463 1717 2706 1773 Ascende
2734 1718 2779 1771 si
2817 1718 3011 1785 placet,
3057 1717 3150 1771 sed
3190 1731 3252 1771 ea
3296 1717 3434 1785 lege,
3480 1716 3554 1769 uti
3586 1721 3674 1779 ne,

438 1805 546 1881 illi)
574 1806 662 1859 tibi
689 1822 717 1860 a
743 1808 894 1861 nobis
913 1818 997 1863 est
1017 1809 1172 1861 allata
1198 1808 1463 1864 violentia.
1500 1813 1521 1843 ³
1560 1812 1720 1880 Opes,
1746 1813 2001 1873 honores.
2038 1812 2082 1869 B
2108 1828 2226 1865 cum
2250 1810 2280 1846 ιι
2307 1808 2493 1863 ludicri
2516 1806 2622 1862 mei
2653 1806 2789 1861 ratio
2821 1818 3020 1874 poscet,
3055 1806 3376 1861 descendere
3397 1806 3511 1879 (10)
3538 1805 3675 1876 inju-

1777 1925 2350 1981 lNTliliPliETATIO.

506 2038 531 2099 ἐ
565 2030 793 2099 {Equum
822 2035 907 2085 sit.
2186 2048 2208 2074 ε
2242 2036 2433 2089 Placet.

507 2098 534 2135 ι’
568 2098 711 2155 Dicet
744 2102 970 2157 fortuna.
2184 2107 2203 2144 ί
2237 2106 2471 2159 Placido.

511 2180 532 2238 ἓ
566 2171 961 2238 Uﬁiciosissima.
2184 2186 2207 2221 ε
2242 2175 2576 2229 Insatiabilis.

505 2237 530 2274 ἀ
564 2237 903 2293 Abundantia.
2182 2244 2206 2281 ιι
2241 2246 2392 2298 Ludi.

1944 2357 2145 2413 NOTAE

437 2465 781 2536 quodcunque
816 2469 1063 2526 habueris
1088 2470 1305 2535 bonum,
1337 2470 1610 2540 accepisti,
1640 2472 1848 2540 iniusta:
1875 2485 2000 2526 sunt

435 2550 648 2610 prorsus
686 2548 741 2597 et
780 2541 1142 2610 iniquteillte,
1176 2542 1367 2609 quibus
1408 2557 1492 2596 me
1531 2544 1766 2610 quotidie
1808 2542 1994 2605 aflicis,

435 2608 662 2686 qucrcla:
703 2626 725 2686 _:
771 2611 815 2663 si
871 2608 1085 2677 quidem
1135 2608 1258 2686 non
1304 2612 1463 2664 modo
1523 2608 1717 2665 nullam
1774 2612 1865 2665 tibi
1920 2614 2001 2665 in-

434 2675 529 2747 tuli
558 2675 803 2743 injuriam
830 2694 845 2744 ;
876 2675 1006 2746 opes
1033 2688 1087 2733 et
1116 2680 1428 2745 dignitates,
1456 2690 1513 2733 ut
1542 2692 1663 2747 pote
1693 2695 1836 2733 meas
1856 2722 1869 2744 ,
1900 2695 1998 2733 au-

434 2745 693 2825 ferendo:
723 2763 906 2825 verum
928 2749 1087 2825 etiam
1110 2751 1364 2825 quidquid
1395 2745 1650 2825 liabueris
1667 2751 1810 2825 boni,
1836 2765 1995 2817 opum

434 2814 772 2892 _v_i‘delicet_et
801 2814 1145 2892 dignitatum,
1192 2814 1319 2873 illud
1359 2828 1527 2892 totum
1564 2821 1714 2882 mihi,
1743 2814 1994 2892 tanquam

436 2884 640 2957 illarum
672 2884 1091 2957 dominzedebes
1124 2884 1139 2942 ἑ
1179 2888 1624 2957 quemadmodum
1655 2890 1824 2951 caelo,
1857 2884 1999 2943 unde

434 2953 829 3034 pushdehetur
855 2956 1015 3034 _dies_;
1058 2953 1234 3021 terrai,
1276 2960 1414 3012 unde
1461 2959 1733 3034 sterilitas,
1779 2960 2001 3034 debetur

434 3019 708 3102 fertilitas;
736 3027 1045 3102 mari,und_e
1075 3019 1439 3102 tempestates,
1465 3019 1820 3102 tranquillitas
1843 3044 1857 3092 ;
1883 3029 1999 3102 ,Ιογὶ

434 3095 557 3157 ipsi,
603 3095 745 3147 unde
796 3096 954 3160 mala,
1002 3096 1151 3163 bona
1188 3095 1467 3152 debentur.
1500 3097 1586 3152 Sic
1629 3098 1890 3161 Crassum,
1922 3099 2002 3152 sic

434 3171 613 3237 regem
646 3163 945 3237 Persarum,
976 3172 1175 3233 absque
1201 3166 1307 3220 ulla
1330 3181 1515 3237 eorum
1543 3167 1760 3235 injuria,
1791 3167 1997 3237 excepi.
2026 3173 2072 3235 (ς

436 3226 518 3304 Tu:
538 3231 693 3304 igitur
712 3249 779 3287 an
795 3236 887 3304 jus
908 3226 1145 3304 postulet,
1168 3236 1530 3291 animadverte.

505 3252 512 3280 ι
538 3252 553 3282 ι
592 3252 693 3284 uur
712 3252 779 3287 an
831 3252 887 3287 us
908 3252 1145 3304 postulet,
1168 3252 1530 3291 animaaverte.

505 3300 523 3331 ¹
549 3252 822 3374 ὅὴᾳηιοί
838 3303 952 3357 Jam
980 3305 1304 3371 monuimus,
1338 3320 1433 3359 nos
1457 3307 1533 3360 sic
1559 3305 1880 3371 compellare
1906 3320 2002 3360 eos

433 3382 551 3450 cum
582 3372 1043 3450 quibusjolnmus
1078 3375 1248 3450 videri
1272 3376 1469 3450 nullam
1504 3391 1599 3429 nos
1627 3375 1824 3430 habere
1853 3376 2003 3430 fami-

435 3438 738 3511 liaritatem.
772 3442 923 3496 Pros.
958 3442 984 3495 1
1016 3444 1170 3511 hujus
1197 3444 1339 3498 libri.

507 3510 542 3592 ’ν
571 3510 897 3592 Caudinis]
941 3512 1047 3592 ᾼΙὶἰ
1085 3510 1335 3592 scribunt
1372 3514 1681 3592 quotidianis
1716 3530 1734 3568 :
1776 3529 1870 3592 pro
1920 3514 2003 3592 di-

435 3581 857 3658 versanscilicet“
878 3581 1032 3649 hujus
1065 3583 1210 3637 vocis
1252 3583 1694 3658 interpretatione
1722 3601 1735 3635 :
1777 3581 1823 3638 si
1859 3585 2000 3658 enim

433 3649 784 3722 quotidianum
805 3650 1010 3722 dicatur
1029 3667 1057 3705 a
1079 3664 1197 3722 quot
1221 3654 1335 3708 sive
1358 3649 1576 3720 singulis
1598 3653 1792 3717 diebus,
1816 3661 1873 3707 ut
1893 3654 2003 3719 pla-

433 3730 517 3771 cet
542 3716 778 3790 Cornuto
802 3724 940 3789 apud
966 3716 1375 3788 Cassiodorum;
1408 3716 1850 3790 quemadmodum
1874 3716 2003 3776 dici-

434 3794 666 3867 turguot
692 3789 938 3867 calendi‘s,
973 3799 1093 3859 quot
1135 3793 1405 3867 mensibus,
1427 3789 1561 3867 quot
1603 3793 1772 3856 annis,
1804 3793 2005 3867 Optime

434 3856 683 3936 scribitur
723 3856 1076 3936 quotidianum
1105 3877 1124 3936 :_
1152 3864 1195 3915 si
1220 3877 1371 3936 _v_ero
1394 3856 1617 3936 dicatur
1656 3876 1685 3913 a
1731 3856 2004 3936 continenti

435 3927 534 4001 die,
558 3927 700 4001 sicut
710 3927 813 4001 dici
838 3939 984 3997 putat
1002 3931 1195 3987 Marius
1220 3931 1523 3986 Victorinus
1545 3931 1579 3984 l.
1599 3946 1636 3995 ι,
1664 3932 2003 3985 scribendum

436 3997 537 4045 erit
562 3997 895 4051 cotidianum.

506 4062 527 4093 ⁸
561 4065 747 4141 Quo‘vis
785 4069 1007 4141 judice]
1049 4071 1182 4124 Cum
1222 4084 1381 4123 nemo
1417 4070 1574 4138 judex
1620 4069 1777 4121 fuerit
1817 4069 1870 4123 in
1909 4085 2003 4141 sua

436 4135 803 4212 causa_,_bené
844 4135 1054 4212 fortuna
1090 4135 1429 4212 adrjudicem'
1470 4149 1767 4212 provocat:
1804 4141 1897 4212 sed
1938 4139 2004 4193 ad

435 4204 725 4283 quemlibet
762 4209 983 4275 melius,
1016 4225 1084 4265 ne
1121 4204 1227 4263 ulla
1257 4212 1327 4265 sit
1367 4204 1855 4277 anteoccupationis
1890 4223 2007 4262 sus-

476 4286 595 4324 ICIO.

476 4286 595 4324 tcto.

438 4285 529 4420 ff
554 4340 925 4420 Posscsstonej
978 4347 1247 4420 Possessio
1290 4348 1376 4402 hic
1411 4347 1499 4416 jus
1545 4358 1627 4420 est
1672 4347 2001 4416 possidendi.

436 4407 583 4490 Sicut
612 4407 1055 4490 Tull._pro‘_Quin.
1080 4420 1325 4490 bonorum
1349 4407 1597 4490 possessio
1619 4407 1894 4482 spectatur,
1922 4420 2007 4490 in-

436 4485 571 4561 quit,
597 4498 703 4561 non
743 4485 797 4535 in
826 4486 997 4554 aliqua
1028 4498 1190 4556 parte,
1235 4486 1324 4541 sed
1350 4485 1611 4541 universis
1639 4502 1749 4555 qua:
1778 4488 1930 4540 teneri
1959 4497 2005 4541 et

438 4551 685 4621 possideri
711 4551 941 4621 possunt.

464 4619 529 4699 u'
552 4620 611 4674 Si
632 4619 931 4699 cujusquam
957 4625 1288 4699 mortalium]
1305 4624 1440 4699 Fieri
1464 4636 1640 4699 posset
1664 4634 1721 4680 ut
1740 4642 1856 4692 qtae
1879 4626 2010 4682 Boe-

440 4693 498 4741 tii
525 4704 632 4743 non
672 4705 793 4743 sunt
825 4693 981 4761 bona,
1016 4695 1129 4749 ita-c
1171 4693 1521 4761 quorumdam
1565 4696 1787 4749 aliorum
1833 4700 2004 4750 homi-

440 4774 565 4832 nutn
612 4772 830 4832 essent;
878 4772 1055 4818 tamen
1106 4782 1172 4817 tte
1208 4767 1347 4819 ullus
1388 4766 1620 4831 supersit
1649 4767 2008 4832 conquerendi

440 4829 607 4905 locus,
632 4827 837 4883 fortuna
865 4835 1227 4905 ponitnullius
1250 4827 1479 4889 hominis
1497 4837 1705 4903 propria
1728 4827 1865 4897 esse.
1889 4851 2007 4904 quae

437 4903 693 4965 deinceps
720 4904 1055 4956 enumerabit
1083 4905 1240 4957 bona.

509 4966 530 4995 ⁸
563 4966 777 5045 Nudum
800 4970 945 5045 rebus
968 4972 1245 5045 omnibus.]
1277 4974 1337 5028 II.
1362 4974 1591 5045 Fortuna
1621 4984 1888 5038 causatur,
1911 4988 2007 5027 sua

438 5049 560 5107 esse
583 5040 739 5103 bona,
758 5043 1111 5105 quaeanetius
1137 5040 1481 5107 conqueritur
1506 5059 1565 5098 se
1589 5046 1851 5099 amisisse.
1875 5048 2004 5098 Cum

439 5106 601 5161 homo
629 5123 695 5161 ex
722 5110 914 5173 duplici
939 5123 1088 5178 parte
1108 5106 1338 5175 constet,
1363 5126 1539 5168 tuente
1558 5115 1801 5167 nimirum
1820 5125 1868 5167 et
1890 5130 2010 5167 cor-

439 5188 597 5255 pore,
629 5188 903 5255 propterea
921 5184 1132 5255 bonum
1180 5184 1429 5248 hominis,
1459 5184 1598 5255 quod
1632 5186 1788 5252 vulgo
1813 5184 2005 5238 defini-

440 5254 525 5324 tur
550 5246 764 5324 id_quod
795 5249 987 5324 homini
1016 5262 1086 5305 est
1118 5246 1437 5317 conveniens,
1475 5246 1698 5324 duplicis
1724 5246 1820 5309 'cst
1846 5270 2002 5323 gene-

437 5315 512 5364 ris
536 5331 550 5365 ε
573 5315 797 5397 alterum
823 5322 1279 5397 mentis_,alterum
1304 5315 1563 5397 corporis:
1586 5323 1787 5397 Bonum
1813 5315 2005 5378 uicinus

438 5395 684 5464 versatur
728 5393 782 5440 in
823 5393 1172 5464 cogitatione,
1209 5406 1270 5445 ea
1312 5393 1605 5464 praesertim
1641 5393 1798 5464 cujus
1844 5395 2002 5464 homo

436 5453 786 5529 dominusﬂest
816 5475 829 5510 :
861 5453 1018 5528 atque
1047 5462 1099 5515 in
1129 5453 1390 5529 ejusmodi
1414 5462 1606 5514 bonum
1636 5453 1843 5516 forinna
1867 5463 2000 5515 nihil

436 5532 635 5601 potest.
676 5526 879 5601 Bonum
906 5526 1033 5585 vero
1061 5526 1303 5600 corporis
1334 5534 1383 5584 in
1417 5533 1517 5584 hoc
1544 5534 1834 5598 praesertim
1866 5548 1999 5586 con-

434 5597 593 5668 sistit,
639 5597 780 5664 quod
826 5599 983 5654 homo
1021 5618 1086 5655 ex
1131 5597 1283 5656 utero
1328 5597 1684 5668 suscipiatur;
1724 5612 2001 5668 susceptus

437 5665 715 5743 foveatur;
750 5668 888 5743 fctus
926 5670 1211 5735 educetur;
1243 5665 1499 5743 educatus
1527 5665 1714 5737 npihus
1739 5683 1793 5724 et
1831 5665 2000 5739 digni-

436 5735 634 5790 tatibus
672 5740 971 5794 cutnuletur
997 5757 1012 5806 ;
1040 5757 1156 5809 quae
1186 5742 1364 5795 omnia
1406 5735 1628 5795 fortuna:
1656 5755 1777 5798 esse
1816 5735 1997 5796 dicun-

2035 4530 2082 4588 D

2104 2482 2192 2526 tur
2216 2489 2228 2525 :
2254 2471 2393 2525 unde
2415 2471 2625 2525 fortuna
2649 2469 2757 2524 hic.
2781 2469 2905 2524 Cum
2935 2477 3003 2532 te,
3028 2483 3223 2533 inquit,
3247 2476 3422 2519 matris
3452 2481 3514 2521 ex
3535 2474 3668 2522 utere

2104 2552 2287 2594 natura
2306 2540 2776 2605 produxit,‘nudum
2803 2541 2950 2592 rebus
2980 2539 3210 2591 omnibus
3238 2537 3533 2605 inopemque
3558 2553 3645 2590 sus

2103 2612 2233 2680 cepi,
2262 2612 2383 2663 meis
2412 2610 2590 2680 apibus
2613 2612 2736 2677 fovi,
2758 2609 3101 2677 indulgentius
3120 2607 3366 2680 educavi,
3379 2616 3430 2680 et
3454 2609 3671 2680 omnium

2102 2676 2219 2747 qua:
2244 2683 2343 2733 mei
2372 2676 2501 2743 iuris
2525 2676 2663 2745 sunt,
2693 2676 2950 2748 affluentia
2973 2683 3019 2728 et
3048 2677 3315 2748 splendore
3343 2676 3671 2731 circumdedi.

2176 2750 2198 2783 '
2223 2749 2370 2803 Habe
2389 2748 2650 2819 gratiam]
2676 2745 2904 2819 Habere,
2936 2760 3115 2819 agere,
3145 2757 3197 2800 et
3225 2745 3434 2819 referre
3453 2747 3673 2814 gratiam

2102 2816 2405 2891 smpiussjc
2420 2816 2691 2891 differunt,
2723 2828 2780 2891 ut
2808 2817 3019 2891 habere
3043 2816 3487 2891 sitcogitationis,
3515 2830 3676 2891 agere

2102 2882 2371 2951 sit-verbi,
2403 2899 2459 2941 et
2482 2886 2684 2942 referre
2712 2887 2784 2941 sit
2806 2889 2987 2954 cperis
3008 2886 3132 2938 boni
3166 2886 3217 2936 in
3240 2899 3359 2936 eum
3388 2898 3416 2935 a
3448 2898 3555 2954 quo
3586 2882 3675 2936 be-

2105 2957 2351 3011 neficinm
2392 2956 2715 3024 accepimus.
2768 2952 3049 3020 Propterea
3092 2954 3321 3024 Tullius,
3356 2966 3451 3017 pro
3490 2952 3674 3024 Corn.,

2106 3027 2373 3091 Omnibus,
2406 3021 2595 3093 inquit,
2626 3025 2800 3077 amicis
2828 3025 2983 3078 saluti
3009 3039 3153 3093 meat,
3185 3023 3227 3075 si
3245 3021 3518 3093 minusad
3545 3022 3675 3093 τρίε-

2102 3097 2314 3149 rendam
2360 3089 2588 3165 gratiam
2624 3096 2916 3163 satisfacere
2955 3092 3124 3165 potui,
3184 3091 3252 3142 ad
3291 3089 3674 3165 praedicandam

2104 3176 2235 3218 certe
2258 3176 2304 3219 et
2335 3159 2617 3219 habendam
2646 3159 2772 3222 satis
2800 3179 2910 3215 sum
2939 3164 3187 3229 facturus,
3216 3169 3270 3212 et
3300 3159 3426 3229 alibi
3457 3159 3670 3224 passim.

2176 3238 2197 3267 ⁸
2234 3235 2383 3289 Velut
2409 3251 2529 3288 usus
2550 3231 2774 3303 alienis.]
2798 3228 3099 3303 Bona’cnim
3123 3229 3384 3303 animi,_ut
3406 3228 3648 3303 jamdixi
3664 3260 3676 3273 ι

2104 3319 2246 3367 mus,
2277 3315 2459 3357 nostra
2486 3312 2643 3367 sunt;
2675 3297 2866 3357 cmiera
2895 3300 3098 3365 aliena,
3139 3309 3193 3353 et
3221 3297 3373 3366 ipsis,
3401 3298 3445 3351 si
3479 3297 3673 3365 placet,

2105 3375 2333 3428 fortuna)
2364 3374 2581 3429 nutibus
2611 3372 2868 3439 subjecta.
3028 3438 3049 3439 η
3196 3437 3203 3439 ᾗ
3372 3428 3402 3439 _,

2169 3445 2194 3474 '
2222 3443 2375 3512 Opes,
2402 3442 2640 3506 honores,
2666 3432 2944 3512 artemque
2964 3438 3085 3512 talia
3108 3437 3205 3512 mei
3227 3446 3344 3490 sunt
3355 3432 3539 3505 juris]
3561 3434 3675 3512 iam

2103 3506 2314 3567 fortuna
2343 3506 2554 3580 probat,
2584 3510 2835 3579 praediola
2861 3506 3104 3580 corporis
3134 3508 3269 3580 bona
3300 3520 3391 3559 sua
3422 3521 3544 3558 esse
3575 3522 3588 3559 :
3621 3506 3673 3558 id

2103 3590 2280 3637 autem
2308 3577 2502 3651 probat
2527 3577 2839 3651 argumento
2863 3577 3062 3647 vulgari
3088 3595 3101 3628 :
3133 3577 3381 3651 effectum
3423 3584 3674 3651 censetur

2105 3651 2244 3705 illius
2268 3643 2463 3717 causai,
2496 3643 2615 3719 qua'
2643 3648 2929 3703 accedente
2954 3643 3063 3699 'aut
3094 3644 3396 3719 recedente,
3427 3643 3672 3719 (ilicetum

2104 3721 2231 3775 illud
2277 3722 2432 3776 adest
2451 3713 2550 3774 aut
2574 3719 2724 3773 abest
2753 3737 2766 3771 :
2801 3726 3076 3784 propterea
3112 3716 3228 3768 dies
3263 3724 3512 3784 censetur
3546 3713 3673 3768 effe-

2104 3801 2221 3845 ctus
2246 3793 2395 3851 solis,
2426 3790 2566 3859 quod
2607 3797 2868 3855 praesente
2898 3783 3236 3859 autabsente
3278 3785 3414 3859 sole,
3446 3783 3560 3837 dies
3590 3794 3675 3837 est

2104 3870 2194 3913 aut
2223 3874 2328 3914 non
2354 3853 2480 3913 est":
2506 3853 2715 3914 sed—illa
2744 3866 2843 3922 est,
2877 3856 3047 3923 inquit
3075 3855 3308 3915 fortuna,
3340 3853 3477 3905 inter
3507 3867 3594 3906 me
3622 3864 3675 3907 et

2106 3930 2356 3997 prcedicta
2378 3929 2514 3983 bona
2538 3927 2878 3997 necessitudo
2898 3922 2974 3997 {si
2995 3923 3208 3997 quidem
3234 3937 3430 3997 mecum
3451 3922 3676 3986 veniunt,

2105 3992 2185 4052 ine
2214 4001 2426 4053 abeunte
2464 3998 2750 4050 discedunt.
2805 3995 2955 4050 Adde
2981 3992 3123 4062 quod
3156 3995 3268 4046 haec
3295 3992 3433 4044 bona
3470 4000 3565 4062 aut
3591 4002 3678 4047 tua

2106 4079 2250 4129 sunt,
2293 4069 2484 4136 inquit,
2530 4076 2620 4120 aut
2648 4080 2763 4119 mea
2798 4082 2811 4117 :
2839 4066 2932 4119 sed
2969 4060 3057 4136 tua
3089 4077 3193 4116 non
3224 4076 3345 4136 esse
3372 4076 3447 4136 ex_
3468 4060 3571 4113 hoc
3598 4070 3680 4136 est

2105 4138 2346 4207 evidens,
2369 4129 2517 4207 quod
2541 4142 2585 4190 si
2608 4145 2697 4207 tua
2728 4135 2914 4207 forent,
2944 4132 3129 4189 eadem
3158 4132 3298 4185 nullo
3328 4129 3478 4183 modo
3508 4132 3679 4207 pcrdi-

2107 4209 2266 4261 disses
2291 4226 2309 4263 :
2333 4200 2778 4276 'quandoquidein
2809 4205 3089 4276 bonorum,
3110 4217 3250 4276 qua;
3279 4208 3367 4253 tua
3409 4209 3551 4276 sunt,
3606 4200 3678 4254 ita

2106 4269 2458 4341 dominus'es,
2490 4269 2604 4328 hinc
2627 4286 2703 4337 ut,
2732 4274 2834 4328 nisi
2868 4272 3016 4341 prius
3044 4272 3273 4326 volueris
3300 4269 3543 4338 perdere,
3572 4284 3676 4322 non

2107 4348 2301 4413 perdas
2327 4365 2341 4401 :
2370 4347 2483 4399 haec
2509 4354 2683 4399 autem
2717 4343 2875 4405 bona,
2922 4357 3041 4411 qua:
3080 4341 3275 4395 amissa
3306 4341 3677 4407 conquereris,

2109 4431 2373 4484 nunquam
2406 4416 2618 4468 voluisti
2646 4416 2915 4465 amittere.

2181 4486 2222 4517 “
2245 4488 2323 4539 An
2352 4502 2443 4555 ego
2463 4480 2617 4553 sola.]
2660 4482 2743 4555 Ill.
2786 4481 3020 4555 Fortuna
3065 4478 3253 4555 probat
3297 4476 3578 4555 exemplis,
3619 4490 3680 4530 se

2113 4557 2361 4622 prtedicta
2379 4546 2644 4623 'corporis
2682 4553 2820 4605 bona
2846 4550 2967 4623 jure
2998 4546 3153 4623 posse
3182 4547 3311 4598 dare
3340 4553 3396 4598 et
3419 4546 3630 4599 auferre
3658 4562 3671 4597 :

2109 4618 2248 4693 quod
2280 4618 2515 4679 deterior
2539 4638 2662 4677 esse
2698 4636 2802 4693 non
2834 4618 3035 4693 debeat
3061 4618 3306 4693 fortunze,
3337 4629 3492 4693 quam
3524 4624 3679 4693 caetef

2110 4686 2287 4746 rarum
2329 4708 2608 4748 causarum
2649 4690 2904 4748 conditio.
2939 4686 3187 4755 Exempla
3220 4693 3396 4738 autem
3428 4686 3530 4736 ista
3556 4692 3681 4737 sunt

2148 4774 2353 4817 uatuor.

2109 4778 2393 4886 ρυῗῖιῗίἒέι
2415 4829 2583 4902 ctelo.]
2614 4831 2847 4883 Primum
2877 4820 3445 4902 fortunmexemplum.
3475 4820 3678 4902 coelum

2107 4902 2240 4963 sole.
2287 4917 2443 4970 quem
2471 4891 2726 4962 continet,
2772 4907 3032 4970 prmsenle
3077 4896 3208 4947 diem
3248 4891 3477 4970 lucidum
3517 4893 3677 4970 facit;

2108 4973 2199 5025 sed
2227 4962 2365 5027 idem
2396 4970 2612 5034 coelum,
2640 4972 2751 5024 sole
2772 4962 3040 5032 'absente,
3073 4974 3267 5018 noctem
3296 4962 3423 5015 facit
3449 4962 3678 5016 tenebro-

2107 5058 2262 5164 ἴσως
2294 5046 2360 5097 de
2404 5041 2492 5095 die
2530 5042 2881 5110 gratulantur,
2930 5038 2997 5092 de
3041 5045 3194 5090 nocte
3237 5047 3342 5086 non
3387 5043 3681 5103 queruntur

2128 5128 2372 5164 nomines.

2128 5128 2372 5167 nomines.

2181 5185 2223 5213 η
2267 5182 2403 5237 Licet
2452 5197 2588 5235 anno
2627 5188 2773 5233 teme
2814 5174 3052 5246 vultum]
3100 5172 3406 5231 Secundum
3458 5173 3681 5246 fortuna:

2106 5254 2434 5321 exemplum.
2467 5254 2635 5305 Terra:
2680 5251 2865 5321 vultus.
2893 5244 3404 5321 jttvatitibtts_:t5tris,
3434 5258 3564 5321 nunc
3586 5244 3679 5309 ﬂo-

2106 5324 2242 5375 ribus
2267 5313 2597 5393 j‘rugibusque
2609 5313 2917 5393 redimitur}
2946 5333 3080 5393 nunc
3103 5316 3282 5369 nimbis
3313 5313 3683 5393 frigoribusque

2106 5382 2437 5459 confundii'ur
2463 5407 2481 5445 :
2512 5382 2579 5444 de
2601 5388 2818 5459 floribus
2832 5387 3183 5459 frugibusque
3213 5382 3407 5459 gratias
3437 5382 3683 5459 homines

2107 5452 2306 5515 habent
2332 5480 2346 5516 :
2380 5463 2445 5517 de
2475 5458 2669 5514 nimbis
2695 5466 2749 5511 et
2780 5452 3062 5525 frigoribus
3089 5452 3338 5525 querelas
3367 5465 3471 5503 non
3506 5452 3682 5517 profe-

2105 5540 2245 5585 runt.

2179 5601 2221 5631 ’⁸
2248 5600 2346 5654 Jus
2373 5608 2445 5653 est
2470 5596 2646 5668 mari]
2668 5597 2905 5651 Tertium
2936 5596 3159 5649 fortuna!
3186 5586 3684 5668 exemplumglarc

2104 5686 2239 5724 nunc
2264 5677 2423 5723 strato
2445 5660 2646 5735 (equore
2670 5667 2926 5720 blanditur
2949 5682 2965 5718 :
2992 5682 3123 5717 nunc
3156 5662 3392 5735 procellis
3417 5675 3481 5735 ac
3511 5660 3682 5729 ﬂucti-

2105 5740 2195 5794 bus
2235 5729 2553 5806 iuhorrescit,
2588 5737 3024 5808 tranquillitatem
3071 5729 3313 5789 homines
3356 5729 3683 5785 arbitaantut‘
