4292 6262
624 369 725 426 667

1833 371 1935 423 AN.
1980 371 2181 426 MANL.
2222 372 2372 427 SEV.
2417 373 2634 428 BOETII

3758 375 3862 433 66b

625 484 756 540 riam
784 491 955 551 putes.
987 480 1067 535 An
1101 491 1154 535 tu
1202 490 1229 518 λ
1273 495 1450 536 mores
1492 480 1772 550 ignorabas
1817 483 1999 536 meos?
2038 483 2054 513 ¹
2092 482 2192 537 Ne-
2216 486 2269 545 Α
2295 499 2325 536 a
2360 492 2410 537 te
2439 501 2542 538 non
2571 493 2677 538 tota
2700 484 3117 553 discessi?Quid
3149 487 3194 541 si
3223 488 3335 542 inec
3363 490 3473 557 ipsa
3506 488 3608 542 mei
3640 489 3865 543 mutabi-

626 574 830 629 sciebas
877 571 1116 627 Croesum
1154 586 1331 640 regem
1378 571 1643 641 Lydorum
1691 571 1830 641 Cyro
1876 572 2031 640 paulo
2070 582 2193 628 ante

627 667 1039 731 formidabilem,
1062 680 1182 718 mox
1215 663 1408 717 deinde
1429 664 1787 717 miserandum
1816 665 1927 732 rogi
1964 663 2190 719 ﬂammis

627 756 910 816 traditum,
959 754 1122 808 misso
1174 754 1383 808 ctelitus
1437 754 1606 808 imbre
1658 753 1981 807 defensum?
2033 753 2186 824 103

625 845 647 875 ³
692 842 826 897 Num
866 852 918 896 te
960 842 1197 911 praeterit
1232 842 1449 896 Paulum
1492 842 1682 896 Perses
1719 844 1861 911 regis
1908 856 1936 893 a
1963 856 2022 896 se
2046 843 2187 908 capti

626 932 653 971 δ
682 933 1071 987 calamitatibus
1107 934 1218 1000 pias
1267 933 1591 997 impendisse
1634 931 1935 1003 Iacrymas?
1978 931 1999 961 ³
2047 930 2187 997 Quid

626 1022 998 1091 tragmdiarum
1026 1022 1229 1076 clamor
1254 1022 1396 1076 aliud
1422 1021 1603 1087 deflet,
1637 1022 1734 1075 nisi
1765 1022 2053 1076 indiscrete
2082 1021 2190 1073 ictu

624 1115 887 1170 foi‘tnnatn
914 1114 1088 1169 felicia
1111 1131 1271 1184 regna
1300 1115 1635 1169 vertentem?
1663 1113 1847 1167 Nonne
1873 1113 2188 1167 adolescen-

623 1205 763 1258 tulus
796 1215 819 1243 ο
858 1204 880 1235 ⁸
919 1204 1009 1259 δύο
1048 1208 1170 1265 τοὺς
1194 1206 1391 1267 πίθους,
1432 1206 1515 1258 τὸν
1548 1206 1637 1273 μὲν
1665 1204 1753 1257 ἕνα
1786 1210 1969 1262 κακῶν,
2011 1203 2097 1255 τὸν
2138 1200 2192 1255 δὲ

620 1295 785 1367 ἕτερον
823 1293 1008 1357 καλῶν,
1062 1293 1112 1345 in
1160 1292 1313 1346 Jovis
1352 1292 1435 1360 (5)
1481 1292 1664 1345 limine
1704 1290 1884 1359 jacere
1925 1288 2193 1341 didicisti?

620 1381 752 1447 Quid
783 1383 827 1436 si
859 1383 1072 1437 uberius
1097 1381 1164 1437 de
1187 1382 1449 1437 bonorum
1476 1390 1624 1451 parte
1652 1378 1961 1449 sumpsisti?
1983 1379 2117 1444 Quid
2143 1380 2191 1432 si

2302 576 2419 632 litas
2453 578 2594 647 justa
2641 577 2734 632 tibi
2772 592 2929 632 causa
2969 588 3050 633 est
3092 578 3343 647 sperandi
3371 579 3624 634 meliora?
3664 579 3861 635 Tamen

2299 670 2326 709 ά
2356 687 2423 725 ne
2454 672 2631 725 animo
2655 671 3004 725 contabescas
3023 712 3038 736 ,
3064 681 3120 726 et
3159 671 3292 724 intra
3314 685 3596 726 commune
3619 671 3863 727 omnibus

2298 776 2518 830 regnum
2550 761 2775 823 locatus,
2809 760 3026 829 proprio
3044 759 3166 830 jure
3195 761 3375 815 vivere
3397 759 3685 814 desideres.

2846 934 3137 989 METRUM
3173 936 3205 970 "‘
3243 936 3303 989 ll.

2302 1040 2453 1116 105
2473 1043 3053 1116 ABGUMENTUH-eQuo
3075 1045 3259 1114 major,
3283 1046 3444 1113 inquit
3462 1048 3686 1116 fortuna,
3710 1062 3861 1115 opum

2368 1115 2708 1180 honorumque
2729 1115 2969 1175 accessio,
2998 1130 3055 1166 eo
3077 1116 3258 1182 magis,
3289 1115 3539 1170 crescente
3573 1118 3863 1170 earumdem

2372 1182 2666 1247 :upiditute,
2699 1182 2848 1261 homo
2877 1185 3071 1235 videtur
3101 1199 3265 1255 egere.

2439 1292 2494 1346 Si
2521 1304 2747 1359 quantas
2776 1294 2974 1361 rapidis
3001 1294 3210 1350 flatibus
3240 1296 3432 1352 incitus

2514 1379 2714 1436 Pontus
2742 1392 2918 1436 versat
2939 1397 3151 1445 arenas,

1944 1533 2541 1602 ιιΝτειιΡιιΕΤΑτιο.

686 1676 712 1703 ⁸
748 1666 913 1717 Meam
937 1664 1146 1718 ludendi
1169 1663 1600 1717 consuetudinem.

686 1735 711 1772 ¹³
746 1736 976 1788 Miserius
1002 1736 1195 1802 ﬂevisse
1223 1750 1324 1785 non
1355 1734 1460 1784 sine
1488 1734 1692 1802 pietate.

688 1816 711 1844 ο
748 1804 858 1856 Duo
889 1788 1049 1867 dolia,
1075 1804 1449 1872 uuumquidem
1477 1788 1746 1866 malorum,
1779 1799 1994 1853 alterunt
2022 1810 2190 1854 autem
2225 1788 2269 1847 Β

619 1876 880 1928 bonorum.

2369 1661 2393 1698 ἀ
2434 1665 2690 1734 Quidquid
2715 1671 2805 1720 sit.

2376 1735 2616 1797 Quanwis
2638 1740 2858 1790 maxima
2878 1739 3077 1792 ubertas
3101 1741 3295 1809 a/ferat'
3311 1752 3415 1795 tant
3440 1745 3624 1798 multas
3643 1745 3865 1810 divitias,

2299 1818 2458 1855 manu
2489 1821 2747 1872 nunquam
2778 1821 3006 1882 cessante
3031 1810 3273 1875 fundere,
3301 1829 3453 1882 quam
3481 1816 3666 1867 multas
3686 1831 3865 1870 arenas
3894 1864 3897 1865 ,

2301 1889 2440 1926 mare
2467 1888 2773 1929 commotum
2802 1880 3167 1935 vehementibus
3196 1880 3352 1936 ventis
3386 1885 3533 1937 volvit
3559 1901 3585 1948 ;.
3602 1896 3689 1937 aut
3714 1903 3891 1956 quam,

2127 2002 2358 2059 NOTAE.

617 2137 855 2192 favorem
884 2152 899 2191 :
928 2136 1020 2191 sed
1046 2134 1331 2203 procellam
1356 2149 1459 2187 non
1483 2142 1670 2202 putant
1700 2134 1944 2202 injuriam
1971 2151 1984 2188 :
2016 2148 2187 2203 quare

617 2223 765 2275 ergo,
794 2208 961 2274 inquit
988 2207 1213 2266 fortuna,
1246 2221 1336 2257 nos
1362 2207 1428 2257 ad
1449 2204 1789 2275 constantiam
1815 2207 2001 2257 nostris
2028 2208 2184 2275 mori:

616 2274 705 2329 bus
748 2276 985 2340 alienam,
1032 2276 1287 2343 inexpleta
1329 2275 1597 2343 hominum,
1619 2274 1871 2337 cupiditas
1898 2274 2184 2343 alligabit!

616 2346 691 2399 De
717 2349 837 2398 ludo
866 2354 919 2399 et.
947 2346 1013 2396 de
1037 2354 1146 2398 rota
1172 2343 1395 2396 fortuna:
1423 2343 1524 2408 iam
1551 2342 1749 2394 dictum
1784 2350 1866 2394 est
1897 2342 1995 2395 hoc
2018 2343 2176 2396 libro.

615 2415 711 2469 llic
738 2425 913 2467 autem
943 2413 1150 2467 fortuna
1175 2414 1367 2464 dicitur
1396 2412 1571 2463 ludum
1594 2411 1767 2464 ludere
1787 2429 1803 2475 ;
1823 2411 1962 2464 sicut
1981 2413 2182 2465 Tereu-

614 2486 717 2538 tius
735 2480 880 2536 'dixit
910 2486 1126 2552 gaudere
1150 2482 1420 2551 gaudium,
1438 2482 1625 2534 Cicero
1648 2486 1832 2534 servire
1860 2482 2183 2546 seruitutem;

614 2556 801 2619 vulgus
829 2555 988 2605 vivere
1018 2554 1192 2605 vitam.

711 2616 731 2655 ί
766 2622 1033 2676 Nesciebas
1059 2617 1325 2691 Crannon]
1354 2616 1584 2691 iCrmsns
1612 2618 1826 2691 ultimus
1853 2634 1943 2691 rex
1976 2619 2176 2686 Lydiae,

615 2693 930 2757 ditissimus,
981 2708 1007 2744 a
1032 2694 1176 2762 tler
1205 2689 1633 2762 regePersarum
1662 2690 1831 2762 victus
1874 2689 1997 2750 fuit;
2028 2705 2181 2762 cum-

615 2778 720 2830 que
748 2763 936 2815 iterum
972 2759 1296 2822 rebellasset,
1331 2759 1629 2824 iterumque
1656 2761 1826 2830 victus
1854 2770 2014 2817 esset.
2047 2760 2183 2825 igni-

614 2828 715 2885 bus
761 2831 1023 2891 addictus,
1075 2830 1143 2883 de
1191 2845 1317 2897 pyra
1365 2830 1637 2889 clamavit,
1685 2843 1719 2879 o
1762 2828 1949 2888 Solon,
1995 2830 2182 2894 Solon,

611 2902 772 2955 Rolou
799 2916 813 2964 ;
845 2902 1201 2967 interrogante
1230 2896 1387 2966 Cyro,
1420 2901 1538 2964 quis
1566 2898 1656 2951 ille
1684 2898 1845 2950 Solon
1876 2908 2017 2952 esset
2045 2940 2059 2961 ,
2109 2899 2177 2951 ait

612 2976 874 3023 ersus:
913 2971 1076 3022 Solon
1112 2969 1191 3021 vir
1232 2968 1659 3032 Sapietttissimus
1685 2970 1808 3019 olim
1857 2982 1940 3020 me
1983 2970 2185 3021 monuit

614 3040 878 3093 neminem
918 3053 1034 3093 esse
1067 3040 1116 3091 in
1157 3041 1253 3090 bac
1281 3040 1387 3089 vita
1430 3036 1658 3097 felicem,
1688 3037 1826 3105 quod
1862 3053 1999 3091 Itttllc
2026 3052 2185 3101 expe-

615 3112 742 3163 rior.
766 3109 915 3163 Tunc
938 3108 1105 3175 Cyrus
1128 3108 1436 3159 varietatem
1469 3107 1690 3159 fortuna:
1718 3108 1975 3171 cogitans,
2006 3109 2182 3169 ignem

615 3194 771 3245 quem
813 3182 1046 3246 jusserat
1086 3177 1371 3243 exstingui,
1402 3177 1534 3230 vidit
1581 3178 1717 3230 coelo
1764 3176 2054 3229 [animante
2102 3192 2186 3229 re-

2286 2151 2399 2192 ram
2427 2140 2478 2193 in
2513 2142 2671 2196 terris
2696 2151 2895 2197 sortem
2927 2142 3186 2199 habitune
3214 2162 3227 2199 :
3259 2147 3399 2216 quod
3430 2147 3691 2205 Homerus
3711 2151 3860 2206 lliad.

2286 2251 2325 2280 ω
2361 2228 2436 2282 sic
2461 2231 2725 2299 expressit
2758 2248 2771 2284 :

2407 2317 2651 2387 Praeterea
2678 2323 2897 2387 posuisse
2920 2321 3092 2387 Jovem
3117 2324 3214 2372 duo
3236 2338 3352 2387 vasa
3371 2327 3637 2387 loquuntm~

2406 2378 2536 2444 ᾼηιε
2562 2378 2693 2444 fores
2715 2383 2964 2444 primoque
2986 2384 3158 2434 domus
3180 2388 3227 2433 in
3251 2385 3416 2436 limine
3439 2378 3572 2439 coeli.

2410 2439 2529 2510 Quae
2550 2443 2647 2510 sint
2672 2439 2951 2510 muneribus
2974 2445 3145 2510 dandis
3166 2445 3452 2510 mortalibus
3475 2457 3629 2510 tegi-ist

2408 2498 2577 2566 ruens,
2601 2503 2739 2551 bonis
2758 2504 2901 2566 aliud,
2928 2504 3177 2566 peioribus
3201 2507 3314 2555 illud
3337 2498 3548 2557 abunde?

2406 2562 2662 2631 aquibus,
2685 2572 2738 2612 ut
2759 2562 3107 2631 voluit,'D'eus,
3132 2569 3291 2631 omnia
3311 2571 3523 2618 sortibus
3545 2575 3698 2631 aequis

2408 2623 2663 2690 Qistribuit
2686 2630 2857 2684 generi
2886 2623 3107 2690 humano,
3130 2628 3269 2690 simul
3291 2631 3447 2677 omnia
3470 2623 3696 2690 miscens,

2405 2683 2543 2750 Nunc
2567 2683 2708 2750 bona,
2737 2699 2862 2733 nunc.
2885 2687 3033 2744 mala;
3062 2701 3186 2736 nunc
3213 2689 3350 2750 lzeva,
3377 2703 3501 2739 nunc
3527 2683 3860 2743 lanceesecun—

2406 2744 2492 2816 Qui
2518 2744 2639 2816 mala
2661 2744 3126 2816 c0ntige_rint,_curm
3148 2750 3278 2816 hunc
3302 2744 3502 2816 eirponit
3519 2755 3721 2816 iniqua).
3756 2757 3860 2816 [daz

2405 2804 2645 2869 Tristibus
2664 2804 2908 2869 a'ruuinis,
2932 2804 3196 2869 miserique
3222 2804 3469 2860 laboribus
3490 2814 3580 2861 teri
3606 2804 3617 2861 ἓ

2416 2867 2572 2938 104
2612 2875 2754 2926 Vivet
2779 2867 2907 2926 enim
2934 2892 3095 2941 neque
3116 2867 3211 2929 diis
3231 2887 3421 2942 gratus,
3445 2895 3607 2933 neaue
3633 2887 3861 3005 siepltibus

3674 2959 3701 2993 υ
3746 2960 3799 2995 ις.

3674 2959 3799 2995 lllllS.

2360 3015 2663 3068 Doctrinam
2708 3019 2842 3070 hanc
2872 3017 3118 3071 didicerat
3151 3019 3367 3073 Boetius
3403 3023 3811 3078 adolescentulus
3840 3042 3859 3079 :

2289 3086 2401 3136 sive
2439 3086 2560 3158 quia
2607 3087 2874 3158 Athenis,
2917 3088 3116 3158 ubirab
3160 3090 3519 3144 adolescentia
3559 3094 3855 3158 studuerat,

2291 3170 2415 3228 vasa
2452 3155 2567 3228 hare
2605 3158 2655 3228 iu
2694 3156 2889 3228 templo
2920 3157 3065 3228 lovis
3097 3158 3361 3224 descripta
3392 3155 3854 3228 proponebanturt

616 3224 771 3316 sane
802 3224 1743 3317 :“atati'A‘..;:;.'.a‘:s'titanas}.
1765 3224 1902 3299 ita.“
1917 3224 1995 3300 de
2007 3224 2189 3300 Ἱλάειό
2217 3240 2262 3301 C

2228 3240 2262 3301 [ς
2294 3224 2405 3317 sive
2428 3227 2554 3292 quia
2588 3226 2771 3287 placita
2806 3225 3195 3317 Pla'torticorum
3232 3224 3420 3317 doc'tu's
3453 3230 3644 3285 fuerat.

616 3330 815 3381 septem
850 3332 963 3384 sap.

792 3406 1009 3456 Clamore
1034 3418 1208 3467 magno
1225 3412 1301 3454 ter
1325 3405 1550 3453 Solonem
1575 3412 1835 3466 nuncupat.

795 3470 896 3525 Qua
924 3482 980 3514 ιο
999 3484 1041 3513 -e
1062 3468 1209 3526 Cyrus
1227 3475 1385 3514 motus
1404 3470 1647 3527 exstingui
1672 3468 1813 3525 jubet

800 3528 976 3589 Gyrum
1002 3541 1088 3587 per
1108 3540 1318 3589 omnem.
1345 3534 1397 3574 et
1418 3528 1598 3589 destrui
1626 3527 1879 3589 ardentem
1900 3538 2063 3589 pyram
2087 3540 2100 3575 :

793 3588 853 3635 Et
867 3589 1165 3637 commodum
1192 3588 1412 3647 profusus
1436 3588 1592 3636 imber
1615 3588 1825 3635 nubibus

799 3648 1047 3709 Repressit
1066 3649 1246 3708 ignem.
1614 3648 1618 3653 ’

682 3733 703 3762 ’
732 3726 871 3781 Nunt
908 3738 955 3780 te
986 3728 1203 3793 prwrerit
1228 3725 1449 3779 Paulum
1473 3724 1652 3779 Perses
1676 3725 1851 3797 regis.]
1881 3726 2042 3797 Perse
2064 3727 2190 3781 Plii-

619 3797 749 3864 lippi
782 3797 939 3861 filius,
974 3797 1189 3849 ultimus
1214 3797 1556 3849 Macedonum
1585 3811 1700 3855 rex,
1732 3796 1900 3848 victus
1922 3796 2021 3849 fuit
2043 3798 2181 3864 apud

617 3868 994 3921 Samothracas
1032 3881 1058 3916 a
1102 3866 1264 3918 Paulo
1294 3865 1533 3929 Emilio,
1571 3865 1810 3917 Romano
1849 3868 2087 3928 consule,
2135 3876 2191 3920 et

613 3952 732 3989 cum
764 3937 883 3989 filiis
914 3936 964 3988 in
1001 3936 1326 4001 triumphum
1355 3938 1547 3988 ductus
1575 3954 1587 3986 :
1624 3936 1762 3987 hunc
1791 3945 1847 3987 ut
1875 3945 2087 4004 captum
2120 3938 2184 3990 ad

614 4021 673 4059 se
699 4006 812 4071 rapi
841 4006 1061 4058 vidisset
1094 4005 1310 4066 Paulus,
1340 4006 1456 4071 ejus
1487 4005 1749 4056 fortunam
1785 4008 2066 4057 miseratus
2092 4006 2185 4059 lle.

614 4078 706 4135 vit,
734 4086 789 4128 et
819 4074 1057 4127 a-sidere
1085 4074 1180 4126 sibi
1207 4074 1365 4140 jussit
1422 4076 1735 4126 I'lutarcbus
1764 4074 1811 4125 in
1844 4074 1946 4126 viva
1978 4074 2185 4129 .Emilii

614 4147 781 4207 addit,
809 4146 1007 4196 victum
1043 4144 1233 4195 Persen
1266 4144 1436 4195 inedia
1471 4159 1527 4195 se
1556 4145 1851 4197 cmitecissc
1876 4186 1891 4211 ,
1924 4156 2013 4198 aut
2039 4155 2185 4199 certe

614 4216 683 4268 ob
709 4224 948 4278 ereptum
980 4228 1225 4265 somnum
1260 4212 1543 4265 interiisse.

578 4336 579 4339 η
684 4283 704 4313 ⁸
735 4284 870 4347 Quid
903 4283 1262 4351 lragwdiaruut
1292 4283 1531 4352 clamor.j
1556 4281 1833 4349 Tragtevlia
1860 4290 1943 4335 est
1968 4298 2182 4337 carmen

614 4357 1002 4419 gravisSImum,
1030 4369 1133 4418 quo
1159 4352 1455 4420 principum
1490 4353 1717 4403 virorum
1750 4354 2082 4407 ealamitates
2104 4355 2185 4405 ln-

615 4432 801 4475 ctuoso
838 4424 1065 4489 quodam
1105 4424 1245 4474 exitu
1292 4426 1587 4473 terminatas
1625 4424 2016 4489 depinguntur:
2049 4439 2180 4490 qna-

616 4494 853 4546 mobrem
879 4492 1131 4559 tragoedia
1163 4490 1339 4543 differt
1368 4506 1397 4543 a
1431 4491 1714 4554 eoiiitedia,
1757 4508 1875 4559 qua:
1902 4492 2183 4559 tranquillo

615 4564 841 4631 hirtoque
862 4572 1005 4615 exitu
1027 4562 1326 4614 continetur
1347 4577 1359 4612 :
1377 4562 1517 4613 unde
1540 4561 1721 4613 llorat.
1745 4576 1778 4614 Il
1800 4562 2003 4626 ϐαι-ιιι..
2020 4562 2107 4615 od.
2128 4563 2178 4616 1:
2210 4591 2263 4649 υ

858 4652 1057 4700 Paulum
1080 4663 1270 4700 severe
1296 4651 1425 4699 Musa
1452 4652 1701 4713 tragtedias

855 4715 991 4761 Desit
1015 4714 1235 4762 theatris.

684 4796 815 4851 lilinc
845 4798 1127 4864 tragmdias
1164 4810 1378 4849 movere
1417 4795 1664 4848 dicuntur
1691 4796 1765 4849 illi
1795 4801 1883 4862 qui
1930 4797 2184 4850 tumultus

610 4869 864 4933 quosdam
896 4868 1131 4920 excitant
1160 4884 1173 4918 :
1219 4866 1301 4919 cui
1337 4864 1475 4918 favet
1506 4868 1684 4916 iiomiu
1711 4882 1736 4918 s
1765 4867 2135 4933 interpretatio
2166 4886 2178 4920 :

609 4938 755 4988 aiunt
778 4937 920 4989 enim
945 4936 1183 5007 nonnulli
1212 4936 1518 5001 tragmdiam
1546 4936 1644 5007 diei
1671 4938 1819 5000 quasi
1841 4936 2181 5007 τραχυδίανει

610 5008 816 5077 τραχὺς
836 5021 999 5077 asper.
1021 5006 1157 5074 quod
1185 5014 1304 5074 agat
1320 5010 1396 5077 de
1426 5008 1582 5077 rebus
1608 5003 1755 5077 duris
1779 5003 2178 5071 atque'asperis,

618 5075 690 5125 un
725 5080 790 5126 de
816 5075 1049 5126 caulibus
1070 5090 1131 5126 ac
1158 5075 1415 5128 mortibus
1448 5075 1689 5126 heroum.
1729 5075 2012 5137 Pr0ptcrea
2042 5089 2180 5129 nunc

609 5144 799 5196 merito
828 5144 1022 5195 dicitur
1049 5144 1406 5212 tragoediarum
1427 5147 1622 5195 clamor
1653 5146 1780 5195 nihil
1805 5145 1948 5196 aliud
1970 5146 2177 5211 deﬂere,

608 5214 707 5265 nisi
733 5213 1005 5265 indiscreta
1033 5213 1134 5264 ictu
1162 5214 1418 5281 fortunam
1441 5214 1615 5283 felicia
1638 5229 1793 5283 regna
1816 5224 2103 5267 vertentem.

680 5288 700 5312 ⁵
732 5284 837 5336 Δύο
888 5285 1006 5341 τοὺς
1033 5280 1230 5345 «tam,
1281 5294 1406 5343 ctc.,
1452 5283 1554 5333 duo
1582 5280 1742 5343 dolia,
1782 5300 1936 5335 unum
1976 5284 2177 5348 quidem

607 5353 878 5417 malorum,
910 5353 1120 5404 alterum
1149 5364 1314 5404 autem
1337 5352 1603 5403 bonorum.
1636 5354 1890 5406 Nimirum
1918 5352 2174 5406 Platonici

610 5424 854 5477 videntes
883 5422 1152 5476 homimnn
1182 5433 1552 5489 mentes,quas
1572 5424 1814 5476 conditas
1833 5424 1986 5491 longe
2008 5423 2171 5490 prius,

605 5509 763 5560 quam
794 5493 1107 5560 corporibus
1141 5493 1449 5558 conjunctas
1479 5491 1893 5557 arbitrabantur,
1926 5494 2172 5546 miserant

607 5577 760 5629 unas,
794 5564 923 5615 alias
952 5562 1158 5617 felicem
1186 5562 1345 5614 vitam
1374 5576 1530 5629 agere
1551 5602 1564 5625 ,
1598 5561 1753 5615 liuxe.
1772 5571 1885 5624 unt,
1919 5564 2026 5615 duo
2054 5573 2178 5617 ante

607 5632 749 5686 fores
778 5632 924 5686 lovis
950 5646 1069 5685 esse
1096 5647 1219 5685 vasa
1250 5632 1427 5700 plena,
1458 5646 1616 5682 unum
1641 5632 1853 5697 quidem
1888 5632 2168 5696 bonorum,

608 5700 829 5753 alterum
861 5702 1139 5765 malorum,
1170 5717 1396 5770 quorum
1429 5702 1684 5754 alterutro
1714 5710 1850 5769 potae
1882 5712 2088 5757 mentes
2119 5706 2170 5755 iu

606 5781 831 5838 corpora
874 5771 1296 5836 infunderen'ur,
1346 5771 1463 5825 fe'ic
1487 5784 1552 5821 -m
1583 5782 1859 5839 propterea
1890 5781 1980 5826 aut
2008 5773 2167 5828 mise-

2363 3294 2616 3366 Quartum
2670 3310 2824 3366 porro
2855 3295 2980 3349 illud
3018 3307 3097 3350 est
3141 3299 3462 3366 exemplum,
3512 3314 3617 3366 quo
3653 3299 3859 3357 fortuna

2292 3364 2455 3416 utitur
2480 3365 2547 3415 ad
2582 3363 2913 3438 probandum
2942 3380 3003 3419 se
3033 3367 3223 3420 merito
3254 3363 3489 3432 potuisse
3519 3363 3703 3423 Boetio
3732 3386 3859 3438 pru-

2291 3446 2447 3504 spera
2476 3443 2528 3485 et
2554 3432 2774 3486 adversa
2820 3437 3014 3488 inferre
3047 3450 3064 3491 :
3095 3451 3160 3488 ex
3190 3451 3293 3504 quo
3317 3438 3609 3501 Concludit,
3643 3455 3703 3492 se
3732 3432 3859 3504 pro-

2295 3513 2407 3575 pter
2437 3502 2595 3575 bona,
2636 3505 2807 3575 gratia
2834 3506 3008 3575 potius
3035 3502 3440 3574 quam—propter
3469 3510 3629 3571 mala,
3650 3502 3859 3575 injuriis

2290 3572 2487 3646 debere
2512 3573 2670 3624 allici.
2699 3572 3004 3646 Praesertim
3025 3572 3146 3627 cum
3181 3572 3380 3639 nullum
3408 3577 3480 3631 sit
3500 3572 3729 3644 tempus,
3755 3594 3860 3646 quo

2292 3640 2499 3693 fortuna
2534 3656 2637 3695 non
2676 3643 2913 3715 videatur
2951 3643 3136 3698 Boetio
3167 3650 3332 3708 magis
3376 3647 3551 3701 favere
3579 3640 3735 3715 quam
3765 3640 3859 3700 no-

2289 3724 2451 3784 cem:
2485 3712 2754 3784 pra-terim
2801 3712 2985 3784 enim,
3024 3728 3129 3780 quo
3176 3715 3365 3784 opibus
3410 3725 3465 3769 et
3506 3712 3853 3784 dignitatibus

2228 3808 2237 3809 ί
2290 3780 2515 3852 donatus
2545 3779 2659 3845 fuit,
2703 3781 2822 3848 plus
2850 3782 2973 3835 boni
3014 3779 3397 3852 accepitquam
3426 3779 3589 3837 mali':
3626 3784 3859 3851 Uberius,

2292 3848 2454 3914 inquit
2482 3850 2715 3909 fortuna,
2738 3852 2801 3903 de
2829 3852 3070 3904 bonorum
3096 3848 3237 3919 parte
3256 3848 3515 3919 sumpsisti
3535 3871 3554 3908 :
3585 3848 3855 3921 praestanti,

2289 3934 2409 3992 quo
2440 3929 2749 3992 constantes
2787 3922 2974 3975 saltem
3013 3923 3211 3992 amicos
3247 3925 3424 3984 habet,
3465 3925 3625 3977 etiam
3661 3924 3854 3992 aliquid

2291 3989 2410 4041 boni
2441 3989 2679 4058 obtinet:
2712 3988 2753 4040 Α
2783 3998 2847 4051 te,
2893 3991 3062 4058 inquit
3102 3992 3289 4045 eadem
3334 3992 3569 4056 fortuna,
3608 4010 3708 4045 non
3751 3988 3855 4046 tota

2290 4058 2496 4122 discessi
2523 4074 2540 4111 :
2573 4057 2750 4112 futuro
2777 4057 3026 4128 denique,
3054 4075 3159 4127 quo
3188 4062 3435 4129 pristinas
3462 4077 3588 4116 suas
3615 4078 3742 4128 opes
3773 4063 3854 4116 di-

2286 4128 2619 4197 gnitatesque
2660 4143 2977 4195 recuperare
3021 4128 3229 4197 potest;
3278 4130 3480 4184 felicior
3531 4134 3662 4185 forte
3705 4134 3854 4185 erit:

2291 4196 2418 4249 llwc
2456 4197 2564 4263 ipsa
2607 4198 2701 4249 mei
2743 4196 3077 4271 tuutabiltla's,
3125 4201 3291 4265 inquit
3336 4202 3731 4271 fertnna,justa
3768 4201 3858 4271 tibi

2289 4282 2441 4338 causa
2480 4275 2551 4319 est
2588 4268 2826 4338 sperandi
2874 4269 3103 4321 meliora.
3154 4270 3464 4338 Quanquam
3501 4268 3678 4324 autem
3722 4270 3855 4323 nihil

2289 4334 2475 4388 horum
2536 4345 2681 4390 esset
2732 4337 3028 4390 durandum
3066 4354 3081 4393 :
3119 4334 3368 4407 quaelibet
3408 4341 3548 4392 enim
3585 4343 3857 4393 societatis

2286 4407 2508 4471 alicujus
2535 4420 2656 4473 pars
2694 4407 3067 4459 conimunibns
3098 4417 3311 4461 tenetur
3339 4423 3447 4461 suae
3478 4410 3753 4463 societatis
3782 4411 3858 4462 le-
3886 4407 3893 4446 ί

2285 4476 2475 4541 gibus:
2510 4493 2570 4528 ne
2612 4475 2771 4543 igitur
2798 4477 2969 4528 animo
3006 4479 3325 4531 contabescas
3349 4489 3392 4529 et
3422 4479 3555 4529 intra
3593 4494 3858 4531 commune

2286 4546 2516 4666 amnibus
2545 4561 2755 4613 regnum
2784 4544 2996 4612 locatus,
3027 4548 3230 4616 proprio
3256 4548 3372 4615 jure
3399 4548 3555 4601 vivere
3581 4563 3685 4600 non
3716 4549 3852 4599 desi-

2323 4630 2446 4666 eres.

2323 4630 2446 4667 eres.

2359 4708 2375 4727 ⁶
2408 4704 2633 4757 (‘armen
2664 4713 2914 4756 constans
2947 4703 3143 4771 duplici
3182 4720 3379 4772 genere
3417 4720 3665 4759 versuum
3697 4705 3855 4759 alter-

2290 4790 2497 4831 nurum.
2526 4790 2748 4834 qttorum
2776 4790 2835 4840 pr
2857 4789 2919 4826 or
2940 4776 3299 4843 Asclep‘adeus
3336 4777 3597 4843 Spendeo,
3643 4774 3855 4841 dactylo

2287 4859 2407 4915 cum
2458 4845 2682 4910 syllaba,
2727 4858 2778 4894 et
2816 4845 3021 4897 duobus
3061 4846 3557 4915 dactylisvconstat,
3584 4845 3855 4915 posterior

2292 4912 2644 4965 l’herecratius
2667 4916 2927 4979 εριιιιιΙιιο,
2957 4912 3197 4982 αξιοιγιοξ
3221 4926 3274 4968 et
3304 4916 3562 4981 spondeo.
3581 4914 3855 4979 Excipitur

2292 4996 2463 5035 tamen
2499 4998 2683 5036 versus
2704 4984 2944 5035 decimus
2968 4992 3207 5052 octavus,
3231 4983 3382 5052 cujus
3412 4985 3612 5052 primus
3653 4998 3745 5051 pes
3772 4991 3855 5035 est

2286 5063 2628 5119 anapaestus:
2667 5055 2776 5103 sitis
2812 5054 3027 5104 ardescit
3071 5051 3323 5117 habendi;
3375 5051 3495 5113 nisi,
3542 5065 3597 5106 ut
3641 5052 3855 5121 c0ujicit

2283 5125 2591 5186 Ascensius,
2626 5123 2722 5189 legi
2754 5123 2964 5182 debeat,
2983 5125 3054 5174 vis
3083 5124 3301 5176 ardescit
3331 5123 3567 5176 habendi.

2358 5213 2410 5266 l.
2466 5211 2702 5281 Paruum]
2750 5213 3037 5276 Speciatim
3089 5212 3326 5266 Euxinus
3378 5225 3500 5281 est,
3559 5213 3853 5282 generatim

2283 5297 2451 5344 mare,
2483 5284 2640 5353 quod
2675 5283 3151 5353 frequentissimth
3179 5295 3261 5337 est
3294 5284 3432 5353 apud
3476 5294 3696 5353 poetas:
3734 5282 3861 5335 vide

2283 5362 2438 5406 tuetr.
2469 5351 2503 5401 ‘2
2534 5352 2624 5403 lib.
2655 5367 2691 5411 ι,
2730 5366 2780 5403 v.
2818 5351 2901 5403 14.

2348 5423 2403 5473 2.
2437 5420 2674 5490 Arenas.]
2701 5422 2837 5485 Quid
2871 5422 2939 5474 sit
2976 5436 3160 5485 arena,
3204 5438 3361 5476 nemo
3395 5424 3567 5477 nescit
3595 5439 3608 5474 :
3640 5421 3732 5473 sed
3764 5421 3853 5475 alii

2280 5504 2509 5553 arenam,
2556 5490 2646 5543 alii
2677 5491 2937 5551 harenam,
2965 5507 3058 5559 pro
3088 5493 3288 5560 duplici
3321 5493 3551 5546 nominis
3583 5491 3737 5558 hujus
3769 5492 3859 5543 iu-

2282 5561 2686 5628 ti-rpretatione,
2717 5560 2955 5614 scribunt
2994 5578 3005 5612 :
3041 5562 3121 5614 vel
3150 5564 3291 5616 enim
3322 5577 3423 5617 vox
3457 5564 3558 5615 ista
3589 5572 3759 5614 oritur
3786 5560 3857 5612 ab

2279 5630 2498 5696 arendo,
2529 5633 2668 5698 quod
2690 5630 2835 5683 arida
2860 5631 3142 5698 bibulaque
3170 5633 3240 5686 sit
3266 5649 3278 5684 :
3304 5633 3440 5685 sicut
3471 5633 3721 5686 Horatius
3741 5645 3857 5683 are-

2282 5716 2375 5753 nas
2405 5700 2598 5770 saepius
2628 5712 2781 5755 vocat
2799 5711 3025 5765 arentes;
3048 5711 3262 5770 tumque
3282 5704 3532 5756 scribitur
3557 5717 3747 5766 art-ua;
3773 5700 3855 5770 vel

2276 5771 2445 5823 oritur
2474 5769 2537 5822 ab
2567 5768 2827 5831 ha'r'enda,
2874 5772 3011 5840 quod
3043 5768 3208 5840 aquas
3237 5772 3485 5833 hauriens
3520 5772 3741 5841 Intereat,
3769 5769 3853 5823 fu-
