4292 6262
481 318 579 372 1269

620 434 723 488 Aut
752 441 880 503 quot
900 432 1174 489 stelliferis
1193 432 1335 488 edita
1368 432 1609 487 noctibus

686 524 837 580 Cailo
864 526 1036 579 sidera
1068 525 1267 594 fulgent
1288 540 1305 589 ;

477 614 509 670 5
615 613 814 667 Tantas
846 612 1029 667 fundat
1049 628 1198 681 Opes,
1222 628 1321 667 nec
1350 611 1584 667 retrahat
1613 625 1826 663 manum

686 701 852 755 Pleno
880 703 1031 771 copia
1060 717 1263 756 cornu:

621 791 777 861 106
804 791 1102 845 Humanum
1132 792 1353 845 miseras
1379 789 1519 843 haud
1549 787 1669 842 ideo
1697 798 1866 854 genus

684 882 873 936 Cesset
901 881 1031 937 lli-re
1058 883 1321 948 querelas.

618 970 874 1035 Quamvis
898 979 1017 1023 vota
1048 971 1219 1025 libens
1245 969 1475 1039 excipiat
1504 969 1644 1023 Deus

484 1062 547 1114 l0
690 1058 833 1114 Multi
864 1060 1112 1129 prodigus
1138 1059 1277 1123 auri,

620 1152 686 1206 Et
712 1151 871 1205 claris
898 1150 1082 1203 avidos
1105 1158 1261 1203 ornet
1288 1146 1605 1211 honoribus,

691 1241 771 1295 Nil
798 1241 909 1309 jam
940 1249 1089 1309 parta
1119 1239 1402 1293 videntur:

620 1330 726 1386 Sed
756 1329 978 1399 quaesita
1004 1343 1199 1382 vorans
1224 1342 1362 1381 smva
1390 1326 1655 1395 rapacitas

688 1418 839 1473 Altos
862 1417 1046 1486 pandit
1078 1418 1270 1471 hiatus.

486 1511 550 1565 15
621 1510 751 1575 Quae
776 1509 885 1577 jam
912 1509 1235 1577 praecipitem
1265 1508 1411 1562 frena
1435 1508 1736 1576 cupidinem

701 1596 860 1651 Certo
887 1598 994 1653 ﬁne
1016 1606 1307 1661 reteiitent,

628 1689 809 1757 Largis
838 1704 955 1742 cum
988 1691 1161 1755 potius
1192 1688 1501 1743 muneribus
1529 1689 1698 1742 ﬂuens

1389 318 1477 372 DE
1506 314 2022 371 CONSOLATIONE
2064 310 2538 368 PlllLOSOPlIIIE
2579 312 2702 366 LIB.
2747 311 2809 365 ll.

2072 428 2120 487 Α

3621 312 3726 372 670

2361 424 2489 479 Sitis
2509 422 2740 477 ardescit
2759 420 3027 475 babendi?

2300 516 2452 585 107
2482 515 2759 584 Nunquam
2790 513 2941 567 dives
2969 513 3077 580 agit
3104 512 3193 583 qui
3224 513 3459 582 trepidus
3497 527 3720 583 gemens

2146 604 2220 661 20
2364 608 2497 662 Sese
2523 606 2694 659 credit
2716 612 2978 672 egentem.

2674 714 2832 783 ms
2870 711 3083 767 PROSA
3122 712 3211 767 Ill.

2151 824 3006 893 Anconsnrun.—Philos0phia,
3056 823 3299 885 quidquid
3344 822 3585 877 hactenus
3625 826 3728 879 sive

2224 896 2416 958 soluta,
2445 897 2547 948 sive
2578 896 2752 947 stricta
2780 895 3005 947 oratione
3032 893 3242 955 dictum,
3276 894 3405 946 illud
3434 895 3536 947 leve
3562 900 3725 959 quod-

2226 967 2348 1019 dam
2391 981 2497 1018 esse
2535 964 2726 1016 doloris
2760 964 3032 1015 remedium
3072 965 3322 1029 confessa,
3354 964 3483 1015 bona
3510 980 3727 1017 comme-

2226 1045 2411 1099 morat,
2450 1049 2584 1101 quat,
2631 1033 2760 1085 duce
2808 1033 3029 1099 fortuna,
3073 1031 3277 1085 Boetius
3316 1050 3347 1084 a
3387 1034 3723 1094 curatoribus,

2226 1107 2437 1173 populo,
2469 1118 2645 1164 uxore,
2670 1111 2717 1155 et
2748 1102 2935 1163 liberis,
2964 1117 3105 1169 puer,
3135 1103 3453 1166 adolescens,
3486 1113 3717 1173 mortus,

2227 1186 2271 1227 et
2296 1172 2447 1239 pater
2473 1173 2686 1238 accepit,
2709 1187 2913 1238 quisque
2935 1181 3138 1238 prapter
3161 1175 3376 1238 fortuna:
3403 1172 3716 1239 varietatem,

2226 1245 2361 1311 quod
2402 1243 2635 1307 abierint,
2672 1243 2887 1293 abitura:
2924 1242 3113 1308 pariter
3139 1240 3291 1310 hujus
3326 1241 3476 1293 miser
3497 1256 3541 1295 te
3570 1257 3724 1313 argu-

2224 1325 2446 1366 mentum
2472 1326 2579 1364 £886
2606 1321 2835 1381 possunt.

2226 1419 2319 1473 llis
2358 1420 2517 1488 igitur
2545 1427 2572 1455 ⁸
2616 1417 2661 1471 si
2702 1432 2799 1486 pro
2837 1430 2896 1470 se
2928 1423 3101 1470 tecum
3144 1416 3351 1470 fortuna
3403 1416 3727 1484 loqueretur,

2155 1509 2280 1579 quid
2310 1507 2549 1577 proiecto
2575 1515 2760 1561 contra
2793 1508 2808 1537 ¹
2837 1504 2865 1544 δ
2890 1505 3124 1559 liisceres
3149 1520 3254 1560 non
3282 1507 3525 1561 haberes.
3555 1510 3661 1561 Aut
3685 1508 3727 1558 si

2157 1600 2284 1670 quid
2315 1608 2417 1665 est,
2464 1615 2570 1668 quo
2611 1598 2884 1667 querelam
2918 1606 3059 1651 tuam
3090 1597 3210 1665 jure
3240 1598 3458 1664 tuearis,
3491 1598 3728 1667 proferas

2158 1700 2367 1762 opoitet
2392 1710 2407 1757 ,
2439 1690 2683 1745 dabimus
2712 1689 2923 1745 dicendi
2953 1690 3147 1743 locum.
3178 1689 3311 1743 Tum
3334 1703 3434 1758 ego
3462 1699 3485 1728 ε
3512 1707 3526 1744 ;
3552 1692 3572 1721 ’
3596 1691 3727 1758 Spe-

1830 1823 2408 1879 INTERPBETATIO.
3130 1870 3133 1873 λ

486 1912 643 1964 multa
663 1910 1087 1977 astra,producta
1107 1913 1336 1967 noctibus
1356 1912 1656 1977 stellatis,in
1675 1914 1800 1967 coelo
1820 1915 2009 1967 micant
2033 1931 2051 1968 :
2092 1920 2135 1978 Β
2163 1915 2357 1967 tineant
2411 1913 2580 1967 stabili
2633 1913 2846 1965 termino
2866 1951 2879 1970 .
2937 1911 3206 1963 avaritiam
3256 1900 3680 1964 inconsinei'nttim
3712 1930 3725 1964 :

488 1980 539 2052 li
546 1982 737 2052 omines
750 1992 955 2052 _tamen_
975 1997 1077 2034 non
1116 1994 1382 2052 propterea
1418 1983 1659 2037 desistant
1686 1984 1827 2052 queri
1854 1985 2052 2038 misere.

490 2050 707 2121 Etiamsi
736 2048 872 2102 Deus
906 2048 1139 2116 plurima:
1158 2048 1383 2119 pecnnite
1411 2048 1820 2121 largus,‘annuat
1850 2055 2059 2106 libenter

489 2120 759 2190 hominum
786 2121 1036 2185 precibus,
1066 2123 1361 2188 decoretque
1387 2120 1629 2174 homines
1657 2123 1867 2190 cupidos
1894 2124 2059 2175 hono-

489 2189 627 2241 ribus
644 2188 959 2261 illustribus;
988 2195 1117 2242 bona
1142 2190 1475 2261 nihilominus
1498 2188 1885 2261 anteacq‘uisita
1906 2194 2057 2261 flocci

490 2260 797 2331 penduntur.
844 2259 979 2331 Quin
1016 2260 1267 2331 cupiditas
1311 2261 1554 2331 crudelis,
1583 2259 1848 2331 absumens
1886 2259 2055 2331 parte,

489 2344 597 2395 ape:
611 2330 645 2381 it
673 2330 958 2397 profundas
986 2330 1265 2398 voragines.
1308 2328 1495 2394 Quales
1530 2346 1668 2383 nunc
1693 2328 1897 2384 habente
1925 2348 2048 2385 cou-

2160 1985 2564 2055 quandoquidem
2599 1980 2998 2055 ardorhabendi
3038 1981 3217 2050 amplis
3255 1981 3405 2055 donis
3442 1982 3729 2034 cumulatus

2162 2050 2338 2106 crescit
2361 2050 2522 2121 magis
2548 2069 2609 2103 ac
2633 2051 2811 2119 magis.
2842 2050 3138 2121 Quicunque
3161 2052 3374 2117 pavidus
3398 2054 3731 2121 etsuspiruus

2160 2139 2269 2176 sese
2294 2120 2545 2174 existimat
2574 2137 2841 2188 pauperem
2894 2120 2975 2171 hic
3005 2135 3263 2172 nunquam
3288 2121 3401 2173 vivit
3431 2120 3589 2173 dices.

2234 2201 2260 2227 λ
2297 2190 2500 2244 Verbis.

2234 2259 2261 2298 δ
2298 2261 2600 2326 Reponeres.

2238 2341 2262 2368 ε
2296 2330 2531 2385 Boetius.

2001 2460 2224 2517 NOTA'J.

491 2583 609 2643 poto
632 2572 883 2627 nimirum
911 2571 1111 2642 liquido
1138 2571 1245 2627 alio
1271 2586 1515 2639 corpore,
1545 2588 1651 2641 quo
1680 2573 1844 2627 insito
1867 2573 2058 2628 molle-

492 2644 707 2697 scebat:
735 2652 789 2695 ct
819 2651 944 2696 tunc
969 2644 1216 2696 scribitur
1253 2643 1443 2696 harena
1473 2658 1492 2696 :
1528 2644 1975 2712 quemadmodum
2007 2644 2061 2697 in

497 2713 766 2767 veteribus
787 2712 936 2765 libris
964 2712 1179 2778 legitur.

563 2783 615 2836 5.
641 2782 923 2853 ,Stelliferis
949 2784 1083 2834 edita
1100 2781 1385 2853 noctibus]
1405 2782 1518 2837 Nox
1539 2784 1710 2849 poetis
1731 2792 1899 2837 mater
1923 2781 2063 2839 side-

494 2866 608 2904 rum
636 2851 898 2905 habetur:
932 2853 1070 2906 SiCttt
1098 2852 1308 2905 Tibullo
1338 2851 1428 2905 lib.
1458 2867 1515 2915 tt,
1544 2853 1613 2906 el.
1648 2854 1673 2906 1
1704 2868 1718 2909 :

557 2940 773 3005 Ludite:
791 2941 888 3005 jam
908 2953 1007 3005 nox
1028 2942 1201 3005 jungit,
1215 2954 1388 3005 equos,
1410 2954 1703 3005 currumque
1725 2947 1999 3005 sequuntur

615 3002 784 3050 Matris
809 3003 982 3050 lascivo
1000 3003 1160 3051 sidera
1182 3002 1305 3051 l’ulva
1331 3005 1495 3052 choro.

498 3081 783 3155 Propterea
829 3083 1005 3155 sidera
1049 3099 1191 3155 nunc
1232 3083 1487 3155 dicuntur_
1514 3086 1649 3137 edita
1674 3085 1788 3141 sive
1810 3086 2066 3155 producta

495 3153 722 3221 noctibus
751 3151 1032 3221 stelliferis,
1063 3154 1115 3206 id
1148 3165 1229 3221 est
1257 3156 1437 3207 stellas
1466 3153 1757 3208 ferentibus

564 3222 618 3276 6.
638 3220 799 3274 Plena
822 3220 969 3300 copia
989 3220 1189 3292 corum]
1209 3224 1386 3300 Cornu
1412 3223 1582 3300 c0piie
1601 3226 1749 3300 κέρας
1776 3226 2064 3300 aputeum

493 3300 575 3361 est
629 3304 835 3344 snmma
886 3291 1132 3345 ubertas.
1172 3291 1496 3346 ’Niniirum‘
1527 3291 2061 3361 Diod'orus'scribit,

494 3360 840 3414 Hammonem
871 3361 1322 3438 perambulautem
1341 3364 1491 3438 juxta
1518 3362 1809 3438 Ceraunios
1850 3360 2057 3438 montes
2085 3375 2132 3438 ο

490 3438 829 3501 conspectam
883 3445 912 3482 a
966 3446 1025 3485 se
1077 3432 1333 3499 virginem
1393 3432 1561 3485 forma
1622 3436 2054 3501 pnlclierrimam,

492 3499 823 3553 Amaltheam
862 3501 1095 3561 nomine,
1138 3502 1438 3567 adamasse,
1478 3499 1745 3567 filiamque
1774 3518 1837 3556 ex
1876 3520 1935 3555 ea
1967 3519 2054 3567 ge-

492 3570 690 3639 nuisse,
736 3568 914 3635 specie
952 3584 1015 3622 ac
1057 3570 1250 3625 robore
1278 3570 1516 3639 corporis
1555 3571 1853 3639 insignem,
1878 3574 2059 3626 Amal-

494 3637 681 3710 theam
718 3652 847 3692 vero
894 3639 1200 3708 propinqua:
1248 3637 1545 3706 praefecisse
1589 3637 1718 3703 orm,
1751 3658 1885 3708 quas,
1934 3643 2056 3710 quia

496 3705 758 3760 referebat
810 3705 1192 3773 cornu—bovis,
1245 3705 1521 3762 Occiduuni
1571 3725 1736 3764 cornu
1771 3705 2056 3766 'nomitiata

496 3776 612 3849 fuit.
652 3777 1082 3849 Quoniainvero
1118 3780 1262 3846 regio
1290 3780 1374 3831 illa
1407 3780 1575 3833 vineis
1600 3780 1915 3849 caeterisque
1946 3783 2059 3835 fru-

494 3847 695 3899 ctiferis
719 3846 1020 3917 arboribus
1062 3851 1255 3903 referta
1298 3858 1433 3915 erat,
1479 3849 1673 3902 factum
1713 3859 1799 3903 e-t
1832 3846 1895 3903 ’ut
1934 3867 2059 3917 ager

493 3916 666 3969 omnis
712 3916 921 3979 frugum
961 3920 1256 3978 abundans.
1298 3933 1477 3971 mensa
1511 3920 1673 3971 variis
1711 3920 1950 3985 cupediis
1974 3916 2060 3972 in-

492 3994 713 4058 structa,
738 3984 871 4038 liber
894 3988 1059 4040 multo
1085 3988 1336 4041 doctrina:
1360 4002 1554 4058 genere
1578 3984 1821 4055 refertus,
1837 3992 2057 4058 epistola

493 4055 704 4120 plurimi
732 4058 997 4111 commodi
1042 4073 1230 4121 parcus
1251 4098 1266 4121 ,
1313 4060 1471 4109 homo
1500 4057 1614 4124 ipse
1644 4055 1916 4125 multiplici
1952 4061 2057 4111 vir-

493 4132 607 4198 tute
630 4125 883 4198 praeditus
910 4128 1115 4198 dicatur
1142 4142 1298 4180 cornu
1331 4127 1506 4195 copim.
1552 4126 1799 4182 Horatius
1837 4130 2055 4198 passim,

492 4201 548 4246 ut
570 4193 747 4247 Carm.
782 4194 820 4247 Ι.
850 4209 887 4257 ι,
912 4195 1002 4249 od.
1036 4197 1100 4250 17
1128 4212 1143 4249 :

667 4272 729 4321 Di
750 4286 831 4322 me
856 4282 1055 4323 tuentur
1079 4289 1091 4323 :
1113 4275 1187 4324 dis
1210 4276 1364 4324 uictas
1386 4288 1493 4323 mea

671 4334 888 4398 Et_i_nusa
912 4336 1042 4383 cordi
1069 4341 1163 4398 est.
1190 4334 1309 4385 Hinc
1332 4338 1417 4384 tibi
1442 4339 1577 4398 copia

732 4394 943 4457 bisnabit
964 4398 1022 4443 ad
1056 4397 1249 4457 plenutn
1276 4400 1487 4455 benigno

734 4452 875 4505 ituris
897 4452 1129 4505 honorum
1150 4461 1377 4517 opulenta
1394 4452 1569 4507 cornu.

559 4523 611 4577 8.
644 4524 1088 4598 Flere_querelas.]
1121 4526 1269 4580 Nova
1290 4528 1513 4598 phrasis,
1542 4531 1712 4598 inquit
1732 4530 2055 4595 Sitzmanus,

489 4609 635 4673 quam
656 4612 755 4647 non
786 4596 934 4673 [acile
958 4596 1097 4673 apud
1125 4599 1254 4653 alios
1284 4596 1506 4673 invenias
1530 4596 1775 4673 auctores.
1804 4601 2059 4673 Neutrum

489 4668 911 4749 quive-ponitur,
951 4668 1128 4747 addito
1166 4672 1367 4721 nomine
1391 4679 1619 4749 cognata:
1646 4670 2053 4739 signiﬁcationis.

490 4734 592 4810 Sed
619 4736 745 4787 nihil
780 4736 863 4810 hic
885 4739 1010 4790 novi
1035 4755 1047 4790 :
1078 4750 1309 4810 neutrum
1338 4734 1483 4810 enim,
1510 4734 1723 4810 semper
1750 4734 1935 4810 regere
1963 4757 2056 4808 po-
2083 4736 2135 4795 D

492 4809 592 4879 te_st
609 4807 949 4879 accusativum
962 4808 1179 4879 nominis
1199 4817 1425 4877 cognata:
1442 4807 1832 4876 signiﬁcationii
1848 4827 2054 4879 :quem-

490 4870 770 4949 admodum
801 4875 1012 4949 dicitur,
1034 4870 1388 4949 viverervi'tain,
1413 4870 1633 4947 gaudere
1657 4870 1935 4949 gaudium';
1966 4882 2052 4934 lu-

489 4940 607 5021 dere
636 4942 810 4995 ludum
824 4961 845 5021 ς
869 4946 1056 5021 servire
1083 4948 1368 5021 servitutem
1387 4940 1642 5021 {peccare
1657 4940 1884 5016 peccata.
1913 4940 2049 5015 Quin

489 5014 647 5087 etiam
701 5018 913 5087 nomina
971 5014 1085 5068 haec
1137 5018 1346 5087 quoties
1403 5014 1841 5087 supprimuntur,
1895 5014 2051 5075 toties

488 5081 865 5153 debentveluti
895 5081 1411 5153 espressaiutelligi.

560 5103 684 5135 DCIII
705 5103 865 5137 VCIUII
895 5103 1146 5153 expressa
1174 5103 1336 5139 ΙΙΙῑΕΙΙΙ
1378 5104 1411 5138 1.

560 5151 643 5203 12.
734 5154 770 5205 it
782 5156 897 5222 jam
922 5166 1068 5207 oarta
1094 5103 1371 5227 videnturﬁ
1408 5156 1614 5232 Tantus
1630 5167 1711 5232 est
1738 5159 1931 5213 mentis
1959 5160 2053 5232 liu-

489 5234 656 5274 manaz
682 5229 733 5297 in
760 5237 1201 5297 consorscorpus
1227 5241 1398 5293 amor,
1429 5236 1486 5279 ut
1514 5229 1723 5281 divitias
1745 5239 1799 5282 et
1827 5230 2053 5297 dignita-

490 5301 596 5370 tes,
617 5292 807 5358 quibus
826 5294 999 5370 _veluti
1032 5292 1247 5370 totidem
1275 5292 1690 5370 propugnaculis
1722 5292 1910 5370 mutua
1932 5315 2052 5353 cor-

488 5362 630 5425 poris
665 5362 972 5435 _meutisque
1018 5362 1324 5432 conjuiicti'o
1369 5362 1580 5419 videtur
1619 5369 1822 5421 servari
1872 5385 2048 5435 posse.

486 5443 633 5505 meus
662 5432 773 5505 ipsa
802 5432 979 5505 cupiat
1011 5450 1115 5487 null
1148 5436 1327 5499 modo,
1360 5436 1452 5489 sed
1478 5438 1652 5490 verbis
1676 5432 2048 5505 Cogitatiouein

486 5502 842 5574 referentibus
866 5502 1029 5557 Deum
1053 5506 1245 5572 siepius
1277 5517 1425 5571 roget
1455 5523 1465 5557 :
1498 5522 1663 5574 quare
1694 5502 1899 5561 virtutis
1931 5512 2045 5571 luit.

484 5580 537 5647 et
570 5570 926 5647 quidem_Deo
954 5570 1295 5647 gratissimae;
1320 5570 1497 5647 Aquod,
1518 5570 1793 5647 Salomon,
1835 5570 2048 5647 optione

484 5641 744 5721 ejusmodi
791 5641 1053 5721 bonqr'um
1104 5644 1203 5721 sibi
1228 5644 1674 5721 Adelata,__iisdein
1725 5641 2046 5716 contemptis

484 5713 799 5779 sapientiam
843 5726 873 5766 a
921 5713 1029 5769 Deo
1059 5714 1287 5783 petierit,
1338 5714 1397 5770 lll
1438 5716 1567 5787 lteg.
1602 5732 1717 5787 cap.
1769 5734 1844 5784 tit,
1886 5713 2049 5788 quare

2164 2574 2323 2627 etiam
2365 2572 2609 2627 Christus
2656 2573 2911 2627 Dominus
2957 2573 3193 2639 pluribus
3240 2574 3564 2641 argumentis
3604 2574 3733 2630 illud

2164 2643 2485 2713 desiderium
2513 2644 2753 2712 reprimit
2780 2641 2967 2713 Matth.
3000 2657 3073 2695 Vt.
3106 2642 3171 2695 In
3201 2654 3302 2713 toto
3335 2642 3630 2713 Evangelia,
3658 2646 3733 2697 in-

2164 2712 2353 2780 quiunt
2380 2711 2720 2780 interpretes,
2766 2711 2941 2765 nullus
2974 2713 3131 2764 animi
3158 2712 3370 2777 affectus
3397 2711 3538 2767 tanta
3561 2715 3734 2768 studio

2164 2798 2225 2833 ac
2253 2790 2325 2851 tot
2352 2792 2762 2850 argumentorum
2792 2782 3038 2833 machinis
3064 2798 3095 2832 α
3118 2780 3320 2834 Christo
3341 2789 3668 2851 Oppugna‘tur
3688 2797 3734 2837 et

2164 2849 2423 2903 evellitur.
2445 2856 2511 2904 At
2538 2866 2689 2904 amor
2715 2851 2821 2913 ille,
2851 2852 3089 2918 adeoque
3117 2852 3251 2903 bona
3283 2849 3603 2905 existimatio
3635 2853 3730 2905 ho-

2173 2920 2329 2971 minis
2358 2921 2409 2973 in
2434 2920 2644 2974 divitias
2664 2930 2716 2974 et
2746 2921 3030 2988 dignitates
3057 2934 3160 2973 non
3191 2931 3431 2973 versatur
3459 2922 3560 2975 nisi
3591 2922 3733 2976 circa

2171 2989 2432 3061 ejusmodi
2475 2990 2630 3061 bona,
2674 3002 2794 3058 quae
2840 2990 3070 3042 nonduin
3096 2991 3374 3061 ‘babentur
3410 3007 3423 3042 :
3459 2999 3732 3059 postquam

2170 3059 2311 3111 enim
2344 3057 2524 3125 homo,
2558 3058 2699 3113 facto
2719 3057 3108 3125 experimento,
3139 3060 3307 3121 novit,
3333 3057 3611 3113 haecboua
3641 3076 3735 3113 an.

2148 3142 2295 3196 .gere
2334 3130 2528 3196 potius,
2557 3143 2715 3196 quam
2747 3130 2987 3182 minuere
3016 3130 3277 3192 miserias,
3310 3130 3483 3182 habita
3524 3132 3733 3194 temnit,

2169 3206 2476 3266 mutataque
2499 3199 2735 3266 subjecta
2766 3213 2875 3249 sum
2897 3198 3305 3251 existimationis
3326 3198 3511 3265 suique
3539 3203 3735 3252 amoris

2169 3269 2411 3338 materia,
2434 3267 2667 3338 nondum
2693 3266 3341 3338 habitasimili‘desiderio
3366 3270 3729 3338 prosequitur:

2169 3337 2243 3389 nil
2254 3339 2370 3405 jam
2397 3332 2545 3405 porta
2574 3337 2827 3390 videntur.
2856 3332 3126 3389 Juvenalis
3158 3354 3169 3387 :

2224 3425 2418 3487 Interea
2442 3426 2584 3487 pleno
2605 3426 2718 3473 dum
2744 3430 2915 3474 crescit
2936 3424 3155 3473 sacculus
3174 3439 3299 3486 aere,

2222 3486 2400 3537 Crescit
2424 3486 2555 3535 amor
2579 3489 2782 3547 nummi,
2804 3494 3036 3548 quantum
3060 3489 3157 3547 ipsa
3182 3489 3383 3548 pecunia
3405 3490 3597 3537 crescit.

2231 3568 2517 3637 Propterea
2539 3568 2779 3631 avaritia,
2798 3582 2916 3631 qum
2938 3581 3078 3637 nunc
3095 3567 3286 3637 dicitur
3302 3582 3433 3619 steva
3458 3567 3732 3632 rapacitas,

2163 3635 2629 3705 iustar‘cujusdani
2662 3639 2881 3690 monstri
2910 3635 3247 3701 insatiabilis,
3271 3636 3576 3702 perhibetur
3595 3653 3734 3704 qua:-

2160 3709 2258 3761 sita
2285 3724 2462 3761 vorare
2503 3718 2556 3761 et
2587 3710 2713 3760 altos
2756 3708 2925 3759 Liuius
2966 3706 3208 3773 pandere.
3256 3706 3541 3770 Propterea
3569 3709 3729 3760 etiam

2161 3778 2304 3830 nulla
2351 3780 2495 3847 frena
2544 3785 2766 3845 possunt
2812 3776 3123 3847 prwcipitem
3162 3775 3449 3847 cupidinem
3474 3784 3605 3827 certo
3631 3777 3736 3844 ﬁne

2161 3842 2415 3909 retinere;
2447 3842 2585 3913 quo'tl
2619 3847 2866 3899 nimirum
2898 3846 3007 3898 sitis
3038 3842 3273 3907 habendi,
3306 3849 3524 3913 acceptis
3553 3842 3729 3899 mune-

2160 3917 2299 3969 ribus
2322 3932 2546 3969 crescens
2575 3918 2823 3967 ardescat.

2232 3987 2318 4039 i9.
2355 3984 2631 4049 Nunquam
2651 3986 2785 4036 dives
2815 3980 2965 4051 agit.]
2998 3981 3227 4037 Fortuna
3259 3997 3323 4035 ex
3356 3982 3511 4037 dictis
3542 3983 3721 4051 infert,

2162 4070 2276 4119 eos,
2306 4057 2395 4125 qui
2425 4055 2611 4125 haberi
2635 4055 2809 4125 solent
2834 4052 3263 4125 divites,_revera
3295 4052 3486 4106 divites
3515 4068 3619 4125 non
3651 4058 3727 4107 vi-

2161 4138 2295 4193 vere
2322 4120 2489 4193 (agere
2532 4124 2673 4176 enim
2706 4122 2810 4193 hic,
2850 4131 2906 4175 ut
2936 4122 3072 4190 apud
3100 4120 3430 4193 Terentium,
3480 4124 3619 4176 idem
3649 4134 3733 4181 est

2160 4192 2300 4261 quod
2334 4192 2539 4257 virere),
2579 4192 2742 4258 quod,
2783 4193 2972 4260 inquit,
3009 4192 3271 4259 ejusmodi
3316 4192 3483 4255 dives,
3516 4202 3733 4260 pra-ter-

2161 4278 2317 4329 qnam
2346 4265 2486 4331 quod
2511 4279 2616 4315 sese
2641 4263 2795 4314 credit
2823 4272 3068 4332 egentem,
3089 4274 3141 4316 et
3163 4263 3313 4332 gemit
3335 4263 3561 4315 amissas
3583 4278 3732 4330 opes,

2160 4342 2215 4385 et
2242 4332 2404 4395 timet,
2446 4347 2513 4385 ne
2544 4342 2835 4398 praesentes
2864 4333 3069 4384 amittat
3102 4350 3115 4384 :
3144 4333 3373 4399 trepidus
3416 4348 3636 4398 gemens.
3681 4334 3732 4386 Id

2161 4403 2307 4468 prius
2337 4412 2653 4470 exposuerat
2678 4402 3002 4455 Claudianus
3028 4401 3163 4455 libro
3193 4417 3207 4454 ι
3232 4402 3283 4453 in
3313 4400 3478 4466 ltum,
3503 4417 3555 4455 v.
3584 4402 3687 4457 196
3718 4423 3729 4455 :

2284 4513 2389 4570 Ouo
2411 4526 2589 4563 vesane
2608 4514 2742 4563 ruis?
2766 4519 2939 4561 teneas
2959 4521 3221 4573 utrumque
3247 4512 3412 4563 licebit

2285 4575 2545 4636 Oceanum,
2572 4576 2706 4623 laxet
2728 4575 2896 4636 rutilos
2913 4576 2998 4623 tihi
3022 4574 3163 4636 Lydia
3189 4573 3368 4631 fontes,

2281 4635 2556 4698 iungantur
2573 4636 2746 4698 solium
2775 4635 2927 4685 Croesi
2956 4635 3165 4697 tiyri'que
3188 4636 3308 4698 tiara
3336 4650 3349 4693 ;

2282 4695 2533 4756 Nunquam
2556 4697 2694 4745 dives
2717 4698 2836 4755 eris,
2863 4695 3101 4757 nunquam
3127 4697 3376 4746 satiabere
3394 4699 3572 4757 questu
3593 4709 3609 4745 :

2281 4757 2488 4818 Semper
2508 4759 2645 4820 inops
2666 4759 2942 4820 quicunque
2965 4758 3132 4827 cupita

2230 4837 2444 4892 Scilicet
2470 4853 2589 4893 cum
2618 4839 2790 4901 dives,
2825 4848 2881 4891 ut
2910 4839 2985 4891 ait
3012 4838 3181 4890 Varro
3214 4852 3264 4889 iv
3294 4838 3360 4892 de
3391 4837 3429 4892 l.
3463 4838 3524 4899 l.,
3550 4858 3579 4891 a
3620 4839 3733 4891 divo

2155 4907 2489 4975 dicatur,il|e.
2519 4917 2719 4962 tantum
2748 4908 2919 4969 dives,
2947 4907 3060 4977 qui,
3084 4915 3334 4977 tanquam
3365 4908 3592 4973 Deus,et
3613 4910 3734 4962 aliis

2156 4987 2212 5033 et
2240 4977 2342 5032 sibi
2376 4978 2503 5032 nihil
2536 4978 2774 5048 iudgere
2805 4978 3036 5032 videtur.

2228 5070 2243 5099 ¹
2285 5068 2569 5139 Hisceres.|
2603 5070 2814 5123 Hiscere
2836 5068 3032 5123 dicitur
3060 5068 3127 5123 ab
3150 5068 3294 5121 hiare
3323 5085 3342 5123 :
3370 5070 3532 5135 iltiare
3552 5078 3725 5122 autem

2159 5141 2373 5207 proprie
2397 5152 2475 5195 est
2508 5141 2751 5207 Spiritum
2784 5150 2970 5208 aperto
2996 5154 3090 5193 ore
3118 5140 3361 5193 emittere
3390 5156 3404 5193 :
3435 5154 3599 5207 quare
3628 5140 3731 5191 liis-

2155 5226 2265 5263 cere
2302 5210 2346 5263 is
2375 5209 2590 5278 proprie
2632 5210 2845 5273 dicitur,
2879 5210 2969 5275 qui
2999 5210 3247 5278 loquendi
3277 5210 3467 5275 gratia.
3503 5210 3731 5263 diductis

2156 5279 2345 5341 labris,
2378 5294 2437 5333 os
2466 5281 2658 5347 aperit.
2689 5281 2825 5334 Hinc
2868 5278 3077 5333 Tullius
3106 5295 3138 5333 v
3177 5279 3395 5346 Philip.,
3434 5278 3729 5347 Responde-

2153 5364 2273 5471 ζὲιε
2297 5348 2365 5400 ad
2394 5348 2615 5475 Ιιῇεὸαιιι
2647 5352 2854 5402 omnino
2883 5349 3075 5404 hiscere
3102 5351 3312 5403 audebis
3333 5350 3358 5402 ?
3382 5356 3437 5402 et
3463 5346 3646 5415 Virgil.
3674 5362 3727 5400 Ill

2230 5434 2311 5475 n..
2338 5433 2389 5470 v.
2549 5436 2562 5472 :

2230 5434 2311 5482 n.,
2338 5433 2389 5470 v.
2418 5433 2562 5475 ora:

2275 5506 2496 5569 implevit
2512 5509 2723 5557 clamore
2747 5507 2934 5566 locum;
2962 5510 3043 5559 vix
3068 5520 3216 5570 pauca
3235 5506 3411 5555 furenti

2278 5569 2508 5631 Subjicio,
2537 5578 2587 5619 et
2612 5572 2735 5619 raris
2755 5574 2974 5621 turbatus
2995 5569 3193 5621 vocibus
3210 5570 3343 5616 hisco

2226 5650 2246 5720 ξ
2278 5648 2564 5720 Speciosa.]
2593 5651 2720 5718 Quae
2745 5653 2951 5707 scilicet
2977 5665 3005 5703 a
3030 5651 3238 5704 fortuna
3265 5646 3582 5720 introducta,
3613 5646 3727 5700 sive

2157 5718 2328 5773 soluta
2359 5720 2469 5774 sive
2488 5718 2668 5775 stricta
2694 5725 2936 5777 oratione
2960 5721 3099 5776 dicta
3120 5729 3263 5786 sunt,
3282 5719 3395 5773 hazc
3414 5718 3456 5772 si
3481 5730 3583 5773 non
3603 5730 3727 5771 vera
