4292 6262
551 295 640 351 671
1779 302 1892 355 AN.
1935 302 2141 357 MANL.
2183 303 2335 362 SEV.
2378 303 2600 361 BOETII

3703 310 3806 365 672

553 407 696 464 ciosa
732 405 949 475 quidem
994 406 1095 461 ista
1135 414 1279 474 sunt,
1310 408 1545 476 inquam,
1579 418 1603 446 α
1641 409 1913 478 oblitaque
1948 412 2128 466 rheto-
2157 420 2211 477 Α
2234 415 2545 471 affinitatem
2575 415 2869 486 principum
2897 416 3143 481 civitatis,
3173 416 3313 486 quod
3354 417 3797 487 pretiosissimum

561 498 689 552 ricta
717 495 796 568 (ὅ)
824 512 889 552 ac
909 496 939 536 δ
966 498 1183 553 musicae
1209 498 1367 553 melle
1396 498 1731 565 dulcedinis;
1761 510 1870 554 tum
1902 510 2128 569 tantum,

554 602 672 643 cum
723 588 1045 653 audiuntur,
1101 589 1389 643 oblectant.
1442 589 1547 643 Sed
1596 590 1808 643 miseris
1858 593 2125 646 malorum

553 678 710 732 altior
747 692 939 733 sensus
965 685 1067 731 est.
1100 677 1281 746 Itaque
1307 694 1426 732 cum
1467 680 1582 732 haec
1619 680 1837 734 auribus
1872 682 2125 735 insonare

556 768 832 836 desierint,
866 768 1056 821 insitus
1077 768 1373 821 animorum
1398 784 1594 824 maeror
1620 781 1935 839 praegravat.
1973 773 2131 841 109

555 860 623 914 Et
650 858 741 912 illa
778 868 825 920 ο,
857 859 875 889 ¹
909 858 981 911 ita
1008 866 1110 924 est,
1147 859 1337 926 inquit.
1369 859 1493 913 litiec
1517 860 1656 913 enim
1685 861 1915 915 nondum
1957 862 2129 916 morai

557 934 632 1005 tui
657 950 914 1014 remedia,
943 948 1035 1003 sed
1058 948 1232 1005 adhuc
1255 953 1589 1005 contumacis
1616 951 1876 1006 adversus
1902 961 2134 1007 curatio-

560 1058 680 1098 nem
706 1041 908 1097 doloris
938 1041 1169 1096 fomenta
1191 1042 1431 1112 quaedam
1456 1050 1603 1096 sunt.
1626 1042 1755 1095 Nam
1785 1058 1903 1110 qua:
1931 1043 1981 1096 in
2013 1058 2134 1112 pro-

561 1135 781 1189 fundum
834 1149 955 1189 sese
1001 1144 1299 1203 penetrent,
1353 1151 1474 1189 cum
1523 1136 1896 1202 tempestivum
1949 1138 2129 1203 fuerit,

560 1225 872 1280 admovebo.
923 1225 1303 1279 Verumtamen
1345 1242 1413 1279 ne
1453 1235 1503 1280 te
1540 1227 1836 1281 existimari
1880 1229 2131 1281 miserum

560 1318 732 1383 velis,
765 1319 786 1349 ⁸
814 1332 882 1371 an
925 1333 1202 1371 numerum
1244 1317 1322 1386 (5)
1360 1318 1683 1386 modumque
1723 1327 1827 1371 tuie
1870 1320 2132 1372 felicitatis

561 1408 756 1463 oblitus
780 1408 875 1463 es?
903 1409 1082 1463 Taceo
1111 1410 1249 1477 quod
1282 1406 1308 1445 ει
1341 1410 1360 1439 ³
1389 1409 1683 1463 desolatnm
1720 1420 1957 1478 parente,
1990 1426 2135 1463 sum—

564 1514 772 1555 morum
811 1507 862 1554 te
895 1500 1076 1553 viroru
1100 1518 1129 1551 ii
1169 1513 1295 1554 cura
1337 1501 1601 1569 suscepit;
1642 1500 1663 1531 ³⁵
1697 1501 2037 1565 deiectusque
2082 1501 2132 1552 in

2234 505 2647 574 propinquitatis
2674 520 2841 574 genus
2866 515 2967 570 est,
2991 506 3137 573 prius
3158 520 3335 570 carus,
3352 521 3510 575 quam
3537 508 3807 575 proximus

2232 609 2353 648 esse
2387 595 2616 664 cmpisti.
2677 596 2833 668 110
2868 595 2996 661 Quis
3035 611 3136 650 non
3184 605 3236 649 te
3274 595 3646 651 felicissimum
3684 612 3805 652 cum

2233 694 2379 739 tanto
2416 685 2698 753 Splendore
2736 700 3068 751 socerorum,
3111 688 3130 717 ⁵
3158 700 3279 740 cum
3308 687 3549 757 conjugis
3579 689 3804 756 pudore,

2238 783 2351 828 tum
2388 776 2407 806 ⁸
2439 776 2689 829 masculae
2713 790 2922 844 quoque
2949 776 3115 845 prolis
3131 776 3529 845 opportunitate
3554 779 3807 846 praedica-

2234 865 2340 918 vitil
2401 866 2670 920 Praetereo
2729 866 2888 933 (libet
2942 866 3085 919 enim
3140 868 3416 935 praeterire
3469 868 3806 935 communia)

2235 955 2254 985 ⁷
2286 965 2520 1020 sumptas
2543 956 2594 1008 in
2618 954 2974 1008 adolescentia
3002 966 3220 1023 negatas
3241 956 3458 1010 senibus
3478 956 3798 1026 dignitates:

2235 1047 2302 1100 ad
2338 1046 2656 1115 singularem
2703 1045 2970 1100 felicitatis
3024 1055 3130 1100 tua:
3180 1046 3455 1101 cumulum
3495 1048 3679 1102 venire
3726 1047 3805 1117 (5)

2236 1137 2485 1191 delectat.
2536 1137 2593 1190 Si
2642 1137 2762 1206 quis
2812 1152 2989 1191 rerum
3040 1136 3341 1190 mortalium
3394 1138 3597 1191 fructus
3639 1137 3804 1191 ullum

2238 1226 2576 1281 beatitudinis
2601 1226 2807 1295 pondus
2839 1227 2998 1281 habet
3026 1267 3040 1290 ,
3083 1228 3345 1294 poteritne
3373 1226 3516 1281 illius
3550 1229 3805 1282 memoria

2249 1328 2272 1356 ο
2304 1319 2436 1372 lucis
2474 1318 2802 1386 quantalibet
2837 1319 3190 1386 ingruentium
3230 1318 3486 1373 malorum
3532 1319 3671 1373 mole
3710 1319 3806 1373 de-

2242 1408 2379 1461 lcri‘l
2414 1422 2536 1461 eum
2578 1410 2711 1461 duos
2747 1409 2944 1476 pariter
2984 1408 3232 1463 consules
3270 1408 3467 1463 liberos
3496 1418 3614 1463 tuos
3649 1409 3808 1463 dumo

2243 1499 2460 1566 provehi
2507 1498 2607 1552 sub
2642 1499 2936 1570 frequentia
2972 1497 2989 1536 ί
3030 1508 3261 1568 patrum,
3293 1502 3393 1554 sub
3424 1500 3593 1570 plebis
3619 1500 3807 1554 alacri-

1900 1588 2468 1645 INTERPRETATIO.

635 1690 663 1718 ⁸
698 1680 760 1733 Et
781 1679 934 1735 illita.

630 1750 660 1790 ιι
691 1749 930 1802 Poeseos.

635 1831 659 1859 ο
690 1819 1047 1890 PliilosOpliia.

2165 1711 2213 1771 B

2311 1678 2337 1716 ἀ
2375 1680 2620 1751 Defuncto
2644 1689 2806 1751 patre.

2314 1760 2336 1786 ο
2373 1750 2505 1803 Diei.

2317 1818 2336 1858 ί
2373 1820 2699 1874 Senatorum.

2075 1888 2295 1944 NOT/E.

566 1990 706 2045 sunt,
735 1982 923 2036 saltem
950 1981 1229 2049 quamdam
1263 1983 1371 2036 veri
1404 1983 1637 2051 speciem
1669 1982 1884 2037 habent.
1913 1983 2002 2037 Sic
2030 1983 2134 2036 Ilo-

565 2052 729 2106 ratius
752 2051 819 2105 de
847 2052 973 2104 Arte
999 2069 1011 2101 :

684 2140 933 2249 {inﬁnitum
962 2142 1178 2201 speciosa
1203 2140 1640 2203 locis,,morataque
1665 2150 1803 2192 recte

729 2216 753 2248 a
793 2214 819 2248 υ
841 2215 885 2249 a.

729 2214 885 2249 auula.

570 2283 636 2337 Et
662 2283 816 2339 Ovid.
843 2299 859 2337 :

813 2353 1141 2414 Speciosaque
1165 2354 1356 2400 nomina
1379 2353 1532 2414 culpae

697 2411 1239 2477 imponisMedea‘tute,
1265 2416 1382 2475 quin
1403 2411 1567 2476 aspice
1590 2419 1822 2476 quantum

695 2472 1000 2534 Aggrediare
1025 2473 1178 2523 nefas.

574 2555 845 2623 Speciosus
865 2555 1007 2609 enim
1031 2564 1115 2610 est
1140 2570 1168 2609 a
1197 2556 1362 2624 specie
1386 2572 1404 2609 :
1435 2557 1624 2624 species
1646 2556 1711 2609 ab
1737 2556 1954 2623 antiquo
1978 2557 2140 2609 verbo

570 2624 737 2696 specie
762 2624 908 2696 video
928 2641 945 2696 ς
970 2624 1354 2696 unde_aspicio,
1382 2626 1613 2696 inspicio,
1642 2634 1767 2687 etc.,
1798 2627 2138 2696 quamobrem

571 2694 1045 2763 speciesiiLatinis,
1094 2694 1295 2748 Graecis
1316 2694 1424 2750 ἰδέα
1447 2694 1469 2755 ,⁷
1493 2696 1626 2748 tiiliil
1673 2704 1757 2749 est
1797 2695 1936 2748 aliud
1978 2710 2138 2763 quam

576 2765 745 2816 notio.
776 2762 910 2843 iliiic
938 2764 1334 2845 quodnobscura
1365 2763 1650 2845 confusave
1675 2765 1893 2845 alterius
1923 2762 2139 2819 notione

575 2832 907 2902 proponitur,
953 2832 1004 2887 id
1041 2834 1215 2887 aliena
1259 2834 1440 2896 specie
1487 2833 1712 2902 proponi
1741 2833 1974 2887 dicitur:
2007 2843 2139 2887 sicut

574 2901 875 2966 philosophi
921 2903 1088 2963 aiunt,
1132 2902 1328 2956 malum
1374 2903 1551 2970 Specie
1591 2901 1718 2956 boni
1762 2904 1932 2956 amari
1964 2920 1975 2954 :
2005 2904 2139 2957 sicut

572 2971 735 3052 etiam
763 2971 1317 3052 dietafortuntepunc
1345 2972 1599 3052 dicuntur,
1616 2973 1772 3052 oblita
1792 2972 2053 3025 rhetoricae
2078 2989 2139 3025 ac

574 3042 782 3093 musica:
808 3042 958 3095 melle
986 3041 1264 3094 dulcedinis
1294 3057 1311 3094 :
1344 3043 1413 3094 ita
1443 3051 1520 3105 ut,
1550 3050 1609 3095 ut
1635 3051 1757 3109 pote
1784 3056 1936 3105 voce,
1985 3052 2136 3103 nutu,

573 3118 723 3177 geSttI
763 3112 1077 3178 exterisque
1114 3110 1376 3179 adjunctis
1412 3122 1580 3179 grata,
1627 3122 1735 3164 tum
1779 3119 1995 3175 tantum,
2027 3127 2140 3163 cum
2166 3113 2211 3173 C

575 3180 870 3251 audiuntur,
912 3181 1175 3243 oblectent,
1215 3182 1392 3235 sxatim
1425 3190 1643 3251 propter
1681 3180 1976 3249 graviorem
2008 3196 2142 3235 ma:-

575 3248 714 3301 roris
758 3265 973 3304 sensum
1021 3266 1051 3303 e
1096 3252 1352 3303 memoria
1393 3248 1636 3316 pellenda
1671 3248 1839 3303 {nam
1888 3252 2141 3303 malorum

577 3318 732 3388 altior
760 3334 935 3372 sensus
963 3328 1037 3372 est
1066 3334 1084 3372 :
1111 3321 1291 3388 insitus
1315 3320 1598 3372 animorum
1626 3336 1808 3373 maeror
1835 3330 2134 3388 prwgrauat.

648 3387 666 3419 ⁸
699 3385 785 3438 Ita
807 3398 900 3449 est,
942 3387 1147 3457 inquit.]
1178 3388 1218 3442 l.
1263 3389 1598 3455 Philosophia
1636 3385 1849 3449 fatetur,
1889 3388 2140 3457 quidquid

576 3456 833 3509 hactenus
862 3457 970 3511 sive
1001 3456 1171 3511 soluta
1201 3459 1313 3512 sive
1336 3459 1519 3511 stricta
1545 3459 1784 3513 oratione
1812 3457 2007 3510 dictum
2036 3456 2137 3517 est,

576 3524 708 3579 illud
750 3525 974 3588 nullum,
1021 3537 1105 3577 aut
1141 3526 1255 3581 leve
1292 3526 1556 3590 quoddam
1588 3540 1707 3580 esse
1745 3527 1945 3579 doloris
1974 3543 2144 3581 reme-

577 3594 720 3649 dium
746 3612 759 3645 :
786 3594 1050 3655 Nondum,
1067 3596 1254 3661 inquit,
1272 3596 1431 3647 morbi
1455 3596 1696 3658 remedia,
1721 3596 1809 3648 sed
1831 3596 1998 3648 adhuc
2024 3612 2145 3648 con-

578 3665 790 3716 tumacis
819 3665 1056 3717 adversus
1094 3667 1401 3717 curationem
1428 3665 1617 3716 doloris
1646 3665 1887 3729 fomenta.
1927 3665 2045 3730 Ubi,
2092 3667 2141 3719 ι’

578 3732 875 3803 Remedium
902 3745 979 3785 est
1008 3749 1223 3801 corpus,
1245 3735 1385 3803 quod
1413 3734 1597 3786 morbo
1622 3734 1970 3797 contrarium,
2004 3750 2145 3785 nior-

579 3802 708 3856 bum
738 3802 959 3868 expellit
987 3820 1001 3855 :
1034 3802 1310 3871 propterea
1335 3803 1612 3857 remedium
1638 3802 1830 3857 dicitur
1852 3819 1881 3855 a
1911 3820 1964 3856 re
2002 3805 2142 3870 quod

578 3881 660 3925 est
679 3880 857 3924 contra
884 3884 934 3925 et
965 3875 1152 3925 mederi
1181 3888 1199 3925 :
1230 3883 1504 3941 preptorea
1534 3873 1692 3925 etiam
1726 3872 1968 3926 Ciceroni
2000 3873 2141 3925 nulla

578 3942 799 3994 remedia
827 3956 939 4009 qua?
966 3943 1255 3996 vulneribus
1294 3943 1611 4004 adhibiritur,
1644 3953 1744 3993 tam
1782 3942 1973 4010 faciunt
2003 3942 2145 3993 dolo-

578 4010 703 4080 rem,
733 4027 883 4079 quam
907 4027 1019 4080 quin
1046 4023 1161 4065 sunt
1190 4012 1454 4064 salutaria.
1486 4010 1553 4064 At
1583 4012 1873 4066 remedium
1896 4027 1921 4063 a
1951 4026 2143 4077 ciirpo-

578 4072 1088 4135 ribus'trans'fertur
1129 4082 1286 4133 i-tiam
1332 4081 1394 4132 ad
1443 4090 1666 4143 mentes,
1711 4097 1828 4149 quae
1867 4072 2144 4134 contrariis

578 4163 788 4218 quoque
814 4160 1081 4203 sanantur.
1096 4150 1151 4202 Ὺ
1171 4154 1458 4203 contumax
1478 4149 1692 4214 dicitur,
1709 4149 1847 4217 quod
1869 4157 2144 4204 contracto

578 4218 805 4289 quodam
836 4222 947 4273 sive
967 4221 1125 4272 animi
1153 4220 1266 4273 sive
1290 4219 1526 4287 corporis
1553 4229 1783 4282 tumore,
1807 4227 1860 4273 et
1881 4220 2145 4289 difficilius

578 4286 859 4356 disjicitur,
882 4299 935 4342 et
956 4289 1149 4357 majori
1176 4291 1371 4356 iinpetii
1392 4286 1617 4341 incurrit
1639 4299 1989 4343 commotum:
2010 4286 2145 4342 sicut

578 4359 719 4413 enii‘n
749 4359 815 4429 ab
835 4359 1205 4429 audeo,auda.c
1227 4376 1245 4421 ,'
1271 4374 1300 4411 a
1331 4369 1488 4416 teneo.
1515 4368 1691 4421 tenax;
1710 4359 1783 4411 sic
1805 4374 1833 4412 a
1857 4369 2142 4418 contunieo.

579 4437 855 4481 contumax
877 4444 895 4482 :
926 4428 1047 4482 hinc
1069 4429 1225 4483 etiam
1248 4429 1418 4482 oritur
1440 4430 1758 4491 contumelia,
1783 4430 1922 4494 quod
1947 4430 2057 4480 hinc
2077 4431 2146 4481 sit

580 4496 771 4566 injuria
811 4499 879 4551 ab
916 4501 1115 4562 animo,
1154 4499 1241 4566 q'ui
1279 4500 1414 4551 fasru
1453 4506 1652 4550 tumeat
1680 4514 1740 4549 ac
1770 4507 1993 4566 tiirgeat,
2028 4514 2145 4565 pro-

579 4565 734 4621 lecta.
759 4569 820 4621 5ο
845 4573 1121 4637 fomentum
1146 4568 1272 4622 illud
1296 4568 1611 4636 appellatur,
1640 4568 1778 4631 quod
1802 4565 1998 4621 ili-loris
2024 4585 2147 4621 eau-

580 4637 921 4710 sam__levit_e_r
960 4639 1241 4710 movendo,
1278 4648 1571 4710 _tumo_rein__
1600 4637 1813 4710 videtur
1861 4638 2042 4710 fovere
2085 4652 2148 4692 ac

580 4705 813 4761 mollire.
848 4707 941 4761 Hic
972 4717 1147 4761 autem
1179 4705 1513 4775 Philosophia
1545 4706 1700 4759 fidem
1730 4723 1876 4761 suam
1910 4707 2095 4760 liberat
2131 4724 2145 4758 :

583 4776 901 4842 promiserat
931 4777 1073 4830 enim
1102 4778 1216 4832 fore
1245 4787 1303 4831 ut
1330 4778 1512 4831 Boetio
1545 4777 1779 4829 curando
1807 4777 2005 4831 leviora
2038 4780 2149 4843 pri-

583 4858 750 4910 mum,
781 4845 973 4899 deinde
1002 4850 1239 4915 graviora
1286 4848 1581 4900 adhiberet.
1616 4845 1922 4915 Propterea,
1955 4862 2069 4916 quis
2096 4848 2149 4898 in

583 4916 891 4986 profundum
939 4931 1044 4969 sese
1089 4927 1367 4985 penetrant,
1414 4920 1601 4984 inquit,
1649 4932 1763 4969 cum
1807 4918 2150 4986 tempestivum

584 4984 755 5052 fuerit,
781 4985 1069 5037 admovebo.

653 5053 780 5125 '_A_n
803 5070 1067 5106 numerum
1094 5055 1397 5124 modumque
1419 5064 1520 5109 tute
1550 5053 1847 5125 felicitatis}
1878 5054 1938 5107 ll.
1971 5055 2152 5107 Philo-

583 5119 770 5189 sophia
800 5134 1077 5176 enumerat
1105 5125 1241 5177 bona
1273 5119 1392 5192 quae
1421 5119 1653 5186 Boetius,
1683 5119 1847 5179 veluti
1875 5128 2009 5178 iluce
2041 5126 2151 5178 for-

585 5199 731 5253 tuna,
770 5191 980 5245 videtur
1004 5191 1306 5260 accepisse,
1335 5193 1562 5249 offerens
1592 5211 1774 5247 eoruni
1809 5210 2069 5246 numerum
2099 5205 2153 5247 et

584 5261 789 5333 "tadum
809 5278 826 5323 ;
848 5264 959 5316 sive
978 5272 1036 5315 ut
1055 5263 1357 5331 loquuntur,
1374 5266 1704 5333 quantitatem
1733 5276 1786 5319 et
1812 5264 2104 5330 qualitatem
2132 5278 2150 5315 :

586 5330 831 5401 nimirum
854 5339 999 5400 quot,
1032 5342 1085 5386 et
1112 5330 1283 5401 qualia
1314 5330 1526 5388 fuerint.

654 5398 997 5473 '_Desolatunt
1019 5398 1173 5473 parca
1197 5402 1265 5473 e.]
1299 5404 1529 5457 Primum
1553 5403 1764 5473 quidem
1792 5402 1999 5473 Boetius
2022 5417 2152 5467 puer

588 5470 891 5536 perhibetur
921 5470 1041 5525 felix
1073 5472 1235 5527 fuisse
1251 5470 1617 5529 curatoribus.
1648 5474 1850 5527 Nitnirn
1877 5494 1903 5522 ii
1936 5472 2152 5525 Boetius

588 5539 745 5607 hujus
776 5545 938 5595 nostri
972 5541 1135 5597 Boetii
1167 5544 1299 5595 alius
1321 5545 1369 5595 lu
1397 5555 1414 5595 t
1439 5558 1585 5609 avus,
1617 5545 1752 5597 alius
1784 5555 1952 5609 pater.
1986 5543 2151 5605 Avus,

587 5624 707 5681 cum
756 5612 1116 5678 praefecturam
1168 5616 1398 5681 prietorii
1449 5625 1674 5680 gereret,
1725 5629 1752 5665 a
1784 5612 2154 5666 Valentiniano

590 5678 904 5753 imperatore
926 5698 1023 5735 una
1046 5678 1341 5753 cum—Aetio
1368 5678 1585 5753 patricio
1605 5685 1857 5735 innocens
1881 5683 1930 5753 in
1958 5682 2155 5753 Palatio

593 5747 898 5804 interfectus
926 5762 1005 5805 est
1036 5768 1174 5808 anno
1198 5747 1390 5808 Christi
1421 5754 1523 5809 -’455
1554 5770 1563 5803 :
1597 5754 1668 5808 ait
1705 5753 1845 5807 enim
1875 5751 2155 5805 Cassiodo-

2240 1996 2332 2036 rus
2372 1982 2425 2035 in
2461 1979 2730 2035 Chronico
2760 1997 2772 2033 :
2816 1979 2954 2035 Aetio
2997 1990 3045 2034 et
3079 1982 3261 2035 Studia
3287 1982 3600 2048 consulibus,
3633 1984 3807 2037 Aetius

2245 2053 2491 2121 patricius
2522 2055 2575 2104 in
2602 2050 2803 2121 Eulalia
2832 2067 2986 2104 manu
3023 2050 3358 2105 Valentiniani
3384 2054 3699 2120 imperatoris
3724 2071 3806 2107 ea:-

2241 2118 2449 2174 stinctus
2470 2130 2545 2173 est
2567 2136 2586 2192 ς
2610 2118 2813 2192 Boetius
2830 2136 2944 2173 vero
2959 2123 3225 2192 prwfectus
3250 2118 3472 2185 prwtorii
3498 2124 3676 2174 amicis
3696 2126 3807 2192 ejus

2242 2191 2680 2244 circumstantibus
2705 2191 3053 2258 interemptus.
3080 2189 3232 2244 Pater
3254 2205 3381 2244 vero
3408 2192 3594 2245 eodem
3624 2189 3808 2245 Baetin

2246 2274 2429 2328 puero,
2478 2260 2627 2313 obiit.
2680 2258 2813 2313 Hinc
2849 2270 3038 2328 noster
3068 2259 3281 2314 Boetius
3323 2260 3519 2314 dicitur
3552 2262 3808 2314 desolatus

2243 2327 2449 2401 parente
2483 2343 2502 2382 :
2530 2337 2584 2381 at
2621 2327 3210 2401 ejusmodiamicorum
3254 2344 3379 2382 cura
3422 2345 3553 2401 puer
3596 2332 3809 2383 Boetius

2243 2397 2516 2463 educatus,
2533 2406 2586 2451 et
2604 2398 2861 2462 Athenas,
2878 2397 3152 2466 disciplina
3163 2414 3276 2453 rum
3297 2399 3533 2452 omnium
3561 2401 3802 2454 notitiam

2243 2468 2551 2533 adepturus,
2584 2468 2775 2521 missus
2802 2477 2874 2520 est
2887 2506 2901 2521 .

2314 2536 2338 2566 ⁸
2367 2535 2598 2607 Defectus
2620 2538 2671 2589 in
2700 2537 2991 2607 afﬁnitatem
3010 2537 3295 2607 principum
3319 2536 3576 2607 civitatis.j
3607 2536 3807 2607 Deinde

2248 2606 2459 2660 Boetius
2480 2606 2669 2677 dicitur
2689 2606 2815 2677 felix
2842 2605 3062 2677 soceris,
3092 2605 3250 2677 [esto
3273 2605 3627 2677 nimirutn,‘et
3655 2606 3807 2677 Sym-

2248 2677 2456 2734 macho.
2484 2674 2803 2745 principibus
2831 2676 3079 2745 civitatis.
3107 2674 3297 2731 Festus
3315 2675 3550 2743 qliidem,
3574 2685 3627 2729 et
3650 2674 3807 2745 Sim-

2242 2745 2461 2798 machus
2502 2744 2713 2798 fuerunt
2764 2744 3028 2812 principes
3065 2745 3293 2800 civitatis
3333 2745 3584 2799 Romamn
3627 2762 3642 2798 :
3686 2744 3805 2800 nam

2241 2813 2455 2867 Patricii
2478 2812 2662 2867 Festus
2688 2823 2734 2867 et
2756 2812 3115 2883 Symmachus,
3146 2815 3316 2882 inquit
3345 2814 3615 2868 Ennodius
3637 2815 3808 2868 Paraz-

2241 2884 2355 2938 nesi
2398 2882 2749 2945 didascalica,
2800 2884 3026 2936 omnium
3069 2884 3451 2951 disciplinarum
3500 2885 3714 2937 materia
3760 2894 3808 2938 et

2243 2962 2523 3006 constantes
2568 2956 2731 3017 forma
2774 2952 3136 3017 sapientite,ab
3173 2953 3295 3005 urbe
3330 2953 3670 3005 sacratissima
3708 2970 3807 3006 non

2241 3024 2497 3075 recedunt.
2547 3021 2612 3074 In
2638 3023 2758 3089 ipsis
2801 3029 2872 3074 est
2902 3021 3081 3074 nobilis
3111 3024 3268 3074 curiit
3308 3023 3638 3091 principatus,
3685 3039 3807 3087 quos

2243 3092 2448 3157 vidisse,
2475 3092 2667 3144 erudiri
2695 3090 2961 3145 est.lidem
2980 3091 3189 3145 fuerunt
3210 3094 3377 3146 soceri
3409 3090 3805 3157 Baetii,quippe

2243 3165 2331 3230 qui
2356 3160 2579 3214 duxerat
2603 3162 2839 3228 Elpidem
2858 3159 3029 3230 filiani
3054 3159 3217 3225 Festi,
3235 3173 3288 3215 et
3314 3162 3411 3215 hac
3433 3160 3673 3213 defuncta
3699 3160 3806 3230 Bu-

2241 3229 2540 3301 sticianam,
2568 3229 2871 3301 Symmachi
2903 3229 3100 3294 ﬁliam;
3138 3245 3356 3301 quarum
3378 3244 3618 3301 uxorum
3661 3229 3807 3295 prior

2241 3299 2433 3354 dicitur
2473 3315 2575 3353 non
2610 3298 2889 3368 probitatis
2932 3307 3157 3361 tantum,
3202 3298 3295 3355 sed
3321 3299 3477 3353 etiam
3508 3298 3807 3352 litterarum

2243 3369 2399 3423 laude
2420 3367 2666 3433 celebris,
2699 3367 3064 3436 imprimisque
3087 3368 3351 3422 blitsartim
3390 3383 3593 3421 amans.
3626 3368 3808 3420 Tantis

2242 3439 2454 3493 demum
2483 3442 2680 3493 soceris
2711 3438 2922 3491 Boetius
2944 3436 3040 3490 fuit
3068 3437 3187 3491 felix
3216 3438 3510 3506 :siquiilem
3540 3437 3808 3491 felicitatis

2242 3518 2323 3562 est
2354 3510 2598 3561 honorari
2628 3508 2697 3560 ab
2723 3507 3143 3562 honoratissimis
3174 3509 3340 3561 viris:
3373 3509 3595 3560 maxima
3618 3508 3808 3576 jucun-

2242 3579 2551 3646 dissimaque
2575 3580 2685 3630 laus
2711 3586 2805 3642 est,
2848 3577 3253 3646 inquit'l‘ullius
3285 3591 3381 3644 pro
3418 3577 3573 3639 Miir.,
3601 3592 3715 3646 qua:
3744 3576 3807 3627 ab

2241 3648 2304 3699 iis
2325 3648 2684 3716 proﬁciscitur,
2712 3648 2798 3715 qui
2827 3647 2923 3716 ipsi
2942 3646 2995 3697 in
3018 3645 3169 3699 laude
3190 3648 3445 3716 vixerunt.
3470 3646 3683 3699 Boetius
3713 3660 3806 3698 au-

2245 3714 2348 3769 teni
2379 3733 2443 3770 ex
2472 3730 2537 3770 eo
2574 3714 2863 3769 honoratus
2892 3715 2988 3768 fuit
3015 3718 3307 3781 praesertim
3337 3715 3404 3768 ab
3434 3714 3518 3768 his
3541 3715 3807 3783 honestis-
3858 3776 3865 3783 δ

2242 3785 2390 3838 simis
2416 3786 2564 3848 viris,
2583 3786 2719 3852 quod
2748 3786 2814 3836 ab
2840 3785 3025 3837 iisdem
3061 3786 3283 3853 primum
3314 3783 3411 3837 fuit
3450 3784 3693 3841 dilectus.
3719 3782 3808 3837 de-

2243 3854 2367 3909 inde
2393 3855 2617 3908 delectus
2642 3856 2695 3907 in
2716 3854 3017 3922 afﬁnitatem
3041 3870 3058 3905 :
3089 3855 3228 3922 prius
3257 3870 3428 3917 carus,
3452 3871 3603 3922 quam
3636 3854 3808 3921 proxi~

2243 3940 2355 3976 mus
2391 3926 2552 3992 :quis
2581 3939 2708 3991 ergo
2745 3925 2984 3976 Boetitim
3023 3940 3128 3976 non
3175 3923 3423 3991 prtedicet
3465 3925 3809 3991 felicissimum

2243 4008 2357 4045 cum
2387 4003 2523 4047 tanto
2552 3994 2822 4061 splendore
2840 4008 3149 4045 socerorum.

2316 4073 2336 4101 ⁸
2362 4070 2486 4125 Cum
2526 4071 2752 4141 conjugis
2792 4068 3024 4140 pudore.)
3064 4070 3321 4124 Praeterea
3352 4069 3809 4141 ,Boeli_us_dicitur

2246 4140 2369 4195 felix
2399 4138 2626 4209 conjuge
2647 4159 2659 4193 :
2678 4138 2828 4209 quod
2853 4138 3074 4207 utraque
3103 4141 3216 4204 ejus
3242 4140 3457 4207 conjux,
3492 4138 3638 4207 Elpis
3665 4141 3811 4191 vide-

2246 4212 2388 4269 licet.
2432 4221 2485 4263 et
2524 4212 2824 4264 Rusticiana
2846 4249 2861 4272 ,
2904 4224 3108 4262 sumina
3138 4210 3295 4262 fuerit
3323 4212 3514 4261 virtute
3542 4210 3758 4277 praedita
3790 4224 3805 4260 :

2246 4280 2385 4350 quod
2409 4281 2604 4350 pudore
2622 4281 2818 4348 optime
2839 4278 3161 4345 significatur
3184 4295 3196 4330 :
3223 4279 3569 4350 pudoreniiii,
3594 4280 3661 4330 ait
3691 4278 3813 4329 Tlll~

2247 4347 2349 4403 lius
2376 4347 2418 4404 tt'
2442 4351 2509 4403 de
2541 4347 2691 4413 Fin.)
2723 4357 2795 4402 est
2824 4351 3109 4400 moderator
3137 4348 3447 4414 cupiditatis.
3480 4347 3611 4400 Cum
3641 4358 3817 4399 autent

2252 4419 2745 4487 Philosophia.qutn
2770 4431 2990 4472 numero
3007 4418 3193 4485 plurali
3215 4418 3813 4487 dixeratsoceros_,nune

2177 4471 2227 4530 D
2251 4471 2726 4567 singulaﬁitaiituni
2750 4488 2893 4567 ilirat
2922 4471 3220 4567 con'jugem,
3256 4487 3449 4540 idcirco
3474 4471 3811 4567 credidetlini,

2252 4554 2358 4612 non
2383 4558 2495 4612 fieri
2529 4558 2612 4612 hic
2642 4559 2987 4621 mentionem,
3011 4554 3112 4610 nisi
3134 4558 3287 4610 unius
3313 4571 3376 4609 ex
3407 4555 3657 4609 uxoribus
3682 4554 3811 4606 Boe~

2252 4629 2331 4689 tii,
2365 4643 2554 4694 nempe
2584 4627 2922 4692 lliisticiante,
2957 4641 3074 4694 qua:
3100 4627 3211 4681 sola
3235 4634 3359 4680 tunc
3386 4633 3653 4693 superstes
3678 4632 3813 4685 erat,

2252 4714 2371 4752 cum
2401 4697 2513 4750 hzec
2534 4699 2913 4751 scriberentur.

2324 4768 2345 4797 ⁸
2388 4766 2631 4820 Mascqu
2677 4768 2835 4836 prolis
2865 4763 3283 4834 opportunitate.]
3331 4765 3573 4836 lnsupcr_
3600 4762 3817 4836 Boetius

2253 4832 2835 4890 conitiieiiiuralurl'elix
2860 4836 3072 4899 liberis;
3094 4832 3317 4887 mascula
3342 4833 3629 4896 praesertim
3654 4832 3816 4901 prole.

2254 4906 2371 4961 Filii
2399 4908 2536 4959 enim
2565 4906 2755 4970 Boetii,
2779 4906 2822 4958 si
2856 4921 2960 4958 non
2992 4904 3160 4958 Patrit
3184 4920 3242 4957 us
3269 4915 3322 4958 et
3343 4904 3817 4973 llypatius,sahcin

2255 4976 2606 5047 Symmachus
2632 4987 2685 5031 et
2710 4975 2921 5047 Boetius
2940 4975 3185 5047 consules
3198 4974 3329 5047 facti
3352 4984 3476 5028 sunt
3500 4990 3514 5026 ε
3540 4982 3819 5047 propterea

2256 5043 2338 5099 hic
2370 5046 2621 5109 consules,
2644 5055 2697 5099 et
2718 5044 2849 5098 infra
2876 5045 3164 5097 consulares
3189 5045 3368 5097 liberos
3398 5043 3552 5096 vociit
3582 5043 3818 5109 Plti'oso-

2256 5119 2374 5186 pliia
2404 5135 2416 5169 :
2450 5108 2729 5184 prepterea
2759 5116 2945 5168 eadem
2980 5114 3310 5186 Philosophia
3340 5128 3479 5165 nunc
3504 5112 3671 5186 addit,
3704 5108 3819 5186 ille-

2253 5180 2468 5239 inoriani
2506 5180 2667 5257 huius,
2700 5185 2825 5257 diei,
2851 5200 2949 5249 quo
2995 5180 3241 5257 nimirum
3283 5183 3497 5257 Boetius
3533 5180 3654 5257 vidit
3693 5180 3819 5257 duos

2255 5264 2446 5323 paritcr
2491 5255 2719 5308 consules
2769 5256 2945 5307 liberos
2981 5254 3129 5305 domo
3176 5253 3379 5319 prove/ii
3416 5251 3507 5306 sub
3539 5251 3819 5323 [τετιηεηιὲρ

2252 5318 2473 5395 patrum,
2516 5326 2607 5376 sub
2640 5324 2796 5388 plebis
2834 5325 3115 5395 alacritate,
3156 5318 3253 5391 quo
3293 5323 3426 5395 idem
3464 5318 3614 5390 regia:
3641 5318 3822 5395 laudis

2256 5390 2444 5456 orator,
2460 5395 2645 5461 ingenii
2664 5395 2878 5463 gloriam
2896 5394 3244 5462 facundiaque
3267 5392 3467 5463 meruit,
3490 5406 3587 5463 quo
3608 5390 3817 5463 circum-

2256 5469 2382 5531 fusa:
2411 5458 2746 5516 multitudinis
2773 5458 3191 5529 exspectationem
3219 5462 3515 5527 triumphali
3554 5458 3819 5531 largitione

2255 5530 2473 5594 satiavit,
2521 5550 2618 5586 non
2664 5549 2808 5601 posse
2849 5532 3155 5601 quantalibet
3194 5532 3533 5603 ingruentium
3574 5530 3821 5579 initlorum

2256 5604 2385 5656 mole
2407 5604 2580 5655 deleri.

2330 5682 2348 5709 ⁷
2377 5680 2618 5745 Sumptus
2642 5681 2690 5732 in
2718 5680 3055 5732 adolescentia
3075 5676 3389 5747 dignitates]
3420 5675 3652 5747 Boetius,
3677 5684 3799 5747 ante

2260 5765 2417 5823 quam
2449 5744 2653 5805 videret
2674 5765 2799 5805 suos
2826 5750 3022 5805 liberos
3044 5744 3308 5811 consules,
3341 5744 3472 5819 ipse,
3502 5745 3669 5799 adhuc
3697 5744 3817 5797 ade»
