4292 6262
513 410 581 466 75
1398 410 1485 464 DE
1524 410 2044 468 CONSOLATIONE
2084 412 2546 470 PHILOSOPHle
2585 410 2711 465 LIB.
2755 409 2793 463 ll

3623 402 3727 468 6η

481 528 584 577 tate
614 521 819 586 vidisti;
860 535 981 575 cum
1012 521 1213 577 eisdem
1259 521 1325 592 in}
1352 523 1497 576 curia
1544 526 1558 553 ¹
1590 527 1803 578 curules
1844 534 1871 561 ι
1915 527 2041 579 insi-
2070 530 2117 587 Α
2144 537 2291 582 eunt.
2342 531 2495 598 112
2547 526 2627 580 Att
2672 535 2726 577 ιιι
2791 526 2842 576 in
2884 522 3021 575 hanc
3066 522 3083 551 ⁷
3112 521 3234 575 vita:
3267 529 3290 556 θ
3329 533 3542 575 scenam
3587 534 3730 572 nunc

481 612 722 668 dentibus
748 621 801 666 tu
829 612 991 680 regite
1015 612 1187 689 laudis
1207 621 1412 679 orator,
1444 614 1639 682 ingenii
1665 616 1778 685 (10)
1804 616 2050 683 gloriam,

480 702 844 770 facunditeque
868 701 1106 755 meruisti
1137 717 1152 755 :
1197 705 1348 772 111
1376 717 1498 756 cum
1528 705 1548 732 ²
1576 704 1627 756 in
1654 702 1799 757 circo
1847 703 1870 735 ³
1915 705 2051 759 dno-

480 806 593 847 rum
633 791 839 847 medius
877 793 1154 845 consulum
1184 792 1520 846 circumfusa:
1557 792 1914 847 multitudinis
1952 810 2051 848 ex-

479 884 879 952 spectationem,
901 881 1207 951 triumphali
1226 882 1506 951 largitione
1527 882 1755 937 satiasti.
1782 884 1977 937 Dedisti
2000 883 2051 950 δ,

477 983 533 1044 ιιι
560 975 769 1042 opinor,
803 973 963 1026 verba
993 972 1242 1037 fortuna),
1278 971 1405 1026 dum
1433 982 1484 1027 te
1509 973 1597 1026 illa
1625 974 2051 1039 demulcet,dum

478 1072 548 1125 te,
585 1070 642 1115 ut
668 1062 888 1117 delicias
918 1075 1072 1125 suas,
1106 1064 1263 1115 fovet.
1315 1059 1337 1093 ⁸
1363 1062 1577 1127 Munus,
1617 1065 1757 1131 quod
1792 1064 1921 1116 nulli
1956 1079 2054 1116 uu-

477 1166 631 1218 quam
675 1153 883 1223 privato
926 1152 1398 1216 commodaverat,
1446 1153 1735 1207 abstulisti.
1776 1154 1854 1221 (5)
1890 1153 2054 1209 Visne

476 1240 636 1308 igitur
660 1257 780 1296 cum
822 1241 1034 1295 fortuna
1063 1242 1084 1271 ⁸
1107 1241 1370 1296 calculum
1410 1252 1433 1279 ο
1476 1244 1709 1310 ponere?
1733 1241 1754 1272 ⁸
1779 1242 1927 1296 Nunc
1947 1238 1975 1277 ἀ
2002 1254 2053 1296 te

475 1331 705 1397 primum
748 1330 931 1384 liventi
964 1330 1120 1384 oculo
1159 1330 1493 1399 perstrinxit.
1521 1332 1575 1384 Si
1622 1346 1898 1385 numerum
1937 1346 2055 1386 mo-

441 1420 708 1489 vdumque
753 1422 996 1475 latorum
1041 1421 1341 1475 tristiumve
1384 1422 1728 1486 consideres,
1778 1423 1951 1477 adhuc
2001 1433 2053 1478 te

478 1513 686 1567 felicem
716 1526 911 1580 negare
940 1528 1045 1567 non
1074 1514 1267 1581 possis.
1300 1512 1458 1579 Quod
1489 1514 1532 1565 si
1566 1513 1768 1566 idcirco
1809 1522 1859 1567 te
1888 1513 2055 1568 fortu-

478 1612 656 1657 natum
694 1617 814 1658 esse
854 1618 963 1656 non
1003 1603 1298 1664 existimas.
1344 1604 1590 1668 quoniam
1621 1618 1739 1671 quas
1778 1611 1904 1658 tunc
1933 1605 2050 1659 laeta

480 1694 809 1759 videbantur,
834 1694 1078 1749 abierunt
1102 1710 1118 1759 ;
1145 1709 1249 1748 non
1269 1704 1351 1748 est
1367 1693 1506 1761 quod
1530 1701 1581 1747 te
1598 1694 1848 1749 miserum
1875 1702 2051 1762 putes,

482 1784 743 1854 quoniam,
781 1798 900 1852 quae
932 1785 1047 1854 (10)
1084 1800 1225 1839 nunc
1269 1783 1552 1838 credunlut
1589 1794 1796 1851 maesta,
1831 1793 2054 1852 praeter—

2156 618 2381 684 primum
2406 617 2630 679 subitus,
2654 616 2955 682 hospesque
2976 610 3206 665 venisti?
3224 611 3460 664 ullamne
3482 609 3732 662 humanis

2153 707 2313 760 rebus
2345 706 2519 759 inesse
2542 688 2897 757 constantiam
2926 703 3084 765 rerls,
3106 715 3225 755 cum
3255 701 3427 769 ipsum
3458 712 3602 767 saepe
3629 698 3731 751 bo-

2154 794 2350 846 minem
2382 789 2402 827 ί
2436 791 2588 845 velox
2614 792 2742 843 hora
2772 789 3075 844 dissolvat?
3103 788 3237 843 Nam
3258 789 3357 843 etsi
3382 802 3499 841 rara
3521 795 3604 841 est
3624 785 3732 839 for-

2155 885 2302 938 tuitis
2332 882 2577 936 manendi
2608 882 2770 943 fides,
2810 882 3026 935 ultimus
3056 890 3234 935 tamen
3275 880 3399 933 vita:
3438 878 3554 933 dies
3584 892 3733 932 mors

2152 976 2392 1044 qttmdam
2425 973 2648 1027 fortuna:
2674 985 2756 1025 est
2781 974 2939 1027 etiam
2973 982 2997 1019 δ
3031 972 3109 1043 (5)
3154 973 3443 1026 manentis.
3471 970 3606 1037 Quid
3634 970 3731 1039 igi-

2156 1080 2240 1121 tur
2259 1068 2456 1122 referre
2476 1068 2665 1135 putas?
2686 1067 2836 1121 Tune
2862 1066 3006 1120 illam
3032 1067 3307 1121 moriendo
3326 1066 3564 1135 deseras,
3582 1081 3651 1120 an
3676 1078 3729 1120 te

2153 1158 2241 1212 illa
2269 1158 2555 1226 fugiendo?

2618 1266 2769 1335 113
2803 1265 3091 1321 uernum
3124 1269 3143 1287 ι
3173 1264 3260 1319 ιιι.

2154 1377 2539 1431 Aacuusaruu.
2572 1404 2642 1415 ——
2702 1374 3036 1441 Philosophia
3069 1416 3085 1440 ,
3114 1374 3494 1430 alternantibus
3540 1374 3623 1428 die
3675 1382 3725 1427 et

2225 1456 2400 1508 nocte;
2438 1446 2660 1515 zephyro
2701 1457 2747 1497 et
2774 1456 2982 1507 austro;
3037 1446 3404 1513 tranquillitate
3442 1450 3491 1498 el
3534 1454 3726 1513 tempe-

2226 1525 2351 1568 state
2372 1517 2552 1577 utaris,
2586 1516 2761 1582 probat
2792 1515 2924 1566 nihil
2948 1517 3174 1583 genitum
3205 1531 3314 1567 esse
3334 1523 3592 1567 constans.

2291 1604 2423 1658 Cum
2449 1604 2570 1673 polo
2592 1603 2828 1657 Phtebus
2850 1606 3019 1656 roseis
3045 1602 3311 1673 quadrigis

2365 1695 2564 1748 Lucem
2590 1708 2841 1762 spargere
2871 1694 3130 1762 coeperit,

2294 1783 2462 1837 Pallct
2488 1782 2749 1838 albenteis
2776 1783 3021 1838 hebetata
3050 1783 3229 1837 vultus

1807 1897 2377 1954 INTERPRETATIO.

559 2001 585 2028 ι
613 1990 804 2061 Sellas,
824 2008 979 2061 supra
1003 2007 1125 2061 quas
1156 1993 1206 2043 in
1234 2006 1387 2043 curru
1416 1989 1710 2061 insideren'.

549 2060 575 2097 ι)
606 2059 896 2113 Fortunam
919 2068 1027 2111 tum
1054 2060 1142 2112 tibi
1173 2065 1419 2124 [aventem
1443 2059 1739 2112 laudavisti.

550 2140 571 2166 ε
608 2130 845 2196 Repetere
871 2130 1090 2182 rationes
1115 2145 1147 2182 a
1174 2134 1400 2198 fortuna.
1432 2138 1674 2196 compter
1704 2142 1833 2183 avec
1860 2129 1909 2183 la
1936 2128 2040 2183 l'or-

481 2207 618 2250 lutte.

502 2214 792 2337 ιιιέθὶιιεὶρῑι
823 2278 869 2322 te
891 2268 1068 2338 iniquo
1092 2267 1239 2321 oculo
1268 2268 1470 2322 intueri.

2076 1994 2125 2053 Β

2228 1997 2252 2023 ε
2287 1987 2582 2039 Theatrum.

2228 2056 2246 2094 τ
2278 2056 2633 2108 Brevissimum
2660 2063 2874 2122 tempus.

2228 2135 2253 2171 α
2281 2125 2588 2178 Constantis.

2224 2195 2321 2249 Ubi
2362 2196 2580 2260 primum
2620 2194 2701 2246 sol
2725 2194 2881 2246 rubeo
2923 2208 3075 2245 curru
3101 2192 3405 2262 quadrijugo
3448 2199 3616 2245 uectus
3644 2193 3716 2243 in.

2147 2268 2293 2334 rmpit
2318 2263 2603 2330 ili/fundere
2630 2264 2765 2315 diem
2796 2270 2891 2332 per
2920 2264 3121 2322 caelum.
3151 2273 3410 2317 nocturna
3435 2263 3605 2315 sidera
3630 2277 3720 2314 re-

1980 2394 2204 2451 novas.
2288 2480 2291 2481 ν

478 2512 702 2578 lescens,
736 2514 834 2565 lutt
869 2509 1143 2581 patricius,
1187 2517 1241 2562 et
1279 2508 1612 2581 l'orteqetiam
1654 2507 1882 2581 consul:
1919 2521 2036 2571 quae

476 2577 698 2650 dignitas
719 2596 839 2635 raro
866 2577 989 2633 ante
1018 2595 1212 2650 annum
1256 2578 1581 2650 trigesimum
1624 2577 2035 2650 conferebatur:

478 2645 815 2717 quamobrem
847 2650 1026 2718 populi
1065 2649 1224 2702 etiam
1254 2648 1517 2716 sull'ragiis
1555 2645 1680 2702 felix
1711 2662 1849 2699 nttnc
1878 2646 2039 2714 signi-

478 2723 674 2773 licatttr.

570 2792 584 2819 ¹
611 2787 821 2841 Curules
840 2784 1447 2855 insidentibus.thtrttles
1463 2796 1717 2838 vocantur
1734 2799 1837 2837 non
1864 2784 2033 2855 solum

476 2857 733 2916 homines.
767 2856 857 2925 qui
895 2856 979 2924 jus
1017 2853 1279 2925 habebant
1316 2856 1575 2922 ponenda:
1615 2855 1896 2923 imaginis;
1941 2853 2034 2906 sed

474 2928 627 2980 etiam
656 2924 822 2990 sellte,
852 2940 1009 2992 supra
1042 2940 1172 2992 quas
1199 2924 1272 2976 illi
1306 2925 1357 2976 in
1385 2937 1544 2976 curru
1574 2925 1885 2984 insiderent,
1917 2937 2036 2989 quia

472 2996 615 3049 sella:
643 3004 917 3064 propterea
955 2996 1195 3047 videntur
1218 3010 1245 3045 a
1271 3008 1433 3064 curru
1461 2994 1614 3064 dictze
1640 2995 1873 3064 curules;
1900 2993 2037 3064 sicut

472 3067 536 3117 ab
557 3062 718 3119 ebore
745 3062 932 3117 caelato
958 3072 1210 3116 vocantur
1234 3062 1519 3131 aliquando
1562 3063 1681 3115 ebur
1705 3079 1719 3115 :
1756 3062 1893 3115 unde
1926 3063 2033 3115 llo-

472 3142 572 3189 rat.
605 3136 640 3188 ι.
676 3150 690 3187 ι
726 3134 918 3201 Epist.,
951 3148 1037 3200 ep.
1069 3133 1139 3185 6:

585 3223 791 3272 Cuilibet
816 3223 891 3271 bic
915 3222 1069 3270 fasces
1091 3223 1224 3271 dabit
1250 3236 1262 3271 :
1290 3222 1566 3282 eripietque
1590 3219 1784 3279 curule,

587 3284 673 3333 Cui
699 3284 847 3343 volet,
876 3285 1175 3344 importunus
1199 3284 1339 3331 ebur.

470 3365 532 3419 Et
560 3366 712 3419 Ovid.
744 3382 795 3419 iv
824 3366 892 3419 de
924 3365 1102 3421 Pont..
1132 3365 1201 3417 el.
1232 3365 1264 3417 9
1298 3381 1310 3415 :

584 3458 730 3515 Signa
754 3468 948 3516 quoque
973 3456 1021 3501 in
1045 3453 1161 3502 sella
1186 3466 1376 3516 nossem
1399 3452 1597 3501 formata
1623 3451 1792 3512 curuli,

643 3514 700 3565 Et
724 3514 1115 3565 totutniNumidze
1137 3514 1363 3575 sculptile
1387 3516 1550 3561 dentis
1571 3526 1708 3574 Opus.

531 3598 550 3626 ²
602 3595 667 3647 1η
712 3597 888 3663 circo.|
943 3593 1128 3647 Circus
1180 3594 1365 3647 (it-tere
1419 3594 1596 3649 κύκλος
1619 3592 1909 3663 generatim
1956 3600 2039 3646 est

466 3665 635 3717 omnis
661 3660 908 3727 ambitus,
951 3679 1131 3733 gyros,
1163 3664 1328 3726 cibis,
1371 3663 1516 3715 circn
1542 3678 1601 3713 us
1640 3679 1651 3712 :
1686 3660 1824 3714 unde
1848 3664 2037 3716 Cicero

466 3735 514 3786 ἰιι
547 3740 695 3787 Arat.
734 3750 747 3787 2

580 3821 748 3882 Υἰιιίειὶ
773 3832 996 3882 magnum
1022 3822 1307 3869 candentem
1335 3834 1538 3879 serpere
1559 3823 1736 3868 circum

578 3881 788 3931 Lacteus
812 3884 888 3930 bic
914 3885 1058 3930 nimio
1080 3894 1287 3942 serpens
1312 3884 1520 3929 candore
1543 3890 1755 3930 notatur.

463 3962 554 4016 llic
579 3974 754 4016 autem
792 3964 967 4018 circus
1009 3972 1091 4016 est
1129 3964 1275 4015 locus
1318 3976 1526 4025 ovatus,
1559 3963 1610 4016 in
1653 3978 1778 4031 quo,
1810 3972 2030 4018 auctore

462 4032 744 4100 'l'arquinio
788 4034 982 4098 prisco,
1030 4031 1251 4085 Romani
1296 4032 1447 4085 ludos
1486 4033 1746 4086 faciebant
1788 4050 1798 4082 :
1847 4049 2035 4100 quaut-

460 4101 642 4154 obrem
679 4103 785 4155 ludi
824 4103 896 4154 illi
925 4117 953 4155 a
997 4102 1115 4155 loco
1143 4101 1269 4154 dieti
1298 4114 1420 4154 sunt
1446 4104 1710 4157 circenses.
1757 4100 1861 4155 Usu
1909 4116 2032 4155 vero

457 4181 723 4239 receptum
753 4182 887 4239 erat,
921 4180 976 4224 ut
1016 4175 1316 4239 quicunque
1357 4171 1540 4224 consul
1583 4179 1793 4224 creatus
1822 4170 2027 4236 fuisset,

458 4239 542 4291 hic
581 4240 812 4308 profusis
841 4242 1029 4303 Opibus
1054 4240 1312 4306 eiusmodi
1338 4239 1491 4292 ludos
1523 4242 1821 4293 institueret
1848 4257 1859 4291 :
1893 4241 2029 4293 alio-

458 4309 541 4376 qui
584 4325 680 4362 nec
732 4311 925 4377 populo
966 4319 1149 4377 gratus
1190 4324 1287 4363 nec
1331 4310 1648 4376 amplissimi
1693 4314 2030 4379 magistratus

457 4394 756 4445 personam,
792 4390 846 4431 ut
878 4394 969 4443 par
1003 4390 1103 4443 est,
1138 4383 1401 4432 sustinere
1430 4379 1725 4433 videbatur.

527 4447 547 4476 ³
578 4448 805 4499 Duorum
842 4450 1037 4501 medius
1079 4447 1387 4517 consultum]
1418 4448 1616 4513 Nempe
1644 4449 1889 4515 ﬁliorum.
1914 4448 2028 4501 Pri-

457 4532 573 4569 mus
604 4518 741 4583 ιιβηιι
770 4517 1037 4570 Romanos
1060 4517 1655 4585 locus,inqttttLipsius,
1675 4528 1756 4571 est
1779 4518 1983 4571 medius
2009 4533 2023 4581 ;

454 4587 759 4650 proximus,
818 4587 1029 4639 dexter.
1080 4588 1221 4639 Inter
1265 4588 1571 4639 consulares
1611 4601 1738 4639 vero
1786 4602 1889 4640 non
1935 4589 2025 4655 qui

2066 3308 2113 3370 C

2454 2501 2667 2549 Ponatur
2688 2501 2917 2563 calculus,
2939 2502 3093 2551 adsint

2326 2562 2441 2611 Cum
2468 2564 2627 2610 tabula
2655 2566 2795 2622 pueri

2143 2643 2274 2695 Cum
2309 2642 2511 2695 fortuna
2541 2642 2699 2709 igitur
2719 2643 2976 2697 calculum
3001 2642 3199 2696 dicitur
3219 2655 3438 2710 ponere,
3463 2642 3551 2710 qui
3577 2641 3713 2699 facta

2143 2712 2400 2765 bonorum
2432 2712 2799 2778 malorumque
2840 2726 2870 2763 a
2900 2712 3107 2765 fortuna
3135 2720 3473 2778 acceptorum
3499 2727 3716 2780 compa-

2143 2784 2370 2845 ratione,
2397 2781 2599 2849 digitis,
2627 2781 2883 2846 articulis,
2911 2782 3230 2849 lapillis,aut
3250 2780 3573 2847 quibuslibet
3597 2783 3717 2835 aliis

2146 2852 2286 2903 notis
2312 2859 2604 2916 computat,
2636 2858 2877 2901 utrorum
2912 2852 3078 2917 major
3107 2850 3177 2902 sit
3204 2863 3429 2902 summa.

2214 2920 2235 2949 ⁸
2281 2913 2514 2989 Nunc—te
2554 2913 2772 2989 pLimum
2801 2919 2969 2971 liuenti
2993 2913 3144 2971 oculo
3172 2918 3511 2989 perstrinxit]
3544 2913 3717 2989 innuit

2144 2987 2521 3055 Philosophia,
2564 2987 2935 3041 adversitatcm
2985 2987 3298 3054 praesentem
3342 2987 3509 3040 Boetii
3559 2988 3717 3056 longe

2145 3058 2405 3110 minorem
2430 3071 2548 3109 esse
2577 3057 2840 3123 prteterita
2871 3057 3108 3124 ejusdem
3144 3057 3490 3125 prosperitate
3521 3073 3533 3109 :
3567 3058 3716 3125 quasi

2144 3127 2282 3180 dicat
2309 3143 2321 3178 :
2355 3125 2559 3179 fortuna
2579 3142 2606 3177 a
2631 3127 2824 3178 teneris
2845 3125 3000 3178 annis
3022 3140 3296 3193 prospera,
3329 3139 3467 3179 nunc
3495 3126 3714 3179 adversa

2146 3210 2264 3248 esse
2304 3196 2504 3262 incipit,
2539 3210 2705 3261 eaque
2738 3210 2842 3247 non
2892 3195 3065 3257 factis,
3096 3196 3186 3248 sed
3214 3196 3369 3246 oculo
3399 3203 3601 3248 tantum
3635 3196 3717 3248 in-

2145 3264 2378 3327 vidente,
2404 3278 2500 3317 nec
2527 3265 2758 3333 graviter
2779 3263 3013 3330 quidem,
3044 3264 3135 3317 sed
3160 3264 3561 3331 perstringenda
3583 3264 3715 3318 levi-

2147 3343 2260 3397 ter;
2302 3337 2427 3401 quin
2459 3334 2504 3386 si
2542 3334 2665 3401 quid
2708 3333 3040 3386 intolerabile
3076 3335 3342 3391 videatur,
3387 3333 3511 3386 itlttd
3555 3333 3716 3387 citius

2142 3413 2460 3457 evanescet:
2486 3417 2647 3469 quare
2686 3402 2729 3453 si
2755 3418 3017 3454 numerum
3043 3404 3340 3470 modumque
3362 3403 3589 3454 [celarunt
3619 3404 3715 3456 tri—

2140 3476 2350 3525 stiumve
2371 3473 2672 3532 consideres,
2696 3471 2866 3523 adhuc
2893 3483 2939 3523 te
2965 3472 3159 3537 felicem
3195 3487 3379 3539 negare
3403 3487 3500 3523 non
3530 3476 3713 3540 passis.

2211 3542 2232 3571 ⁷
2269 3541 2393 3594 Viue
2432 3540 2676 3611 scenam]
2702 3542 2896 3605 Scena,
2947 3540 3149 3595 Gnecis
3204 3548 3359 3599 σκηνὴ
3390 3580 3407 3605 ,
3447 3543 3715 3594 umbracu-

2142 3610 2274 3676 lum,
2302 3612 2529 3680 primum
2576 3610 2672 3663 fuit
2720 3624 2933 3664 camera
2971 3626 3033 3662 ex
3069 3612 3316 3663 arborum
3350 3612 3401 3664 in
3434 3625 3492 3663 se
3517 3613 3715 3664 euhan-

2141 3683 2270 3733 tium
2313 3684 2472 3734 ramis
2502 3695 2562 3732 ac
2594 3681 2871 3732 frondibus
2902 3680 3016 3733 sive
3047 3692 3234 3733 natura
3265 3682 3379 3734 sive
3407 3690 3522 3734 arte
3566 3696 3713 3733 cont-

2141 3750 2332 3817 posita,
2360 3751 2409 3802 in
2442 3765 2542 3816 qua
2575 3765 2743 3802 verno
2771 3753 3069 3817 praesertim
3092 3760 3330 3816 tempore
3359 3765 3387 3801 a
3411 3751 3714 3816 pastoribus

2141 3821 2372 3873 carmina
2421 3820 2647 3872 diversis
2691 3821 2839 3872 sonis
2882 3821 3272 3872 cantabantnr:
3306 3820 3446 3873 unde
3478 3820 3663 3889 Virgil.
3695 3834 3713 3873 t

2138 3890 2288 3952 Ain.,
2316 3905 2365 3942 v.
2404 3891 2523 3942 166.

2198 3977 2321 4043 llinc
2346 3984 2492 4043 atque
2523 3978 2799 4043 hinc__vastm
2822 3978 3299 4043 rupes,_gemipiqu_e
3320 3978 3561 4027 minantur

2201 4037 2251 4099 In
2277 4037 2449 4084 caelum
2474 4039 2657 4099 scopuli
2683 4037 2917 4098 :qnorttut
2936 4037 3033 4085 sub
3050 4037 3236 4086 veriice
3262 4039 3360 4086 late

2195 4097 2400 4158 Aﬂquora
2426 4104 2527 4146 tuta
2554 4097 2699 4147 silent
2724 4097 2740 4147 :'
2759 4107 2858 4146 tum
2878 4100 3012 4147 silv.s
3028 4112 3175 4147 scena
3198 4100 3410 4148 coruscis

2195 4158 2442 4219 Desuper,
2464 4160 2782 4221 horrentique
2800 4172 2953 4208 atrum
2976 4174 3149 4209 nemus
3167 4162 3385 4208 imminet
3410 4160 3595 4227 umbra,

2137 4242 2332 4296 Deinde
2361 4257 2516 4296 scena
2555 4242 2654 4299 fuit
2697 4246 2937 4297 occultus
2964 4242 3159 4295 theatri
3193 4244 3361 4305 locus,
3393 4244 3445 4295 in
3480 4258 3587 4309 quo
3612 4257 3707 4297 ac—

2134 4319 2277 4365 tores
2294 4312 2403 4366 sive
2424 4314 2608 4365 aulzeis
2630 4314 2742 4365 sive
2764 4314 2882 4365 aliis
2908 4313 3220 4381 quibusdam
3246 4313 3379 4365 velis
3403 4315 3521 4365 tecti
3546 4314 3709 4367 latere

2134 4381 2380 4434 solebant
2406 4399 2419 4434 :
2452 4393 2723 4450 posuemo
2768 4383 2942 4434 brevis
2976 4383 3068 4434 sed
3100 4384 3303 4448 integra
3334 4384 3521 4435 theatri
3549 4383 3708 4445 actio,

2133 4450 2186 4502 in
2218 4466 2316 4518 qua
2348 4455 2543 4518 smpius
2577 4451 2714 4503 idem
2748 4450 2907 4503 homo
2934 4451 3176 4504 diversas
3206 4464 3482 4517 personas,
3527 4452 3708 4503 tristes

2131 4520 2313 4585 modo,
2350 4520 2505 4572 modo
2538 4523 2687 4573 laetas
2727 4522 2831 4588 agit
2862 4538 2874 4570 :
2907 4535 3007 4586 qua
3042 4521 3249 4573 ratione
3281 4520 3398 4588 rvita
3432 4519 3704 4572 hominum

2130 4588 2234 4641 dici
2268 4598 2444 4655 potest
2485 4606 2634 4642 scena
2669 4605 2687 4641 :
2728 4587 2842 4641 cum
2879 4592 3043 4654 ipsum
3092 4604 3223 4654 stupe
3266 4587 3520 4638 hominem
3562 4588 3708 4640 velox:

456 4656 680 4720 saepius,
710 4655 805 4709 sed
835 4658 922 4726 qui
956 4655 1100 4726 prius
1132 4655 1305 4709 fuerat
1343 4656 1561 4719 consul,
1593 4655 1745 4709 alteri
1776 4656 2027 4726 praifere-
2052 4669 2105 4726 Β
2129 4658 2254 4709 hora
2294 4657 2557 4721 dissolvat,
2605 4668 2659 4711 et
2699 4658 2750 4710 in
2803 4660 2907 4710 vita
2956 4660 3183 4709 lnnnana
3234 4657 3370 4726 lictis
3417 4657 3706 4709 succedant

457 4728 605 4776 batur
631 4742 642 4776 :
673 4740 842 4790 quare
874 4724 1086 4778 Boetius
1114 4739 1218 4777 non
1251 4726 1421 4778 solum
1452 4736 1508 4777 ut
1538 4732 1708 4791 pater,
1738 4725 1830 4778 sed
1860 4726 2020 4779 etiam

457 4801 510 4845 ut
533 4795 718 4846 consul
745 4795 941 4845 medius
968 4794 1156 4846 sedere
1178 4792 1380 4847 debuit.
1422 4808 1427 4811 λ

522 4861 544 4890 ⁸
597 4862 784 4914 Munus
810 4863 943 4931 quod
982 4864 1114 4915 nulli
1152 4862 1389 4932 privato.]
1430 4863 1614 4917 Nullus
1651 4863 1814 4928 enim,
1858 4863 2019 4918 etiam

454 4930 720 4998 princeps,
743 4948 809 4984 eo
824 4930 1096 4985 felicitatis
1128 4930 1389 4998 pervenit,
1413 4942 1469 4986 ut
1497 4933 1687 4986 eodem
1715 4947 1856 4986 anno
1878 4933 2013 4988 duos

454 4999 617 5071 tilios,‘
640 5010 797 5053 aetate
821 5002 976 5053 solita
1006 5003 1239 5071 nondum
1275 5011 1574 5068 provectos,
1601 5003 1879 5056 consulum
1906 5002 2021 5071 dig-

453 5067 704 5139 nitatibus
731 5080 948 5124 ornatos
976 5070 1219 5124 videret:
1249 5067 1698 5139 quemadmodum
1731 5072 1860 5125 vidit
1888 5067 2022 5126 Boe-

454 5137 574 5189 tius.
610 5137 752 5190 Vidit
780 5139 993 5205 quidem
1020 5139 1188 5194 Roma
1221 5137 1408 5193 eodem
1435 5156 1595 5203 anno,
1626 5141 1872 5195 videlicet
1892 5143 2019 5205 .395,

449 5206 723 5272 (llybriutn
751 5219 802 5261 ct
832 5207 1146 5271 Probinutn,
1177 5209 1311 5263 duos
1343 5211 1497 5263 Probi
1536 5212 1693 5275 ﬁlios,
1731 5214 1781 5263 in
1824 5227 2015 5265 consu-

450 5274 556 5327 latu
586 5277 854 5343 collegas:
888 5279 981 5331 sed
1015 5279 1063 5330 lti
1098 5294 1318 5346 puerum
1368 5281 1630 5334 exuerant
1660 5274 1689 5332 :7
1716 5282 1854 5334 unde
1894 5296 2018 5347 pos-

448 5357 633 5397 sumus
655 5348 958 5400 exclamare
979 5362 1099 5401 cunt
1128 5348 1418 5402 Claudiano
1447 5365 1614 5403 carm.
1643 5365 1682 5414 t,
1720 5366 1772 5403 v.
1807 5351 1873 5417 72
1900 5369 1911 5403 :

569 5433 687 5489 Quis
710 5431 845 5481 Deus
866 5435 1098 5483 ambobus
1118 5436 1237 5484 tanti
1260 5437 1324 5484 sit
1348 5438 1564 5485 muneris
1588 5438 1779 5486 auctor?

518 5512 538 5541 ⁸
595 5513 865 5589 Calculum
907 5514 1137 5589 ponere.]
1184 5518 1429 5571 Ca’lcnlus
1466 5520 1759 5587 generatim
1804 5522 2014 5589 lapillus

446 5588 528 5659 est
554 5597 568 5633 :
599 5586 872 5659 speciatim
900 5602 1027 5659 vero
1051 5586 1259 5659 signum
1282 5586 1642 5659 notissimum,
1667 5606 1773 5659 quo
1796 5586 2017 5652 compn-

446 5656 616 5729 tantes
645 5652 877 5729 utimur:
909 5655 1031 5729 hinc
1062 5652 1484 5729 Pliniuthtnsl.
1510 5675 1546 5711 ll
1580 5652 1699 5725 Ep;
1734 5663 1887 5729 epist.
1923 5662 2011 5723 Η.

444 5715 927 5796 ln‘conditionibus,
960 5726 1150 5791 inquit,
1203 5727 1478 5796 deligendis
1507 5715 1781 5796 ponendus
1800 5739 1871 5784 est
1902 5715 2010 5784 cal;

446 5787 589 5841 culus
618 5805 636 5841 :
660 5791 930 5847 iuvenalis
960 5787 1062 5848 sat.
1094 5787 1163 5849 9’:

2132 4727 2334 4789 tristia;
2388 4738 2443 4779 ttt
2492 4730 2543 4779 in
2597 4728 2829 4790 mundo,
2887 4727 2992 4779 diei
3050 4741 3173 4788 nos,
3223 4725 3456 4795 zephyro
3501 4738 3702 4791 auster,

2131 4797 2496 4864 tranquillitati
2533 4806 2820 4865 tempestas
2850 4795 3092 4850 succedit
3118 4813 3132 4847 :
3164 4810 3263 4864 qui
3292 4795 3360 4849 du
3383 4809 3440 4847 re
3469 4797 3707 4864 sequitur

2129 4880 2367 4919 carmen.

2200 4938 2219 4958 ‘
2249 4935 2472 4989 Carmen
2511 4944 2764 4990 constans
2808 4935 3002 5003 duplici
3034 4950 3234 5004 genere
3260 4949 3511 4989 versuum
3545 4938 3702 4989 alter-

2130 5019 2343 5069 norum,
2365 5021 2584 5073 quorum
2620 5007 2765 5073 prior
2796 5006 3085 5072 Sapplnrus
3125 5022 3186 5059 ex
3216 5020 3397 5071 coreo,
3441 5009 3702 5074 spondeo,

2125 5075 2366 5143 dactylo,
2403 5086 2455 5129 et
2489 5077 2694 5129 duobus
2724 5077 2894 5129 (‘oreis
2929 5093 2941 5126 :
3001 5078 3264 5141 posterior
3303 5075 3608 5143 Glyconicus
3638 5092 3705 5130 ex

2127 5144 2368 5216 spondeo
2409 5148 2625 5216 smpius.
2656 5157 2708 5197 et
2733 5146 2946 5216 duobus
2969 5145 3195 5216 dactylis
3212 5146 3575 5214 componitur.

2198 5212 2248 5266 l.
2282 5214 2433 5267 Polo.
2467 5214 2485 5285 J
2515 5215 2691 5285 Polus,
2714 5214 2896 5268 Graece
2912 5212 3400 5284 «aiat-{generatim
3422 5224 3504 5268 est
3530 5217 3702 5269 omnis

2124 5282 2380 5337 circuitus
2408 5301 2420 5334 :
2455 5282 2573 5336 nam
2605 5284 2799 5338 dicitur
2818 5288 2920 5339 ἀπὸ
2948 5293 3036 5338 τοῦ
3082 5282 3274 5350 violet»,
3305 5285 3443 5352 quod
3467 5298 3550 5336 est
3590 5301 3699 5338 eer-

2128 5361 2229 5405 tere
2255 5368 2273 5404 :
2306 5355 2578 5420 speciatim
2611 5369 2738 5406 vero
2764 5365 2846 5408 est
2866 5356 3061 5408 emtum
3080 5397 3093 5420 ,
3141 5357 3279 5423 quod
3308 5354 3500 5408 malum
3528 5364 3703 5408 verta-

2130 5430 2213 5473 tur
2241 5438 2254 5477 ;
2282 5438 2448 5489 quare
2485 5424 2705 5475 immota
2746 5425 2859 5477 axis
2909 5425 3221 5478 estremitas
3244 5464 3259 5485 ,
3312 5440 3416 5476 non
3451 5423 3550 5475 ni~i
3585 5424 3698 5480 κατ’

2124 5496 2424 5562 ἀντίφρῄασινν
2443 5493 2510 5544 ab
2531 5494 2851 5562 astronomis
2885 5496 3064 5547 vocari
3100 5498 3271 5560 potuit
3298 5493 3466 5561 polus.

2198 5560 2558 5632 l.”Phaebus.]
2586 5562 2679 5616 Sol
2712 5583 2726 5617 :
2758 5565 2826 5617 de
2853 5563 3052 5618 Pltaebo
3075 5563 3113 5615 ι.
3144 5578 3182 5625 ι,
3214 5562 3414 5627 ιιιει.,5,
3453 5577 3501 5614 v.
3529 5560 3580 5614 9.
3611 5562 3701 5616 Sic

2124 5629 2400 5683 Lucretius
2432 5630 2524 5686 lib.
2541 5629 2591 5683 ’ν
2622 5647 2637 5686 :

2242 5718 2371 5767 Dum
2396 5733 2535 5769 rosea
2560 5720 2661 5769 face
2686 5721 2756 5769 sol
2782 5721 2985 5770 inferret
3008 5721 3186 5769 lumina
3210 5720 3349 5771 coelo.
3415 5700 3423 5709 ’

2192 5804 2245 5857 l.
2282 5804 2456 5858 Roseis
2478 5805 2759 5875 quadrigis.
2794 5804 2814 5867 l
2857 5806 2946 5860 Sol
2977 5820 3006 5860 a
3043 5806 3213 5875 poetis
3265 5806 3482 5877 ﬁngitur
3531 5819 3691 5861 curru
