4292 6262
628 303 732 356 895

1851 267 1938 356 An
1982 306 2188 358 nam.
2230 305 2382 359 sev.
2425 306 2657 359 non'rn

3783 313 3886 368 696

629 411 749 474 bus,
777 424 901 465 cum
935 423 992 465 se
1016 411 1311 480 cognoscit,
1359 412 1630 468 excellat:
1667 413 1851 469 eadem
1884 416 1998 486 (l0)
2033 425 2211 472 tamen
2241 419 2293 475 Α
2323 426 2493 483 putat.
2537 419 2617 472 Tu
2663 417 2839 489 igitur,
2884 420 2906 450 ³
2958 421 3044 490 qui
3076 436 3216 476 nunc
3247 431 3270 456 η
3302 433 3513 478 contum
3543 427 3888 498 gladiumque

627 499 764 554 infra
791 501 991 555 bestias
1013 501 1304 570 redigatur,
1332 502 1378 556 si
1409 517 1468 556 se
1497 516 1656 558 nosse
1679 503 1916 560 desierit.
1948 504 2080 559 Nam
2104 522 2206 559 cce-

607 582 758 646 ‘teris
785 593 1148 648 animantibus
1177 607 1296 646 sese
1340 594 1609 662 ignorare,
1663 604 1849 650 natura
1881 607 1996 652 est:
2027 600 2204 654 homi-

627 680 781 736 nibus
801 697 951 746 vero,
975 683 1107 736 vitio
1134 683 1300 738 venit.
1335 686 1487 754 137
1529 687 1546 716 ¹
1587 686 1755 753 Quam
1777 702 1901 743 vero
1927 689 2032 744 late
2061 699 2205 759 patet

626 781 804 825 vester
834 772 920 826 hic
942 787 1115 840 error,
1149 774 1235 842 qui
1268 777 1447 829 ornari
1475 790 1632 844 posse
1653 777 1848 849 aliquid
1876 783 2205 836 ornamentis

629 865 952 920 existimatis
983 867 1196 921 alienis.
1241 869 1309 921 At
1351 869 1400 921 id
1435 871 1546 923 lieri
1578 871 1779 941 nequit.
1811 873 1943 928 Nam
1984 875 2029 928 si
2074 875 2199 943 quid

626 972 690 1008 ex
719 958 975 1023 appositis
1000 959 1192 1021 luceat,
1230 958 1344 1028 ipsa
1369 961 1608 1028 quidem,
1643 979 1761 1031 qua:
1781 974 1906 1020 sunt
1935 967 2200 1036 apposita,

627 1045 914 1098 laudantur
942 1064 953 1097 :
995 1048 1122 1100 illud
1155 1064 1283 1102 vero
1315 1050 1396 1103 his
1427 1060 1648 1117 tectum,
1679 1065 1837 1119 atque
1883 1057 2113 1111 velatum
2146 1059 2200 1112 in

627 1151 720 1188 sua
763 1138 1112 1193 nihilominus
1143 1141 1379 1196 nuditate
1424 1145 1674 1210 perdurat
1726 1146 1823 1216 (5').
1876 1149 1896 1178 ⁸
1933 1149 2044 1218 Ego
2077 1166 2202 1204 vero

629 1243 764 1295 nego
797 1229 923 1282 illud
955 1245 1075 1283 esse
1115 1232 1333 1293 bonum,
1376 1235 1518 1300 quod
1561 1246 1752 1290 noceat
1794 1237 2030 1294 habenti.
2063 1241 2196 1294 Num

629 1317 681 1371 id
714 1320 978 1374 mentior?
1010 1322 1249 1382 Minime,
1297 1323 1529 1391 inquies.
1580 1328 1741 1393 Atqui
1789 1327 1986 1382 divitiae
2026 1333 2201 1398 possi-

629 1408 878 1462 dentibus
910 1425 1149 1478 persmpe
1183 1425 1497 1476 nocuerunt,
1531 1429 1649 1467 cum
1690 1419 1950 1483 pessimus
1979 1422 2205 1490 quisque

627 1514 799 1566 eoque
847 1501 1008 1553 alieni
1053 1501 1220 1568 magis
1261 1502 1468 1566 avidus,
1511 1504 1765 1572 quidquid
1809 1507 1922 1560 auri
1957 1523 2202 1578 usquam,

629 1605 1058 1658 gemmarumque
1080 1600 1180 1652 est,
1204 1606 1263 1644 sc
1286 1593 1581 1660 Sulum,qui
1603 1593 1818 1660 habeat,
1837 1595 2202 1666 dignissimum

1817 1697 1848 1724 Ὦ

2314 506 2574 561 sollicitus
2616 511 2956 577 pertimescis
2995 511 3142 579 (10),
3187 512 3231 566 si
3283 513 3409 570 vita:
3450 514 3606 584 hujus
3635 516 3883 572 b'callem

2314 611 2511 652 vacuus
2536 599 2712 653 viator
2747 599 3024 662 intrasses,
3071 616 3250 654 coram
3300 603 3507 658 latrone
3546 613 3813 660 cantares.
3841 608 3887 660 0

2313 688 2569 754 praeclara
2619 703 2778 755 eputn
2829 688 3134 742 mortalium
3193 688 3499 758 beatitudo,
3553 708 3714 762 quam
3764 710 3884 750 cum

2311 773 2534 843 adeptus
2565 776 2756 841 fueris,
2777 791 3000 831 securus
3028 791 3147 831 esse
3176 777 3424 834 desistis!

2792 867 2948 936 133
2977 867 3266 922 METRUM
3297 872 3315 890 ο
3346 867 3410 922 v.

2307 954 2695 1010 Ancuussrun.
2719 982 2791 994 ——
2818 953 3185 1021 Philosophia,
3226 957 3390 1024 posito
3431 956 3723 1012 discrimine
3757 957 3889 1010 inter

2386 1037 2551 1078 cetera
2583 1040 2804 1088 noxaque
2840 1034 3091 1090 tempora,
3140 1027 3235 1090 ait,
3267 1027 3456 1078 idcirco
3480 1037 3678 1079 atatem
3723 1029 3888 1093 majo-

2380 1113 2493 1148 rum
2518 1105 2686 1146 nostra
2721 1095 2877 1156 luisse
2908 1097 3205 1161 feliciorem,
3227 1097 3363 1164 quod
3389 1097 3467 1147 illi
3491 1097 3692 1159 minori,
3725 1113 3877 1163 quam

2383 1183 2492 1226 nos,
2521 1166 2698 1227 victus,
2741 1168 2968 1230 vestitus,
3015 1166 3130 1218 auri
3170 1176 3216 1219 et
3254 1167 3396 1235 regni
3441 1166 3718 1235 cupiditate
3747 1177 3882 1218 tene-

2383 1248 2492 1289 rent
2503 1253 2579 1289 ur.

2455 1327 2600 1382 Felix
2635 1328 2855 1381 nimium
2883 1325 3029 1393 prior
3056 1335 3200 1398 tetas,

2454 1418 2713 1471 Coulenta
2748 1417 2989 1470 fidelibus
3017 1417 3178 1483 arvis,

2464 1509 2619 1578 139
2649 1509 2754 1562 Nec
2777 1508 2931 1561 inerti
2963 1507 3168 1574 perdita
3201 1507 3359 1572 luxu;

2455 1598 2619 1652 Facili
2640 1613 2757 1667 quae
2784 1612 2904 1652 sera
2933 1597 3140 1652 solebat

1949 1728 2523 1784 INTERPRETATIO.

707 1847 732 1873 ⁸
756 1837 983 1906 Longum
1011 1845 1213 1906 fustem.

708 1905 735 1943 ι)
767 1905 1018 1958 .‘s‘r-mitaut
1116 1954 1123 1960 .

703 1977 856 2029 Afros
897 1978 1064 2043 prima
1091 1977 1362 2032 hominum
1391 1979 1686 2046 priscorum
1712 1991 1827 2034 erat
1855 1982 2003 2034 nimis
2026 1984 2195 2050 beata,

2241 1852 2286 1910 Β
2315 1855 2553 1918 contenta
2581 1845 2688 1898 suis
2718 1847 2849 1898 arvis
2871 1846 3139 1906 fertilibus,
3174 1863 3331 1913 neque
3364 1848 3614 1900 dissoluta
3643 1848 3883 1918 intempe-

2313 1917 2750 1983 rieignat'a,qute
2791 1927 3132 1980 consueverat,
3177 1928 3287 1983 post
3327 1920 3477 1984 longa
3503 1918 3718 1985 iejunia,
3747 1917 3886 1985 pasci

2310 1987 2494 2052 glande
2513 1986 2768 2054 expedita.
2795 1986 2857 2039 lli
2880 1987 3159 2040 nesciebant
3188 1988 3325 2053 cina,
3353 1987 3528 2041 Liberi
3555 1989 3667 2043 sive
3695 1989 3883 2041 Bacchi

2154 2115 2386 2174 ΝΟΤᾹΞ.

633 2239 759 2276 vero
787 2224 1085 2298 animantes
1115 2239 1217 2278 non
1269 2226 1474 2292 possint
1518 2228 1798 2296 cogitare:
1849 2245 2012 2297 quare
2058 2231 2200 2298 quod

632 2303 840 2346 extera:
866 2297 1164 2347 animantes
1203 2312 1310 2348 sese
1351 2299 1603 2365 ignorent,
1635 2302 1733 2352 hoc
1761 2299 1971 2353 illarum
2020 2313 2204 2355 natura

632 2372 749 2416 e-t:
777 2365 917 2432 quod
962 2380 1088 2436 vero
1121 2368 1280 2417 homo
1319 2381 1375 2417 Se
1415 2369 1630 2436 ignaret,
1667 2369 1715 2421 id
1743 2370 1860 2436 ejus
1889 2371 2064 2422 tilium
2095 2381 2198 2436 est,

631 2445 887 2500 quatenus
921 2435 1324 2501 praecipitatiou-i
1351 2446 1405 2489 et
1438 2435 2098 2504 ’prtejudicio’obsecutus,
2131 2435 2199 2495 ad

634 2519 780 2579 suam
815 2515 1041 2579 mentem
1075 2506 1252 2579 animo
1284 2523 1386 2560 non
1411 2509 1521 2560 vult
1547 2509 1823 2561 attendere
1848 2526 1860 2561 :
1883 2511 2029 2579 unde
2054 2511 2200 2579 justo

638 2574 729 2646 Dei
755 2574 958 2646 judicio
985 2577 1050 2646 lit
1078 2586 1135 2646 ut
1161 2576 1297 2644 infra
1327 2579 1507 2629 bestias
1539 2580 1797 2646 redigatur
1817 2595 1841 2631 δ
1870 2574 2200 2646 Νοιὶιίίῖενὶ,

636 2645 805 2712 inquit
837 2644 1008 2720 David
1033 2645 1162 2711 p-al.
1201 2662 1359 2720 xxxi,
1379 2648 1509 2720 sicut
1537 2644 1706 2720 equus
1725 2658 1774 2700 et
1801 2649 1993 2712 mulus,
2019 2644 2201 2720 quibus

636 2729 735 2784 non
779 2723 848 2766 est
868 2715 1150 2767 intellectus
1177 2733 1192 2768 :
1226 2725 1282 2768 ut
1313 2717 1556 2769 nimirum
1587 2719 1668 2770 sui
1696 2718 2000 2784 immemor,
2031 2715 2200 2775 instar

637 2783 840 2856 bestiae,
873 2786 973 2836 huc
1004 2784 1139 2856 ferat
1160 2801 1224 2847 ir,
1251 2801 1358 2852 quo
1385 2803 1577 2855 corpus
1600 2787 1756 2856 rapit.

733 2854 746 2883 ¹
794 2854 960 2929 Quam
998 2855 1114 2929 late
1160 2865 1293 2929 patet
1320 2854 1587 2929 uester'ltic
1624 2854 1814 2929 efren]
1852 2859 1948 2914 Est
1983 2860 2198 2927 quidem

638 2925 721 2974 hic
743 2940 886 2975 error
916 2928 1027 2976 sive
1051 2926 1236 2978 falsum
1263 2926 1542 2994 judicium,
1574 2925 1834 2996 quatenus
1863 2925 2023 2983 homo
2050 2929 2196 2984 arbi-

639 3003 826 3065 tratur,
870 3006 1100 3048 mentem
1135 3011 1282 3047 suam
1315 2999 1488 3048 ornari
1521 3012 1678 3065 posse
1714 2999 2038 3054 ornamentis
2063 3000 2197 3053 alie-

635 3064 736 3128 nis,
762 3063 1007 3117 videlicet
1030 3068 1275 3137 pecunia,
1301 3066 1464 3132 agris,
1497 3063 1742 3134 gemmis,
1770 3077 1898 3134 elc.,
1931 3070 2044 3137 ipsa
2064 3070 2198 3123 enim

633 3149 744 3194 qua:
777 3144 893 3206 sunt
919 3142 1167 3201 apposita,
1197 3135 1469 3206 laudantur
1495 3145 1626 3206 quod
1654 3153 1770 3192 vero
1795 3139 1874 3192 his
1905 3135 2090 3192 tectum
2117 3150 2199 3192 at-

632 3219 728 3277 que
741 3204 956 3256 velatum
985 3207 1037 3257 in
1064 3221 1156 3277 sua
1187 3204 1516 3259 nihilominus
1549 3209 1772 3275 finditore
1797 3209 2080 3277 perdurat:
2107 3223 2200 3263 ca-

633 3276 828 3346 davera
877 3285 1028 3340 putes
1071 3276 1310 3342 pulchris
1353 3279 1563 3329 condita
1614 3276 1922 3346 sepulcris:
1963 3290 2200 3333 stercora

635 3344 846 3396 nivibus
874 3345 1121 3397 obducta.
1169 3348 1237 3396 At
1276 3346 1363 3398 ilte
1399 3358 1540 3398 error
1571 3344 1686 3399 tute
1704 3355 1862 3413 patet,
1893 3363 1996 3402 non
2025 3349 2198 3402 solum

633 3417 847 3484 ratione
862 3414 1146 3466 multorum
1179 3414 1476 3479 hominum,
1512 3415 1600 3484 qui
1633 3415 1722 3472 illo
1749 3414 2075 3483 inliciuntur,
2109 3433 2200 3471 ve-

631 3497 748 3534 rum
779 3483 937 3535 etiam
970 3485 1176 3537 ratione
1214 3483 1550 3537 diversorum
1593 3496 1833 3540 motuum
1873 3501 1992 3538 cum
2034 3486 2197 3541 animi

631 3561 742 3604 tum
774 3559 1033 3624 corporis.
1064 3569 1288 3620 quorum
1311 3568 1464 3607 error
1493 3557 1581 3607 ille
1598 3567 1678 3607 est
1705 3570 1864 3608 causa
1891 3572 1905 3605 :
1937 3556 2194 3624 quamob-

631 3635 740 3695 rem
783 3621 944 3674 hoino
979 3622 1081 3674 hoc
1120 3624 1235 3690 ipso
1256 3638 1445 3695 errore
1488 3639 1590 3678 non
1625 3627 1781 3678 modo
1811 3626 1918 3680 Deo
1949 3621 1969 3690 ξ
1995 3636 2052 3678 ut
2074 3641 2197 3695 pro-

627 3691 806 3744 batum
832 3701 935 3753 est,
967 3695 1060 3745 sed
1090 3703 1143 3746 et
1171 3694 1270 3746 sihi
1293 3693 1389 3752 ipsi
1417 3693 1539 3746 fut-it
1568 3695 1837 3760 injuriam.

723 3762 757 3832 ’γ
784 3759 894 3832 Ego
940 3778 1054 3814 vero
1095 3779 1221 3830 nego
1258 3762 1388 3815 illud
1405 3779 1508 3816 esse
1531 3764 1734 3831 bonum,
1758 3767 1893 3832 quod
1913 3768 2196 3822 noceat-ha-

628 3829 804 3902 benti]
834 3829 974 3902 ilione
1013 3829 1365 3902 Philosophia:
1395 3829 1729 3886 ratiocinatio
1755 3829 2194 3902 interpretatione

628 3915 729 3971 pun
759 3900 981 3971 indiget.
1025 3903 1196 3968 Quod,
1228 3900 1428 3971 inquit,
1472 3915 1626 3956 nocet
1657 3900 1908 3970 habenti,
1936 3908 2062 3960 illud
2092 3907 2189 3960 ha-

625 3969 660 4021 b
681 3970 798 4045 rutis
829 3971 1021 4024 boumu
1055 3988 1174 4027 esse
1196 3969 1535 4040 non—potest:
1574 3974 1767 4028 bonum
1797 3969 1992 4045 quippe
2015 3979 2192 4032 favere

623 4041 802 4103 debet,
839 4057 941 4093 non
991 4059 1202 4097 nocere.
1239 4045 1394 4108 Atqui
1435 4047 1704 4110 prtedictte
1752 4041 1953 4100 divitia:
1999 4057 2192 4102 nocent

626 4111 963 4183 habentibus,
997 4129 1115 4166 eum
1147 4117 1200 4167 in
1220 4114 1358 4179 aliis,
1381 4122 1490 4166 tum
1515 4116 1568 4167 in
1594 4116 1692 4169 hoc
1718 4118 2190 4183 pr:rscrtim,quod

624 4182 865 4259 pessimus
891 4186 1098 4249 quisque
1125 4200 1280 4250 eoque
1318 4184 1474 4236 alieni
1521 4187 1682 4252 magis
1717 4182 1918 4259 avidus,
1941 4189 2190 4259 quidquid

622 4251 739 4325 uari
756 4267 969 4325 usquam
993 4269 1406 4325 gemmarumque
1445 4266 1538 4325 est,
1567 4251 1617 4306 se
1648 4257 1830 4317 solum,
1870 4251 1964 4325 qui
1985 4251 2186 4323 Itab'eat,
2230 4288 2236 4292 ι

624 4320 1159 4398 dignissimum—putat
1183 4341 1201 4377 :
1226 4320 1328 4398 sua
1350 4323 1595 4378 videlicet
1627 4320 2022 4398 perturbatione
2051 4320 2187 4398 prae;

621 4390 912 4458 stertitnque
945 4390 1163 4446 avaritia
1186 4395 1522 4447 obcaecalus:
1558 4396 1695 4447 unde
1732 4413 1826 4459 per
1850 4397 1928 4451 fas
1957 4409 2012 4453 et
2039 4390 2186 4455 nefas

627 4459 820 4520 opibus
854 4463 1030 4548 studet
1074 4464 1431 4532 acquirendis.
1465 4464 1684 4519 Plautus
1721 4467 1776 4520 in
1818 4465 2059 4538 Captiv.,
2090 4479 2194 4527 act.
2224 4489 2279 4548 Ι)

623 4544 678 4593 u,
709 4546 855 4584 scen.
882 4532 951 4584 ἐς

746 4621 834 4670 Odi
863 4636 955 4684 ego
972 4637 1140 4673 aurum
1164 4639 1175 4672 τ
1202 4625 1350 4674 multa
1373 4627 1537 4675 multis
1561 4628 1709 4678 suasit
1737 4641 2013 4690 perperam.

715 4706 735 4735 ³
778 4707 872 4770 Qui
911 4722 1044 4777 nunc
1085 4716 1312 4771 contum,
1345 4705 1475 4777 etc.]
1519 4710 1858 4775 l’hilosomtin
1901 4711 2090 4765 alludit
2129 4714 2194 4766 ad

623 4777 720 4827 hos
750 4789 940 4829 versus
966 4776 1210 4831 Juvenal.
1239 4788 1340 4830 sat.
1375 4776 1534 4841 18,71.
1569 4794 1642 4841 tv,
1669 4795 1715 4832 v.
1752 4781 1857 4834 i9:

747 4866 902 4914 Pauca
933 4866 1047 4916 licet
1071 4874 1236 4928 portes
1259 4870 1450 4927 argenti
1476 4869 1666 4918 vascula
1695 4871 1798 4928 puri

740 4927 896 4992 ljocte
919 4931 1012 4976 iter
1033 4927 1302 4992 ingressus,
1328 4930 1537 4992 gladium
1563 4927 1856 4990 centumque
1879 4931 2090 4992 timebis,

739 4988 799 5035 Et
821 4997 962 5036 tnotze
989 4989 1045 5035 ad
1069 4985 1228 5037 lunoni
1255 4985 1518 5049 trepidulis
1541 4985 1788 5038 arundinis
1811 4994 2048 5042 umbram.

739 5049 966 5115 Cantabit
991 5063 1170 5098 vacuus
1185 5063 1344 5099 coram
1366 5051 1555 5098 latrone
1587 5055 1752 5101 viator.

619 5131 1029 5203 Latrouauteur
1055 5148 1196 5186 nunc
1243 5134 1333 5186 ille
1379 5134 1573 5186 dicitur
1619 5135 1727 5203 qui,
1774 5136 1889 5189 vias
1918 5137 2192 5202 obsidens,

616 5199 910 5272 viatoribus
937 5200 1110 5255 aufert
1140 5218 1289 5267 opes,
1323 5219 1462 5268 smpe
1503 5199 1662 5257 etiam
1707 5207 1888 5257 vitam.
1918 5199 2191 5272 [Nimirum

618 5274 754 5326 latro
778 5271 906 5325 olim
937 5283 1053 5324 erat
1095 5273 1247 5324 miles
1276 5275 1572 5327 conductus
1602 5276 1715 5328 sive
1743 5271 1981 5340 satelles,
2012 5280 2091 5330 sic
2113 5278 2194 5329 dia

614 5357 733 5396 ctus
763 5342 914 5411 quasi
945 5344 1124 5403 (utero,
1154 5343 1295 5413 quod
1344 5344 1570 5413 stipat-et
1607 5345 1860 5413 principis
1907 5350 1986 5399 sui
2032 5348 2190 5399 latus.

614 5415 874 5476 Quoniam
900 5428 1027 5466 vero
1053 5412 1311 5474 ejusmodi
1343 5411 1586 5466 homines
1609 5411 1704 5467 sua
1727 5411 1862 5482 apud
1889 5432 2042 5484 reges
2071 5433 2193 5470 auc-

617 5487 831 5554 toritate
852 5484 1025 5546 abusi,
1057 5484 1288 5534 viatores
1312 5485 1528 5552 aggredi
1565 5486 1949 5554 pecunianujue
1983 5490 2193 5542 auferre

619 5569 721 5606 non
753 5553 1084 5624 dubitabant.
1111 5554 1305 5606 factum
1333 5563 1436 5613 est,
1469 5565 1521 5605 ut
1542 5556 1845 5624 quicunque
1867 5553 2078 5610 \‘iaruttt
2099 5558 2193 5610 ob-

616 5636 879 5686 sessores,
907 5623 1034 5684 dicti
1061 5623 1261 5677 fuerint
1293 5624 1551 5676 latrones.

688 5715 710 5736 ⁸
746 5709 974 5768 Carmen
1013 5724 1264 5769 constans
1294 5731 1396 5768 uno
1426 5728 1622 5783 genere
1660 5729 1933 5780 versuum,
1965 5731 2191 5784 quorum

2225 3118 2273 3178 C

2310 2233 2535 2308 quilibet
2560 2233 2730 2308 tribus
2766 2245 2977 2290 constat
3019 2237 3242 2304 pedibus
3284 2254 3405 2293 eum
3449 2239 3650 2308 syllaba
3697 2254 3882 2307 super-

2306 2306 2470 2378 stite:
2502 2306 2687 2378 tertius
2714 2321 2808 2378 pes
2838 2321 3052 2373 semper
3097 2321 3402 2376 auapmstus
3438 2327 3449 2361 :
3481 2306 3691 2378 primus
3719 2306 3774 2364 et
3796 2325 3879 2364 se.

2304 2373 2512 2426 cundus
2535 2376 2998 2430 iudiscrimiuatim
3029 2373 3319 2447 spondeus,
3357 2390 3449 2433 aut
3485 2373 3806 2447 anapwstus.

2376 2462 2429 2514 1.
2472 2461 2624 2515 Prior
2651 2460 2818 2534 atlas]
2853 2465 2902 2519 Ι.
2933 2465 3269 2534 PhilosOphia
3305 2469 3451 2535 punit
3481 2467 3766 2521 discrimen
3794 2469 3874 2522 in-

2305 2537 2387 2584 ter
2414 2542 2691 2606 veterauct
2726 2550 2860 2587 nova
2904 2548 3164 2603 tempora.
3197 2539 3374 2592 Poetis
3404 2538 3602 2606 quipue
3645 2547 3873 2606 quatuor

2305 2613 2427 2675 sunt
2451 2603 2630 2654 mundi
2664 2614 2869 2675 aetates,
2900 2621 3091 2675 nempe
3121 2622 3303 2670 aurea,
3338 2603 3607 2674 argentea,
3637 2603 3776 2661 terea
3823 2616 3880 2662 ct

2306 2671 2498 2731 ferrea,
2541 2674 2680 2740 quod
2728 2671 3174 2740 qui-madnu'nlum
3218 2671 3419 2730 ferrum
3443 2678 3512 2730 ab
3553 2693 3679 2739 tere,
3709 2679 3879 2742 περι»

2305 2755 2545 2814 argento,
2598 2755 2871 2814 argentum
2917 2746 2983 2799 ab
3026 2761 3179 2810 auro,
3227 2753 3304 2800 sic
3349 2757 3568 2814 nepotes
3615 2762 3644 2799 a
3687 2747 3877 2801 virtute

2305 2810 2565 2933 "Hij(;irlltll
2617 2812 2942 2882 degenerant
2982 2831 2994 2868 :
3049 2818 3190 2870 unde
3243 2810 3431 2872 Horat;
3473 2817 3509 2870 Ι.
3558 2817 3612 2870 ni
3661 2817 3872 2880 tiaran,

2305 2894 2336 2933 ο
2379 2920 2391 2933 .
2483 2897 2497 2933 :
2929 2901 2943 2920 σ

2303 2882 2391 2934 od.
2427 2882 2497 2934 6:
2929 2901 2943 2920 σ

2427 3013 2666 3076 Qatnnosa
2687 3015 2803 3076 quid
2826 3028 2918 3064 non
2939 3017 3182 3066 imminuit
3203 3017 3344 3068 dies?

2427 3073 2562 3140 lEtas
2588 3073 2841 3136 parentum
2864 3079 3002 3140 pejor
3021 3080 3124 3127 avis
3148 3079 3257 3128 tulit

2487 3135 2589 3199 Nos
2611 3135 2877 3199 nequiores
2897 3135 3003 3186 nios
3031 3140 3230 3189 daturos

2554 3197 2851 3260 Progeniem
2875 3201 3189 3250 vitiasiorem.

2305 3301 2403 3354 Hic
2428 3312 2604 3356 autem
2631 3302 2805 3372 agitor
2820 3303 2888 3357 de
2914 3314 3071 3358 aetate
3089 3320 3273 3370 aurea,
3293 3319 3413 3373 quae
3434 3303 3634 3359 ideirco
3653 3314 3874 3359 vocatur

2304 3373 2485 3438 prior:
2516 3373 2582 3425 de
2619 3380 2721 3440 qua
2749 3382 2909 3429 tritate
2937 3390 3054 3443 qua:
3086 3389 3227 3428 nunc
3265 3376 3532 3439 dicuntur,
3566 3374 3680 3428 haec
3711 3377 3875 3429 niaxi-

2303 3456 2452 3513 niam,
2483 3453 2689 3513 pirtetn
2721 3443 2860 3497 dicta
2893 3444 3107 3499 fuerunt
3135 3461 3164 3497 a
3198 3443 3382 3513 Virgil.
3420 3461 3438 3498 ι
3467 3454 3521 3498 et
3559 3460 3614 3498 ut
3652 3445 3871 3513 ϐασι-ε..

2301 3509 2515 3583 Tibullo
2545 3512 2586 3583 l.
2623 3528 2661 3575 ι,
2691 3513 2761 3567 el.
2788 3515 2844 3576 5,
2876 3514 3123 3568 Lucretio
3163 3515 3198 3567 Ι.
3231 3509 3549 3577 γ,ἸΙοι“θῑιο
3581 3514 3750 3583 Epod.
3781 3509 3872 3568 6d.

2301 3580 2390 3633 16.
2423 3582 2577 3635 Ovid.
2613 3583 2892 3647 tMetatu...
2924 3583 3167 3638 Juvenali
3192 3595 3294 3638 sat.
3320 3585 3372 3646 6,
3402 3593 3506 3638 etc.

2371 3651 2425 3702 9..
2467 3651 2712 3704 Contenta
2735 3653 2971 3719 ﬁdelibus
2991 3652 3171 3722 arvis.]
3203 3654 3266 3707 ll.
3299 3653 3642 3720 Philosophia
3675 3662 3874 3708 tracta-

2298 3725 2418 3773 tura
2439 3721 2506 3774 de
2533 3723 2694 3788 victu,
2717 3723 2964 3776 nimirum
2989 3725 3110 3776 cibo
3134 3721 3364 3790 potuque
3383 3740 3558 3777 aureae
3589 3723 3734 3776 illius
3757 3725 3874 3777 sive

2299 3792 2490 3856 prioris
2516 3795 2708 3856 aetatis,
2741 3793 2920 3856 incipit
2947 3794 3012 3845 ab
3042 3796 3149 3862 ipsa
3180 3793 3441 3861 ejusmodi
3478 3794 3652 3846 victus
3681 3807 3866 3849 causa.

2297 3874 2487 3926 nempe
2510 3862 2578 3911 ah
2612 3863 2746 3913 arvis
2775 3864 3027 3926 ﬁdelibus,
3061 3865 3252 3930 quibus
3294 3874 3504 3917 veteres
3531 3863 3600 3916 illi
3632 3865 3869 3916 contenti

2295 3941 2468 3982 erant.
2497 3931 2684 3982 Arnum
2711 3943 2910 3996 autem,
2952 3934 3123 3998 inquit
3161 3933 3372 3995 Festus,
3414 3949 3535 3998 ager
3561 3942 3634 3985 est
3660 3933 3872 3984 necdum

2293 4006 2437 4051 satus
2466 4015 2482 4052 :
2513 4000 2668 4053 lidele
2697 4017 2828 4054 vero
2859 4003 2907 4054 id
2936 4004 3150 4069 dicitur,
3183 4003 3322 4070 quod
3354 4004 3489 4056 votis
3518 4002 3872 4075 respondens,

2293 4072 2751 4136 exsjieetationem
2777 4075 3100 4138 possessoris
3129 4089 3231 4126 non
3265 4077 3546 4125 trustratur
3570 4089 3582 4122 :
3611 4075 3753 4139 atqui
3781 4072 3874 4122 au;

2293 4153 2382 4212 ri-a
2419 4140 2505 4212 illa
2537 4153 2692 4192 u-tate
2724 4143 2834 4206 agri
2859 4159 2955 4197 nec
2985 4145 3117 4197 arati
3149 4158 3248 4196 nec
3279 4145 3377 4195 sati
3402 4142 3629 4212 idipsutn
3657 4151 3875 4210 praesta.

2289 4207 2436 4262 baut.
2461 4210 2552 4263 Ltu
2573 4223 2672 4264 ret.
2700 4212 2736 4265 Ι.
2762 4226 2828 4263 v:

2413 4321 2518 4388 {See
2541 4323 2770 4373 robustus
2790 4332 2897 4373 erat
2912 4327 3056 4388 curvi
3081 4324 3363 4375 moderator
3381 4329 3526 4373 aratri
3582 4385 3584 4388 ν

2416 4383 2678 4442 Quisquam
2705 4401 2714 4433 :
2742 4400 2834 4434 nec
2851 4387 3005 4434 scibat
3025 4386 3157 4434 ferro
3177 4388 3391 4434 molirier
3405 4399 3535 4440 arva,

2426 4445 2530 4493 Nec
2554 4460 2670 4493 nova
2689 4446 2923 4496 defodere
2950 4450 2997 4494 in
3021 4457 3201 4496 terram
3228 4448 3452 4506 virgulta,
3483 4459 3644 4507 neque
3669 4445 3782 4494 altis

2426 4507 2696 4555 Arboribus
2717 4516 2910 4556 veteres
2927 4510 3158 4556 decidere
3184 4509 3535 4557 falcibu’ramos
3556 4521 3568 4554 :

2429 4570 2563 4626 Quod
2588 4573 2656 4618 sol
2677 4579 2823 4630 atque
2851 4571 3033 4617 imbres
3061 4569 3319 4627 dederant,
3349 4575 3472 4628 quod
3507 4576 3636 4616 terra
3661 4571 3853 4615 crearat

2427 4631 2610 4692 Sponte
2633 4645 2740 4692 sua,
2764 4632 2883 4679 satis
2899 4632 2944 4678 id
2969 4632 3185 4692 placabat
3213 4640 3406 4693 pectora
3427 4634 3624 4680 donum.

2301 4737 2454 4791 Ovid.
2487 4755 2498 4790 l
2529 4738 2767 4799 Melum,
2804 4753 2855 4790 v.
2890 4738 3031 4792 109:

2426 4849 2534 4898 Mox
2557 4850 2702 4896 etiam
2727 4848 2894 4903 fruges
2919 4846 3067 4897 tellus
3090 4850 3272 4896 inarata
3294 4848 3503 4898 ferebat.

2373 4955 2425 5008 5.
2471 4951 2581 5004 Nec
2610 4951 2757 5004 inerti
2804 4952 3003 5017 perdita
3049 4951 3220 5020 luxu.|
3250 4953 3429 5006 Luxus
3473 4953 3557 5003 hic
3585 4951 3766 5002 vitium
3796 4960 3876 5004 cst

2303 5022 2542 5077 dissoluti
2572 5025 2756 5087 animi,
2789 5023 2928 5088 quod
2971 5023 3056 5073 hic
3098 5024 3257 5074 variis
3300 5024 3410 5074 suis
3438 5021 3729 5088 cogitationi
3759 5023 3873 5082 hus,

2305 5095 2356 5145 in
2387 5093 2685 5146 contrarias
2716 5092 2877 5144 veluti
2903 5103 3080 5157 partes
3111 5092 3411 5155 distractus,
3460 5091 3628 5142 instar
3657 5091 3877 5156 liquoris

2305 5175 2448 5214 tuotu
2475 5162 2841 5214 evanescentis
2870 5161 2995 5214 dilui
3027 5161 3303 5213 videatur:
3339 5172 3396 5211 ut
3439 5161 3586 5214 enim
3608 5175 3636 5212 a
3662 5163 3879 5230 [tuaest

2303 5229 2506 5298 ﬂuxus;
2535 5235 2612 5285 sic
2640 5249 2666 5282 a
2694 5233 2779 5283 luo
2805 5240 2888 5282 est
2931 5231 3084 5282 luxus
3108 5245 3126 5282 :
3156 5229 3298 5281 unde
3343 5230 3568 5283 luxuries
3594 5246 3614 5283 :
3645 5231 3723 5282 sic
3766 5229 3876 5282 Te-

2308 5303 2477 5354 rentio
2507 5304 2796 5353 adolescens
2826 5300 3020 5352 dicitur
3058 5301 3181 5351 luxu
3203 5301 3447 5365 perditus.
3480 5302 3570 5354 llle
3597 5312 3774 5353 autem
3798 5300 3877 5351 lu-

2299 5388 2396 5424 xus
2427 5387 2531 5422 non
2561 5371 2656 5422 abs
2689 5386 2747 5422 re
2787 5380 3006 5422 vocatur
3037 5371 3167 5421 iners
3191 5386 3210 5422 :
3243 5385 3362 5420 nam
3394 5373 3529 5422 iners
3576 5371 3726 5439 quasi
3763 5370 3877 5421 sine

2301 5451 2413 5493 arte
2435 5440 2724 5506 generatim
2756 5441 3020 5505 significat
3051 5454 3158 5491 tetu
3192 5455 3403 5490 omnem
3431 5455 3549 5500 «pne
3590 5449 3672 5493 est
3701 5449 3875 5492 tnotus

2299 5525 2525 5572 «expers:
2560 5511 2696 5562 sicut
2722 5509 2929 5572 Ovidio,
2964 5509 3873 5579 necquit/quautnisipondusiners.

2299 5579 2457 5645 Atqui
2489 5580 2576 5633 ille
2608 5579 2766 5632 animi
2811 5582 2964 5631 luxus
2997 5578 3222 5644 primum
3254 5577 3465 5645 quidem
3497 5577 3872 5645 cogitationes,

2300 5648 2494 5702 deinde
2538 5651 2779 5718 Corporis
2825 5648 2992 5716 ipsius
3039 5648 3254 5701 humani
3309 5660 3484 5702 motos
3538 5659 3712 5703 rectos
3776 5650 3872 5702 itu-

2300 5719 2466 5787 pedit.
