4292 6262
664 296 768 352 703

1877 293 1988 347 ΑΝ.
2031 291 2237 348 ΜΑΝι..
2282 290 2434 346 θεν.
2476 291 2701 346 BOETII

3808 289 3912 345 704

659 420 786 461 vero
824 413 908 461 est
951 405 1048 460 ista
1083 415 1262 462 vestra
1289 414 1315 442 ι
1347 404 1644 473 cxpetibilis
1673 419 1734 456 ac
1765 406 2018 472 praeclara
2050 414 2228 472 poten-
2262 411 2314 466 Α
2344 417 2442 456 nus
2481 401 2757 455 materiam
2797 399 3128 456 crudelita'is
3157 398 3258 471 (5),
3288 400 3370 453 vlr
3395 401 3608 470 sapiens
3641 399 3766 456 fecit
3791 416 3912 458 esse

659 494 764 548 tiai
790 494 976 549 Nonne
1004 510 1038 548 ο
1065 493 1094 532 δ
1124 505 1335 550 terrena
1363 493 1607 547 animalia
1636 492 2008 557 consideratis,
2039 491 2229 559 quibus

653 583 745 650 qui
775 584 1064 652 praesidere
1084 583 1403 638 videamini?
1425 581 1555 636 Nam
1580 582 1624 635 si
1653 581 1790 636 inter
1814 595 1993 634 mures
2019 581 2232 634 videres

654 692 817 733 unum
864 675 1092 744 aliquem
1137 676 1224 742 jus
1266 673 1365 728 sibi
1403 687 1464 727 ac
1510 681 1824 740 potestatem
1870 686 1980 740 prae
2017 673 2230 726 caeteris

653 766 1033 828 vindicantem,
1073 774 1096 802 ⁶
1143 771 1340 831 quanto
1381 763 1670 817 movereris
1712 761 1998 816 cachinno!
2040 762 2054 792 ³
2093 761 2226 827 Quid

654 869 784 909 vero
806 856 852 909 si
879 855 960 924 (5)
991 868 1185 922 corpus
1220 863 1448 922 spectes,
1487 851 1804 907 imbecillius
1827 851 2043 906 homine
2069 865 2226 919 repe-

651 943 760 997 rire
808 957 993 1012 queas,
1041 958 1177 1012 quos
1223 958 1368 1014 saepe
1409 940 1436 980 ά
1486 944 1848 997 museularum
1886 945 2098 1011 quoque
2141 940 2228 994 vel

652 1047 884 1096 morsus,
915 1033 1001 1088 vel
1033 1034 1083 1085 in
1113 1043 1316 1088 secreta
1347 1049 1570 1102 quaeque
1603 1036 1923 1102 reptantium
1955 1043 2108 1089 necat
2147 1033 2232 1088 in-

653 1120 877 1174 troilus?
917 1123 1034 1186 Quo
1083 1123 1540 1190 veroquisquam
1578 1122 1666 1191 jus
1709 1124 1923 1190 aliquod
1956 1124 2009 1177 in
2043 1137 2230 1192 quem-

653 1209 815 1275 piam,
845 1210 944 1263 nisi
975 1213 1025 1263 in
1057 1210 1230 1263 solum
1252 1224 1464 1277 corpus,
1493 1219 1547 1265 et
1575 1212 1714 1280 quod
1742 1212 1876 1264 infra
1904 1227 2100 1279 corpus
2123 1227 2228 1275 esu,

649 1297 914 1353 fortunam
957 1301 1163 1368 loquor,
1204 1301 1373 1368 possit
1420 1301 1712 1354 exercere?
1760 1302 1891 1354 Num
1940 1301 2227 1370 quidquam

651 1401 882 1456 unquam
913 1389 1079 1443 libero
1103 1389 1392 1457 imperabis
1428 1391 1642 1444 animo?
1672 1389 1807 1443 Num
1844 1391 1958 1461 (to)
1993 1401 2228 1446 mentem

649 1481 800 1533 iirma
829 1479 929 1533 sibi
955 1480 1160 1533 ratione
1181 1479 1541 1533 cohaerentem
1569 1481 1636 1532 de
1664 1487 1804 1532 statu
1827 1480 2057 1548 pr0priae
2080 1480 2228 1548 quie-

649 1571 720 1624 tis
755 1570 1065 1624 amovebis?
1101 1572 1258 1640 148
1284 1573 1305 1604 ³
1344 1571 1474 1626 Cum
1517 1570 1744 1631 liberum
1773 1571 2056 1639 quemdam
2098 1581 2122 1609 ⁸
2153 1572 2230 1625 vi-

651 1677 772 1716 rum
816 1662 1096 1730 suppliciis
1145 1677 1203 1716 se
1246 1672 1500 1733 tyrannus
1546 1662 1855 1716 adacturum
1899 1671 2130 1730 putaret,
2172 1671 2230 1716 ut

649 1753 928 1807 adversum
973 1768 1032 1808 se
1072 1751 1226 1807 factae
1265 1754 1648 1821 conjurationis
1679 1753 1924 1806 conscios
1955 1753 2225 1820 proderet,

644 1840 875 1910 linguam
899 1841 986 1897 ille
1019 1841 1478 1910 momorditatque
1501 1843 1745 1908 abscidit,
1773 1855 1825 1896 et
1850 1842 1901 1894 in
1931 1857 1991 1895 os
2020 1841 2230 1912 tyranni

645 1932 912 1986 saevientis
939 1932 1136 2000 abjecit
1163 1948 1178 1988 :
1211 1931 1283 1988 ita
1315 1933 1600 2000 cruciatus,
1632 1947 1766 2003 quos
1798 1933 2015 2002 putabat
2045 1944 2228 2002 tyran-

2339 493 2569 547 virtutis.
2601 492 2622 523 ³
2649 490 2788 559 Quid
2816 500 2992 545 autem
3019 500 3120 552 est,
3141 491 3286 558 quod
3315 491 3369 544 in
3389 492 3551 545 alium
3571 490 3745 547 facere
3765 493 3912 561 quis-

2337 600 2492 653 quam
2527 593 2721 651 potest,
2745 583 2886 651 quod
2916 584 3183 637 sustinere
3213 584 3281 637 ab
3306 583 3412 637 alio
3439 584 3552 651 ipse
3574 599 3678 638 non
3708 586 3910 653 possit?

2338 673 2633 728 Busiridem
2680 674 2975 742 accipimus
3026 687 3217 727 necare
3265 672 3504 740 hOSpites
3556 673 3794 738 solitum,
3843 674 3912 730 ab

2336 761 2564 816 Hercule
2615 762 2825 832 hospite
2869 761 3038 817 fuisse
3090 771 3400 817 mactatum.
3451 761 3685 831 Regulus
3730 763 3909 831 plures

2339 850 2358 890 τ
2397 851 2681 907 Poenorum
2713 853 2855 907 bello
2881 863 3065 922 captos
3103 853 3159 907 in
3195 852 3404 908 vincula
3434 852 3738 922 coniecerat
3770 873 3782 907 :
3812 856 3907 910 sed

2333 953 2456 994 mox
2479 941 2592 1009 ipse
2615 950 2642 988 8
2666 941 2926 996 victorum
2952 942 3156 997 catenis
3177 957 3364 996 manus
3393 943 3636 1011 praebuit.
3662 943 3906 998 Ullamne

2335 1030 2494 1098 igitur
2521 1032 2638 1100 (10)
2669 1033 2784 1101 ejus
2823 1031 3058 1088 hominis
3093 1033 3386 1102 potentiam
3425 1045 3599 1104 putas,
3626 1037 3736 1104 qui,
3764 1036 3906 1104 quod

2335 1122 2449 1190 ipse
2479 1123 2532 1176 in
2562 1124 2668 1178 alio
2698 1133 2894 1192 potest,
2927 1140 2993 1179 ne
3021 1125 3073 1179 id
3114 1127 3165 1179 iit
3193 1141 3250 1180 se
3287 1128 3424 1179 alter
3460 1127 3654 1191 valeat,
3695 1129 3905 1183 enitere

2333 1229 2438 1266 non
2489 1215 2693 1283 possit?
2730 1215 2886 1286 149
2917 1215 2938 1246 ⁸
2970 1213 3000 1253 ιι
3029 1217 3108 1270 Ad
3141 1217 3275 1282 hinc,
3312 1220 3367 1272 si
3395 1219 3526 1285 ipsis
3565 1219 3906 1287 dignitatibus

2333 1319 2395 1357 ac
2443 1307 2797 1374 potestatibus
2840 1307 3042 1360 inesset
3080 1309 3276 1377 aliquid
3313 1310 3566 1363 naturaiis
3606 1327 3667 1365 ac
3709 1314 3902 1380 proprii

2333 1391 2480 1458 boni,
2509 1392 2527 1430 ί
2560 1410 2828 1462 nunquam
2866 1397 3110 1464 pessimis
3139 1400 3500 1466 provenirent.
3542 1399 3721 1467 Neque
3761 1401 3902 1454 enim

2331 1484 2430 1538 sibi
2461 1484 2634 1537 solent
2660 1485 2881 1539 adversa
2912 1487 3125 1540 sociari.
3161 1486 3358 1540 Natura
3387 1489 3586 1557 respuit
3609 1496 3666 1540 ut
3693 1493 3902 1542 eontra-

2330 1575 2410 1627 ria
2439 1589 2663 1642 qumque
2688 1574 3002 1642 iungantur.
3041 1576 3116 1631 ita
3143 1592 3262 1632 cum
3293 1579 3552 1646 pessimos
3593 1581 3902 1650 plerumque

2331 1665 2675 1734 dignitatibus
2725 1666 2868 1734 iungi
2919 1667 3138 1721 dubittm
3189 1684 3291 1722 non
3333 1671 3410 1738 (5)
3453 1671 3538 1733 sit,
3583 1670 3711 1723 illud
3741 1672 3898 1723 etiam

2333 1757 2518 1826 liquet,
2552 1755 2564 1807 i
2602 1765 2790 1810 natura
2822 1757 2903 1810 sui
2933 1758 3070 1810 bona
3113 1772 3218 1811 non
3253 1773 3393 1824 esse,
3423 1774 3541 1826 quae
3567 1776 3625 1813 se
3655 1760 3900 1827 pessimis

2339 1847 2544 1900 hmrere
2583 1847 2868 1914 patiantur.
2910 1847 3060 1914 Quod
3097 1849 3308 1915 quidem
3346 1851 3410 1904 de
3443 1853 3646 1906 cunctis
3674 1852 3898 1906 fortuna:

2335 1936 2647 1991 muneribus
2667 1936 2878 2006 dignius
2897 1937 3188 1992 existimari
3223 1948 3415 2008 potest,
3453 1957 3576 2010 quae
3603 1941 3670 1996 ad
3697 1943 3898 2012 impro-

1973 2089 2540 2145 INTERPRETATIO.

717 2218 742 2244 ⁸
773 2208 1138 2262 desiderabilis.

711 2275 741 2314 δ
777 2281 1034 2332 Homines.

720 2357 742 2383 ε
779 2347 1036 2412 Quantum
1064 2349 1274 2400 rideres.

711 2419 738 2449 ⁸
773 2417 1065 2470 Muscaum
1095 2419 1165 2469 rel
1197 2417 1541 2468 minimarum.

715 2495 738 2520 °
765 2485 1039 2552 Zenonem,
1062 2497 1112 2538 ut
1139 2488 1344 2553 quidam
1367 2487 1544 2549 aiunt;
1572 2481 1948 2547 Anaxarchum,
1979 2494 2032 2536 ut
2061 2481 2168 2534 alii.

2400 2199 2416 2236 ί
2455 2200 2916 2272 Carlhagincusiun

2395 2279 2419 2346 fl
2557 2272 2678 2340 ipsis
2705 2274 2845 2326 victis
2876 2292 2927 2327 in
2953 2275 3152 2327 t'ittcula
3181 2278 3436 2346 conjsctus
3461 2284 3556 2332 est.

2393 2338 2418 2374 h
2453 2338 2723 2394 Prwterca.

2399 2407 2411 2444 ί
2450 2411 2568 2464 llrr.

2393 2478 2406 2526 ἱ
2452 2483 2740 2535 bicuttdum
2773 2498 2915 2534 suam
2946 2494 3198 2535 natumut.

2185 2610 2415 2666 ΝυΤίΕ.

644 2758 892 2826 pOtcntite
920 2765 1143 2812 materia
1171 2769 1344 2823 neque
1370 2755 1615 2809 aosolute
1653 2753 1834 2806 sube-t
1871 2749 2095 2826 potenti,
2121 2767 2212 2826 nc-

641 2821 744 2896 que
788 2837 943 2896 tanta,
963 2837 1066 2892 est,
1097 2835 1152 2880 ut
1198 2821 1476 2892 propterea
1525 2827 1754 2896 potentia
1789 2825 1855 2896 sit
1884 2821 2211 2896 titaxiinila-

641 2892 850 2952 n'ienda.
902 2895 1039 2960 Non,
1091 2897 1329 2964 inquam,
1375 2894 1592 2948 materia
1639 2894 1724 2945 il’a
1755 2893 2003 2964 ial‘Slilllle
2033 2892 2216 2964 subest

641 2969 845 3034 potenti
874 2983 889 3022 :
918 2961 1344 3033 quandoquidem
1392 2978 1577 3034 attines
1625 2963 1884 3034 homines,
1927 2970 2108 3034 utpote
2144 2961 2214 3034 ab

638 3030 826 3090 eadem
854 3030 1010 3090 causa
1042 3044 1098 3089 et
1136 3030 1354 3103 propter
1395 3032 1640 3086 eumdem
1682 3032 1838 3085 liuent
1887 3031 2106 3103 conditi,
2133 3030 2215 3103 ita

2321 2749 2669 2819 Nycareontis
2709 2750 2848 2818 regis
2891 2750 3180 2812 incidisset,
3222 2749 3420 2801 mdium
3452 2764 3618 2812 genus
3647 2752 3886 2814 supplicii

2324 2821 2638 2886 deprecatus
2668 2830 2768 2883 est,
2799 2834 2970 2887 neque
2997 2820 3295 2890 recusavit.
3319 2819 3412 2873 llic
3441 2827 3616 2874 autem
3646 2820 3698 2873 in
3730 2822 3885 2890 pilam

2323 2903 2535 2942 saxeam
2582 2891 2883 2956 coniectus,
2933 2890 3105 2954 ibique
3145 2889 3329 2942 terreis
3365 2889 3566 2943 malleis
3603 2900 3882 2947 contusus:

2322 2959 2530 3023 Tunde,
2553 2961 2740 3026 inquit,
2769 2961 2926 3010 tunde
2954 2960 3249 3011 Anaxarchi
3279 2959 3452 3013 follem
3479 2975 3492 3011 :
3518 2961 3884 3016 Anaxarchum

2323 3030 2464 3081 enim
2498 3046 2601 3082 non
2635 3029 2807 3081 tundis
2840 3048 2850 3078 :
2886 3039 3110 3098 tyranno
3149 3042 3308 3096 porro
3345 3029 3752 3098 amputationem
3785 3032 3888 3084 lin-

641 3115 764 3159 sunt
789 3118 966 3173 pares,
999 3113 1057 3158 ut
1085 3097 1292 3159 seeIuSa
1307 3102 1497 3177 divina
1529 3103 1950 3177 voluntate,_qua
1982 3099 2215 3177 aliialiis
2246 3117 2293 3177 ο
2323 3112 2440 3165 gtne
2471 3099 2766 3177 minitante,
2796 3097 3023 3166 linguam
3053 3098 3299 3151 dentibus
3320 3097 3605 3151 abscissam
3631 3099 3681 3150 in
3707 3108 3884 3166 tyran-

641 3171 896 3242 prmsunt,
928 3190 1031 3228 non
1064 3177 1237 3227 minus
1276 3173 1345 3226 sit
1386 3172 1658 3223 ridiculum
1697 3173 1962 3242 hominem
1997 3171 2094 3222 sibi
2126 3184 2215 3222 ar-

641 3241 830 3313 rogare
858 3244 1224 3297 auctoritatem
1257 3245 1308 3294 in
1341 3242 1496 3305 alios,
1526 3256 1686 3313 quam
1723 3241 1767 3292 si
1799 3243 1988 3313 musin
2018 3255 2215 3313 murem

643 3310 795 3368 suum
829 3315 1036 3367 videres
1057 3327 1319 3366 exercere
1348 3312 1628 3376 imperium
1662 3326 1674 3360 :
1709 3311 1846 3376 quod
1884 3311 1968 3361 hic
1997 3310 2212 3361 dicitur.

641 3389 709 3436 At
751 3383 864 3435 haec
904 3383 1140 3449 subjecta
1173 3381 1426 3434 materies
1463 3389 1607 3445 tanta
1641 3395 1745 3431 non
1777 3388 1895 3432 est:
1927 3379 2048 3430 licet
2070 3378 2212 3430 enim

640 3452 882 3504 subditus
909 3466 974 3504 ex
1007 3460 1182 3505 mente
1210 3460 1265 3504 et
1305 3463 1532 3515 corpore
1568 3457 1796 3511 constet,
1831 3462 1933 3500 non
1963 3461 2117 3500 secus
2151 3460 2214 3500 ac

641 3522 721 3572 vir
750 3530 956 3583 potens,
986 3531 1159 3572 tamen
1191 3521 1329 3573 sicut
1360 3529 1550 3585 potens
1577 3533 1728 3570 suam
1753 3530 1858 3569 non
1886 3524 2099 3568 exercet
2122 3531 2213 3585 po-

641 3590 880 3651 tentiam,
918 3590 1015 3642 nisi
1047 3603 1294 3655 corpore,
1332 3584 1495 3640 verbo
1537 3588 1784 3640 nimirum
1815 3595 1906 3638 aut
1937 3587 2106 3648 iacto;
2135 3584 2212 3655 sic

641 3661 798 3710 homo
831 3660 941 3710 viro
973 3654 1170 3724 potenti
1198 3672 1303 3709 non
1331 3659 1515 3708 subest
1546 3657 1642 3708 nisi
1674 3671 1898 3722 corpore
1926 3673 1938 3706 :
1964 3654 2212 3722 quemad-

639 3729 852 3779 modum
881 3726 1124 3779 Christus
1159 3727 1339 3779 docuit
1375 3725 1529 3778 Luca:
1565 3741 1637 3777 xu
1668 3743 1682 3778 :
1713 3725 1792 3776 Ne
1830 3725 2115 3776 terreamini
2148 3726 2210 3776 ab

641 3798 717 3847 his
742 3797 828 3861 qui
853 3796 1087 3847 occidunt
1106 3812 1308 3862 corpus,
1337 3804 1381 3846 et
1411 3801 1520 3862 post
1543 3794 1649 3846 haec
1670 3811 1768 3846 non
1795 3793 1971 3845 habent
1994 3794 2210 3862 amplius

637 3867 758 3932 quid
785 3865 972 3934 faciant
1002 3880 1020 3918 :
1049 3879 1205 3932 posse
1243 3873 1417 3916 autem
1451 3863 1502 3916 in
1529 3878 1725 3929 corpus
1767 3864 2057 3934 humanum
2081 3865 2209 3934 tanti

639 3950 741 3988 non
768 3932 843 3988 est
875 3951 890 3987 :
922 3936 1112 4001 partim
1143 3934 1263 4002 quia
1295 3948 1519 4000 corpore
1557 3937 1786 3987 humano
1816 3932 1940 3984 nihil
1971 3933 2210 3986 imbecil-

639 4005 772 4068 lius;
801 4005 986 4071 partim
1015 4006 1172 4056 etiant
1205 4004 1324 4069 quia
1352 4003 1489 4069 quod
1519 4007 1763 4067 superior
1805 4013 1976 4066 potest
2009 4004 2058 4053 in
2089 4017 2207 4054 cor-

641 4088 738 4138 pus
776 4073 1061 4133 inferioris,
1095 4073 1320 4140 idipsmn
1367 4072 1599 4126 inferiori
1632 4089 1751 4125 esse
1781 4081 1958 4141 potest
1989 4074 2215 4124 materia.

637 4145 874 4205 virtutis;
919 4154 1011 4195 aut
1049 4142 1241 4210 injuria
1273 4155 1447 4196 tamen
1491 4152 1661 4209 potest
1703 4143 1921 4198 inferior
1951 4143 2000 4194 in
2034 4143 2206 4208 ipsum

637 4213 924 4278 superioris
946 4227 1136 4279 corpus
1167 4227 1442 4264 exercere.

712 4282 729 4311 ¹
761 4282 915 4346 Quid,
947 4282 989 4333 si
1019 4297 1198 4349 corpus
1229 4295 1438 4349 spectes,
1471 4282 1766 4335 imbecillius
1797 4279 2054 4348 hominc?J
2091 4280 2205 4332 Pri-

643 4365 784 4403 mum
809 4353 947 4403 enim
979 4366 1201 4419 corpore
1230 4353 1460 4403 humano
1485 4353 1797 4404 imbecillius
1826 4349 1950 4402 nihil
1984 4350 2202 4416 reperiri

639 4430 812 4485 potest
837 4438 850 4474 :
873 4421 1298 4489 quandoquidem
1333 4436 1536 4486 musca,
1571 4424 1814 4486 exiguum
1847 4421 2064 4484 animal,
2103 4422 2202 4471 litt-

636 4504 793 4542 niano
822 4491 1032 4557 corpori
1063 4503 1285 4543 mortem
1309 4490 1500 4544 allerre
1527 4501 1717 4558 potest,
1750 4493 1861 4544 sive
1886 4490 2161 4555 pungendo
2187 4508 2198 4540 ι

637 4562 774 4612 sicut
810 4574 956 4626 apes,
990 4561 1280 4628 praesertim
1315 4577 1438 4614 vero
1467 4564 1774 4625 crabrones,
1808 4563 1964 4628 vulgo
1992 4559 2199 4627 frelons.

640 4629 780 4697 Virg.
814 4644 863 4680 ιν
889 4628 1108 4697 Georg,
1139 4645 1190 4682 v.
1223 4629 1326 4683 956
1356 4647 1371 4684 :

759 4718 861 4781 illis
886 4721 956 4767 ira
981 4721 1169 4766 modum
1191 4733 1335 4780 supra
1361 4728 1456 4781 est,
1483 4721 1709 4780 laesaeque
1733 4735 1974 4771 venenum

757 4780 1000 4844 morsibus
1023 4781 1270 4844 inspirant,
1297 4789 1347 4829 et
1367 4780 1550 4843 spicula
1576 4796 1702 4831 caeca
1725 4785 2001 4844 relinquunt

752 4839 922 4889 Al'lixaa
945 4839 1406 4904 venis,animasque'
1432 4845 1479 4891 in
1507 4847 1708 4892 tuinere
1733 4839 1928 4906 ponunt.

636 4924 757 4995 Sive
785 4925 943 4995 etiam
972 4925 1176 4995 viscera
1204 4927 1508 4993 subeundo,
1534 4940 1590 4982 ut
1613 4929 1969 4991 cantharides,
1993 4929 2058 4978 de
2089 4929 2204 4995 qui-

641 4993 736 5043 bus
775 4991 993 5064 Cicero,
1037 4994 1205 5060 Epist.
1239 4997 1275 5048 l.
1319 5014 1393 5056 is,
1430 4991 1516 5062 ep'.
1557 5000 1644 5060 21,
1679 4997 1851 5058 Caius,
1897 4999 2084 5064 inquit,
2109 4991 2205 5049 tac-

633 5071 840 5132 cusante
871 5061 931 5114 L.
957 5061 1138 5115 Crasso
1164 5061 1490 5120 cantharidas
1519 5069 1794 5132 sumpsisse
1819 5061 2023 5120 dicitur.

705 5127 884 5181 Nmari
921 5142 1141 5196 possunt
1167 5134 1253 5186 hic
1290 5133 1396 5188 duo
1434 5139 1546 5189 haec
1576 5127 1809 5197 nomina,
1843 5137 2123 5198 expetibilis
2152 5147 2204 5189 et

636 5200 1000 5263 musculorum,
1023 5217 1245 5268 quorum
1271 5215 1456 5257 testem
1483 5207 1724 5258 Latinum
1756 5221 1856 5256 non
1887 5207 2006 5256 novi
2039 5224 2050 5257 :
2077 5208 2205 5258 mihi

635 5269 899 5322 diceretur
925 5273 1270 5326 desiderabilis
1296 5286 1347 5326 et
1373 5291 1680 5327 muscarum.
1714 5276 1788 5326 'I‘u
1826 5275 2039 5327 videris.

703 5341 725 5370 ⁸
755 5338 880 5392 Cum
924 5341 1134 5392 liberum
1162 5345 1428 5409 quemdam
1467 5350 1648 5406 virum,
1677 5339 1805 5411 (διο.)
1842 5345 2039 5396 Deinde
2076 5361 2198 5398 cru-

633 5410 822 5482 ciatus,
868 5425 1000 5478 quos
1039 5413 1280 5477 superior
1323 5413 1375 5464 in
1414 5429 1608 5482 corpus
1648 5410 1912 5467 inferioris
1957 5426 2196 5479 exercet,

633 5479 1018 5553 qumdantesse
1045 5491 1264 5553 possunt
1299 5479 1525 5535 materia
1543 5484 1753 5537 virtutis
1777 5503 1790 5537 :
1817 5487 1951 5536 sicut
1981 5487 2202 5553 contigit

634 5549 950 5622 Anaxarcho
993 5551 1329 5622 philosopho,
1376 5553 1657 5606 Democriti
1699 5556 1971 5616 seetatori,
2003 5556 2069 5608 de
2097 5549 2200 5622 quo

634 5630 779 5692 nunc
799 5619 1132 5692 philosophia
1157 5620 1479 5692 mentionem
1510 5624 1650 5676 facit.
1682 5625 2029 5677 Anaxarchus
2055 5619 2197 5677 enim

636 5683 742 5748 ille,
771 5696 826 5738 ut
854 5688 926 5740 ait
955 5683 1138 5744 Cicero
1184 5705 1217 5742 tt
1260 5690 1498 5759 'l‘uscul.,
1544 5707 1662 5747 cum
1703 5693 1753 5746 in
1795 5708 1980 5747 manus
2018 5695 2198 5763 Cyprii

2324 3183 2445 3220 nttm
2476 3170 2673 3230 ettpnit.

2391 3237 2411 3266 ³
2447 3237 2580 3301 Quid
2601 3248 2768 3290 autem
2790 3247 2860 3291 est
2882 3254 2947 3303 qu
2982 3239 3016 3290 ά
3037 3238 3086 3288 in
3112 3232 3434 3308 alium,etc.]
3453 3235 3720 3291 Posncmo
3739 3240 3880 3308 quod

2318 3308 2564 3372 superior
2607 3319 2778 3373 potest
2820 3309 2872 3360 in
2912 3322 3105 3374 corpus
3151 3306 3436 3370 inferioris,
3504 3308 3729 3373 idipsutn
3759 3306 3882 3364 'non

2319 3391 2442 3427 raro
2481 3375 2700 3430 inferior
2731 3379 2781 3431 in
2821 3391 3014 3441 corpus
3055 3374 3346 3444 superioris
3387 3385 3554 3442 potest
3589 3394 3599 3427 :
3628 3379 3778 3443 cujus
3808 3383 3880 3431 rei

2317 3444 2481 3566 longe
2511 3454 2636 3566 stltnt
2663 3446 2936 3516 exempla;
2979 3445 3218 3499 meminit
3261 3444 3596 3511 PliilUSOphia
3628 3444 3880 3500 Busiridis

2317 3529 2344 3566 e
2452 3530 2544 3566 ean
2571 3531 2608 3566 ι.

2316 3522 2369 3566 et
2406 3515 2608 3567 lieauli.

2387 3530 2847 3650 iiiiéiiiiheptuni
2878 3600 2941 3637 ex
2978 3579 3140 3652 Libya
3187 3582 3387 3650 Epaphi
3420 3582 3523 3636 lilia
3555 3593 3730 3646 natus.
3761 3601 3880 3638 cru-

2316 3652 2614 3706 delissimus
2643 3653 2741 3706 fuit
2769 3654 3138 3723 Aﬂgyptiorum
3168 3663 3464 3723 tyrannus:
3499 3653 3584 3706 hic
3616 3655 3757 3707 enim
3789 3656 3880 3708 Ito-

2317 3726 2481 3782 spites
2508 3738 2635 3776 suos
2655 3723 2778 3776 ,Ιονί
2801 3722 3125 3784 immolabat,
3156 3722 3220 3776 ne
3245 3723 3321 3775 illi
3347 3722 3558 3790 quidem
3584 3726 3707 3788 vati,
3731 3739 3759 3776 a
3779 3741 3882 3791 quo

2316 3792 2365 3844 id
2396 3791 2602 3845 consilii
2632 3803 2933 3860 acceperat,
2959 3807 3179 3858 parcens
3206 3811 3217 3845 :
3243 3792 3333 3845 sed
3366 3808 3486 3845 eum
3512 3798 3723 3846 easdem
3757 3796 3881 3847 insi-

2313 3860 2426 3916 dias
2453 3861 2678 3932 rliercult
2723 3874 2954 3932 pararet,
2993 3863 3060 3931 ab
3106 3863 3302 3932 eodeni
3345 3863 3588 3932 llercule,
3627 3877 3726 3914 una
3759 3878 3878 3916 Cum

2310 3930 2755 3996 Atnphidamante
2804 3930 2933 3994 tilio,
2980 3930 3226 3994 praecone
3270 3931 3488 3991 Chalbe,
3533 3943 3585 3984 et
3623 3933 3881 3986 ministris

2310 3999 2374 4052 ad
2405 4001 2546 4068 ipsas
2573 4017 2695 4054 aras
2734 4001 3044 4055 interiectus
3074 4011 3173 4053 est.
3211 4000 3353 4068 Virg.
3390 4016 3449 4053 ιιι
3477 4000 3693 4070 Θεοῖς..
3722 4017 3772 4056 v.
3804 4005 3875 4057 5:

2865 4091 2982 4147 Quis
3004 4097 3086 4137 aut
3109 4090 3340 4150 Eur'ystea
3364 4092 3536 4138 durum

2490 4152 2587 4200 Aut
2607 4151 2814 4199 illandati
2842 4155 2997 4199 nescit
3025 4153 3250 4198 Busiridis
3267 4156 3406 4201 aras?

2305 4233 2582 4286 Claudian.
2617 4250 2782 4286 carm.
2815 4235 2868 4296 5,
2902 4249 2953 4285 v.
2986 4234 3088 4285 92H
3122 4251 3134 4286 :

2432 4323 2471 4371 Ο
2497 4325 2639 4385 initus
2663 4322 2909 4385 Diomedis
2930 4324 3068 4385 equi!
3107 4323 3335 4372 Busiridis
3357 4338 3452 4373 arte

2487 4382 2790 4432 Cletnentesl

2236 4471 2281 4526 ι)
2312 4464 2472 4526 idem,
2500 4480 2666 4516 cirtn.
2701 4466 2788 4528 18,
2823 4480 2874 4517 v.
2909 4466 3047 4519 159:

2431 4554 2510 4618 διο
2529 4553 2704 4618 multos
2725 4555 2870 4618 ﬂuvio
2896 4563 3032 4602 vates
3052 4563 3223 4618 arente
3249 4571 3336 4618 per
3353 4570 3519 4613 annos,

2432 4613 2632 4677 ῌοδμὶιρ
2653 4617 2733 4672 qui
2757 4629 2880 4664 czeso
2905 4617 3080 4662 monuit
3101 4613 3288 4675 placare
3310 4628 3568 4677 tonantem,

2438 4673 2665 4735 inventas
2689 4679 2866 4735 primus
2890 4673 3121 4724 Busiridis
3140 4679 3310 4727 imbuit
3331 4693 3436 4727 aras

2439 4733 2492 4781 Et
2520 4733 2696 4783 cecidit»
2715 4739 2848 4796 saevi,
2876 4740 3001 4796 quod
3024 4739 3234 4791 dixerat,
3259 4741 3409 4786 hostia
3431 4741 3571 4786 sacri.

2390 4798 2615 4862 Regulus
2642 4813 2766 4850 vero
2791 4799 2994 4860 consul,
3027 4801 3137 4864 qui,
3169 4811 3224 4851 ut
3253 4802 3326 4852 ait
3367 4802 3582 4863 l'linius,
3613 4800 3741 4853 fusis
3782 4801 3876 4852 Sa-

2319 4867 2532 4918 lentinis
2565 4867 2930 4933 triumphavit,
2967 4868 3271 4936 primusque
3303 4869 3656 4924 Rotnanorutn
3686 4873 3877 4923 tlttt'tttlt

2317 4937 2370 4986 in
2400 4936 2629 5006 Al‘ricam
2671 4939 2897 4990 classem
2933 4937 3158 5001 trajecit,
3191 4942 3258 4990 ab
3289 4939 3414 5002 ipsis
3443 4940 3874 5006 Carthaginiensi.

2312 5006 2407 5057 bus
2440 5004 2594 5071 (quos
2617 5007 2716 5078 hic
2747 5008 3083 5073 Philosophia
3117 5017 3269 5078 vocat
3299 5008 3537 5078 Paulos),
3572 5004 3703 5078 quos
3737 5010 3876 5061 vice-

2313 5084 2412 5137 rat,
2443 5077 2659 5128 resectis
2685 5078 2948 5143 palpebris
2981 5076 3285 5130 interfectus
3313 5089 3412 5131 est.

2381 5145 2401 5173 ⁸
2430 5144 2509 5195 Ad
2538 5144 2665 5216 hare,
2699 5144 2827 5216 etc.]
2871 5145 2951 5216 lil.
2985 5146 3346 5216 Philosophia,
3384 5147 3733 5200 consideratis
3759 5147 3875 5197 sub-

2304 5216 2438 5281 jecm
2465 5223 2516 5265 et
2548 5214 2761 5283 objecta,
2791 5214 2978 5267 transit
3017 5215 3082 5266 ad
3118 5215 3351 5280 effectum
3392 5219 3654 5284 formalem
3685 5227 3874 5282 poten-

2313 5285 2417 5343 tiae,
2448 5285 2888 5346 quennnimodum
2922 5287 3208 5352 loquuntttr
3237 5287 3556 5353 philosophi.
3587 5286 3674 5339 Sic
3695 5295 3871 5338 autem

2305 5354 2544 5422 contrahi
2575 5362 2748 5416 potest
2782 5354 2896 5407 htec
2931 5355 3096 5419 ipsius
3135 5354 3488 5422 Philosnphim
3521 5356 3870 5408 ratiocinatio.

2307 5420 2567 5487 Quidquid
2598 5430 2782 5472 natura
2812 5438 2904 5475 sua
2937 5424 3132 5476 bonum
3158 5436 3257 5487 est,
3289 5420 3417 5477 illud
3447 5425 3725 5477 habentem
3748 5423 3872 5476 facit

2309 5491 2524 5549 bonum,
2551 5500 2708 5557 atque
2739 5492 2870 5545 adeo
2898 5495 2963 5544 ab
2986 5494 3172 5545 eodem
3208 5495 3530 5546 contrarium
3564 5495 3759 5546 malum
3789 5495 3872 5544 iu-

2306 5571 2392 5626 gat
2416 5576 2428 5609 :
2455 5559 2557 5628 agit
2588 5561 2720 5632 enim
2740 5563 2985 5630 cujusque
3011 5563 3083 5614 rei
3111 5571 3294 5615 natura
3322 5565 3457 5632 quod
3486 5565 3872 5632 propriumesl,

2307 5645 2395 5680 nec
2435 5630 2800 5681 contrariarum
2840 5647 3004 5682 rerum
3041 5632 3276 5683 miscetur
3303 5630 3579 5698 effectibus,
3620 5644 3668 5685 et
3713 5631 3871 5692 ultra,

2306 5715 2418 5765 qua:
2444 5708 2554 5751 sunt
2583 5699 2812 5768 adversa,
2842 5700 3043 5771 depellit
3075 5717 3094 5757 :
3119 5701 3197 5757 sic
3226 5705 3475 5770 fortitudo
3509 5706 3709 5772 fortem,
3739 5702 3872 5753 telo-
