4292 6262
614 349 709 399 7H

1824 351 1931 403 AN.
1976 352 2181 405 MANL.
2225 353 2374 408 SEV.
2416 348 2638 409 ΒΟΕΤΠ

3760 350 3877 413 τις

609 461 918 515 commercii
952 461 1252 525 insolentia,
1276 476 1380 515 non
1404 462 1561 515 modo
1592 462 1727 516 fama
1766 465 2036 519 hominum
2069 483 2178 520 sm-
2206 476 2253 529 Α
2287 476 2393 523 nim
2427 486 2576 527 mora
2607 474 2862 527 momenti
2890 516 2904 537 ,
2948 475 2993 527 si
3038 472 3222 528 decem
3273 474 3509 526 millibus
3557 474 3867 527 conferatur

609 552 855 623 gulorum
882 595 898 620 ,
941 553 1035 605 sed
1081 567 1148 605 ne
1186 552 1393 605 urbium
1421 553 1633 621 quidem
1679 557 1959 620 pervenire
1999 570 2179 625 queat.

610 641 791 695 Etate
817 641 1043 710 denique
1068 641 1228 693 Marci
1254 642 1449 705 Tullii,
1493 643 1630 695 sicut
1660 645 1771 711 ipse
1799 644 2029 713 quodam
2061 646 2181 700 loco

614 739 641 767 ⁸
688 732 988 803 signiﬁcat,
1035 732 1268 785 nondum
1309 734 1603 787 Caucasum
1648 747 1883 790 montem
1929 738 2181 792 Romana:

609 821 917 888 reipublicae
957 820 1095 873 fama
1138 821 1256 891 (15)
1304 824 1703 878 transcenderat
1732 865 1746 889 ,
1795 835 1847 880 et
1890 838 2006 881 erat
2053 838 2182 883 tunc

606 910 786 963 adulta
814 912 865 976 ⁵,
900 910 1105 964 Parthis
1132 914 1291 965 etiam
1326 915 1641 981 caeterisque
1670 915 1717 967 id
1749 916 1982 970 locorum
2012 919 2182 985 genti-

605 999 707 1053 bus
747 998 1113 1057 formidolosa.
1169 1001 1401 1057 Videsne
1431 1004 1589 1072 igitur
1617 1019 1774 1072 quam
1814 1008 1882 1059 sit
1929 1018 2177 1077 angusta,

606 1104 764 1159 quam
793 1104 1098 1156 compressa
1136 1093 1303 1163 gloria
1326 1131 1340 1157 ,
1382 1109 1539 1162 quam
1574 1106 1595 1131 ο
1630 1110 1923 1163 pr0pagare
1952 1112 2014 1150 ac
2049 1097 2182 1149 dila-

604 1190 722 1237 tare
770 1182 1063 1236 laboratis?
1113 1186 1129 1215 ¹
1180 1186 1358 1250 Quid,
1404 1188 1542 1255 quod
1588 1188 1915 1243 diversarum
1946 1191 2178 1259 gentium

605 1284 787 1324 mores
816 1273 953 1325 inter
980 1287 1069 1335 se,
1107 1282 1263 1341 atque
1294 1275 1534 1328 instituta
1583 1277 1924 1341 discordant,
1957 1287 2013 1331 ut
2041 1281 2180 1348 quod

606 1361 744 1428 apud
772 1362 907 1433 alios
939 1361 1091 1416 laude
1112 1405 1126 1426 ,
1170 1366 1306 1431 apud
1344 1364 1476 1417 alios
1511 1368 1769 1434 supplicio
1800 1369 2014 1437 dignum
2040 1370 2182 1437 judi-

604 1464 777 1510 cetur.
808 1456 925 1523 Quo
955 1460 1015 1510 fit
1037 1498 1050 1520 ,
1085 1467 1139 1510 ut
1160 1458 1279 1525 ⁴(ΞΟ)
1313 1459 1354 1511 si
1383 1475 1539 1525 quem
1570 1458 1725 1513 {amre
1757 1462 2061 1528 praedicatio
2089 1462 2181 1516 de-

607 1547 767 1601 lectat
792 1588 806 1611 ,
838 1547 961 1601 huic
987 1589 1000 1609 ,
1043 1550 1091 1600 in
1126 1549 1382 1615 plurimos
1412 1551 1634 1617 populos
1676 1566 1868 1604 nomen
1917 1553 2176 1621 proferre,

607 1638 753 1690 nullo
775 1638 932 1691 modo
958 1638 1238 1691 cenducat.
1269 1640 1381 1691 Erit
1412 1640 1569 1708 igitur
1593 1650 1871 1709 pervagata
1897 1644 2034 1696 inter
2054 1656 2180 1696 suos

605 1729 773 1798 gloria
814 1732 1038 1799 quisiuc
1078 1740 1396 1797 contentus,
1428 1741 1481 1786 et
1511 1735 1644 1786 intra
1680 1735 1833 1787 unius
1863 1736 2034 1804 gentis
2066 1745 2176 1789 ter-

2250 1676 2253 1679 -
2282 1643 2415 1696 culis
2465 1644 2766 1710 postulatis.

2285 563 2479 630 annis,
2528 564 2781 631 quoniam
2829 572 3111 631 utrumque
3158 565 3387 632 Spatium
3439 564 3713 617 deﬁnitum
3763 574 3865 629 est,

2286 650 2561 704 minimam
2605 652 2777 715 licet,
2820 652 2981 706 habet
3006 662 3181 705 tamen
3222 653 3450 720 aliquam
3486 650 3504 688 ί
3540 653 3863 721 portionem.

2288 740 2358 795 At
2388 741 2474 795 hic
2504 742 2615 810 ipse
2645 756 2900 795 numerus
2925 757 3203 803 annorum,
3230 745 3450 811 ejusque
3478 742 3870 810 quantumlibet

2288 830 2590 897 multiplex,
2620 830 2733 901 (10)
2766 832 2829 883 ad
2853 841 2879 878 ις
2906 832 3348 885 interininabilem
3375 835 3774 888 d‘nturnitatem
3800 852 3867 891 no

2284 922 2584 987 comparari
2614 922 2827 988 quidem
2871 931 3065 990 potest.
3119 925 3323 977 Etenim
3359 925 3519 977 ﬁnitis
3551 926 3615 978 ad
3644 941 3702 978 se
3734 929 3865 980 invi-

2282 1024 2402 1063 cem
2444 1010 2603 1064 fuerit
2634 1010 2906 1075 qumdam,
2949 1012 3139 1065 inﬁniti
3177 1028 3305 1065 vero
3334 1022 3491 1081 atque
3524 1015 3687 1073 ﬁniti,
3726 1018 3863 1071 nulla

2292 1114 2521 1167 unquam
2546 1102 2741 1165 poterit
2766 1115 2883 1154 esse
2913 1102 3154 1155 collatio.
3197 1103 3271 1155 lta
3298 1102 3393 1165 ﬁt,
3438 1114 3493 1155 ut
3517 1101 3541 1140 λ·
3576 1106 3866 1173 quamlibet

2282 1193 2477 1259 prolixi
2512 1193 2769 1259 temporis
2797 1193 2963 1259 fama,
2996 1193 3040 1247 si
3068 1208 3187 1247 cum
3216 1194 3529 1248 inexhausta
3571 1198 3867 1251 mternitate

2283 1282 2572 1350 cogitetur,
2608 1297 2711 1335 non
2746 1298 2904 1351 parva
2924 1324 2939 1344 ,
2970 1282 3063 1337 sed
3096 1285 3255 1352 plane
3284 1286 3423 1338 nulla
3454 1299 3576 1339 esse
3600 1286 3853 1363 videatur.

2285 1370 2392 1425 Vos
2419 1382 2627 1437 autem,
2660 1372 2763 1425 nisi
2793 1374 2859 1426 ad
2887 1375 3173 1442 populares
3202 1389 3391 1443 auras,
3423 1375 3714 1444 inanesque
3745 1377 3861 1445 (15)

2298 1476 2538 1516 rumores
2570 1461 2609 1524 ί,
2642 1471 2790 1517 recte
2818 1464 2993 1518 facere
3024 1465 3263 1530 nescitis,
3288 1475 3341 1519 et
3371 1466 3553 1518 relicta
3582 1469 3861 1521 conscien-

2286 1551 2370 1604 tia:
2393 1552 2710 1618 virtutisque
2736 1555 3045 1621 prmstantia
3069 1554 3136 1608 de
3161 1555 3351 1607 alienis
3376 1556 3589 1628 praemia
3617 1573 3865 1611 sermun-

2841 1645 3036 1713 Accipe
3092 1646 3143 1698 in
3196 1645 3498 1713 hujiismodi
3546 1653 3863 1718 arrogantia:

2282 1734 2498 1787 levitate
2529 1749 2686 1800 quam
2727 1733 2915 1788 festive
2941 1735 3134 1804 aliquis
3160 1736 3407 1790 illuserit.
3445 1738 3573 1791 Nam
3601 1754 3720 1792 cum
3750 1742 3863 1807 qui-

607 1824 779 1875 ininos
811 1824 1065 1889 prmelara
1098 1824 1181 1877 illa
1220 1824 1373 1877 fama:
1405 1825 1772 1877 immortalitas
1798 1821 2175 1881 coarctzibitur.
2213 1836 2259 1893 Β
2286 1825 2408 1878 dam
2444 1835 2460 1875 t
2500 1824 2719 1877 adortus
2745 1832 2888 1878 esset
2914 1825 3184 1879 hominem
3215 1829 3557 1883 contumeliis
3581 1869 3597 1893 ,
3641 1831 3727 1896 qui
3760 1846 3863 1883 non

608 1913 766 1983 158
788 1913 893 1967 Sed
914 1915 934 1943 ²
960 1929 1115 1981 quam
1147 1915 1340 1968 inultos
1369 1916 1693 1969 clarissimos
1722 1918 1832 1970 suis
1855 1918 2181 1984 temporibus

605 2002 747 2055 viros
794 2002 1112 2070 scriptorum
1156 2003 1306 2071 inops
1351 2004 1549 2058 delevit
1591 2006 1813 2059 oblivio!
1866 2006 2177 2075 Quanquam

604 2090 729 2158 quid
764 2092 875 2159 ipsa
913 2092 1109 2160 scripta
1153 2093 1466 2160 proﬁciant,
1509 2111 1625 2161 quze
1655 2094 1679 2130 ά
1709 2110 1827 2148 cum
1859 2096 1970 2149 suis
2000 2108 2183 2151 aucto-

604 2182 750 2236 ribus
794 2184 983 2252 premit
1033 2184 1240 2253 longior
1279 2194 1437 2254 atque
1479 2186 1702 2239 obscura
1734 2187 2016 2241 vetustas?
2076 2187 2182 2244 Vos

603 2282 779 2326 autem
826 2273 1281 2328 immortalitatem
1348 2276 1499 2328 vobis
1562 2290 1859 2346 propagare
1905 2277 2180 2341 videmini,

604 2374 726 2414 cum
756 2360 916 2414 futuri
950 2361 1144 2414 famam
1170 2363 1433 2431 temporis
1461 2364 1539 2433 (5)
1568 2364 1830 2434 cogitatis.
1861 2364 2010 2432 Quod
2038 2368 2083 2421 si
2114 2368 2179 2422 ad

606 2451 917 2506 aeternitatis
947 2452 1147 2506 inﬁnita
1188 2453 1357 2521 spatia
1388 2462 1411 2489 °
1464 2464 1787 2521 pertractes,
1831 2457 1959 2524 quid
1993 2457 2177 2523 habes,

609 2541 745 2609 quod
777 2541 845 2597 de
871 2542 943 2596 tui
970 2544 1201 2599 nominis
1230 2543 1579 2599 diuturnitate
1607 2546 1840 2601 latteris?
1871 2546 2039 2603 Unius
2067 2558 2185 2604 ete-

2289 1915 2353 1969 ad
2383 1929 2523 1968 vera:
2552 1915 2761 1968 virtutis
2791 1929 2944 1968 usum
2971 1956 2987 1979 ,
3033 1916 3127 1970 sed
3175 1916 3241 1969 ad
3286 1918 3591 1983 superbiam
3642 1920 3863 1988 gloriam

2284 2005 2478 2058 falsum
2526 2006 2625 2058 sibi
2674 2006 2979 2075 philosophi
3024 2021 3217 2061 nomen
3248 2009 3531 2074 induerat,
3580 2011 3691 2080 (ΞΟ)
3722 2013 3863 2081 adje-

2284 2098 2545 2164 cissetque
2565 2096 2673 2163 jam
2702 2111 2759 2149 se
2787 2097 3044 2150 sciturum
3065 2138 3079 2161 ,
3118 2111 3182 2150 an
3207 2098 3296 2150 ille
3327 2099 3673 2168 philosophus
3693 2115 3858 2169 esset,

2284 2186 2543 2255 siquidem
2584 2186 2758 2239 illatas
2797 2182 3014 2254 injurias
3056 2187 3249 2242 leniter
3304 2189 3669 2260 patienterque
3726 2193 3862 2246 tole-

2286 2288 2477 2333 rasset.
2513 2279 2603 2332 Ille
2633 2279 2945 2348 patientiam
2981 2281 3253 2349 paulisper
3281 2285 3592 2350 assumpsit,
3620 2298 3862 2352 accepta-

2287 2383 2389 2436 que
2419 2370 2743 2424 contumelia
2778 2370 2924 2424 velut
2951 2371 3241 2435 insultans,
3270 2372 3380 2441 jam
3406 2374 3641 2441 tandem,
3674 2377 3863 2445 inquit,

2290 2460 2543 2528 intelligis
2576 2474 2661 2514 me
2689 2475 2808 2515 esse
2849 2460 3255 2530 philosophum?
3302 2464 3457 2535 159
3499 2466 3634 2520 Tum
3664 2468 3751 2523 ille
3780 2470 3860 2524 ni-

2290 2552 2453 2604 mium
2479 2550 2820 2616 mordaciter,
2846 2552 3239 2616 intellexeram,
3263 2556 3454 2625 inquit,
3482 2556 3500 2587 ³
3522 2559 3570 2612 si
3595 2561 3849 2616 tacuisses

1954 2706 2530 2762 INTERPRETATIO.

678 2825 706 2885 fl
746 2817 802 2870 lii
833 2818 1038 2872 somnio
1064 2817 1328 2885 Scipionis

677 2883 706 2924 ι’
749 2888 979 2939 Romana
1011 2883 1328 2955 respublica.

682 2965 705 2994 ε
750 2955 854 3009 Vos
884 2958 1146 3012 homines.

677 3024 705 3061 ά
747 3025 868 3079 Non
897 3044 1039 3080 secus
1064 3046 1123 3079 ac
1148 3046 1265 3081 suos
1293 3039 1543 3085 auctores.

680 3105 704 3132 ⁸
746 3096 986 3166 Proferas
1014 3098 1357 3154 conferendo.

2361 2822 2383 2858 ἵ
2431 2822 2833 2885 Proportionem.

2362 2901 2389 2961 ε
2434 2892 2717 2961 Inﬁnitam.

2363 2959 2389 3037 ξι
2435 2959 2816 3038 Quantumlibet
2846 2969 2998 3038 longi.

2365 3030 2378 3067 ί
2429 3034 2805 3092 Conciiandos.

2358 3104 2371 3150 i
2421 3102 2701 3169 A/fccisset.

2040 3222 2043 3227 ’
2090 3241 2342 3308 moras.

680 3373 698 3403 ¹
743 3370 877 3435 Quid
906 3374 1037 3447 quod
1064 3374 1380 3447 diversarum
1405 3377 1629 3443 gentium
1652 3393 1838 3441 mores,
1867 3374 1996 3447 etc.]
2025 3376 2185 3429 Doni-

612 3455 713 3509 que
750 3443 992 3511 quamvis
1032 3452 1233 3496 tantum
1282 3445 1418 3498 foret
1456 3447 1680 3510 alicujus
1727 3464 1919 3501 nomen
1946 3443 2097 3511 ,‘lioc
2128 3457 2182 3502 ut

612 3510 889 3585 pervenire
915 3522 1097 3585 posset
1125 3514 1189 3585 ad
1221 3528 1410 3585 omnes
1441 3518 1618 3567 mundi
1652 3519 1896 3584 populos,
1922 3510 2027 3570 non
2062 3532 2185 3585 pro-

611 3580 1074 3654 ptereaejnsdem
1126 3583 1292 3650 gloria
1334 3593 1478 3654 tanta
1524 3580 1666 3638 esset
1699 3580 1989 3654 {quoniam
2043 3580 2182 3650 quod

611 3649 748 3717 apud
777 3649 910 3701 alios
940 3650 1110 3722 laude,
1136 3649 1184 3702 id
1213 3653 1348 3719 apud
1371 3652 1502 3705 alios
1524 3649 1783 3721 supplicio
1806 3649 2182 3722 dignumjudi-

611 3720 974 3793 catur_:_quod
1022 3721 1268 3773 nimirum
1317 3724 1495 3793 populi
1546 3720 1882 3789 pra'jndiciis‘
1911 3720 2085 3793 potius
2131 3737 2185 3781 et

613 3789 1054 3861 praicipitatione,
1080 3806 1236 3857 quam
1259 3792 1487 3844 evidenti
1515 3794 1719 3847 ratione
1744 3796 1881 3847 ducti
1904 3789 2179 3861 judicent:

609 3860 687 3910 sie
705 3859 1004 3931 qum-nobis
1029 3862 1241 3931 placent
1261 3873 1457 3923 vestes,
1482 3864 1671 3929 epulae,
1697 3859 1970 3917 eceteraivc
1993 3867 2181 3931 agendi

610 3928 947 4003 patiendique
977 3928 1157 3983 forma:
1178 3968 1193 3993 ,
1234 3930 1314 3983 ha.-
1340 3928 1537 3985 exteris
1565 3935 1869 3988 nationibus
1898 3928 2184 4003 displicent

609 4010 825 4055 smptus.

680 4066 703 4096 ²
740 4067 904 4146 Quam
945 4066 1166 4146 multos,
1194 4070 1322 4146 etc_._]
1372 4070 1457 4123 IV.
1512 4072 1857 4146 PhiloSophia
1892 4075 2184 4146 subjungit,

616 4136 923 4212 p_r:edictam
955 4137 1144 4212 famam
1179 4133 1324 4192 nihili
1358 4144 1640 4206 potandam
1672 4133 1790 4197 esse
1820 4133 2035 4212 propter
2069 4133 2187 4201 hic;

609 4205 788 4277 viores
801 4208 1083 4277 temporis,
1106 4224 1209 4273 quo
1229 4205 1423 4263 durare
1448 4216 1631 4277 possit,
1656 4205 1867 4269 limites.
1892 4205 2021 4268 Cum
2042 4219 2184 4272 enim

608 4273 750 4327 fama
799 4276 913 4328 hinc
958 4278 1025 4328 ah
1072 4279 1239 4331 aliena
1288 4279 1354 4332 de
1396 4273 1498 4333 tuis
1547 4273 1750 4335 meritis
1793 4287 2185 4342 existimatione

609 4346 860 4424 pendeat,
895 4347 1072 4424 tatidiii
1103 4348 1360 4424 duntaxat
1388 4351 1487 4403 ista
1520 4352 1657 4424 fama
1689 4355 1920 4419 durabit,
1952 4359 2184 4424 quandiu

608 4416 663 4467 in
693 4415 811 4468 aliis
841 4416 1138 4470 hominibus
1166 4421 1362 4485 vigebit
1402 4421 1709 4475 meritorum
1742 4415 1948 4478 tuorum
1970 4415 2185 4480 'niemo-

608 4485 687 4562 ria_
721 4487 908 4562 :_atqui
943 4488 1070 4562 haec
1084 4491 1337 4541 memoria
1368 4494 1617 4562 perennis
1644 4509 1764 4548 esse
1802 4496 1983 4562 nequit
2014 4512 2029 4550 :
2060 4512 2181 4551 nam

605 4554 689 4635 γει
718 4555 939 4635 deerunt
955 4557 1277 4635 scriptores,
1312 4554 1500 4625 quibus
1529 4566 1809 4635 cerebrum
1842 4554 2182 4635 montemque

608 4624 884 4702 hominum
917 4627 1204 4681 identidem
1226 4624 1736 4702 commoventihus,
1769 4634 2024 4702 impressa
2057 4624 2179 4692 ttio-

607 4708 729 4768 rut_n
756 4696 1067 4768 meritorum
1106 4699 1325 4768 Vestigia
1356 4711 1678 4756 renoventur
1706 4696 1727 4757 :7
1755 4696 2104 4760 vel-aderunt.

678 4764 732 4843 _Si
770 4764 1036 4843 defuerint
1078 4764 1367 4843 scriptores
1390 4813 1404 4835 ,
1441 4780 1491 4825 te
1514 4810 1530 4835 ,
1566 4788 1669 4825 non
1710 4790 1863 4829 secus
1898 4791 1961 4829 ac
2001 4777 2180 4843 plures

605 4833 1092 4907 snistetnporibus
1138 4833 1463 4893 clarissimos
1509 4833 1654 4895 viros
1702 4845 1933 4907 delevit,
1974 4833 2180 4901 o'hlivio

607 4903 823 4955 delebit.
851 4904 939 4957 Sic
968 4905 1325 4984 Romanorum
1357 4912 1733 4984 inerita‘veluti
1764 4903 1969 4982 sepulta
1994 4916 2178 4984 jacue-

606 4981 766 5055 runt‘,
815 4985 1029 5053 auctore
1058 4978 1309 5055 Sallustio
1354 4979 1432 5055 in_
1455 4981 1596 5034 bello
1638 4978 1946 5038 Catilinario
1971 4978 2011 5051 ,⁷
2037 4986 2177 5055 quod

606 5041 1024 5123 prudentissimus
1054 5047 1264 5112 quisque
1294 5050 1512 5102 maxime
1538 5056 1826 5125 negotiosus
1858 5041 2008 5107 erat':
2040 5041 2179 5125 inge-

609 5110 746 5195 nium
788 5127 931 5163 nemo
968 5110 1075 5195 sine
1110 5131 1323 5183 corpore
1360 5110 1624 5195 exercebo?
1655 5138 1674 5174 :
1697 5126 1929 5195 eptimns
1971 5110 2177 5195 quisque

607 5184 770 5248 facere
797 5183 1152 5261 guam__diccra
1179 5226 1195 5249 ,
1232 5198 1281 5240 et
1316 5206 1411 5242 sua
1438 5190 1499 5241 ab
1534 5192 1647 5243 aliis
1687 5183 1944 5261 benefacta
1973 5183 2175 5248 laudari

605 5265 751 5315 quant
790 5251 896 5316 ipse
922 5253 1141 5308 aliorum
1168 5272 1376 5311 narrare
1405 5261 1640 5314 malebat.
1683 5265 1772 5318 Sic
1800 5251 2030 5319 virorum
2062 5266 2173 5320 fur-

606 5320 754 5383 tium,
778 5322 865 5401 qui
890 5335 1011 5401 ante
1037 5325 1433 5401 Agamemnona
1457 5331 1721 5399 vixerunt,
1746 5336 1882 5401 quod
1917 5338 1966 5390 hi
1990 5354 2175 5395 carue-

609 5400 707 5478 {Int
733 5393 1080 5478 scriptoribus
1113 5399 1279 5463 poetis
1305 5436 1339 5478 ,_
1368 5400 1538 5478 virtus
1579 5393 1908 5461 celata-latet
1934 5449 1947 5471 ,
1975 5393 2175 5478 judicio

607 5452 803 5513 iloratii
836 5452 925 5516 ῆι).
959 5480 1008 5517 ιν
1038 5452 1241 5530 Carm,
1274 5452 1361 5520 od.
1395 5469 1427 5522 9
1462 5485 1477 5520 :

786 5553 825 5620 Χ
832 5556 876 5620 ix_
884 5569 971 5605 ore
991 5556 1143 5606 fortes
1160 5566 1275 5607 ante
1302 5561 1658 5620 Agamemnona

785 5615 921 5683 multi
950 5630 962 5663 :
988 5620 1077 5667 sed
1102 5633 1273 5669 omnes
1298 5615 1668 5683 illacrymahiles

848 5677 1118 5745 Urgentur;
1147 5686 1397 5743 ignotique
1423 5677 1561 5745 longa

902 5739 1056 5788 Necte
1081 5758 1091 5791 :
1112 5752 1280 5792 careat
1302 5739 1411 5805 quia
1438 5739 1545 5799 vate
1570 5764 1726 5801 sacro.

2360 3375 2416 3428 Si
2434 3392 2577 3452 _vero
2605 3377 2875 3433 adfuerint
2903 3382 3212 3450 scriptores,
3242 3384 3380 3452 quod
3413 3384 3595 3440 eoinm
3626 3388 3744 3442 liliri
3777 3399 3865 3443 aut

2290 3445 2479 3525 injuria
2511 3457 2829 3512 temporum,
2862 3463 2951 3528 aut
2981 3445 3513 3523 hominum-ipsorum
3548 3460 3864 3528 negligentia

2292 3518 2485 3593 saepius
2514 3522 3019 3593 pereant,nondnm
3060 3518 3312 3577 constare
3337 3531 3527 3588 poterit
3555 3518 3647 3581 tilii
3668 3518 3859 3593 ,νιιιειιιι

2290 3584 2717 3662 faniammhorum
2761 3590 3016 3644 beneﬁcio
3061 3593 3171 3645 {ore
3233 3584 3558 3662 perpetnaiii.
3603 3584 3707 3653 Sed
3748 3617 3861 3651 nia-

2288 3664 2457 3730 neant
2483 3656 2631 3720 liliri,
2666 3668 2981 3730 maneatque
3020 3656 3342 3729 scriptoriini
3382 3669 3637 3720 memoria
3664 3709 3678 3730 ,
3713 3669 3781 3721 ita
3813 3684 3865 3721 nt

2287 3723 2367 3802 de
2388 3723 2491 3776 tuis
2520 3728 2723 3802 meritis
2752 3723 2930 3802 dicere
2963 3723 3151 3796 possis,
3176 3734 3315 3802 quod
3343 3736 3560 3790 Ovidius
3582 3723 3776 3793 cecinit
3800 3741 3866 3793 dc

2287 3792 2397 3845 suis
2424 3798 2745 3849 carminibus
2770 3814 2835 3851 xv
2868 3792 3080 3854 Metam.
3121 3818 3134 3853 :

2388 3882 2592 3957 iamque
2618 3899 2739 3957 opus
2764 3892 2935 3949 exegi,
2960 3892 3085 3951 quod
3111 3906 3202 3957 nec
3224 3893 3363 3943 Jovis
3387 3897 3475 3957 ira,
3502 3909 3595 3944 nec
3614 3900 3770 3957 ignes,

2378 3943 2482 3993 Nec
2506 3943 2688 4006 poterit
2710 3943 3033 4011 ferrunijnéc
3067 3954 3191 4001 edax
3219 3957 3419 4005 abolere
3447 3943 3682 4007 v'etuStaLs.

2285 4023 2783 4107 Tuapihilominus
2824 4030 2995 4099 fama,
3041 4034 3137 4100 ipsi
3183 4035 3345 4088 etiam
3389 4038 3587 4091 mundo
3611 4055 3862 4107 :equmvn,

2290 4094 2503 4148 brevior
2551 4108 2739 4170 esset,
2782 4116 2938 4164 quam
2985 4094 3315 4170 iit-propter
3364 4123 3482 4160 eam
3527 4094 3864 4161 obtinendam

2291 4178 2448 4235 agere
2500 4167 2672 4231 possis
2715 4186 2727 4220 :
2773 4173 3066 4235 przesertim
3097 4167 3161 4225 ἐἰ
3201 4167 3295 4226 illa
3343 4174 3499 4229 fama:
3548 4178 3867 4232 diuturnitas

2294 4233 2599 4288 conferatur
2628 4252 2746 4310 eum
2775 4233 3099 4310 ietei'nitate,
3142 4258 3299 4310 quam
3330 4261 3480 4300 mens
3512 4247 3739 4301 humana
3770 4252 3866 4301 du-

2290 4312 2468 4356 ratura
2500 4315 2604 4359 est.
2643 4305 2774 4359 Nam
2807 4309 2850 4362 si
2881 4305 3193 4364 brevissima
3241 4315 3400 4368 unius
3431 4320 3684 4371 momenti
3716 4334 3864 4373 mora

2287 4386 2407 4451 cum
2435 4373 2617 4427 decem
2653 4378 2887 4451 millibus
2913 4381 3065 4434 annis
3092 4381 3303 4448 collata,
3346 4400 3505 4451 parva
3538 4397 3619 4439 est
3656 4389 3868 4440 diuini--

2290 4446 2447 4522 nitas,
2476 4454 2621 4522 certe
2653 4447 2854 4515 integra
2885 4453 3178 4522 nonimodo
3205 4446 3329 4507 vitae
3350 4446 3590 4508 'hominis
3615 4458 3854 4522 senioris,

2209 4534 2262 4593 Ι)
2287 4513 2381 4564 sed
2419 4513 2583 4593 ipsius
2612 4513 2823 4593 quoque
2855 4520 3035 4593 mundi
3065 4521 3385 4593 diuturnitas
3420 4538 3536 4577 eum
3567 4513 3865 4581 mternitaxe

2285 4592 2618 4663 comparata,
2649 4586 2888 4663 minima,
2917 4589 3187 4663 imo_nulla
3216 4600 3297 4645 est
3318 4593 3634 4647 diuturnitas
3658 4612 3672 4647 :
3696 4611 3859 4663 quan.

2285 4651 2569 4732 doquidem
2608 4658 2745 4732 inter
2774 4658 3403 4732 prioresdiuturnitates,
3438 4672 3495 4717 ut
3524 4676 3647 4732 pote
3678 4651 3863 4718 ainhns

2286 4722 3002 4803 liiiitas,_es_t_aliqtia;._sed
3052 4731 3191 4784 inter
3238 4722 3601 4800 posteriores,
3641 4750 3862 4803 quarunt

2283 4790 2451 4869 altera
2498 4790 2747 4869 inﬁnita,
2783 4796 2934 4869 nulla
2982 4809 3064 4853 est
3104 4790 3409 4869 proportio;
3472 4790 3600 4857 sive,
3629 4790 3687 4857 u't
3727 4820 3867 4857 nnin:

2284 4859 2481 4936 dicitur
2512 4865 2676 4936 portio
2704 4879 2724 4917 :
2751 4867 2828 4919 sic
2856 4869 2997 4921 enim
3027 4859 3257 4936 loq'u'itiir
3284 4859 3502 4925 Curtius
3526 4892 3537 4924 :
3563 4873 3863 4932 Prwmim»,

2287 4929 2475 5007 inquit,
2508 4929 2601 5007 erit
2628 4935 2674 4986 ei
2702 4936 2787 5007 qui
2813 4939 3006 5005 primus
3042 4929 3358 5007 occupaverit
3387 4944 3638 5007 verticem,
3675 4929 3866 4997 talenta

2285 4998 2475 5080 decem.
2526 4998 2851 5080 Unam-tinus
2895 5010 3105 5080 accipiet
3149 4998 3237 5080 qui
3279 5013 3541 5077 proximus
3578 4998 3863 5074 ei'veneri't,

2285 5069 2667 5152 eademquenatl
2710 5077 2879 5128 decem
2922 5069 3475 5152 homines'seriialiitur
3517 5085 3702 5152 portio.
3753 5069 3862 5136 νο(

2280 5140 2667 5215 interminabilis
2687 5182 2703 5215 ,
2731 5160 2888 5212 quam
2920 5162 3024 5201 non
3050 5150 3217 5203 semel
3244 5150 3460 5205 adhibet
3488 5140 3703 5206 fioetius
3721 5194 3736 5215 ,
3764 5157 3864 5206 nii-

2282 5222 2382 5284 nus
2428 5210 2626 5284 Latina
2659 5210 2865 5268 videtur
2899 5234 2910 5267 :
2942 5215 3130 5272 Cicero
3175 5218 3379 5273 diceret
3426 5210 3860 5284 interminatam;

2281 5280 2459 5360 sicuti
2488 5281 2702 5360 de_Nat.
2733 5285 2916 5337 deor.:
2958 5288 3019 5340 Si
3063 5289 3377 5353 immensam,
3408 5292 3596 5360 inquit,
3627 5304 3676 5345 et
3705 5280 3863 5346 inter;

2280 5350 2522 5432 minatum
2562 5351 2615 5403 in
2671 5369 2842 5407 omnes
2904 5366 3073 5424 partes
3132 5350 3538 5429 magnitudinem
3582 5350 3862 5432 regionum

2286 5417 2535 5471 videretis.

2358 5486 2481 5569 ’USi
2507 5490 2791 5569 tacuissem]
2820 5495 3003 5569 Simile
3023 5508 3104 5553 est
3128 5497 3256 5554 illud
3282 5500 3553 5556 Ciceronis
3579 5516 3674 5569 pro
3695 5502 3856 5555 Arrli.

2293 5554 2618 5641 Ρῆξίοερωιί,
2650 5554 2850 5631 inquit,
2894 5568 2959 5641 iit
2981 5570 3164 5631 libros,
3196 5572 3260 5622 de
3297 5554 3658 5625 contemnenda
3696 5554 3863 5641 alario

2284 5627 2737 5711 scribttttl,'ttome1i
2763 5651 2912 5711 suum
2944 5627 3248 5701 inscribunt,
3283 5649 3330 5693 et
3356 5643 3409 5694 in
3437 5658 3493 5694 eo
3523 5644 3653 5711 ipso,
3678 5627 3731 5693 iit
3762 5660 3864 5710 quo

2288 5698 2699 5782 pradicntiopent
2722 5703 3125 5784 nobilitatemque
3163 5698 3467 5778 despiciunt,
3498 5698 3861 5784 pitrdicnri'dc

2288 5780 2337 5816 te
2364 5781 2421 5817 ac
2450 5771 2699 5825 nominari
2725 5775 2912 5830 volunt.
