4292 6262
442 400 539 458 Πδ

440 602 516 654 ais
540 605 683 659 enim
713 619 891 658 sermo
918 607 1022 671 εει)
1046 607 1134 673 qui
1154 606 1348 659 virtute
1365 607 1584 676 gloriam
1606 617 1817 675 petunt;
1852 608 2002 674 quid,

442 692 694 761 Inquam,
728 704 810 747 est
832 733 849 758 ,
896 694 1035 762 quod
1077 693 1142 747 atl
1176 694 1271 748 bos
1300 694 1367 748 de
1396 696 1530 748 fama
1562 706 1679 765 post
1716 697 2006 750 resolutum

440 790 613 835 morte
638 795 888 850 suprema
918 798 1112 850 corpus
1138 785 1392 837 attineat?
1428 785 1558 839 Nam
1587 788 1654 851 si,
1685 786 1826 854 quod
1863 789 1878 818 ¹
1914 802 2008 840 no-

439 880 563 925 stra:
591 873 825 926 rationes
855 872 935 942 (5)
962 873 1105 927 credi
1144 885 1355 941 vetant,
1386 878 1478 928 toti
1510 880 1807 931 moriuntur
1834 879 2007 932 ltomi-

438 974 568 1022 nes,
598 961 740 1015 nulla
768 973 848 1016 est
880 962 1095 1017 omnino
1120 965 1310 1034 gloria,
1364 981 1486 1020 cum
1518 968 1562 1019 is
1581 1008 1595 1028 ,
1628 968 1779 1036 cujus
1802 986 1863 1023 ea
1892 985 2011 1025 esse

438 1050 652 1114 dicitur,
683 1067 787 1105 non
812 1063 990 1106 exstet
1015 1055 1254 1108 omnino.
1288 1056 1383 1110 Sin
1411 1072 1535 1111 vero
1563 1058 1699 1112 bene
1728 1075 1880 1113 mens
1906 1062 2005 1114 sibi

438 1140 653 1194 conscia
683 1138 711 1177 δ
736 1181 752 1207 ,
787 1151 998 1196 terreno
1045 1158 1262 1199 carcere
1308 1149 1536 1200 resoluta
1561 1190 1576 1213 ,
1622 1150 1813 1204 caelum
1846 1151 2009 1205 libera

439 1231 602 1298 petit,
633 1226 810 1288 ncnne
839 1250 998 1289 omne
1026 1248 1291 1291 terrenum
1326 1241 1590 1307 negotium
1621 1252 1859 1309 spernet,
1889 1258 2009 1313 qua:

437 1336 518 1386 se,
545 1322 684 1377 cmlo
714 1323 916 1391 fruens,
952 1328 1175 1381 terrenis
1201 1330 1395 1397 gaudet
1425 1342 1747 1400 exemptam.

876 1419 1028 1489 161
1076 1420 1362 1475 METRUM
1393 1426 1409 1445 ‘
1456 1422 1567 1477 VII.

438 1504 831 1585 Ancuuaurou.
904 1538 971 1549 ——
1004 1508 1349 1585 ‘I’ltilosopltia
1388 1515 1563 1565 stricta
1608 1516 2009 1585 oralionelquod

505 1578 673 1629 statim
704 1578 905 1631 dixerat
935 1580 1101 1654 soluta
1140 1591 1410 1654 repetens,_
1430 1584 1671 1651 exemplis
1709 1578 1894 1654 probat.
1924 1587 2004 1653 [ao

506 1661 663 1709 mam,
694 1663 824 1725 quia
848 1665 936 1725 per
965 1650 1117 1701 vitam
1152 1666 1262 1725 non
1313 1652 1411 1703 nisi
1455 1650 1637 1725 exigua
1671 1650 1776 1707 esse
1823 1650 2006 1725 potest,

502 1718 824 1790 morte/iniri
848 1733 868 1769 .'
890 1719 962 1770 ita
994 1730 1047 1770 ut
1075 1720 1255 1786 quibus
1296 1725 1437 1790 fama
1465 1718 1573 1775 hte'c
1618 1718 2011 1778 videtur'aitera

504 1786 627 1848 vita,
662 1787 742 1840 Itis
763 1789 964 1855 gemina
984 1803 1122 1841 mors
1147 1786 1407 1844 subeunda
1434 1791 1522 1845 sit.

1344 407 1429 460 DE
1468 406 1975 462 CONSOLATIONE
2017 406 2487 463 PHILOSOPHIAE
2529 410 2656 464 LIB.
2698 411 2759 463 ll.

437 508 597 584 159
626 513 763 581 Quid
788 523 964 569 autem
993 523 1095 577 est,
1127 515 1349 587 quodad
1383 525 1408 551 ι
1442 516 1739 583 praecipuos
1756 515 2004 584 viros(de
2036 522 2077 575 Α

3580 411 3681 463 7H

2253 517 2564 588 Quicunque
2591 518 2760 572 solam
2792 527 2969 573 mente
3002 519 3263 588 praecipiti
3296 521 3429 590 petit

2256 608 2636 677 Summumque
2662 610 2831 664 credit
2856 610 3101 679 gloriam,

2256 696 2385 752 Late
2416 708 2660 766 patentes
2677 698 2891 754 aetheris
2920 709 3105 755 cernat
3131 701 3330 771 plagas,

2332 786 2486 857 162
2506 790 2831 858 Arctumque
2858 800 3120 846 terrarum
3150 793 3310 847 situm
3335 810 3348 845 :

2115 888 2148 941 5
2257 887 2477 943 Brevem
2500 890 2708 959 replere
2737 906 2841 943 non
2868 891 3092 947 valentis
3116 894 3370 949 ambitum

2332 989 2550 1043 Pudebit
2578 990 2716 1044 aucti
2744 992 2993 1046 nominis.

2253 1087 2390 1155 Quid
2420 1103 2454 1142 o
2480 1089 2698 1157 superbi
2720 1090 2855 1143 colla
2877 1091 3086 1144 mortali
3114 1091 3241 1161 jugo

2326 1186 2543 1239 Frustra
2577 1186 2753 1241 levare
2777 1187 3055 1256 gestiunt?

2256 1288 2403 1342 Licet
2435 1296 2670 1343 remotos
2693 1289 2829 1343 reuma
2858 1306 2953 1360 per
2974 1290 3196 1359 populos
3223 1304 3409 1346 means

2122 1389 2185 1443 l0
2328 1388 2548 1455 Dill'usa,
2574 1390 2778 1459 linguas
2801 1391 3055 1459 explicet,

2254 1488 2315 1543 Et
2345 1504 2533 1558 magna
2557 1490 2724 1543 titulis
2752 1489 2949 1559 fu'geat
2974 1489 3135 1543 claris
3155 1489 3370 1554 domus,

2328 1590 2470 1644 Mors
2498 1590 2703 1658 spernit
2728 1591 2889 1644 altam
2921 1590 3171 1661 gloriam,

2253 1691 2479 1747 Involvit
2504 1692 2705 1746 humile
2729 1692 2947 1761 pariter,
2977 1701 3030 1746 et
3050 1679 3252 1746 celsum
3276 1701 3457 1762 caput,

2328 1792 2882 1873 JEquatquesummis
2912 1794 3111 1847 intima.

1778 1903 2356 1962 INTERPRETATIO.

502 2023 532 2050 ι
576 2012 911 2067 Ρτιεδιαηια.

504 2082 536 2120 δ
573 2085 801 2139 Suarum
829 2082 1235 2154 cogitationum.

2038 2050 2082 2109 B
2114 2017 2822 2109 4-9“???liif‘9'fi‘lefi‘?
2848 2016 3215 2109 Εἴτξηέῗέῗῗίῖίέ
3230 2026 3438 2109 fff'f‘t’?‘
3459 2017 3529 2109 .3."
3553 2018 3679 2109 ἐφ’

2112 2086 2257 2153 riam,
2289 2086 2335 2141 et
2360 2088 2505 2142 illam
2525 2098 2673 2157 putat
2698 2102 2817 2143 esse
2842 2103 3094 2141 summum
3117 2088 3349 2151 bonum;
3377 2086 3422 2139 is
3450 2090 3680 2143 considea

1937 2197 2165 2253 ΝΟΤᾸΞ.

506 2312 522 2340 ⁸
563 2308 768 2363 Nostra
795 2309 1015 2362 rationes
1045 2308 1186 2361 credi
1214 2305 1434 2377 vetant.]
1486 2306 1673 2363 Plures
1706 2308 1851 2363 enim
1887 2318 2012 2363 sunt

431 2379 684 2438 rationes.
708 2380 898 2443 quibus
917 2378 1253 2443 Philosottbia
1272 2380 1456 2445 probat
1472 2388 1701 2433 mentem
1725 2379 2007 2433 humanam

431 2465 553 2503 esse
574 2450 948 2512 immortalem,
967 2448 1206 2516 adeoque
1228 2448 1495 2501 hominem
1520 2459 1686 2501 totum
1710 2463 1814 2502 non
1837 2450 2005 2503 mori:

432 2521 642 2572 unicam
668 2521 982 2585 proferimus
1001 2534 1067 2571 ex
1089 2520 1201 2581 ipsa
1223 2518 1418 2571 mentis
1441 2525 1628 2571 natura
1650 2520 2003 2586 desumptam.

431 2589 613 2642 Omnis
642 2604 727 2641 res
757 2588 869 2642 sive
896 2588 1221 2651 substantia,
1251 2587 1401 2653 cujus
1428 2587 1573 2640 nulla
1601 2597 1683 2641 est
1714 2588 1813 2641 nisi
1854 2598 2006 2642 exte-

434 2658 543 2712 rior
569 2672 757 2721 causa,
790 2668 873 2711 est
902 2658 1150 2726 perennis
1175 2666 1229 2711 et
1256 2667 1533 2726 perpetua,
1589 2656 1699 2711 Deo
1730 2659 1999 2721 nimirum,

430 2743 461 2781 a
487 2742 591 2796 quo
614 2737 730 2791 est,
760 2742 915 2780 suum
957 2726 1144 2795 agendi
1182 2729 1429 2789 modum,
1459 2742 1563 2795 quo
1593 2727 1678 2780 illa
1707 2728 1999 2781 substantia

431 2798 639 2851 condita
661 2808 764 2855 est,
788 2797 1127 2851 contionante
1152 2813 1167 2848 :
1194 2797 1270 2850 sic
1289 2798 1473 2863 genios
1500 2806 1604 2850 tam
1636 2798 1802 2851 malos
1848 2812 2003 2865 quam

432 2866 598 2921 bonos
622 2877 905 2935 perpetuos
928 2865 1039 2921 fore
1063 2866 1327 2920 credimus
1350 2883 1365 2927 ;
1393 2869 1471 2919 sic
1497 2866 1607 2934 ipsa
1633 2868 1862 2930 materia,
1886 2882 2004 2936 quae

430 2937 587 3004 vulgo
613 2936 808 2991 dicitur
838 2938 1003 3006 prima
1023 2977 1037 2998 ,
1068 2939 1135 2989 ab
1174 2936 1419 2989 omnibus
1461 2936 1684 2990 habetur
1725 2946 2002 3006 perpetua.

430 3007 587 3074 Atqui
629 3021 779 3060 mens
823 3006 1050 3059 buntana
1080 3006 1151 3058 ita
1195 3021 1254 3060 se
1290 3006 1466 3059 habet.
1509 3006 1603 3058 Est
1629 3005 1842 3073 quidem
1875 3008 2003 3060 sub-

428 3077 648 3138 stantia,
690 3077 810 3143 quia
837 3076 990 3129 alteri
1014 3090 1114 3127 non
1145 3074 1299 3144 160
1324 3075 1611 3137 inhaerens,
1636 3077 1746 3129 suis
1766 3075 2003 3143 subjacet

427 3146 773 3215 qualitatibus
799 3163 810 3197 :
833 3155 886 3198 at
904 3145 1141 3213 ejusdem
1166 3146 1307 3215 nulla
1327 3153 1412 3215 est
1432 3144 1529 3198 nisi
1553 3145 1786 3198 exterior
1806 3160 1963 3215 causa
1986 3184 1999 3207 ,

2113 2320 2170 2364 ut
2194 2326 2344 2367 mens
2364 2320 2550 2366 nostra
2576 2311 2916 2379 imaginando
2944 2311 3075 2365 illud
3098 2311 3267 2379 possit
3283 2311 3524 2367 delinire.
3550 2312 3681 2367 llinc

2111 2382 2250 2436 cmlo
2278 2382 2533 2437 attentius
2559 2383 2915 2444 considerato,
2960 2381 3121 2435 homo
3150 2398 3215 2446 po
3241 2382 3342 2435 erit
3377 2398 3487 2435 sua:
3534 2382 3680 2436 inlir-

2111 2453 2309 2507 mitatis
2328 2453 2594 2518 convinci,
2619 2452 2848 2506 maxime
2866 2453 2911 2504 si
2934 2468 3051 2505 cum
3072 2452 3211 2506 caelo
3232 2452 3394 2506 veluti
3422 2453 3683 2508 immenso

2106 2527 2348 2576 conterat
2374 2523 2640 2591 exiguam.
2674 2521 2826 2591 cujus
2858 2522 2949 2576 ille
2981 2521 3052 2576 sit
3096 2522 3315 2575 minima
3351 2523 3544 2592 portio,
3573 2531 3680 2578 ter-

2109 2607 2244 2654 ram,
2276 2607 2389 2646 stve

2176 2661 2229 2714 4.
2259 2665 2468 2715 Arctum
2494 2672 2744 2717 terrarum
2786 2659 2983 2732 situm]
3011 2660 3080 2716 Ut
3107 2662 3250 2716 enim
3283 2663 3486 2730 integer
3524 2672 3681 2716 terrm

2107 2740 2161 2784 et
2187 2747 2339 2801 aqua:
2381 2733 2571 2799 globus
2602 2746 2722 2785 cum
2750 2732 2898 2801 coelo
2933 2732 3159 2785 collatus
3196 2732 3455 2786 rationem
3502 2734 3680 2798 puncti

2110 2800 2292 2867 habet,
2325 2801 2770 2869 quemadmodum
2794 2800 3055 2866 diximus;
3086 2802 3165 2855 sic
3189 2811 3344 2855 terra:
3381 2802 3681 2857 habitabilis

2110 2871 2300 2938 portio,
2325 2872 2378 2925 in
2409 2886 2512 2940 qua
2540 2870 2731 2940 privati
2758 2871 2995 2940 alicujus,
3013 2870 3241 2924 hominis
3264 2870 3454 2925 merita
3477 2886 3679 2939 cogno-

2110 2949 2329 2994 scantur
2350 2939 2735 3009 laudenturque
2763 2945 2830 2993 ab
2861 2939 3188 3004 hominibus,
3220 2952 3523 3007 comparata
3557 2956 3678 2994 cum

2108 3011 2314 3079 reliquo
2341 3018 2604 3079 terrarum
2627 3008 2778 3072 orbe,
2809 3010 2867 3079 in
2889 3024 2993 3077 quo
3011 3008 3151 3063 idem
3176 3010 3335 3063 homo
3364 3025 3463 3079 nec
3481 3024 3680 3079 cogno-

2107 3078 2184 3132 sci
2215 3094 2314 3134 nec
2338 3078 2543 3133 laudari
2572 3089 2765 3147 potem,
2792 3078 3037 3147 exiguum
3069 3090 3147 3131 est
3173 3079 3353 3145 puncti
3376 3078 3517 3132 illius
3549 3078 3679 3144 pum

2105 3160 2247 3202 rtttm
2273 3166 2288 3203 :
2317 3163 2482 3218 quare
2506 3151 2645 3202 hunc
2674 3148 2941 3202 hominem
2973 3159 3082 3202 tum
3112 3150 3313 3218 pudebit
3339 3150 3480 3201 aucti
3509 3152 3678 3203 uenti-

428 3214 664 3287 elliciens
720 3226 772 3266 et
818 3215 959 3287 linis,
1033 3214 1458 3287 quandoquidem
1507 3229 1574 3287 ex
1631 3214 1851 3287 materia
1895 3230 1997 3267 non
2028 3221 2073 3283 C
2104 3219 2202 3285 nis,
2227 3214 2363 3287 quoll
2394 3228 2561 3272 tamen
2583 3235 2683 3271 non
2707 3219 2838 3270 ualet
2865 3218 3058 3285 replere
3081 3214 3275 3287 brevem
3301 3218 3565 3273 ambitum.
3591 3220 3679 3275 Sic

430 3286 643 3365 pendet.
670 3286 829 3365 {Atqui
857 3285 1014 3365 hujus
1036 3299 1145 3337 suae
1168 3284 1578 3365 immortalitatis
1600 3299 1750 3336 mens
1775 3284 1996 3365 humana

428 3352 501 3408 ita
526 3355 726 3407 contria
748 3352 850 3417 est,
876 3352 1010 3407 hanc
1033 3365 1090 3406 ιιι.
1114 3368 1327 3421 semper
1354 3362 1582 3422 appetat,
1611 3368 1875 3421 quamque
1900 3352 1997 3405 sibi

428 3433 630 3477 tantum
661 3424 878 3478 deberet
906 3423 1193 3476 attribuere
1216 3464 1232 3487 ,
1266 3426 1400 3475 Itane
1449 3427 1727 3477 temeraria
1772 3425 1999 3492 quadam

427 3493 791 3562 assumptione
837 3495 1049 3547 caducis
1092 3494 1250 3547 etiam
1301 3492 1494 3553 rebus,
1537 3507 1659 3546 cum
1706 3494 1896 3561 quibus
1941 3507 2001 3547 se

427 3567 704 3631 quamdam
739 3572 885 3631 putat
912 3564 1106 3616 habere
1143 3562 1623 3628 necessitudinem,
1658 3563 1850 3616 tribuat
1881 3580 1892 3615 :
1922 3562 1999 3617 sic

426 3643 676 3701 parentes
715 3634 767 3686 in
800 3632 1015 3699 liberis,
1049 3642 1291 3685 auctores
1338 3633 1389 3685 in
1439 3635 1685 3700 scriptis,
1714 3648 1901 3687 omnes
1948 3633 1997 3685 in

425 3704 829 3772 superbioribus
855 3703 1110 3771 sepulcris
1140 3703 1493 3772 immortalem
1526 3702 1805 3770 quamdam
1838 3703 1996 3755 vitam

423 3770 701 3826 habituros
720 3770 937 3840 sperant
960 3787 975 3835 ;
997 3786 1161 3840 quare
1180 3770 1408 3836 Tullius,
1433 3771 1500 3825 de
1520 3772 1756 3835 Senect.,
1784 3771 1994 3839 Optimi,

426 3842 633 3911 inquit,
662 3843 907 3911 cujusque
932 3844 1136 3894 animus
1172 3841 1389 3895 maxime
1426 3843 1494 3894 ad
1524 3841 1861 3895 immortalem
1887 3842 1998 3912 glo-

426 3913 557 3965 riam
589 3912 786 3965 nititur.

499 4006 516 4026 '
544 4002 773 4057 Carmen
804 4010 1056 4057 constans
1093 4000 1291 4068 duplici
1325 4015 1519 4069 genere
1548 4015 1798 4056 versuum
1835 4000 1994 4055 alter-

423 4086 637 4137 norunt,
662 4087 890 4142 quorum
913 4074 1055 4142 prior
1074 4071 1332 4142 iambicus
1358 4086 1479 4137 sex,
1511 4071 1777 4140 posterior
1796 4071 1998 4142 pariter

425 4140 931 4211 iambicus'quatuor
950 4140 1109 4195 habet
1137 4141 1318 4211 pedes,
1343 4143 1535 4210 smpius
1559 4142 1690 4196 locis
1707 4141 1997 4211 imparibus

423 4210 961 4281 spondeos,’paribus
991 4212 1214 4264 iambos.

492 4302 545 4355 1.
575 4299 742 4354 Mente
768 4298 1063 4371 pracipiti.]
1091 4301 1209 4353 rive
1235 4300 1662 4371 praeipitatiotte.
1694 4300 1789 4371 Est
1816 4309 1993 4355 autem

423 4370 1277 4439 praecipitatioinconsideratum
1330 4370 1397 4423 de
1465 4370 1647 4439 ignoto
1692 4370 1990 4438 judicium:

423 4440 811 4510 pritnaerrnris
840 4442 1080 4508 adeoque
1107 4439 1219 4493 vitii
1245 4440 1415 4506 origo.

494 4513 545 4564 Ι.
575 4508 753 4579 Ρειὶι.]
789 4513 973 4563 Petere
1006 4510 1201 4579 aliquo,
1257 4508 1473 4579 proprie
1512 4507 1756 4575 corporis
1802 4518 1887 4561 est
1924 4508 1993 4561 ab

422 4595 523 4633 una
548 4581 601 4632 in
627 4577 846 4632 alteram
869 4577 1115 4632 viciniam
1137 4577 1380 4631 translati
1405 4595 1416 4628 :
1444 4579 1537 4631 sed
1566 4588 1781 4643 propter
1804 4592 1985 4644 quam-
2025 4586 2073 4645 ι)

423 4652 543 4703 dam
565 4648 971 4702 similitudinem
1004 4648 1198 4702 dicitur
1223 4649 1383 4702 etiam
1413 4648 1701 4711 demente,
1729 4656 1993 4716 quatenus

424 4719 538 4773 haec
568 4719 840 4773 voluntate
866 4732 961 4771 sua
990 4717 1168 4786 aliquo
1200 4718 1437 4771 inclinat.

490 4811 546 4863 2.
577 4811 937 4878 Summumque
969 4810 1128 4862 credit
1181 4805 1441 4878 gloriam.]
1485 4807 1754 4861 Summum
1787 4820 1829 4860 si
1849 4806 1995 4861 ilicet

422 4883 645 4934 bonum:
669 4895 790 4934 cum
818 4883 958 4933 enim
982 4895 1142 4933 omne
1155 4878 1295 4947 quod
1313 4880 1600 4945 expetitur,
1630 4879 1682 4930 id
1703 4878 1989 4945 quamdam

422 4953 615 5005 habeat
647 4950 767 5003 boni
790 4951 1043 5016 speciem.
1072 4960 1354 5018 propterea
1388 4962 1608 5018 necesse
1629 4956 1732 5018 est,
1767 4957 1825 4999 ut
1848 4950 1988 5016 quod

420 5037 530 5088 pra:
559 5020 808 5073 omnibus
842 5016 1130 5086 expetitur,
1173 5018 1299 5071 illud
1345 5017 1539 5070 summi
1586 5016 1715 5088 boni
1754 5018 1987 5084 speciem

422 5086 653 5144 habeat:
695 5090 807 5142 lieri
849 5101 1031 5143 autem
1077 5103 1182 5141 non
1224 5095 1398 5155 potest
1448 5095 1504 5140 ut
1545 5086 1715 5154 gloria
1755 5089 1992 5141 mortalis

419 5161 658 5213 videatur
682 5173 948 5211 summum
970 5159 1184 5221 bonum,
1219 5157 1318 5211 nisi
1342 5157 1406 5210 iis
1429 5157 1515 5226 qui
1548 5155 1868 5225 praecipites,
1898 5173 1992 5210 no-

425 5230 569 5283 tione
599 5231 826 5282 obscura
857 5238 948 5280 aut
971 5226 1189 5281 confusa
1214 5226 1279 5280 ad
1305 5227 1649 5295 judicandum
1686 5227 1987 5281 ducuntur:

420 5300 486 5353 iis
517 5298 787 5361 nimirum,
816 5298 905 5365 qui
932 5297 1111 5350 innata
1145 5298 1383 5357 notione,
1412 5313 1511 5365 qua
1540 5312 1728 5350 omnes
1746 5298 1988 5349 volumus

420 5382 543 5423 esse
571 5369 776 5431 felices,
800 5367 1024 5430 inducti,
1054 5366 1182 5419 falsa
1214 5366 1577 5436 assumptione
1599 5366 1800 5421 homini
1818 5370 1989 5435 potius

418 5453 576 5507 quam
610 5437 715 5492 Deo
743 5441 896 5490 unice
924 5437 1220 5490 adlnerent.

487 5530 542 5584 5.
578 5528 703 5582 Late
735 5537 962 5599 patentes
1004 5527 1203 5599 (stiterit
1225 5534 1415 5599 ‘cernat
1452 5527 1536 5595 pla
1541 5525 1673 5599 gas.)
1699 5527 1869 5599 Tanta
1909 5536 1989 5580 est

417 5599 635 5654 aetheris
662 5596 775 5653 sive
798 5598 921 5652 caeli
951 5596 1184 5664 undique
1207 5596 1382 5650 diII'usi
1413 5596 1737 5665 magnitudo,
1771 5597 1906 5650 hanc
1931 5608 1987 5650 ut

418 5668 791 5738 imaginatione
819 5668 1032 5738 assequi
1061 5682 1166 5738 non
1199 5668 1488 5738 possimus,
1506 5682 1609 5734 quo
1632 5666 1769 5738 litut
1796 5667 1987 5738 cmlum

418 5754 449 5791 a
486 5734 802 5808 quibusdam
835 5734 1168 5808 philosophis
1208 5750 1312 5795 non
1335 5736 1612 5808 infinitum
1627 5734 1861 5800 quidem,
1895 5734 1988 5788 sed

371 5858 374 5860 η
416 5802 739 5875 inde/initum
765 5802 984 5858 vocetur
1018 5802 1175 5858 {hoc
1200 5814 1303 5865 est,
1334 5805 1488 5857 latius
1515 5802 1784 5869 dill‘usutn,
1833 5818 1988 5870 quant

778 5896 1048 5955 Ριτιιοι..
1097 5893 1317 5953 LXIII.

2104 3286 2471 3343 Alexandrum
2501 3303 2745 3357 magnum
2764 3288 2951 3356 puduit
2972 3302 3039 3341 ex
3060 3286 3291 3351 mundis,
3314 3303 3449 3357 quos
3474 3289 3678 3357 putavit

2101 3358 2538 3423 innumerabiles,
2569 3374 2635 3412 ne
2665 3358 2877 3412 unicum
2899 3357 3114 3426 quidem
3136 3357 3433 3426 subegi~se.

2173 3430 2226 3482 7.
2256 3427 2477 3497 Superbi
2528 3426 2660 3480 colla
2681 3428 2884 3497 mortali
2908 3429 3033 3496 iugo
3062 3426 3271 3497 levare]
3311 3426 3677 3482 Immortaz'ila-

2101 3507 2202 3551 tem
2228 3500 2307 3552 sui
2331 3496 2548 3552 nominis
2566 3499 2662 3551 sibi
2685 3502 2738 3550 in
2764 3496 2910 3551 terris
2933 3496 3269 3563 comparare:
3291 3496 3390 3551 Itoc
3422 3498 3562 3553 enim
3586 3500 3677 3552 de-

2102 3569 2323 3633 siderio,
2354 3580 2411 3623 ut
2436 3569 2770 3638 dictumeSt,
2810 3577 3060 3621 tenentur
3105 3567 3182 3621 illi
3208 3567 3300 3637 qui
3343 3567 3497 3622 fama:
3536 3569 3675 3638 apud

2102 3648 2346 3707 posteros
2374 3636 2712 3706 acquirendae
2742 3638 2975 3691 student.

2172 3710 2226 3762 9.
2259 3706 2425 3761 Fama
2445 3722 2545 3779 per_
2563 3712 2778 3779 populos
2800 3722 2971 3779 nteant
2997 3707 3199 3778 linguas
3222 3706 3483 3779 explicet]
3509 3708 3669 3763 Fama

2102 3781 2270 3845 poetis
2301 3778 2514 3847 ﬁngitur
2535 3777 2733 3831 habere
2760 3778 3016 3831 rationem
3049 3777 3317 3845 personae,
3346 3777 3675 3847 qttaa'pennis

2103 3849 2364 3903 instructa
2394 3863 2489 3913 per
2515 3848 2624 3901 loca
2660 3848 2821 3899 etiam
2859 3849 3213 3901 remotissima
3239 3847 3500 3903 citissime
3541 3850 3676 3903 l'era-

2100 3924 2205 3983 tur,
2237 3927 2291 3973 et
2320 3918 2512 3972 solutis
2537 3931 2632 3971 ore
2663 3916 2945 3987 linguaque
2978 3918 3176 3985 pepuli,
3203 3919 3343 3973 hunc
3361 3916 3428 3971 ad
3456 3917 3675 3987 quuen~

2100 3932 2205 3983 tur,
2237 3932 2291 3973 et
2320 3932 2512 3972 SOIulls
2537 3932 2632 3971 ore
2663 3932 2733 3969 nn
2776 3932 2945 3985 usque
2978 3932 3176 3985 pepntt,
3203 3932 3211 3969 l

2098 3988 2224 4043 dum
2256 3988 2468 4043 excitet.
2506 3987 2649 4056 Virg.
2678 4002 2693 4039 ι
2724 3932 2957 4048 ,ἒηθίάη
2987 4002 3037 4040 v.
3070 3989 3169 4041 461
3198 4003 3211 4038 :

2220 4077 2460 4140 Bellaque
2478 4078 2573 4138 iam
2598 4076 2720 4124 fama
2742 4081 2895 4124 totum
2913 4074 3106 4137 vulgata
3128 4090 3219 4138 per
3238 4079 3430 4127 orbem.

2170 4180 2257 4233 H.
2302 4178 2485 4232 Tituli:
2522 4174 2762 4247 fulgeat]
2817 4176 3024 4233 Titulus
3074 4180 3214 4234 idem
3262 4182 3402 4243 quod
3462 4182 3670 4237 honor:

2096 4250 2265 4302 oritur
2293 4248 2435 4321 enim
2474 4263 2502 4300 a
2543 4248 2731 4321 Graeco
2757 4248 3048 4321 rt:6;_._ltoc
3088 4251 3191 4304 ἀπὸ
3217 4257 3307 4305 τοῦ
3343 4254 3483 4321 τίειν,
3515 4254 3672 4307 Itono-

2096 4333 2253 4372 rare:
2285 4318 2425 4372 unde
2452 4317 2815 4390 riumbonor.
2867 4318 3002 4372 Hinc
3048 4331 3350 4390 stemmata,
3396 4317 3671 4390 imagines,

2097 4386 2539 4462 attt_qu:ec_uttque
2574 4388 2679 4441 alia
2726 4386 2989 4462 honorum
3031 4388 3183 4462 signa
3213 4391 3349 4442 tituli
3377 4386 3549 4446 solent
3578 4408 3669 4462 ap-

2101 4455 2305 4527 pellari.
2338 4455 2615 4511 Claudian.
2652 4471 2821 4510 carm.
2850 4456 2939 4521 26,
2972 4472 3027 4510 ν.
3058 4455 3159 4513 1Ῑ44
3186 4475 3200 4511 :

2218 4549 2277 4598 Et
2296 4548 2517 4611 duplices
2534 4550 2697 4610 signat
2718 4547 2887 4598 titulos
2911 4561 3166 4600 commune
3193 4559 3447 4613 tropaeum.

2170 4632 2257 4686 I2.
2290 4630 2434 4703 ars
2459 4630 2833 4703 spernitaltant
2857 4631 3096 4703 gloriam,
3119 4631 3248 4703 etc.]
3278 4633 3408 4685 Nam
3430 4642 3669 4686 statutum

2099 4711 2170 4754 est
2198 4700 2483 4754 hominibus
2512 4701 2666 4753 semel
2691 4701 2841 4765 mori,
2861 4700 2943 4756 'ad
2976 4701 3135 4757 Hebr.
3180 4700 3260 4757 tx'.
3291 4702 3542 4757 Horatius
3578 4704 3615 4758 ι.
3650 4718 3667 4757 t

2097 4770 2300 4841 Carm.,
2322 4772 2412 4825 od.
2438 4770 2541 4825 28:

2521 4858 2621 4924 $ed
2645 4872 2823 4924 omnes,
2836 4873 2929 4924 una
2962 4867 3127 4911 manet
3149 4874 3269 4924 uox,

2282 4919 2340 4968 Et
2355 4918 2576 4968 calcanda
2600 4922 2757 4969 semel
2783 4922 2857 4969 via
2882 4920 3024 4971 lethi.

2217 4980 2343 5030 Dant
2367 4981 2484 5029 alios
2502 4980 2639 5030 furiae
2665 4990 2799 5029 torvo
2823 4984 3099 5042 spectacula
3122 4984 3266 5037 Marti
3297 4997 3308 5031 :

2279 5042 2439 5089 Exitio
2458 5051 2533 5089 est
2552 5043 2704 5088 avidis
2726 5054 2860 5091 mare
2877 5045 3054 5093 nautis.

2215 5100 2307 5151 Mis
2329 5117 2354 5149 a
2372 5114 2541 5150 senum
2554 5115 2610 5150 ac
2625 5102 2855 5162 iuvenum
2872 5103 3139 5155 densentur
3154 5105 3327 5157 funera
3344 5109 3551 5158 :nullum

2239 5211 2243 5214 ,
2273 5166 2410 5212 Saeva
2432 5170 2575 5225 caput
2595 5163 2889 5225 Proserpina
2916 5163 3054 5226 fugit.

2094 5247 2158 5301 Et
2178 5246 2365 5301 eodem
2395 5245 2510 5311 |ib.,
2540 5244 2630 5298 od.
2660 5246 2734 5302 ιιι

2186 5335 2365 5400 Pallida
2386 5347 2516 5383 mors
2539 5348 2682 5397 aequo
2702 5335 2856 5400 pulsat
2880 5336 3008 5400 pede
3034 5349 3299 5400 pauperum
3316 5339 3546 5389 tabernas

2242 5396 2534 5458 Regumque
2554 5396 2736 5453 turres,
2759 5409 2790 5445 ο
2814 5396 2961 5447 beate
2984 5396 3147 5448 Sextil

2090 5477 2239 5543 Quod
2268 5476 2493 5531 feliciter
2523 5479 2687 5532 vertit
2711 5487 2894 5533 noster
2923 5480 3303 5545 Malherbtcus,
3337 5479 3431 5534 lib.
3459 5495 3510 5533 vt
3539 5496 3551 5531 :

2214 5565 2428 5631 Laumort
2445 5578 2471 5613 a
2490 5566 2580 5631 des
2600 5568 2827 5629 rigueut‘s
2844 5569 2871 5617 a
2890 5567 3020 5619 uulle
3038 5576 3181 5618 autre
3207 5567 3440 5631 pareilles
3467 5583 3479 5616 :

2272 5627 2347 5675 On
2372 5640 2399 5674 a
2417 5628 2545 5676 beau
2571 5628 2613 5675 la
2639 5627 2790 5686 prier,

2212 5686 2486 5749 Laicruelle
2509 5686 2694 5749 qu‘elle
2712 5697 2789 5739 est
2807 5703 2863 5741 se
2882 5691 3074 5741 bouche
3100 5688 3174 5739 les
3192 5688 3415 5749 oreilles,

2276 5748 2337 5798 Et
2362 5761 2488 5799 nous
2514 5748 2832 5803 laissecrier.

2217 5809 2283 5857 Le
2306 5823 2489 5871 pauvre
2516 5824 2579 5861 en
2598 5824 2650 5860 sa
2671 5814 2878 5875 cabanc,
2898 5813 2958 5861 oh
2984 5812 3030 5862 le
3054 5813 3260 5861 chaume
3294 5811 3342 5861 le
3365 5824 3451 5860 cou
3462 5824 3544 5861 vre

3184 5893 3262 5955 23
