4292 6262
463 395 565 449 717

1388 402 1476 457 DE
1514 398 2034 459 CONSOLATIONE
2076 395 2549 454 PlilLOSOPIlI/E
2588 395 2716 451 LIB.
2760 396 2821 451 ll.

3630 400 3732 452 718

465 522 679 565 versam
736 523 893 577 quam
931 524 1243 580 prosperam
1290 513 1546 583 prodesse
1575 514 1862 569 fortunam.
1905 515 1920 545 ³
1950 512 2044 566 Illa
2076 516 2126 573 Α
2222 507 2478 583 papulas,
2509 509 2750 583 conjugcs
2788 515 2834 557 et
2856 505 3062 583 sodales
3083 519 3255 583 amore
3286 506 3534 583 contineri
3558 522 3577 558 :
3599 515 3733 560 unas

463 606 488 634 ⁸
516 598 660 653 enim
685 612 899 668 semper
927 601 1109 667 specie
1137 600 1425 666 felicitatis.
1450 618 1571 659 cum
1598 604 1806 660 videtur
1833 602 2047 666 blanda,

462 688 755 753 mentitur;
794 690 951 760 166
980 692 1000 721 '
1028 690 1143 745 haec
1171 689 1197 728 δ
1226 706 1439 761 semper
1460 708 1583 748 vera
1605 703 1705 756 est,
1730 709 1851 747 cum
1881 708 1942 747 se
1968 693 2049 746 in-

459 777 705 834 stabilem
728 780 1018 834 mulatione
1038 779 1390 837 demonstrat.
1422 782 1510 838 Illa
1541 794 1564 821 α
1595 783 1758 847 fallit,
1782 783 1894 837 haec
1917 781 1944 819 α
1970 783 2047 836 in-

457 869 662 932 struit;
707 868 799 923 illa
841 878 865 905 ο
902 870 1237 926 mendacium
1281 873 1460 942 specie
1508 873 1769 928 bonorum
1840 883 2047 928 mentes

465 957 749 1016 [ruentium
786 960 946 1029 ligat,
977 960 1094 1016 haec
1130 958 1150 1001 ί
1180 962 1484 1031 cognitione
1526 964 1733 1033 fragilis
1774 964 2045 1019 felicitatis

467 1050 705 1104 absolvit.
749 1050 928 1119 Itaque
975 1051 1119 1106 illam
1150 1053 1383 1108 tvideas
1421 1064 1717 1119 ventosam,
1760 1056 2040 1121 fluentem,

466 1140 650 1211 suique
677 1156 893 1209 semper
912 1143 1147 1213 ignaram
1172 1160 1189 1212 ;
1221 1145 1360 1201 hanc
1382 1146 1411 1183 ιι
1439 1147 1696 1213 sobriam,
1730 1148 1810 1219 (5)
1836 1150 2045 1204 succin-

463 1243 725 1302 ctamque,
754 1245 808 1290 et
838 1236 1005 1305 ipsius
1029 1237 1369 1293 adversitatis
1391 1240 1776 1295 exercitatiooe
1808 1243 2043 1311 pruden-

463 1335 587 1381 tem.
613 1326 893 1384 Postremo
928 1328 944 1367 ί
974 1330 1132 1395 felix,
1164 1346 1195 1383 a
1221 1345 1349 1385 vero
1382 1333 1522 1387 bono
1549 1332 1738 1388 devios
1767 1333 2041 1389 blanditiis

459 1418 660 1485 trahit;
687 1420 910 1475 adversa
942 1422 1259 1492 plerumque
1299 1422 1364 1476 ad
1407 1436 1532 1477 vera
1576 1423 1713 1480 bona
1754 1424 1769 1475 i
1813 1425 2042 1480 reduces

458 1506 486 1546 ι
512 1525 648 1565 unco
678 1512 924 1565 retrahit.
952 1512 972 1544 ³
1002 1517 1081 1567 An
1122 1512 1223 1567 hoc
1254 1516 1392 1568 inter
1422 1514 1637 1568 minima
1670 1515 2039 1569 mstimandum

458 1612 640 1672 putas,
693 1603 835 1672 quod
890 1604 1185 1660 amicorum
1235 1604 1330 1661 tibi
1380 1604 1615 1659 fidelium
1665 1616 1872 1661 mentes
1925 1596 2040 1661 haec

455 1707 666 1762 aspera,
691 1692 807 1748 haec
830 1693 1102 1750 horribilis
1132 1695 1342 1749 fortuna
1372 1695 1570 1752 detexit
1596 1735 1611 1759 ,
1650 1695 1765 1751 haec
1802 1697 1897 1753 tibi
1923 1712 2040 1752 cer-

456 1791 541 1836 tos
576 1782 839 1838 sodalium
881 1785 1082 1848 vultus,
1129 1782 1146 1823 ι
1181 1785 1566 1856 ambiguosque
1605 1787 1721 1855 (10)
1768 1788 2032 1853 secrevit;

455 1873 776 1934 discedens.
827 1888 955 1929 suos
1008 1875 1262 1942 abstulit,
1312 1884 1434 1930 tuos
1481 1876 1793 1946 reliquit”?
1842 1880 2037 1946 Quanti
2075 1878 2116 1936 Β

455 1962 559 2019 hoc
580 1972 608 2001 ιι
636 1965 863 2035 integer,
886 1974 963 2031 et,
990 1976 1047 2023 ut
1087 1967 1357 2022 videbaris
1387 1967 1502 2032 tibi,
1537 1968 1835 2024 fortunatus
1876 1972 2036 2026 emis-

455 2054 579 2109 δεΒῖ
601 2054 794 2111 Desine
824 2070 965 2110 nunc
992 2065 1047 2110 et
1073 2057 1300 2111 amissas
1318 2071 1449 2123 opes
1464 2072 1725 2126 quaerere,
1750 2058 1891 2126 quod
1916 2073 2037 2128 pre-

455 2145 798 2202 tiosissimum
829 2147 1134 2202 divitiarum
1176 2162 1345 2217 genus
1383 2156 1484 2211 est,
1517 2147 1720 2204 amicos
1762 2149 2035 2204 invenisti.

901 2228 1055 2298 167
1086 2226 1377 2282 uernum
1402 2231 1419 2250 ·
1462 2226 1597 2280 vui.

456 2313 842 2371 Αιςωιειετυκ.
872 2346 946 2357 -
974 2316 1313 2383 Philosophia
1351 2333 1383 2369 α
1420 2317 1696 2371 simulacro
1726 2318 1920 2370 amoris
1965 2319 2035 2371 ad

522 2401 695 2439 verum
724 2404 971 2450 amorem,
994 2388 1271 2440 humanum
1300 2388 1541 2454 primum,
1571 2386 1755 2441 deinde
1785 2387 2041 2454 divinum,

522 2471 814 2528 progressa,
834 2458 1054 2511 ostendit
1078 2458 1345 2522 mundum,
1364 2458 1633 2523 elementa,
1650 2459 1853 2522 calum,
1876 2474 2037 2524 mare,

2225 575 2481 631 concludit
2508 575 2680 646 felices
2719 581 2829 645 fore
2868 576 3112 637 homines,
3154 576 3198 626 si
3236 590 3407 627 amore
3436 575 3606 628 divino
3649 593 3724 627 rc-

2222 659 2423 717 gatttut'.

2291 737 2442 802 Quod
2472 737 2701 789 mundus
2732 736 2911 789 stabili
2944 737 3044 789 fide

2289 824 2598 878 Concordes
2630 824 2797 877 variat
2825 825 2968 877 vices
2986 863 2999 887 ,

2296 914 2452 983 168
2478 914 2629 981 Qthd
2656 914 2941 983 pugnanzia
2968 916 3172 969 semina

2292 1006 2487 1061 Faadus
2517 1016 2829 1076 perpetuom
2863 1016 3046 1061 tenent
3067 1048 3081 1069 ,

2147 1095 2182 1148 5
2287 1096 2437 1163 Quod
2470 1096 2705 1151 Phosbus
2735 1112 2943 1150 roseum
2973 1096 3113 1151 diem

2289 1186 2460 1241 Curru
2491 1186 2737 1255 provehit
2761 1201 2948 1250 aureo,

2293 1279 2364 1335 Ut
2391 1295 2523 1348 quas
2546 1280 2760 1335 duxerit
2786 1280 3058 1349 Hesperus

2292 1370 2500 1426 Phtebe
2528 1371 2775 1426 nocdbus
2802 1372 3061 1440 imperet,

2290 1461 2355 1518 Ut
2383 1462 2577 1517 ﬂuctus
2605 1463 2818 1518 avidum
2842 1478 2988 1518 mare

2148 1552 2214 1608 10
2285 1552 2446 1607 Certo
2478 1554 2582 1607 fine
2611 1563 2884 1618 coerceat,

2288 1641 2367 1696 Ne
2398 1643 2559 1696 terris
2591 1643 2745 1698 liceat
2774 1644 2924 1712 vagis

2290 1733 2449 1788 Latos
2476 1734 2695 1789 tendere
2718 1737 3000 1802 terminos,

2288 1824 2435 1877 llanc
2464 1840 2641 1878 rerum
2672 1827 2865 1880 seriem
2898 1826 3025 1895 ligat

2285 1915 2482 1969 Terras
2507 1931 2569 1971 ac
2597 1919 2815 1985 pelagus
2844 1932 3056 1988 regens,

2143 2004 2210 2060 15
2288 2004 2347 2058 Et
2366 2009 2506 2060 ctelo
2537 2007 2852 2075 imperitans
2875 2023 3049 2062 amor.

2287 2097 2382 2151 llic
2412 2098 2456 2153 si
2490 2098 2635 2153 frena
2667 2100 2957 2164 temiseril,

2284 2190 2551 2260 Quidquid
2585 2207 2724 2246 nunc
2752 2203 2894 2246 amat
2918 2193 3149 2247 invicem

2286 2283 2493 2339 Bellum
2523 2283 2781 2337 continuo
2812 2292 2965 2348 geret
2994 2324 3010 2347 ,

2288 2373 2355 2426 Et
2382 2389 2541 2444 quam
2574 2388 2717 2428 nunc
2744 2373 2889 2427 socia
2919 2373 3022 2427 fide

2141 2460 2213 2516 20
2290 2463 2536 2518 l‘ulchris
2565 2462 2801 2519 luctibus
2829 2462 3054 2517 incitant

1807 2571 2099 2629 INTEHPR
2111 2575 2382 2632 ETATIO.

523 2691 551 2755 fl
583 2681 841 2755 Prospera
864 2686 1095 2755 fortuna.

522 2749 551 2789 δ
579 2749 809 2822 drivel-sa
839 2749 1064 2822 ibrtuna.

524 2832 553 2860 ο
578 2821 857 2889 Prospera.

522 2892 550 2928 ά
582 2894 826 2946 Adversa.

526 2971 550 3031 ξ
576 2961 754 3031 Ρνοερε
771 2980 850 3019 ra.

527 3029 550 3068 τ
580 3029 829 3086 Adrersa.

527 3109 554 3145 Il
582 3101 913 3168 Prosperam.

523 3168 553 3208 δ
582 3173 880 3227 Adversum.

530 3238 548 3278 ί
578 3240 859 3307 Prospera.

526 3311 546 3362 f
585 3311 883 3366 Rcdeuntcs.

525 3380 551 3418 ι
581 3380 745 3449 Pedo,
770 3385 872 3437 sive
897 3384 1076 3439 baculo
1106 3397 1315 3442 retorto.

2215 2685 2229 2726 ¹
2260 2686 2609 2758 Incertasque.

2210 2768 2250 2795 ιιι
2274 2759 2602 2813 Familiares.

2208 2837 2236 2864 ³
2264 2827 2569 2883 Incolumis.

2211 2920 2398 2973 Amori
2423 2920 2651 2974 debetur
2678 2919 2812 2986 quod
2840 2920 3059 2973 mundus
3083 2930 3371 2974 constanter
3406 2932 3570 2977 mutat
3596 2925 3722 2980 vices

2140 2992 2445 3053 concordes;
2475 2990 2611 3058 quod
2634 2990 2878 3061 elementa
2898 2991 3157 3043 contraria
3177 2991 3359 3061 habent
3392 2995 3528 3047 inter
3548 3010 3607 3047 se
3630 3014 3721 3061 ραι

2140 3075 2248 3113 cem
2274 3069 2546 3121 (sternam;
2575 3060 2712 3127 quod
2729 3058 2813 3130 sol
2841 3060 3003 3128 defert
3027 3062 3189 3112 lucem
3217 3060 3539 3130 splendidam
3566 3058 3722 3118 curru

2142 3145 2337 3194 aureo;
2365 3129 2501 3195 quod
2546 3129 2671 3181 luna
2701 3129 3000 3201 dominatur
3027 3129 3260 3192 tenebris,
3293 3147 3421 3198 quas
3466 3132 3722 3201 Hesperus

2142 3202 2275 3272 egit;
2310 3202 2446 3268 quod
2490 3214 2630 3272 mare
2670 3200 2915 3272 cupidunt
2960 3214 3216 3272 aquarum
3247 3203 3500 3254 contineat
3535 3206 3722 3272 ﬂuctus

2142 3268 2300 3324 Ιῐιηὶίε
2334 3270 2675 3342 prwscripta:
2705 3284 2767 3321 ne
2809 3268 3000 3322 iisdem
3032 3269 3232 3342 diffusis
3263 3276 3387 3323 ticea
3446 3268 3543 3342 μετ’
3563 3282 3722 3326 terras

2142 3342 2296 3395 latius
2343 3340 2561 3394 extendi.
2618 3339 2774 3392 Amor
2802 3343 3052 3407 imperans
3101 3340 3247 3403 caelo,
3299 3339 3512 3396 mari'et
3556 3354 3722 3408 terra,

1971 3499 2193 3557 ΝΟΤιΕ.

453 3609 627 3673 alteri,
655 3608 797 3679 quod
828 3609 1051 3665 alterum
1088 3610 1134 3666 si
1164 3611 1328 3667 menti
1358 3626 1463 3666 non
1504 3620 1714 3677 noceat,
1757 3611 1857 3667 soli
1888 3611 2030 3666 dun-

452 3688 599 3732 taxat
622 3680 833 3748 corpori
878 3681 1117 3749 prodest.
1150 3682 1310 3749 Atqui
1350 3681 1564 3737 fortuna
1598 3684 1822 3737 adversa
1864 3682 2030 3737 menti

452 3750 699 3816 prodest;
732 3764 984 3818 prospera
1028 3765 1177 3815 vero,
1223 3752 1271 3804 si
1320 3754 1485 3806 menti
1520 3768 1624 3806 non
1670 3761 1882 3815 noceat,
1928 3752 2029 3820 ipsi

452 3826 654 3890 tantum
682 3822 893 3889 corpori
928 3822 1182 3888 prodest:
1215 3822 1355 3890 quod
1387 3823 1637 3890 deinceps
1676 3822 2029 3889 probandum.

528 3890 542 3920 ⁸
571 3888 676 3942 Illa
698 3888 850 3963 _enim
876 3892 1044 3963 specie
1074 3888 1377 3963 felicitatis.]
1425 3888 1688 3960 Prospera
1729 3893 1873 3946 enim
1920 3892 2027 3963 for-

452 3967 578 4012 tuna
602 3959 820 4013 notione
840 3959 1437 4029 ob’scura‘confusaque,
1466 3959 1570 4028 qua
1593 3972 1823 4017 tuentem
1852 3962 2023 4016 infor-

451 4038 581 4092 mat,
612 4030 855 4083 eamdem
876 4040 1119 4101 tuentem
1165 4032 1391 4095 inducit,
1441 4035 1667 4099 primum
1704 4032 1916 4101 quidem
1958 4033 2025 4087 ad

450 4112 710 4160 errorem,
735 4113 841 4166 quo
865 4099 1070 4166 judicct
1101 4103 1235 4155 bona
1257 4103 1455 4156 caduca
1478 4105 1669 4156 summi
1702 4099 1825 4156 boni
1862 4103 2027 4157 ratio-

452 4182 575 4221 nem
626 4168 843 4231 habere,
884 4169 1078 4224 deinde
1122 4171 1429 4235 ad'vitium,
1467 4187 1572 4240 quo
1619 4177 1809 4227 eadem
1853 4187 2026 4237 meus,

450 4245 758 4305 contempto
789 4240 914 4304 Deo,
948 4240 1137 4294 iisdem
1169 4242 1321 4294 bonis
1351 4241 1505 4295 unice
1529 4243 1819 4296 adhaereat.

521 4309 541 4338 ’
576 4308 698 4360 llaec
735 4324 951 4380 semper,
978 4309 1139 4380 verm]
1180 4313 1413 4365 Adversa
1444 4323 1619 4366 autem
1683 4314 1887 4365 fcrtuna
1929 4328 2029 4367 no-

450 4378 616 4442 tione,
648 4392 807 4446 quzini
830 4389 920 4429 aut
943 4378 1164 4443 invenit,
1191 4392 1277 4433 aut
1298 4382 1420 4435 facit
1441 4383 1763 4447 eVidentem,
1794 4393 2025 4437 mentem

448 4448 617 4520 ipsam
642 4447 866 4511 inducit,
898 4452 1124 4514 primum
1148 4451 1362 4518 quidem
1393 4453 1457 4504 ad
1492 4452 1790 4512 veritatem,
1819 4469 1922 4520 qua
1942 4454 2028 4520 ju-

448 4519 591 4570 dicet
634 4522 805 4569 solum
850 4520 1012 4572 Deum
1060 4520 1255 4574 habere
1304 4525 1563 4575 rationem
1615 4522 1809 4575 summi
1839 4519 2018 4587 boni;

2214 3608 2748 3680 Occasioneaccepta
2782 3625 2847 3663 ex
2871 3608 3070 3663 ultimis
3093 3609 3268 3665 verbis
3295 3627 3461 3680 prostr
3489 3616 3722 3679 superio.

2143 3679 2239 3738 τίς.
2284 3680 2477 3746 quibus
2523 3678 2868 3748 Phil050pbia
2918 3680 3255 3744 significavit,
3296 3678 3497 3736 amicos
3551 3678 3720 3738 Boetii

2139 3749 2345 3801 furtum
2371 3748 2591 3801 adversa
2618 3748 2889 3818 probatos,
2917 3750 3014 3814 ipsi
3036 3751 3221 3804 lloetio
3241 3752 3450 3817 adesse,
3474 3757 3721 3808 ouantem

2140 3820 2382 3891 [loetimn
2413 3818 2608 3873 excitat
2629 3821 2694 3872 ad
2718 3821 3068 3888 spectandum
3101 3837 3359 3885 amorem,
3388 3823 3609 3891 ejusque
3645 3825 3720 3878 ef«

2137 3887 2291 3959 fectu.
2338 3893 2501 3941 Amor
2531 3902 2704 3943 autem
2755 3887 2860 3942 nOn
2904 3904 3059 3943 secus
3098 3904 3159 3942 ac
3198 3887 3446 3959 qumlibet
3492 3887 3720 3948 hominis

2136 3958 2347 4031 affectio
2377 3961 2609 4031 spectari
2637 3959 3038 4031 potestduobus
3066 3962 3252 4014 modis.
3281 3961 3459 4014 Primo
3482 3966 3719 4031 quidem,

2136 4040 2191 4103 ut
2242 4029 2526 4103 loquuntur
2562 4028 2884 4103 philosophi,
2931 4029 3267 4099 inadwquate,
3305 4028 3569 4098 quatenus
3605 4036 3721 4103 qui-

2134 4097 2261 4171 dam
2287 4098 2527 4166 corporis
2558 4098 2747 4152 modus
2776 4109 2876 4164 est,
2911 4114 2962 4152 v.
3002 4114 3055 4166 g.
3096 4097 3385 4155 commotio
3426 4097 3719 4171 sanguinis,

2135 4167 2438 4242 Spirituum,
2483 4178 2903 4242 czeterarumque
2940 4171 3184 4236 corporis
3227 4171 3443 4226 humani
3488 4167 3717 4242 partium

2136 4236 2201 4289 ad
2254 4237 2674 4290 conservandam
2730 4239 3039 4291 Societatem
3094 4243 3406 4295 naturaliter
3456 4236 3715 4298 instituta.

2136 4307 2403 4368 Secundo,
2434 4315 2491 4359 ut
2513 4308 2661 4381 ainn_t_
2693 4308 2850 4361 iidem
2878 4308 3202 4381 philosophi,
3226 4312 3512 4381 adu'quate,
3537 4324 3719 4380 quate-

2138 4391 2235 4429 nus
2267 4388 2460 4444 praeter
2501 4376 2812 4443 prmdictum
2842 4378 3081 4445 Corporis
3127 4376 3364 4445 modum,
3391 4376 3633 4436 Versatur
3664 4386 3715 4436 in

2139 4449 2413 4499 voluntate
2439 4447 2667 4499 hominis
2694 4447 3014 4499 adlirerentis
3050 4448 3145 4505 rei.
3179 4451 3321 4502 velut
3349 4451 3505 4504 alteri
3535 4455 3709 4506 socie-

2133 4516 2271 4577 tatis,
2303 4515 2456 4586 cujus
2488 4520 2601 4583 ipse
2652 4517 2811 4568 homo
2856 4518 3056 4584 reliqua
3100 4534 3225 4585 pars
3264 4525 3355 4583 sit,
3390 4522 3543 4586 parti.
3581 4524 3712 4576 lliuc

448 4587 736 4659 deindeal
764 4590 1033 4659 virtutem.
1070 4605 1193 4656 qua,
1226 4594 1436 4643 caeteris
1472 4593 1810 4659 pastinabiiit,
1855 4583 2018 4647 Deum'
2049 4583 2100 4643 D
2129 4600 2223 4648 pro
2250 4585 2441 4659 triplici
2469 4583 3166 4659 genereinpinionis_,’rqu:im
3201 4590 3359 4640 homo
3383 4583 3579 4644 habere
3610 4604 3708 4657 po-

448 4656 603 4710 unice
632 4657 820 4731 diligit.
855 4658 944 4712 Sic
967 4659 1162 4731 dicitur
1201 4661 1453 4715 Proverb.
1474 4656 1647 4715 'xxtx:
1687 4661 1845 4731 Virga
1876 4674 2024 4731 atque

447 4728 694 4801 correptio
716 4730 887 4780 tribuit
926 4730 1222 4796 sapientiam
1240 4746 1259 4783 .'
1282 4747 1405 4795 puer
1432 4742 1617 4795 autem,
1639 4733 1725 4801 qui
1754 4728 2024 4786 dimittitur

446 4799 694 4849 uoluntati
720 4814 847 4859 sum,
877 4800 1142 4867 confundit
1166 4811 1372 4853 matrem
1394 4818 1562 4854 suam.

522 4867 542 4897 ³
571 4868 647 4919 Αη
687 4866 782 4942 hoc
812 4870 941 4921 inter
959 4866 1186 4942 minima,
1230 4870 1359 4942 etin]
1386 4871 1840 4938 Quemadmodum
1884 4875 2023 4927 inter

447 4936 584 5009 bona
615 4941 879 5009 exteriora
908 4940 1063 4993 amici
1092 4936 1425 5008 pra-cipnuui
1452 4943 1623 4995 locum
1647 4945 1908 5009 obtinent,
1943 4946 2020 4998 sic

445 5007 587 5082 quod
614 5007 904 5061 amicorum
946 5007 1334 5082 iiientes.alias
1366 5013 1455 5066 tibi
1491 5014 1748 5074 occultus,
1794 5007 2015 5082 detegit,

447 5077 500 5151 id
520 5078 792 5151 bonorum
822 5082 1009 5151 saltem
1030 5081 1354 5135 exteriorum
1376 5082 1816 5149 pretio-issiinuui
1849 5077 2022 5151 poTest

448 5148 662 5209 haberi;
697 5152 797 5201 hoc
828 5150 1022 5216 quippe
1048 5150 1159 5204 veri
1184 5166 1214 5205 a
1257 5148 1402 5205 falsis
1432 5154 1617 5206 amicis
1645 5148 2015 5208 secernuntur.

445 5217 604 5293 _Atqui
650 5217 859 5293 fortuna
892 5221 1113 5293 adversa
1162 5220 1211 5273 id
1264 5231 1520 5289 priestat:
1565 5226 2017 5293 quandoquidem,

446 5288 655 5361 fortuna
682 5289 917 5361 favente,
950 5289 1065 5341 falsi
1097 5306 1199 5343 una
1228 5288 1346 5346 cum
1380 5294 1521 5346 vei-is
1560 5288 1746 5348 amicis
1791 5288 2015 5361 adsunt;

444 5356 539 5428 sed
560 5360 747 5411 eadem
771 5359 979 5413 fortuna
1006 5361 1331 5428 indignante,
1364 5364 1545 5416 amicis~
1574 5365 1713 5419 veris
1741 5356 2019 5421 remancn¥

445 5427 607 5491 tibus,
636 5429 750 5482 falsi
778 5428 1054 5483 recedunt.
1088 5427 1431 5486 Notissimum
1463 5435 1590 5488 illud
1617 5436 1803 5491 Ovid.:

565 5539 737 5602 Donec
761 5543 861 5591 eris
884 5540 1021 5602 felix,
1048 5544 1223 5593 multos
1247 5545 1526 5595 numerabis
1542 5550 1722 5600 amicos
1750 5566 1762 5600 :

624 5601 865 5666 Tempora
886 5605 927 5653 si
949 5604 1128 5654 fuerint
1147 5607 1331 5668 nubila,
1350 5606 1484 5657 solus
1503 5613 1615 5659 eris.

513 5682 533 5703 '
548 5683 699 5750 Quod
718 5696 937 5739 vocatur
955 5685 1311 5756 Clyconicum.
1338 5691 1428 5744 list
1449 5701 1628 5747 autem
1650 5709 1866 5751 carmen
1885 5714 2013 5753 con-

438 5762 587 5807 stans
621 5769 688 5810 ex
727 5772 835 5834 uno
878 5772 1074 5834 genere
1107 5774 1379 5834 versuum,
1422 5778 1646 5829 quorum
1674 5768 1901 5834 quilibet
1949 5786 2013 5825 ex

439 5838 546 5879 uno
573 5824 810 5895 spondeo
829 5824 1120 5882 et'dunbus
1141 5824 1371 5900 dactylis
1392 5824 1749 5901 componitur.

2131 4662 2234 4707 test
2253 4657 2319 4707 de
2350 4666 2496 4726 parte
2526 4655 2614 4708 illa
2667 4656 2855 4726 (pluris
2891 4657 3114 4719 scilicet,
3147 4659 3301 4722 tanti,
3334 4659 3414 4712 vel
3460 4655 3707 4726 minoris,

2129 4739 2285 4790 quain
2314 4724 2581 4799 seipsum,‘
2603 4725 2844 4799 faciendo
2876 4726 3011 4779 hanc
3034 4734 3287 4799 pirtein),
3311 4742 3460 4781 amor
3487 4724 3709 4799 triplicis

2130 4805 2211 4848 est
2235 4798 2464 4856 generis,
2497 4794 2745 4848 videlicet
2785 4796 2985 4860 pietas,
3017 4794 3252 4851 amicitia
3296 4807 3349 4850 et
3386 4813 3538 4853 amor
3558 4794 3707 4854 ‘sim-

2129 4863 2550 4939 pliciterdictus.
2585 4863 2983 4939 ln_corporibu_s
3014 4881 3117 4939 non
3143 4878 3223 4939 est
3254 4884 3426 4932 amor,
3448 4869 3547 4925 nisi
3573 4885 3709 4939 qua-

2128 4942 2285 5005 tenus
2314 4932 2398 4984 hic
2422 4943 2502 4986 est
2534 4934 2724 4987 modus
2755 4935 3015 5001 corporis.
3054 4937 3107 4989 ln
3148 4936 3255 4988 Deo
3286 4953 3390 4991 non
3422 4947 3506 4993 est
3534 4932 3706 5005 amor,

2129 5003 2229 5056 nisi
2263 5012 2523 5069 quatenus
2548 5013 2634 5077 est
2653 5005 2840 5057 modus
2869 5006 3079 5059 mentis.
3108 5006 3161 5058 In
3187 5007 3405 5063 nomine
3428 5018 3513 5065 est
3533 5003 3705 5077 amor,

2123 5082 2386 5149 quatenus
2406 5081 2490 5125 est
2517 5074 2706 5128 modus
2734 5084 2785 5128 et
2810 5078 3050 5149 corporis
3074 5085 3130 5131 et
3155 5080 3369 5133 mentis.
3406 5081 3592 5149 Agitur
3623 5074 3708 5136 hic

2125 5145 2297 5220 primo
2325 5143 2603 5220 dcamore
2626 5144 2887 5211 corporis,
2918 5146 3005 5220 qui
3047 5162 3153 5220 non
3188 5154 3295 5202 tam
3335 5143 3507 5215 amor,
3545 5168 3703 5220 quam

2122 5214 2338 5285 amoris,
2379 5210 2759 5285 simulacrum;
2802 5210 3039 5270 secundo
3079 5217 3147 5273 de
3202 5234 3388 5275 amore
3427 5210 3698 5285 hominis;

2125 5285 2281 5337 tertio
2310 5283 2377 5335 de
2406 5298 2587 5339 amore
2614 5284 2728 5338 Dei.

2197 5355 2249 5428 l.
2287 5354 2439 5418 Quod
2470 5356 2690 5428 mundus
2707 5354 2876 5428 stabili
2904 5355 3027 5421 ﬁde,
3060 5356 3192 5427 etc.]
3229 5358 3266 5411 1.
3302 5360 3489 5428 Agitur
3523 5359 3590 5413 de
3636 5362 3709 5413 si-

2125 5424 2365 5495 mulacro
2383 5425 2611 5495 amoris,
2645 5426 2783 5490 quod
2817 5425 2868 5478 in
2894 5424 3207 5493 corporibus
3236 5424 3587 5483 animadverti
3614 5445 3708 5495 po-

2127 5492 2535 5565 testzuhuicque
2562 5495 2811 5565 refertur
2845 5492 3140 5563 acoepium,
3189 5498 3242 5550 1°
3273 5501 3413 5565 quod
3456 5492 3707 5563 mundus,

2124 5565 2213 5628 qui
2236 5562 2365 5635 nihil
2394 5571 2477 5616 est
2505 5563 2647 5617 aliud
2678 5581 2836 5634 quam
2872 5562 3191 5621 universitas
3219 5562 3503 5635 corporum
3536 5562 3708 5624 ritate?

2124 5648 2202 5706 ria
2240 5633 2452 5706 quidem
2492 5633 2945 5701 convenientium,
2992 5639 3156 5688 forma
3188 5633 3364 5691 autem
3396 5640 3707 5706 discrepan-

2126 5705 2276 5779 tium,
2316 5702 2369 5755 in
2416 5719 2508 5761 sua
2543 5707 2794 5779 varietate
2834 5720 3059 5779 concors
3107 5719 3443 5774 perseveret;
3474 5710 3530 5762 :’.°
3560 5702 3703 5779 quod

2120 5773 2407 5849 elementa,
2441 5775 2721 5849 (iurenihil
2752 5784 2875 5828 sunt
2903 5776 3042 5829 aliud
3072 5773 3226 5849 quam
3261 5793 3484 5844 corpora
3535 5773 3709 5849 primo

2124 5842 2368 5909 formata,
2392 5859 2453 5898 ex
2478 5846 2667 5911 quibus
2689 5854 2882 5899 ctetera
2906 5855 3172 5911 constent,
3198 5842 3370 5903 foedus
3392 5842 3703 5920 perpetuum
