4292 6262
574 369 673 426 719

711 482 931 539 Certent
957 482 1163 535 solvere
1195 480 1516 534 machinam.

712 576 808 630 ilic
830 586 1015 629 sancto
1046 578 1269 645 populos
1295 589 1508 643 quoque

710 672 931 725 Junctos
954 670 1154 725 {didere
1180 670 1419 724 continet
1445 686 1457 730 ;

709 762 805 817 llic
834 769 888 814 ct
912 761 1142 829 eonjugii
1174 774 1386 813 sacrum

563 854 629 904 ‘23
710 852 886 907 Castis
914 852 1080 907 neotit
1103 851 1411 915 amoribus;

1794 371 1901 424 AN.
1947 372 2155 426 MANL.
2198 372 2350 429 SEV.
2391 373 2616 429 BOETII

3745 372 3848 427 720

2403 486 2496 539 llic
2519 488 2636 539 lidis
2660 488 2823 541 etiam
2851 502 2944 541 sua

2408 579 2577 632 Dictat
2599 582 2714 646 jura
2745 579 3045 634 sodalibus.

2411 670 2569 739 169
2596 670 2640 723 Ο
2671 670 2799 725 felix
2833 670 3107 723 hominum
3142 684 3329 737 genus,

2403 760 2459 813 Si
2490 770 2698 817 vestros
2728 762 2937 816 animos
2962 777 3134 826 amor.

2263 852 2332 905 ΞΟ
2402 851 2520 919 Qun
2546 854 2742 907 coelum
2767 855 2990 924 regitur.
3021 856 3187 924 regat!

1919 985 2123 1039 INTER
2134 942 2500 1083 PRlilTA'l'll).

566 1106 715 1157 nectit
746 1104 873 1155 hanc
906 1102 1083 1154 seriem
1121 1113 1331 1152 rerum:
1363 1100 1457 1150 hoc
1490 1107 1733 1159 cessante,
1773 1112 1886 1165 qut:
1930 1114 2143 1150 consen—

564 1177 694 1225 tiunt
731 1189 885 1237 nunc,
924 1173 1093 1223 statim
1134 1170 1453 1229 dissentient,
1496 1178 1542 1219 et
1581 1172 1838 1221 tentabant
1887 1169 2146 1221 destruere

564 1244 873 1305 machinam,
904 1259 1053 1309 quam
1081 1257 1215 1292 nunc
1234 1249 1526 1291 constanter
1552 1239 1680 1290 cient
1709 1240 1968 1305 prtecluris
1998 1239 2150 1290 moti-

564 1314 676 1367 bus.
720 1318 872 1365 Amor
915 1312 1131 1365 continet
1176 1311 1389 1380 p0pnlos
1440 1310 1577 1361 inter
1606 1324 1664 1361 se
1694 1311 1995 1378 conjunctos
2028 1324 2150 1374 pare

2254 1099 2555 1159 incorrupta
2580 1139 2594 1161 ,
2639 1115 2783 1150 amor
2822 1098 3091 1164 conﬁrmat
3147 1107 3519 1151 sacramentum
3559 1098 3854 1168 conjuginle

2255 1170 2480 1237 ﬂammis
2506 1170 2746 1238 pudicis:
2787 1185 2929 1219 amor
2954 1170 3185 1236 denique
3219 1169 3384 1221 reddit
3411 1168 3646 1235 ﬁdelibus
3675 1170 3853 1220 arnicis

2259 1238 2394 1304 quod
2437 1255 2589 1289 suum
2621 1250 2717 1294 est.
2762 1240 2805 1291 0
2848 1256 2940 1290 vos
2971 1238 3137 1291 beatos
3178 1238 3425 1297 homines.
3458 1239 3501 1290 si
3530 1239 3664 1290 idem
3707 1254 3851 1290 utitor

2264 1311 2376 1371 Dei,
2409 1326 2506 1377 quo
2552 1312 2733 1363 caelum
2769 1310 3106 1379 gubernatur,
3139 1312 3376 1379 gubernet
3408 1320 3597 1361 vestras
3637 1321 3847 1361 mentes.

2099 1443 2327 1500 NOTxE.

565 1570 799 1615 teneant.
827 1560 938 1612 sive
969 1559 1103 1611 intra
1145 1559 1257 1610 sive
1286 1565 1433 1609 extra
1468 1570 1715 1623 corpora,
1756 1571 1875 1624 quae
1907 1555 2047 1625 quod
2084 1572 2147 1610 ex

562 1631 842 1686 elementis
869 1637 1137 1688 constent.
1176 1638 1436 1680 vocantur
1476 1628 1661 1685 mista;
1690 1626 1747 1678 5°
1781 1628 1922 1693 quod
1954 1627 2148 1679 cmlum

564 1702 737 1755 sidera
771 1701 880 1752 suis
919 1698 1267 1766 temporibus,
1315 1706 1367 1750 et
1419 1712 1564 1749 mare
1614 1698 1807 1749 ﬂuctus
1856 1699 1967 1751 suis
2023 1700 2153 1751 locis

562 1773 851 1825 contineat.
886 1769 959 1821 De
997 1770 1185 1820 Phoebo
1203 1779 1254 1820 et
1287 1766 1515 1832 Hespero
1540 1768 1649 1831 jam
1675 1767 1933 1819 diximus.

630 1841 721 1895 '29..
757 1840 857 1893 Hic
887 1849 1060 1892 sancto
1094 1836 1356 1907 populos.]
1393 1835 1455 1889 ll.
1504 1836 1690 1903 Agitur
1728 1837 1793 1889 de
1829 1851 2010 1890 amore
2052 1837 2151 1890 ltu-

567 1928 747 1965 mano.
786 1912 880 1963 llic
911 1910 1216 1973 multiplicis
1243 1918 1321 1959 est
1346 1908 1557 1973 generis
1596 1924 1607 1958 :
1647 1908 1868 1971 triplicis
1898 1908 2157 1960 duntaxat

563 1997 703 2034 nunc
747 1982 987 2033 memmit
1037 1979 1399 2044 Philosophia.
1445 1992 1657 2044 nempe,
1694 1977 1750 2028 1ο
1794 1978 2009 2039 amoris,
2061 1980 2149 2046 qui

563 2063 642 2105 est
675 2052 811 2103 inter
842 2049 1087 2117 populos,
1126 2065 1230 2115 quo
1276 2047 1453 2115 populi
1495 2056 1693 2117 acterna
1735 2048 1785 2099 in
1820 2062 1952 2115 pace
1981 2050 2153 2101 conti-

564 2136 781 2181 nentur;
808 2116 869 2172 2“
895 2116 1115 2183 :itIItH'iS,
1142 2120 1228 2185 qui
1250 2130 1331 2169 est
1356 2117 1494 2169 inter
1509 2116 1786 2185 conjuges,
1812 2134 1917 2183 quo
1941 2132 2149 2172 sacrum

563 2194 672 2243 sive
698 2201 1088 2243 sacramentum
1113 2189 1412 2257 conjugiale
1434 2188 1810 2251 conﬁrmatur;
1836 2189 1897 2241 5ο
1927 2189 2146 2256 amoris,

565 2263 650 2328 qui
689 2272 771 2313 est
822 2262 959 2313 inter
1001 2261 1222 2320 amicos,
1255 2274 1361 2326 quo
1408 2260 1640 2328 anticus,
1684 2259 1873 2328 amico
1906 2266 2149 2323 tanquam

565 2326 689 2383 alter
711 2333 863 2391 idem,
898 2330 1166 2383 inducitur
1193 2329 1258 2380 ad
1296 2326 1739 2381 benefaciendum
1772 2327 1966 2388 amico,
1998 2328 2146 2394 cogi-

564 2402 761 2455 tatione
788 2442 803 2465 ,
838 2400 1002 2454 verbo
1039 2410 1093 2453 et
1121 2413 1322 2467 opere:
1362 2400 1473 2449 iliBC
1506 2400 1703 2466 quippe
1738 2406 1863 2450 sunt
1895 2399 2150 2451 sodalium

566 2487 697 2532 pira.

574 2568 1432 2581 __—_——.————_—..__—_H

676 2570 1023 2580 _—_—————

2330 1560 2420 1613 28.
2459 1558 2501 1609 0
2536 1559 2659 1624 felix
2714 1558 2973 1611 hominum
3025 1574 3203 1627 genus,
3252 1555 3380 1627 etc.]
3426 1556 3511 1611 ΙΙΙ.
3556 1556 3742 1624 Agitur
3782 1558 3849 1612 de

2263 1643 2445 1681 amore
2472 1628 2675 1690 divino.
2697 1645 2801 1697 quo
2830 1644 2936 1681 non
2960 1628 3118 1681 modo
3140 1628 3354 1688 coelum,
3375 1629 3467 1681 sed
3489 1630 3663 1681 omnia
3688 1636 3848 1682 etiam

2261 1714 2485 1767 corpora
2520 1702 2598 1752 sic
2628 1711 2907 1767 reguntur,
2932 1711 2991 1752 ut
3026 1700 3139 1751 haec
3186 1714 3212 1749 τι
3256 1698 3433 1750 divina
3466 1700 3740 1751 voluntate
3782 1715 3849 1752 ne

2188 1776 2229 1833 Β
2262 1768 2424 1821 latum
2452 1770 2667 1838 quidem
2702 1778 2931 1835 unguem
2962 1769 3259 1823 discedant.
3301 1768 3412 1820 Una
3441 1778 3522 1820 est
3555 1784 3706 1821 IIIHIS
3747 1769 3849 1820 Im-

2260 1854 2411 1891 mana
2439 1856 2582 1906 quas,
2615 1841 2753 1908 quod
2787 1841 2853 1893 ab
2886 1841 3001 1906 ipso
3033 1840 3139 1891 Deo
3161 1839 3240 1891 sic
3274 1842 3431 1891 fuerit
3453 1838 3646 1891 dilecta
3702 1848 3757 1889 ut
3788 1839 3847 1891 li-

2261 1909 2480 1963 bertatis
2523 1912 2594 1963 sit
2645 1910 2931 1976 particeps,
2980 1924 3007 1960 a
3055 1909 3221 1976 prima
3266 1908 3474 1962 volendi
3528 1908 3847 1976 anatnlique

2259 1995 2470 2037 norma.
2524 1981 2798 2032 voluntate
2846 1980 3050 2040 divina,
3093 1978 3327 2033 recedat.
3379 1980 3555 2044 Quare
3590 1980 3640 2031 id
3685 1994 3846 2031 unum

2256 2064 2375 2102 esse
2404 2050 2563 2103 debet
2606 2050 2960 2119 Philosophia:
2991 2058 3194 2110 votum,
3236 2061 3291 2100 ut
3331 2056 3517 2102 eadem
3552 2064 3703 2103 mens
3747 2051 3847 2102 hu-

2259 2135 2443 2184 mana,
2510 2131 2816 2187 contempta
2872 2121 3079 2189 prtiptia
3149 2120 3449 2179 voluntate.
3522 2123 3847 2186 proprioque

2256 2204 2465 2253 amore,
2498 2191 2562 2243 ad
2597 2192 2927 2244 voluntatem
2965 2205 3312 2258 amoremque
3347 2189 3439 2243 Dei
3488 2200 3606 2242 sese
3635 2204 3847 2242 accom-

2256 2267 2455 2325 tundet,
2487 2269 2541 2314 ut
2563 2269 2778 2314 sanctos
2803 2260 2948 2314 viros
2990 2260 3214 2323 imitata,
3246 2274 3379 2313 voce
3419 2259 3846 2327 cogitatioz.eqtte

2255 2330 2546 2392 submissa.
2580 2331 2719 2383 dicat
2750 2346 2871 2384 cum
2915 2332 3168 2397 propheta
3203 2345 3326 2397 rege
3354 2346 3366 2381 :
3406 2329 3541 2382 Doce
3575 2345 3653 2381 me
3681 2329 3848 2399 facere

2255 2400 2567 2454 voluntatem
2598 2413 2759 2467 tuam,
2790 2412 2843 2455 et
2871 2416 2989 2455 cum
3022 2402 3315 2469 Apostolo:
3352 2400 3588 2465 Domine,
3619 2401 3741 2468 quid
3765 2415 3846 2451 me

2254 2471 2325 2522 ris
2354 2471 2521 2538 facere
2540 2472 2564 2522 .9

3539 2565 3834 2579 -α

1684 2648 2062 2747 LIBER
2122 2630 2718 2750 TERTIUS.

1010 2812 1165 2882 170
1206 2808 1417 2863 I'ROS.\
1466 2807 1698 2862 PRIMA.

565 2917 949 2957 «nonnenon.
966 2930 1033 2940 ——
1052 2898 1389 2968 Philosophia
1414 2914 1591 2951 rursus
1613 2914 1643 2968 a
1668 2896 1935 2951 levioribus
1964 2897 2033 2948 ad
2062 2912 2148 2949 va-

634 2974 821 3025 lidiora
869 2979 1169 3039 argumenta
1222 2967 1553 3038 progrediens
1602 2967 1837 3021 Boetium
1895 2968 2152 3037 praedictis

630 3044 910 3094 rationibus
940 3043 1005 3094 ad
1035 3042 1233 3106 maiora
1276 3041 1603 3107 percipienda
1646 3047 1955 3091 commotum
1997 3055 2154 3106 para-

630 3125 831 3181 tumque
865 3122 1060 3174 monet,
1105 3113 1216 3180 [ore
1256 3120 1309 3161 ut
1357 3112 1523 3176 ipsum
1550 3150 1564 3172 ,
1621 3110 1766 3162 initio
1802 3127 1831 3161 a
1872 3111 2153 3163 notioribus
2181 3112 2226 3176 C

630 3195 853 3253 sumpto,
886 3185 953 3234 ad
982 3197 1150 3234 veram
1182 3181 1476 3249 felicitatem
1510 3181 1683 3232 ducat.

630 3274 747 3327 Jam
784 3284 808 3309 ει
834 3282 1049 3326 cantum
1082 3274 1169 3326 illa
1204 3272 1433 3334 ﬁnierat,
1460 3286 1578 3324 cum
1616 3275 1737 3324 ’me
1759 3271 2006 3325 audiendi
2038 3271 2153 3324 avi-
2196 3276 2199 3277 ⁷

565 3368 710 3429 ilum,
745 3374 1156 3433 stupentemque
1186 3367 1410 3416 arrectis
1435 3362 1612 3416 adhuc
1643 3362 1862 3417 auribus
1893 3364 2151 3418 carminis

566 3458 803 3513 mulcedo
835 3458 1119 3511 deﬁxerat.
1151 3455 1331 3524 Itaque
1374 3455 1533 3524 paulo
1564 3465 1711 3524 post:
1742 3456 1807 3520 Ο,
1848 3456 2066 3525 inquam
2097 3454 2154 3521 δ,

566 3567 824 3604 stnnmum
854 3552 1119 3603 lassorum
1144 3548 1383 3602 solamen
1406 3547 1704 3600 animorum
1724 3557 1769 3610 ε’,
1788 3558 2042 3617 quantum
2067 3564 2153 3603 me

567 3644 642 3698 vel
675 3644 1058 3696 sententiarum
1092 3640 1349 3709 pondere,
1382 3638 1465 3692 vel
1495 3640 1718 3692 canendi
1762 3642 1926 3694 etiam
1958 3641 2151 3709 jucun-

566 3736 724 3787 ttitate
762 3732 1000 3786 refovisti
1027 3732 1039 3785 !
1072 3730 1153 3802 (5)
1184 3732 1317 3784 adeo
1348 3738 1404 3783 ut
1431 3728 1538 3797 jam
1572 3744 1656 3783 me
1686 3730 1907 3799 posthac
1932 3728 1959 3767 ἀ
1988 3732 2149 3801 impa-

567 3843 673 3881 rem
710 3824 936 3881 l‘ortuna:
981 3824 1170 3881 ictibus
1221 3838 1324 3878 non
1369 3821 1617 3876 arbitrer.
1650 3821 1835 3892 itaque
1874 3824 2143 3892 remedia,

2255 2822 2377 2873 quae
2414 2808 2571 2875 paulo
2603 2809 2811 2860 acriora
2839 2823 2961 2862 esse
2989 2808 3229 2874 dicebas,
3262 2823 3369 2862 non
3400 2809 3560 2862 modo
3590 2825 3693 2864 non
3728 2825 3844 2877 per-

2256 2898 2534 2964 horresco,
2574 2900 2667 2955 sed
2702 2900 2954 2954 audiendi
2988 2902 3183 2955 avidus
3213 2902 3561 2963 vehementer
3588 2903 3843 2973 elllagito.

2262 2990 2414 3060 171
2448 2991 2585 3043 Tum
2636 2991 2723 3044 illa
2756 3000 2804 3055 θ,
2836 2990 3023 3057 Sensi,
3074 2993 3275 3062 inquit,
3304 3008 3427 3048 cum
3476 2993 3636 3047 verba
3663 3006 3844 3050 nostra

2266 3082 2459 3136 tacitus
2507 3092 2846 3152 attentusque
2878 3085 3145 3153 rapiehas,
3194 3086 3214 3115 '
3245 3099 3475 3154 eumque
3512 3094 3613 3138 tum
3643 3087 3841 3138 mentis

2258 3173 2496 3228 habitum
2539 3175 2620 3228 vel
2652 3176 2994 3243 exspectavi,
3030 3176 3149 3240 vel,
3192 3175 3333 3244 quod
3379 3185 3461 3231 est
3486 3177 3687 3239 verius,
3723 3176 3836 3244 ipsa

2258 3264 2457 3333 perfeci
2490 3283 2502 3319 :
2530 3266 2656 3319 talia
2683 3274 2807 3320 sunt
2835 3266 3030 3335 quippe
3059 3282 3176 3336 qua:
3198 3276 3422 3328 restant.
3456 3275 3512 3319 ut
3559 3266 3839 3335 degustata

2258 3358 2473 3425 quidem
2501 3357 2804 3424 mordeant,
2829 3357 3053 3411 interius
3074 3369 3251 3412 autem
3275 3367 3487 3427 recepta
3510 3358 3839 3413 dulcescant.

2260 3448 2366 3504 Sed
2397 3447 2540 3517 quod
2580 3460 2635 3502 tu
2676 3458 2726 3502 te
2764 3448 3017 3501 audiendi
3053 3448 3305 3517 cupidum
3351 3448 3430 3518 (5;
3462 3449 3613 3515 dicis,
3644 3459 3843 3518 quanto

2260 3539 2453 3593 ardore
2486 3538 2759 3608 ﬂagrares,
2798 3540 2843 3591 si
2889 3554 3119 3608 quonam
3170 3549 3222 3593 te
3250 3540 3446 3593 ducere
3503 3540 3842 3610 aggrediatur

2259 3644 2596 3698 agnosceres.
2617 3631 2881 3697 Quonam,
2909 3630 3121 3700 inquam
3145 3628 3162 3667 ί
3182 3631 3206 3683 ?
3228 3630 3247 3660 ³
3269 3629 3351 3684 Ad
3374 3645 3576 3696 veram,
3602 3630 3770 3699 inquit
3790 3640 3838 3695 κ,

2259 3722 2587 3788 felicitatem,
2612 3722 2803 3793 ‘quam
2835 3733 2953 3777 tuus
2976 3738 3187 3793 quoque
3214 3723 3443 3777 somniat
3472 3723 3839 3790 animus,sed,

2257 3834 2519 3893 occupato
2546 3823 2615 3878 ad
2648 3825 2908 3895 imagines
2939 3827 3058 3880 visu
3078 3866 3093 3891 ,
3125 3825 3293 3895 ipsam
3329 3826 3473 3880 illam
3514 3842 3621 3883 non
3671 3836 3841 3897 potert

1902 3932 2480 3989 INTERPRETATIO.

636 4044 659 4069 ⁸
693 4033 928 4088 Carmen.

633 4102 660 4141 ι’
695 4106 803 4173 Ego
832 4101 1068 4173 Boetius.

635 4185 656 4211 ο
693 4172 1060 4239 Philosophia.

633 4243 657 4280 ἀ
699 4244 847 4297 Vinci
882 4257 1044 4310 posse.

2331 4037 2358 4098 εί
2391 4027 2755 4098 PhiIOSOphia.

2341 4095 2359 4133 ί
2392 4098 2503 4162 Ego
2525 4095 2760 4153 lioétius.

2337 4178 2358 4214 ε
2395 4168 2759 4238 Philosophia.

2086 4376 2292 4432 NOTAE
2303 4416 2316 4432 .

639 4500 656 4528 ‘
690 4496 774 4550 Me
801 4492 1044 4549 audiendi
1085 4491 1324 4555 avidum,
1365 4489 1495 4560 etc.]
1536 4490 1577 4544 Ι.
1614 4489 1831 4544 Boetius
1881 4489 2151 4559 przedictis

564 4569 828 4625 rationum
857 4563 1344 4633 philosophicarum
1373 4561 1670 4633 momentis
1690 4560 2148 4633 commotusdici-

564 4653 647 4695 tur
666 4654 787 4693 cum
810 4629 1197 4701 corpora—tum
1220 4632 1382 4684 etiam
1411 4643 1612 4685 mente.
1633 4629 1872 4699 Corpore
1895 4632 2140 4699 quidem:

564 4709 701 4781 quod
735 4722 952 4761 carmen
973 4704 1155 4781 instar
1186 4702 1343 4755 mulsi
1380 4716 1551 4781 suave
1574 4716 1715 4781 _eum
1755 4701 2147 4781 deﬂui-alsiu-

570 4770 760 4837 ientem
802 4775 1010 4829 arrectis
1058 4772 1227 4826 adhuc
1275 4772 1484 4824 auribus
1510 4813 1523 4833 ,
1573 4772 1675 4824 hoc
1719 4782 1801 4826 est
1831 4770 2064 4825 immotis
2090 4783 2147 4826 et

578 4851 770 4917 reliquo
796 4860 1023 4917 corpore
1062 4854 1116 4917 et
1155 4843 1414 4917 auribus,
1438 4841 1505 4895 ad
1539 4840 1750 4917 facilius
1775 4842 2098 4917 audiendum
2126 4858 2141 4905 ;

575 4933 651 4987 qm
684 4911 946 4985 loquendi
992 4914 1183 4968 modus
1211 4928 1240 4965 a
1279 4913 1532 4975 canibus,
1564 4911 1872 4979 leporibus,
1921 4912 2146 4987 aliisque

573 4983 788 5049 bestiis,
829 4999 1055 5053 quarum
1085 4996 1243 5036 aures
1276 4992 1467 5049 sponte
1515 4992 1820 5053 moventur,
1853 4983 2144 5036 translatus

571 5068 647 5112 est
667 5060 731 5109 ad
758 5050 1050 5115 hominem,
1075 5054 1227 5120 cuius
1249 5066 1406 5105 aures
1436 5066 1539 5103 non
1566 5050 1638 5103 ita
1663 5062 1973 5104 moventur:
2011 5068 2147 5120 prte-

569 5130 719 5180 ilictte
750 5128 893 5178 enim
926 5122 1109 5176 bestia:
1145 5124 1209 5174 ad
1243 5136 1433 5175 sonum
1466 5121 1656 5173 melius
1687 5121 2061 5188 excipiendum
2092 5132 2148 5175 et

566 5198 755 5250 sistere
788 5202 844 5248 et
870 5206 1027 5246 aures
1056 5192 1266 5258 erigere
1288 5200 1706 5245 consueverunt.
1740 5190 1913 5245 Mente
1944 5191 2107 5244 etiam
2132 5209 2147 5256 ;

565 5268 703 5335 quod
740 5267 852 5318 hac
880 5264 955 5335 vel
983 5264 1344 5335 sententiarum
1387 5261 1609 5335 pondere
1646 5261 1723 5314 vel
1755 5262 1968 5335 canendi
1995 5263 2148 5314 etiam

564 5330 890 5407 iucunditate
904 5333 983 5407 ita
1011 5340 1252 5407 recreata
1276 5331 1366 5394 sit,
1391 5342 1445 5383 ut
1466 5333 1577 5401 jam
1596 5346 1649 5407 se
1673 5330 1882 5399 posthac
1902 5332 2149 5407 imparem

566 5401 785 5477 fortuna:
804 5403 985 5477 ictibus
1013 5418 1113 5455 non
1142 5401 1452 5477 arbitretur:
1478 5416 1585 5477 quo
1618 5403 1672 5454 lit
1700 5411 1755 5454 ut
1784 5402 2007 5477 remedia
2034 5417 2148 5471 qua:

567 5471 901 5544 'l'hilosOphia
932 5488 1092 5544 supra
1130 5471 1267 5544 dixit
1298 5486 1405 5544 esse
1431 5471 1660 5544 acriora,
1705 5488 1807 5525 non
1848 5473 2003 5526 modo
2043 5489 2147 5544 non

566 5540 956 5617 perhorrescat,
995 5540 1095 5595 ’sed
1146 5541 1389 5594 audiendi
1444 5540 1594 5593 avida
1640 5545 1960 5596 uehementer
2010 5543 2148 5611 eﬂla-

566 5621 707 5687 gitcl.

636 5689 654 5717 ²
684 5686 815 5738 Eum
844 5696 943 5742 tuae
974 5685 1150 5736 mentis
1184 5681 1437 5747 habitum,
1473 5682 1605 5753 etc.]
1638 5683 1698 5735 Il.
1747 5682 1888 5736 Idem
1934 5683 2149 5737 Boetius

566 5755 837 5825 prtedictis
865 5754 1160 5825 rationibus
1193 5760 1408 5821 paratus
1438 5752 1638 5825 dicitur
1666 5754 1733 5825 ab
1760 5753 1871 5825 ipsa
1903 5753 2150 5825 Philoso-

566 5822 710 5887 phia.
738 5823 957 5878 Paratus
978 5823 1189 5891 quidem
1213 5832 1293 5877 est
1315 5822 1588 5890 przedictis
1611 5822 1931 5887 rationibus,
1956 5823 2148 5889 quibus

2179 4601 2227 4659 D

2262 4489 2462 4563 sensim
2498 4489 2756 4563 tolluntur
2784 4491 3119 4560 praijudicia,
3150 4502 3370 4560 propter
3414 4507 3561 4563 qum.
3609 4493 3837 4550 dicenda

2262 4560 2469 4629 ingrata
2494 4558 2868 4631 displicerent,
2894 4558 3002 4616 non
3026 4558 3182 4615 secus
3200 4558 3266 4616 ac
3286 4558 3461 4631 palato
3489 4563 3624 4617 male
3644 4563 3838 4620 alTecto

2253 4630 2405 4685 cibus
2433 4630 2593 4684 etiam
2626 4631 2982 4705 suavissimus
3011 4632 3259 4705 displicet
3286 4630 3299 4685 ἐ
3342 4635 3464 4687 talia
3499 4637 3838 4705 suntquippe

2252 4716 2366 4767 quae
2408 4709 2635 4765 restant,
2682 4712 2735 4752 ut
2763 4702 3024 4770 degustata
3053 4703 3255 4768 quidem
3296 4705 3592 4767 mordeant,
3623 4702 3837 4760 interius

2252 4782 2421 4823 autem
2450 4781 2653 4839 recepta
2679 4770 2992 4843 dulcescunt.
3023 4772 3188 4843 Atrab
3222 4772 3336 4841 ipsa
3369 4774 3708 4839 Philosophia
3744 4790 3837 4843 pa-

2253 4850 2400 4895 ratus
2427 4850 2509 4894 est
2536 4857 2575 4913 :__
2601 4841 2837 4913 cognitio
2870 4844 3012 4913 enim
3062 4841 3463 4913 philosophica,
3507 4855 3689 4912 utpote
3720 4841 3838 4913 qua:

2253 4912 2393 4965 clara
2433 4921 2485 4964 et
2526 4910 2798 4976 distineta,
2848 4912 3164 4981 principium
3215 4910 3317 4973 est.
3349 4928 3377 4965 a
3409 4930 3514 4981 quo
3541 4910 3699 4968 omne
3732 4910 3835 4970 non

2252 4982 2413 5037 modo
2437 4980 2719 5049 judicium,
2744 4982 2834 5034 scd
2862 4980 3033 5036 etiam
3055 4982 3379 5035 desiderium
3405 4980 3699 5052 legitimum
3732 4990 3838 5038 ori-

2258 5062 2341 5105 tur
2368 5070 2387 5124 :_
2411 5067 2621 5124 eumque
2654 5063 2753 5124 tua;
2791 5054 2971 5105 mentis
3006 5052 3234 5124 habitum
3278 5056 3354 5105 vel
3391 5056 3695 5124 exspectavi,
3737 5059 3834 5120 vel,

2251 5121 2388 5193 quod
2414 5133 2486 5193 est
2510 5122 2700 5186 uerius,
2728 5122 2838 5191 ipsa
2868 5122 3273 5193 perfeci.inquit
3302 5121 3665 5193 Philosophia.

2326 5192 2345 5222 ³
2373 5192 2452 5243 Ad
2479 5208 2646 5264 ueram
2676 5190 3029 5264 feli¢italent.]
3061 5192 3143 5245 ΙΙΙ.
3190 5190 3536 5262 Philosophia
3574 5195 3838 5264 promittit

2254 5262 2369 5317 fore
2400 5270 2456 5314 ut
2485 5262 2558 5315 Bo
2594 5261 2723 5314 tium
2752 5263 2911 5315 ducat
2946 5261 3018 5316 ad
3041 5264 3377 5329 felicitatem;
3409 5261 3530 5318 cum
3572 5261 3713 5318 enim
3748 5266 3834 5319 hic

2254 5341 2439 5397 agatur
2464 5330 2535 5403 de
2559 5332 2796 5403 moribus
2826 5333 3203 5396 instituendis;
3236 5348 3466 5402 cumque
3490 5337 3689 5403 optima
3720 5351 3836 5389 mo—

2255 5418 2370 5455 rum
2418 5400 2679 5472 institutio
2706 5417 2735 5454 a
2768 5401 2870 5456 line
2914 5404 3214 5471 praesertim
3261 5400 3832 5472 pendeatﬁpmpterea

2258 5470 2599 5540 Philosophia
2646 5470 3015 5543 tractationem
3060 5470 3282 5540 suscipit
3320 5473 3388 5528 de
3416 5470 3687 5538 felicitate,
3717 5491 3835 5543 qua:

2257 5556 2463 5596 morum
2489 5550 2631 5612 recte
2655 5542 3051 5597 lormandornm
3081 5543 3202 5596 linis
3223 5552 3306 5597 est
3330 5562 3341 5595 :
3370 5545 3524 5612 hujus
3554 5542 3837 5599 autem’l'e-

2257 5611 2477 5666 licitatis
2520 5611 2665 5664 notio
2703 5613 2897 5668 animis
2936 5612 3210 5667 hominum
3263 5616 3417 5668 insita
3441 5611 3585 5670 est:
3632 5616 3834 5669 idcirco

2258 5686 2446 5735 eadem
2475 5680 2813 5751 Philosophia
2844 5684 2993 5737 addit

2328 5754 2345 5782 ⁵
2380 5753 2542 5826 Quam
2575 5762 2692 5805 tuus
2734 5770 2931 5826 quoque
2971 5754 3189 5808 somniat
3231 5755 3477 5826 πίθηαι]
3511 5756 3657 5809 Meus
3687 5756 3830 5809 enim

2260 5834 2367 5877 tum
2399 5823 2593 5877 dicitur
2622 5825 2909 5892 son-hiare,
2941 5840 3060 5880 cum
3087 5827 3275 5893 sopitis
3300 5823 3657 5881 exterioribus
3679 5841 3831 5892 orga-
