4254 6250
430 378 524 433 721

1418 378 1505 432 DE
1541 376 2055 433 CONSOLATIONE
2097 375 2565 433 PHILOSOPHUS
2599 375 2724 429 LIB.
2764 374 2852 428 111.

3573 371 3677 426 722

428 494 644 552 intueri.
675 493 810 549 Tum
833 507 933 563 ego
963 502 1020 546 ιε
1053 492 1184 558 Fac,
1214 493 1459 560 obsecro,
1508 504 1563 551 et
1588 510 1707 567 qua
1754 495 1843 550 illa
1873 509 1997 550 vera
2026 497 2081 556 Α
2179 496 2299 548 dam
2328 510 2434 549 esse
2481 493 2640 563 falsa,
2688 510 2841 561 quam
2885 494 3131 547 induatur
3172 511 3286 547 t'era
3332 495 3566 564 Opinione
3601 495 3680 546 bo-

427 588 537 652 sit,
589 586 705 639 sine
737 583 765 623 δ
805 584 1144 640 cunctatione
1181 582 1510 640 demonstra.
1540 584 1788 651 Faciam,
1831 586 2000 655 inquit

426 674 514 729 illa
541 685 590 742 ο,
615 670 732 745 (l0)
773 674 849 729 tui
876 688 1036 728 causa
1076 673 1339 729 libenter:
1374 675 1529 746 1'72
1573 675 1667 730 sed
1711 677 1727 706 ⁸
1757 690 1874 745 quae
1904 674 1999 729 tibi

426 777 585 819 causa
625 764 803 817 notior
838 771 942 827 est,
982 777 1098 817 eam
1123 762 1273 832 prius
1298 762 1578 834 designare
1608 763 1814 831 verbis,
1843 774 2002 836 atque

427 852 719 909 informare
747 853 1013 908 conabor:
1046 861 1107 906 ut
1141 867 1203 907 ea
1232 860 1530 922 perspecta,
1557 868 1678 908 cum
1706 855 1758 908 in
1788 863 1999 909 contra-

426 944 559 998 riam
588 951 790 1012 partem
819 941 1033 998 ﬂexeris
1070 942 1253 996 oculos
1283 939 1334 1011 ἀ,
1362 957 1502 998 vene
1529 943 1802 1012 specimen
1833 944 2002 998 beati-

430 1032 629 1087 tudinis
658 1029 833 1101 possis
860 1045 1175 1100 agnoscere.

793 1140 947 1212 173
985 1140 1277 1196 METRUM
1305 1146 1323 1165 ‘
1352 1140 1636 1197 PRIMUM.

426 1232 1233 1299 Ansuusurum—Philosophia
1262 1234 1492 1301 exemplo
1520 1249 1821 1301 corporum;
1851 1235 2001 1287 nimi-

495 1321 609 1357 rum
635 1303 767 1372 agri,
792 1303 969 1371 palati,
996 1319 1085 1356 nec
1109 1319 1207 1355 non
1233 1304 1383 1367 aeris,
1414 1302 1546 1354 male
1565 1312 1613 1355 et
1643 1304 1764 1355 bene
1790 1303 1997 1357 alternis

496 1371 822 1441 affuturum,
859 1375 1055 1443 probat,
1087 1381 1300 1425 mentem
1327 1371 1605 1425 humanam
1634 1374 1776 1442 prius
1808 1388 1993 1426 exuen-

2176 582 2378 618 norum.

2245 653 2343 720 Qui
2373 667 2554 707 serere
2584 653 2871 722 ingenuum
2898 654 3037 708 volet
3069 670 3275 723 agrum,

2247 744 2461 797 Liberat
2488 759 2616 798 arva
2642 744 2790 812 prius
2814 743 3114 807 fruticibus,

2250 831 2413 885 Falce
2445 832 2629 893 rubos,
2663 831 2964 899 lilicemque
2995 844 3222 896 resecat,

2248 920 2318 975 Ut
2350 935 2484 974 nova
2513 920 2662 989 fruge
2696 922 2870 990 gravis
2896 920 3060 976 Ceres
3086 933 3190 976 eat.

2146 1015 2179 1066 5
2257 1010 2413 1082 174
2441 1012 2654 1065 Dulcior
2683 1020 2765 1065 est
2795 1014 2973 1080 apium
3007 1027 3159 1081 mage
3189 1013 3357 1077 labor,

2250 1102 2306 1158 Si
2338 1103 2508 1157 malus
2535 1118 2628 1157 ora
2657 1103 2805 1171 prius
2831 1118 2989 1172 sapor
3015 1104 3157 1158 edat.

2251 1192 2465 1247 Gratius
2502 1204 2641 1246 astra
2667 1193 2856 1258 nitent,
2888 1194 2978 1248 ubi
3013 1203 3169 1248 notus

2252 1281 2455 1337 Desinit
2487 1281 2787 1337 imbriferos
2822 1282 2950 1338 dare
2989 1300 3173 1339 sonos.

2244 1373 2458 1427 Lucifer
2482 1381 2537 1425 ut
2566 1373 2811 1428 tenebras
2840 1376 3121 1443 pepulerit,

1761 1461 2332 1517 INTERPRETATIO.

498 1563 525 1593 ι
558 1556 772 1611 Boetius
800 1569 1001 1625 repono

498 1625 526 1662 δ
558 1626 728 1679 Mora.

502 1705 524 1764 ς
560 1695 921 1764 Philosophia.

498 1763 524 1800 ά
552 1765 765 1819 Mentis.

500 1835 795 1902 Quicunque
821 1833 959 1902 cupit
982 1832 1231 1887 seminare
1258 1848 1495 1903 campum
1521 1833 1753 1899 liberum,
1784 1832 1872 1888 ille
1898 1833 1994 1903 im-

2105 1555 2289 1627 spina_s_
2309 1562 2354 1627 e_t
2382 1552 2590 1620 ﬁlicem,
2618 1564 2672 1605 ut
2698 1552 2849 1627 ceres
2876 1572 3051 1609 recens
3072 1558 3331 1626 procedat,
3359 1568 3539 1612 onusta
3564 1561 3679 1627 fru-

2105 1636 2208 1676 ctu.
2242 1622 2343 1695 Mel
2374 1638 2501 1688 Opus
2529 1639 2681 1692 apum
2714 1622 3096 1695 videtur‘multo
3124 1622 3347 1687 suavius.
3379 1630 3422 1681 si
3454 1622 3687 1695 palatum‘

2105 1701 2223 1747 ante
2242 1693 2495 1746 imbuatur
2510 1708 2691 1762 sapore
2717 1693 2937 1767 ingrato.
2961 1695 3148 1749 Sidera
3169 1700 3361 1767 fulgent
3380 1693 3676 1765 jucundius,

2108 1772 2419 1839 cum_notu£
2456 1774 2648 1816 ventus
2696 1762 3023 1839 meridianus
3068 1762 3225 1839 cessat
3248 1762 3422 1839 'edere
3451 1768 3679 1839 fragores

2109 1833 2332 1904 pluvios.
2375 1830 2656 1901 Postquam
2692 1833 2854 1904 stella
2890 1833 3109 1900 referens
3139 1834 3301 1890 lucem
3348 1830 3555 1904 fugavit'
3586 1854 3678 1890 no-

429 1896 605 1971 primis
652 1896 837 1976 purgat
886 1896 1111 1974 fundum
1157 1896 1411 1970 arbustis,
1464 1896 1804 1973 rescinditque
1856 1902 1989 1972 falce
2024 1896 2071 1956 B
2097 1896 2248 1968 ctem,
2281 1901 2388 1955 dies
2417 1896 2639 1970 formosa
2665 1902 2804 1955 ducit
2843 1896 2996 1971 equos
3024 1905 3256 1958 rubentes
3284 1896 3436 1962 solis".
3478 1907 3568 1963 Sic
3598 1919 3670 1976 tu,

1943 2016 2170 2073 NOTAE.

428 2113 509 2166 nis
543 2127 793 2168 sensuum
818 2150 835 2177 ,
871 2110 1147 2180 spiritibus
1193 2111 1452 2179 impressa
1503 2110 1731 2166 cerebro
1774 2110 1998 2179 vestigia

427 2182 782 2307 ﬁngentibus
802 2191 1189 2247 commovetur,
1209 2180 1359 2250 juxta
1382 2181 1509 2236 illud
1532 2181 1810 2236 Claudian.
1826 2194 1994 2235 carm.

500 2292 514 2307 .
539 2268 587 2306 v.
680 2269 692 2305 :

500 2292 692 2317 ’σοι’

547 2371 719 2419 Omnta
741 2380 850 2428 quae
870 2378 1020 2415 sensu
1046 2364 1303 2415 volvuntur
1328 2373 1436 2415 vota
1465 2365 1661 2427 diurno,

610 2429 820 2478 Pectore
844 2430 1002 2489 sopito
1026 2428 1188 2476 reddit
1212 2428 1363 2475 amica
1387 2429 1547 2487 quies.

548 2490 769 2539 Venator
795 2489 988 2538 defessa
1008 2496 1118 2550 toro
1139 2501 1247 2537 cum
1269 2490 1487 2550 membra
1508 2489 1721 2550 reponit,

609 2551 751 2600 Mens
768 2556 933 2599 tamen
957 2550 1013 2597 ad
1035 2548 1180 2599 silvas
1204 2558 1255 2599 et
1279 2562 1365 2598 sua
1390 2548 1544 2598 lustra
1567 2548 1713 2599 redit.

428 2635 604 2702 Quare
627 2634 682 2687 in
706 2633 929 2686 somniis
956 2631 1252 2702 hominum,
1279 2641 1337 2684 ut
1359 2645 1517 2702 saepe
1538 2641 1613 2684 est
1638 2629 1835 2699 aliquid
1858 2628 1996 2694 falsi,

428 2701 498 2759 ita
526 2717 740 2772 semper
763 2712 845 2757 est
878 2702 1072 2769 aliquid
1113 2701 1247 2755 veri.
1271 2702 1326 2753 ln
1355 2701 1457 2764 bis,
1482 2703 1718 2772 inquam,
1748 2714 1894 2772 saepe
1917 2710 1999 2753 est

429 2774 624 2842 aliquid
648 2768 805 2835 falsi;
833 2768 975 2841 quod
1003 2786 1145 2842 saepe
1162 2786 1321 2842 mens
1349 2768 1621 2842 somnians
1646 2768 1999 2842 exterioribus

426 2839 737 2910 corporibus
752 2839 946 2895 tribuat
986 2840 1125 2909 quod
1142 2841 1245 2894 illis
1258 2856 1361 2893 non
1373 2841 1644 2895 convenit.
1660 2840 1729 2893 At
1742 2840 1792 2892 in
1808 2839 1994 2910 iisdem

426 2909 639 2981 semper
663 2911 863 2980 aliquid
894 2912 1008 2963 veri
1046 2919 1148 2971 est.
1176 2926 1228 2981 v.
1258 2926 1308 2978 g.
1339 2912 1692 2963 somniantem
1717 2909 1991 2981 cogitare:

426 2978 561 3037 sicut
588 2996 717 3050 ergo
746 2978 905 3034 homo
932 2996 1035 3035 non
1058 2980 1288 3033 somniat
1318 2981 1419 3033 nisi
1448 2991 1571 3033 ante
1591 2979 1758 3048 captis
1786 2978 1994 3050 abipso

426 3048 972 3120 corpore—speciebus
992 3089 1009 3115 ,
1052 3051 1128 3120 sic
1158 3064 1308 3120 mens
1337 3065 1454 3115 qme
1485 3050 1687 3104 nullum
1719 3048 1991 3120 peculiare

426 3118 624 3176 bonum
655 3118 878 3188 appetit,
910 3120 1011 3174 nisi
1041 3119 1178 3173 duce
1203 3119 1471 3173 felicitatis
1501 3121 1741 3181 notione,
1773 3118 1841 3171 ab
1870 3126 1990 3171 ortu

426 3191 680 3272 divinitus
710 3190 903 3253 insita,
944 3204 1049 3278 non
1090 3191 1227 3271 male
1272 3189 1465 3278 dicitur
1504 3189 1641 3243 hanc
1682 3189 1990 3278 felicitatem
2024 3213 2071 3278 ρ

427 3262 725 3315 somniare:
758 3260 1124 3328 quamobrem,
1159 3260 1294 3313 sicut
1327 3274 1421 3327 per
1445 3274 1689 3313 somnum
1712 3258 1991 3327 contingit,

428 3331 516 3385 illa
561 3331 721 3384 insita
754 3330 1024 3384 felicitatis
1050 3329 1411 3397 notiojalienis
1449 3329 1769 3398 imaginibus
1799 3328 1871 3381 ita
1902 3329 1998 3398 ob.

427 3410 697 3466 scuratur,
732 3410 790 3453 ut
824 3400 935 3468 ipsa
969 3398 1197 3453 felicitas
1225 3398 1293 3453 ab
1320 3400 1430 3467 ipsa
1455 3397 1653 3463 mente,
1696 3398 1778 3452 cui
1806 3405 1889 3452 est
1918 3397 1998 3451 in-

431 3470 551 3532 sita,
583 3469 726 3523 clare
760 3479 813 3525 et
842 3469 1091 3523 distincte
1139 3484 1244 3523 non
1295 3470 1660 3538 percipiatur:
1705 3468 1830 3522 hinc
1865 3468 1995 3521 falsa

426 3540 790 3607 assumptione
818 3540 887 3593 .in
924 3540 1162 3605 divitias,
1207 3550 1300 3592 aut
1346 3539 1620 3608 quodlibet
1654 3538 1797 3592 aliud
1827 3551 1856 3590 a
1890 3538 1999 3591 Deo

426 3610 719 3675 diversum,
752 3608 897 3663 velut
937 3610 987 3662 in
1032 3624 1296 3663 summttm
1333 3609 1528 3663 bonum
1568 3622 1830 3677 suumque
1876 3608 2001 3661 ulti-

431 3695 575 3732 tnum
605 3679 785 3742 tinent,
812 3678 1058 3733 inclinata
1086 3679 1270 3733 tendit.
1314 3677 1604 3748 Propterea
1625 3678 1914 3748 quaerenda

503 3749 519 3820 ξ
552 3748 679 3814 Οιιω
714 3749 805 3801 tibi
849 3764 1004 3820 causa
1025 3750 1213 3820 notior
1244 3747 1361 3820 est.]
1401 3749 1485 3802 IV.
1523 3747 1720 3803 Eadem
1754 3748 1998 3820 Philoso-

430 3817 552 3886 phia
580 3827 764 3872 monet
808 3819 907 3872 sibi
963 3819 1172 3872 initium
1200 3817 1516 3873 sumendum
1555 3833 1676 3873 esse
1715 3832 1746 3871 a
1777 3818 1999 3871 notiori-

430 3887 526 3939 bus
550 3904 565 3943 :
597 3889 650 3940 in
681 3890 820 3940 omni
853 3889 1047 3956 quippe
1074 3888 1328 3943 metltodo
1356 3903 1569 3956 semper
1598 3888 1656 3941 ﬁt
1685 3902 1998 3957 progressus

428 3972 458 4009 a
490 3959 782 4011 notioribus
803 3957 868 4011 ad
898 3960 1069 4011 uinus
1095 3968 1249 4013 nota:
1278 3968 1335 4012 ut
1361 3959 1608 4013 nimirum
1641 3958 1740 4012 hac
1766 3957 1996 4011 evidenti

438 4028 654 4081 notione
679 4029 935 4081 ducamur
963 4038 1013 4083 et
1041 4028 1105 4081 ad
1149 4028 1591 4096 investigandum,
1624 4037 1677 4082 et
1704 4028 1769 4081 ad
1798 4027 2001 4081 discer-

431 4098 662 4150 nendum
710 4097 761 4151 id
812 4097 954 4167 quod
991 4098 1275 4168 quarritur,
1321 4101 1390 4156 ab
1434 4113 1500 4154 eo
1537 4098 1604 4153 de
1641 4112 1746 4168 quo
1782 4112 1889 4152 non
1916 4108 1996 4152 est

428 4168 671 4235 quaestio.
812 4178 819 4183 '
1559 4196 1567 4203 ~

502 4259 519 4277 ⁹
545 4256 695 4324 Quod
717 4266 939 4311 vocatur
969 4255 1287 4312 Phaliscum.
1312 4259 1405 4314 Est
1428 4268 1606 4314 autem
1634 4273 1850 4314 carmen
1871 4274 1998 4313 con-

430 4335 579 4398 stans
616 4341 683 4398 ex
718 4342 824 4398 uno
852 4342 1048 4396 genere
1082 4344 1353 4393 versuum,
1400 4344 1629 4398 quorum
1678 4330 1901 4397 quilibet
1930 4341 1997 4385 ex

430 4395 599 4468 tribus
629 4395 870 4466 dactylis’
890 4400 951 4451 et
981 4412 1087 4451 uno
1119 4398 1387 4468 pyrricbio
1414 4395 1773 4466 componitur.
1821 4402 1998 4465 Quare

431 4464 699 4520 observari
732 4464 923 4535 poterit
947 4464 1170 4535 quartus
1192 4483 1397 4529 versus.
1428 4474 1479 4523 in
1507 4464 1612 4537 quo
1638 4480 1824 4524 contra
1850 4464 1998 4523 com-

430 4549 645 4630 inu‘nem
666 4551 822 4630 usuali
844 4537 1026 4590 ultima
1049 4539 1250 4630 syllaba
1276 4539 1433 4608 hujus
1459 4540 1688 4630 dominis
1702 4538 1849 4594 Ceres
1869 4553 1997 4594 con-
2030 4571 2077 4630 υ

430 4605 677 4669 trahitur,
705 4615 762 4659 ut
792 4606 979 4659 horum
1009 4609 1173 4674 miles,
1205 4605 1366 4677 seges,
1399 4611 1569 4675 pedes.

502 4695 553 4749 1.
581 4695 762 4769 serere
781 4694 910 4769 uolet
932 4696 1158 4769 agrttm.]
1187 4696 1225 4751 1.
1256 4696 1594 4769 Philos0phia
1629 4698 1796 4751 utitur
1820 4713 1999 4752 exem-

428 4761 516 4831 plo
545 4766 678 4832 agri,
721 4765 809 4836 qui
840 4780 941 4819 non
968 4761 1120 4833 prius
1140 4761 1331 4834 'potest
1366 4761 1489 4822 esse
1516 4767 1683 4833 ferax,
1718 4783 1874 4836 quam
1905 4784 1993 4823 ex-

431 4837 620 4902 tractis
644 4834 886 4902 virgultis
912 4838 1083 4890 cultus
1112 4837 1289 4890 fuerit.

499 4905 549 4976 ‘l‘.
595 4901 929 4975 Ingenuum.|
970 4906 1235 4976 lngenuus
1273 4907 1327 4958 fit
1357 4923 1421 4960 ex
1458 4909 1830 4975 praepositione
1868 4909 1917 4960 in
1942 4919 1995 4963 et

424 4973 591 5045 verbo
610 4973 760 5045 gena,
782 4989 887 5041 quo
914 4977 994 5028 usi
1020 4973 1146 5029 sunt
1169 4976 1355 5038 Varro,
1385 4973 1681 5043 Lucretius,
1711 4980 1994 5045 pluresque

424 5042 513 5095 alii
541 5057 637 5117 pro
662 5044 843 5111 gigno:
869 5059 1036 5117 quare
1056 5046 1302 5117 ingenuus
1323 5046 1458 5117 idem
1482 5042 1689 5101 videtur
1708 5042 1827 5102 esse
1848 5042 1987 5117 quod

423 5113 673 5180 ingenitus
694 5129 714 5165 :
743 5113 1186 5186 quemadmodum
1214 5116 1470 5183 ingenium
1489 5119 1685 5185 saepius
1710 5113 1992 5186 usurpatur

424 5196 527 5255 p59
553 5193 738 5255 na_t_ura
772 5183 1031 5255 cujusque
1069 5187 1142 5237 rei
1176 5202 1191 5237 :
1242 5187 1379 5238 sicut
1420 5183 1578 5253 Virg.‘
1614 5203 1649 5242 tt
1685 5183 1903 5255 Georg.,
1937 5206 1987 5243 v.

422 5250 527 5303 177
544 5268 560 5325 ξ
594 5251 649 5304 N
654 5267 751 5325 unc
775 5250 917 5325 locus
944 5250 1181 5325 arearum
1223 5255 1457 5325 ingeniis.
1491 5250 1581 5312 Sic
1603 5257 1778 5312 fontes
1807 5250 1993 5313 dicun-

423 5330 512 5372 tur
536 5320 740 5389 ingenui
768 5322 881 5376 sive
904 5323 1064 5376 uativi
1094 5339 1123 5375 a
1155 5320 1402 5378 Lucretio
1433 5327 1468 5377 Ι.
1493 5342 1529 5379 t.
1559 5326 1648 5381 Sic
1679 5328 1840 5382 homo
1864 5330 1994 5384 dici-

425 5389 797 5468 turingertuus,
820 5406 940 5445 cum
966 5407 1014 5468 ἒ.
1032 5394 1201 5468 primo
1223 5402 1365 5457 ortu,
1398 5394 1544 5449 nullo
1572 5400 1844 5468 servitutis
1865 5400 1993 5468 jugo

422 5471 638 5536 pressus
668 5459 1220 5536 liber_est.__Sim_iliter
1257 5478 1394 5536 ergo,
1411 5482 1531 5536 ager
1565 5467 1654 5520 ille
1679 5467 1783 5521 dici
1815 5459 1990 5534 potest

419 5530 685 5601 ingenuus:
713 5532 811 5601 ‘qui
843 5529 1000 5583 nullis
1030 5532 1225 5600 plantis
1250 5529 1486 5589 consitus
1513 5537 1592 5591 sic
1620 5537 1755 5591 liber
1782 5529 1895 5601 est,
1934 5551 1989 5593 ut

417 5602 483 5647 ad
526 5598 803 5674 quodlibet
848 5598 1487 5674 semen'_concipiendunt
1519 5606 1764 5660 videatur
1793 5598 1985 5674 aptus;

417 5667 869 5730 quemadmodum
917 5685 944 5721 a
988 5669 1160 5736 primo
1188 5667 1306 5724 ortu
1346 5675 1508 5728 fuisse
1535 5667 1877 5731 crediderim.
1902 5667 1990 5732 Sic

419 5736 564 5816 gula,
592 5751 752 5816 qttam
781 5738 908 5816 nulli
926 5754 1172 5816 __sa_pores
1200 5755 1733 5816 prmoccupaverunt,
1760 5746 1989 5816 ingenua

420 5815 639 5859 vocatur
668 5806 891 5861 Martiali
926 5807 1103 5879 Epigr.
1128 5812 1164 5864 l.
1200 5826 1271 5873 vr,
1305 5828 1389 5878 ep.
1422 5806 1476 5865 l'l
1517 5832 1527 5868 :

2223 2105 2328 2155 Non
2353 2108 2509 2155 minus
2532 2108 2747 2168 ingenua
2768 2114 2845 2157 est
2869 2113 2922 2158 et
2942 2109 3079 2171 mihi,
3105 2108 3285 2167 Marce,
3314 2121 3448 2171 gnta.

2172 2190 2226 2242 2.
2272 2187 2474 2241 Liberat
2502 2188 2677 2259 arva.]
2724 2190 2943 2255 Areum,
2987 2192 3156 2259 inquit
3200 2190 3419 2257 Festus,
3464 2190 3677 2245 dicimus

2103 2274 2284 2328 agrum
2314 2259 2779 2329 nondumsatum:
2828 2261 2880 2313 in
2923 2276 3050 2329 agro
3080 2269 3254 2314 autem
3299 2262 3531 2315 nondum
3560 2274 3677 2314 sato

2107 2327 2250 2382 nasci
2280 2329 2452 2381 solent
2483 2327 2592 2381 ﬁlix
2619 2368 2634 2392 ,
2662 2329 2779 2383 rubi
2813 2334 2869 2383 et
2898 2327 3134 2395 frutices,
3162 2332 3225 2383 de
3254 2331 3304 2383 la
3335 2331 3557 2399 fougére,
3590 2333 3677 2384 des

2104 2414 2279 2451 ronces
2308 2407 2361 2471 et
2398 2407 2559 2452 toutes
2584 2409 2741 2453 sortes
2761 2401 2823 2453 de
2847 2400 3204 2466 broussailles;
3231 2416 3347 2469 qua:
3392 2410 3669 2471 propterea

2108 2467 2395 2522 resecanda
2425 2477 2570 2520 sunt.

2175 2538 2243 2611 4._
2266 2536 2487 2611 Ut_nova
2515 2538 2660 2611 fruge
2687 2540 2854 2608 gravis
2889 2538 3037 2593 Ceres
3066 2537 3189 2611 eat.]
3240 2539 3305 2593 Ut
3345 2547 3479 2593 terra
3508 2541 3572 2593 sit
3600 2542 3675 2606 fe-
3727 2602 3732 2607 ,

2106 2608 2298 2677 cunda.
2326 2607 2488 2661 Ceres
2518 2609 2661 2661 enim
2691 2607 2835 2661 terra
2866 2620 2967 2673 est,
2992 2607 3241 2677 quodfut
3264 2625 3448 2664 omnes
3478 2611 3673 2675 sciunt,

2104 2675 2312 2800 fruar?
2354 2678 2623 2731 inventrix
2665 2678 2890 2732 habetur
2917 2689 2970 2732 et
3007 2675 3202 2732 nutrix.
3227 2678 3372 2750 Virg.
3404 2695 3419 2733 ι
3450 2680 3671 2750 Georg.

2104 2761 2149 2799 v.
2314 2764 2326 2798 :

2099 2761 2149 2799 ν.
2186 2761 2285 2799 141
2314 2764 2326 2798 ἓ

2222 2835 2383 2885 Prima
2407 2836 2558 2887 Ceres
2578 2836 2707 2887 ferro
2730 2838 2960 2888 mortales
2980 2848 3179 2888 vertere
3207 2844 3401 2889 terram.

2223 2895 2456 2961 Instituit,
2485 2912 2593 2961 cum
2612 2901 2705 2959 jam
2731 2899 2932 2961 glandes
2950 2907 3097 2958 atque
3114 2902 3283 2949 arbuta
3307 2915 3457 2951 sacra:

2219 2958 2505 3009 Deficerent
2525 2958 2675 3016 silvae,
2702 2958 2754 3009 ei
2777 2962 2952 3010 victum
2977 2961 3174 3010 Dodona
3198 2972 3423 3022 negaret.

2168 3038 2222 3114 5.
2260 3039 2585 3114 Dulcior_est
2618 3042 2793 3114 apium
2822 3059 2967 3113 mage
2995 3043 3192 3114 _labor.]
3225 3045 3284 3098 11.
3330 3045 3669 3112 Philosophia

2096 3109 2546 3182 utiturexemplo
2577 3112 2760 3177 palati,
2792 3119 2885 3165 aut
2907 3109 3202 3180 'cujuslitte't
3239 3114 3455 3168 alterius
3484 3109 3670 3182 gustus

2101 3180 2307 3248 organi,
2337 3180 2423 3252 cui
2462 3180 2617 3252 dulce
2653 3196 2718 3235 eo
2767 3183 2935 3248 magis
2982 3183 3205 3248 arridet,
3240 3185 3379 3252 quod
3428 3180 3669 3239 amarum

2100 3250 2393 3322 gustaverit
2423 3268 2434 3322 ς
2480 3258 2538 3303 ut
2562 3251 2813 3322 nimirum
2845 3252 3138 3320 significet,
3171 3250 3447 3307 veritatem
3491 3256 3670 3322 fugato

2099 3334 2283 3391 errore
2322 3320 2435 3373 fieri
2482 3320 2790 3386 gratioretn.
2838 3322 2935 3375 llic
2975 3332 3153 3376 autem
3203 3325 3342 3376 labor
3385 3320 3567 3391 apium
3588 3335 3671 3378 est

2100 3389 2203 3461 mel
2228 3407 2240 3443 :
2268 3404 2396 3461 apes
2425 3391 2566 3461 enim
2599 3391 2850 3457 liquentia
2877 3392 3031 3445 mella
3064 3394 3281 3461 stipant,
3310 3389 3526 3447 auctore
3553 3392 3668 3447 Vir-

2100 3458 2403 3532 gilio._Non_
2428 3459 2833 3532 _modo_dicitur
2877 3479 3030 3532 apum
3062 3478 3081 3524 ;
3123 3458 3215 3515 sed
3253 3463 3413 3516 etiam
3455 3464 3668 3532 apium:

2102 3528 2530 3595 quandoquidem
2565 3528 2693 3583 illud
2725 3540 2806 3583 est
2834 3528 3037 3585 ex'hoc
3070 3540 3396 3586 contractum
3424 3549 3439 3586 :
3482 3528 3559 3587 sic
3586 3533 3669 3586 di-

2101 3599 2548 3671 citueruiritium
2593 3609 2646 3652 et
2696 3599 2948 3671 Quiritum
2974 3618 2992 3665 ;
3022 3599 3349 3671 loquentium
3376 3610 3431 3655 et
3459 3602 3671 3671 loquen-

2102 3676 2226 3719 tum.
2245 3667 2350 3721 Sed
2374 3668 2522 3722 labor
2538 3684 2681 3737 mage
2696 3669 2897 3723 dulcior
2913 3667 3204 3725 modus'est
3223 3671 3495 3738 loquendi,
3513 3667 3669 3738 quem

2099 3739 2429 3805 grammatici
2483 3747 2675 3791 vocant
2720 3740 3113 3807 pleonasmum:
3159 3742 3235 3795 sic
3276 3741 3493 3796 Plautus
3537 3743 3674 3796 dixit

2100 3811 2262 3878 magis
2277 3808 2505 3878 majores
2528 3824 2687 3878 nugas
2711 3825 2876 3875 agere.

2174 3824 2203 3859 ll
2222 3824 2262 3860 ts
2290 3824 2505 3873 majores
2528 3824 2687 3878 nugas
2711 3825 2876 3875 agere.

2174 3824 2228 3929 3].
2252 3876 2319 3949 Si
2336 3881 2502 3949 malus
2518 3895 2606 3929 ora
2623 3880 2762 3946 prius
2785 3895 2937 3946 sapor
2955 3879 3114 3949 edat.]
3130 3881 3318 3935 Forma
3337 3882 3668 3947 elocutionis,

2100 3946 2440 4021 quaefiraecis
2464 3948 2725 4021 ὑπαλλαγή
2760 3961 2998 4003 vocatur:
3038 3946 3139 4019 qua
3178 3963 3395 4021 propter
3429 3946 3664 4005 mutuam

2102 4016 2347 4089 p_a_rtium_
2377 4016 2851 4089 necessitudinem,
2891 4021 3028 4089 quod
3056 4016 3129 4076 de
3158 4016 3259 4075 una
3279 4016 3393 4076 'dici
3426 4022 3585 4084 solet,
3617 4023 3668 4075 id

2100 4084 2473 4161 aliquandode
2495 4088 2660 4141 altera
2684 4103 2893 4156 quoque
2910 4084 3127 4145 dicitur.
3154 4092 3243 4146 Sac
3266 4092 3518 4161 Virgilius
3537 4092 3670 4146 dixit

2101 4156 2225 4208 dare
2240 4157 2487 4230 classibus
2503 4166 2701 4211 austros
2720 4176 2738 4211 :
2761 4161 2893 4211 alius
2913 4161 3090 4216 dicere
3115 4156 3387 4230 potuisset
3400 4164 3525 4215 dare
3538 4164 3672 4214 clas-

2101 4226 2406 4298 ses‘austris.
2429 4227 2502 4281 Ea
2525 4237 2697 4282 autem
2718 4237 2801 4283 est
2819 4230 2957 4284 inter
2974 4226 3217 4298 saporem
3236 4243 3289 4287 et
3312 4249 3404 4285 ora
3430 4232 3669 4285 necessi-

2101 4295 2250 4369 tudo,
2276 4304 2350 4360 ut,
2379 4298 2515 4369 sicut
2540 4312 2695 4369 sapor
2719 4310 2896 4369 partes
2918 4295 3357 4369 oris'penetrans,
3390 4301 3487 4355 has
3507 4301 3671 4354 veluti

2100 4366 2349 4488 partitur,
2380 4368 2450 4419 ita
2482 4366 2682 4421 eadem
2712 4366 2820 4421 eris
2851 4378 3028 4436 partes
3056 4366 3301 4437 saporem
3330 4371 3672 4424 admittentes

2121 4450 2243 4488 tunc
2278 4436 2518 4488 dividant
2550 4454 2565 4488 :
2613 4437 2695 4488 vel
2747 4440 2820 4488 (ut
2846 4453 2965 4488 cum
2997 4439 3333 4488 nhilosonhis
3364 4441 3593 4488 Iomtarl.
3625 4438 3668 4488 si

2121 4450 2243 4490 tunc
2278 4436 2518 4489 dividant
2550 4454 2565 4489 :
2613 4437 2705 4507 vel,
2747 4440 2820 4506 (ut
2846 4453 2965 4490 cum
2997 4436 3333 4507 philosophis
3364 4441 3593 4507 loquar),
3625 4438 3668 4490 si

2100 4519 2297 4573 organa
2325 4515 2512 4574 gustus
2536 4506 2907 4574 modifieentqr
2934 4506 3007 4560 ab
3030 4509 3187 4571 escis,
3218 4506 3295 4561 Sic
3324 4506 3458 4562 esca:
3488 4510 3554 4559 ab
3582 4523 3672 4560 0r-

2102 4565 2255 4643 gapis
2275 4565 2460 4642 gristus
2482 4565 3102 4643 modificenturAOptime
3124 4565 3335 4629 tandem
3360 4586 3670 4644 postamara

2108 4644 2209 4696 mel
2242 4644 2435 4697 dicitur
2463 4645 2672 4698 dulcius
2700 4661 2714 4698 :
2747 4646 3192 4711 quemadmodum
3226 4648 3276 4699 in
3307 4646 3506 4698 musica
3536 4661 3671 4699 con-

2105 4712 2287 4765 cordia
2317 4714 2529 4782 brevem
2558 4714 2877 4768 discordiam
2905 4716 3173 4782 excipiens
3196 4715 3403 4769 videtur
3424 4716 3665 4769 suavior:

2104 4781 2535 4853 quod_nimi_rttm
2579 4784 2784 4850 ingrato
2829 4784 2916 4837 illo
2961 4795 3104 4838 motu
3153 4785 3416 4852 quoddam
3469 4800 3670 4853 organo

2103 4848 2367 4924 sensifero
2410 4848 2680 4920 infligatu'r
2718 4853 2939 4917 vulnus,
2986 4853 3129 4922 quod
3171 4848 3475 4923 excipiente
3518 4848 3670 4924 grato

2100 4919 2203 4972 alio
2238 4932 2383 4989 motu
2414 4919 2705 4989 reparatur.
3004 4919 3017 4922 ’
3300 4919 3313 4923 ⁷
3498 4929 3505 4938 ·

2171 4988 2223 5042 7.
2261 4988 2630 5062 (iratiusastra
2654 4991 2835 5062 nitent,
2864 4991 2993 5061 etc.]
3026 4991 3110 5046 Ill.
3140 4992 3477 5062 Philosophia
3506 4994 3670 5048 utitur

2094 5060 2339 5133 exemplo
2352 5059 2774 5133 aeris,quatet_tu_s
2790 5061 2872 5113 hic
2885 5059 3182 5133 contrarias
3193 5059 3574 5133 vicesduplicis
3585 5078 3672 5133 ge-

2095 5132 2239 5203 neris
2256 5129 2479 5203 alternis
2499 5131 2656 5183 subit.
2681 5130 3142 5203 Primumquidem
3156 5129 3669 5203 quatenus—pluviam

2095 5198 2296 5265 excipit
2316 5207 2524 5267 tempus
2546 5213 2790 5270 serenum
2816 5215 2831 5251 :
2882 5201 2969 5254 ubi
2994 5198 3329 5270 notus,'idem
3353 5198 3448 5267 qui
3464 5213 3668 5267 auster,

2096 5277 2287 5320 ventus
2315 5278 2401 5341 est
2425 5283 2454 5321 a
2492 5269 2712 5341 meridie
2741 5269 2908 5335 ﬂans,
2940 5271 3029 5340 qui
3060 5272 3201 5340 quod
3227 5282 3379 5341 cogat
3417 5272 3584 5326 nubes
3617 5273 3669 5325 in

2096 5350 2288 5411 aquam
2318 5337 2577 5411 abituras,
2604 5338 2796 5411 idcirco
2826 5337 3113 5411 imbriferos
3140 5345 3254 5397 sive
3283 5337 3488 5410 pluvios
3519 5357 3667 5394 sonos

2097 5405 2295 5480 dicitur
2324 5406 2590 5480 emittere.
2622 5409 2791 5480 Atqui
2817 5405 3224 5474 quod'catlente
3268 5405 3444 5480 pluvia
3490 5412 3668 5465 lumen

2097 5474 2433 5548 impeditum,
2471 5474 2742 5548 sit‘minu's
2778 5477 2937 5548 idque
2968 5474 3283 5548 interruptis
3306 5481 3514 5534 vicibus
3539 5495 3667 5533 ocu~

2093 5544 2175 5617 los
2205 5543 2423 5617 feriens,
2451 5544 2682 5599 nativam
2710 5543 2987 5602 oculorum
3022 5543 3331 5617 temperiem
3356 5552 3563 5611 turbet;
3595 5550 3668 5601 id-

2094 5616 2238 5666 circo
2276 5613 2453 5667 lumen
2504 5625 2802 5670 cessantem
2853 5627 3036 5671 notum
3086 5613 3360 5682 excipiens
3406 5621 3669 5675 turbatam

2094 5682 2823 5754 oculorumcomplexionem
2853 5687 2931 5740 sic
2967 5697 3201 5754 reparat,
3235 5701 3293 5743 ut
3322 5689 3458 5744 idem
3493 5690 3671 5746 lumen

2093 5754 2295 5823 gratius
2311 5751 2573 5808 videatur.
2599 5754 2800 5809 Deinde
2818 5751 3079 5823 quatenus
3102 5751 3217 5811 dies
3239 5760 3478 5815 succedit
3498 5762 3669 5813 nocti:

2098 5822 2183 5876 ubi
2216 5822 2422 5877 Lucifer
2451 5833 2529 5879 est
2560 5824 2709 5880 stella
2746 5822 3025 5891 matutina,
3057 5842 3177 5893 quae
3206 5842 3426 5889 vocatur
3459 5831 3664 5887 Venus.
