4292 6262
561 413 661 465 7⁸3

563 527 626 578 i0
701 522 925 580 Pulchra
953 520 1068 575 d.es
1100 530 1282 573 roseos
1312 515 1420 584 agit
1446 525 1631 583 equos.

709 612 861 683 175
883 612 962 665 Tu
991 624 1202 678 quoque
1234 606 1360 659 falsa
1387 614 1540 658 tuens
1571 603 1708 656 bona
1739 599 1906 669 prius,

708 704 881 768 Incipe
920 700 1051 753 colla
1075 699 1201 765 jugo
1231 693 1539 756 retrahere;

705 795 837 847 Vera
861 792 1052 846 dehinc
1087 791 1322 842 animum
1363 787 1645 840 subierint.

1099 881 1255 950 ινδ
1283 877 1499 932 PROSA
1539 875 1602 929 ιι.

568 983 961 1033 Ancuuenruu.
990 1000 1062 1014 -——
1108 970 1472 1036 Philosophia,
1508 966 1766 1034 praposita
1794 963 1974 1036 summi
2011 962 2129 1036 boni

641 1047 860 1106 notione,
911 1043 1126 1096 ostendit
1179 1032 1466 1109 generatim
1493 1032 1717 1109 homines
1762 1034 1968 1109 cuilibet
2004 1032 2132 1084 bona

637 1124 804 1167 creato
830 1103 973 1166 unice
995 1103 1250 1165 studentes
1287 1111 1418 1175 falsa
1438 1107 1777 1174 assumptione
1804 1103 1989 1170 decipi.

648 1207 783 1260 Tum
816 1207 831 1236 ⁸
879 1204 1061 1258 deﬁxo
1107 1201 1376 1272 paululum
1407 1200 1547 1265 visu,
1601 1207 1654 1252 et
1688 1197 1836 1250 velut
1863 1198 1884 1227 '
1916 1197 1966 1248 in
1993 1203 2020 1230 ⁸
2043 1209 2138 1248 δυο

575 1312 778 1367 gustant
798 1313 908 1352 sua:
925 1296 1115 1351 mentis
1129 1294 1310 1349 sedem
1338 1290 1664 1359 recepta,sic
1691 1290 1851 1356 etrapit
1872 1305 1885 1340 ι
1906 1287 1924 1318 ³
1954 1287 2139 1341 Omnis

579 1386 878 1440 mortalium
915 1399 1038 1439 cura
1079 1399 1235 1451 quam
1266 1379 1632 1448 multiplicium
1661 1377 1958 1431 studiorum
1989 1377 2138 1432 labor

579 1488 812 1540 exercet,
829 1473 1266 1542 diversoquidem
1283 1471 1309 1511 δ
1325 1472 1459 1526 calle
1481 1469 1741 1538 procedit,
1770 1469 1863 1522 sed
1887 1469 1950 1522 ad
1977 1486 2135 1522 unum

1747 396 1856 451 ΑΝ.
1902 391 2106 447 ΜΑΝιι.
2149 385 2300 442 SEN.
2344 379 2562 436 BOETII

2154 507 2201 562 Α
2236 509 2412 551 tamen
2447 490 2787 548 beatitudinis
2815 489 2972 542 ﬁnem
3013 486 3194 539 nititur
3224 483 3520 552 pervenire.
3546 482 3564 511 ⁸
3619 479 3670 533 id
3702 497 3794 532 su-

3688 364 3788 416 724

2230 599 2337 641 tem
2366 586 2448 653 (5)
2507 593 2588 638 est
2618 581 2948 648 bunum;quo
2994 577 3110 645 quis
3149 575 3340 642 adepto
3398 574 3525 626 nihil
3576 571 3797 624 ulterius

2231 675 2534 728 desiderare
2556 681 2732 739 queat.
2767 668 2916 733 Quod
2934 665 3144 734 quidem
3166 675 3246 718 est
3267 663 3501 715 omnium
3530 675 3794 714 summum

2235 764 2522 825 bonorum,
2544 769 2838 826 cunctaque
2867 758 3002 809 intra
3029 771 3086 808 se
3116 756 3253 808 bona
3283 754 3563 808 continens
3599 769 3612 804 :
3642 752 3726 804 cui
3755 751 3796 805 si

2235 855 2363 920 quid
2402 863 2422 890 ο
2448 852 2675 915 ahioret,
2705 865 2967 902 summum
3009 863 3128 901 esse
3175 862 3277 900 non
3321 855 3520 914 posset,
3552 844 3800 912 quoniant

2241 942 2631 1008 relinqueretur
2673 939 3002 992 extrinsecus
3048 935 3186 1001 quod
3229 945 3408 1002 posset
3462 933 3655 1000 Optari.
3715 932 3802 985 Li-

2237 1041 2364 1101 quet
2397 1029 2423 1066 ἀ
2470 1031 2628 1098 igitur
2687 1043 2807 1081 esse
2862 1025 3236 1080 beatitudinem
3291 1033 3483 1077 statum
3542 1022 3801 1075 bonorum

2239 1119 2479 1174 Omnium
2533 1118 2944 1186 ceugregatioue
2997 1115 3309 1183 periectmn.
3366 1112 3518 1182 177
3569 1112 3588 1142 ‘
3619 1111 3805 1175 Hunc,

2242 1208 2313 1260 uti
2340 1207 2601 1271 diximus,
2643 1206 2902 1259 ediverso
2933 1205 3142 1257 tramite
3195 1207 3444 1255 mortales
3484 1217 3668 1254 omnes
3718 1216 3809 1254 co-

2244 1307 2441 1352 nantur
2467 1297 2716 1366 adipisci.
2738 1297 2757 1327 ‘
2789 1295 2885 1349 Est
2913 1295 3053 1348 enim
3094 1295 3361 1347 mentibus
3391 1293 3665 1346 hominum
3701 1292 3811 1345 veri

2246 1386 2373 1441 boni
2399 1387 2711 1442 naturaliter
2743 1384 2762 1424 ί
2798 1385 2997 1439 inserta
3026 1384 3312 1450 cupiditas,
3371 1381 3462 1436 sed
3491 1382 3509 1412 ⁷
3539 1381 3604 1433 ad
3635 1380 3759 1432 laisa
3787 1389 3812 1427 ι

2245 1475 2434 1530 devius
2451 1491 2602 1531 error
2626 1475 2860 1530 abducit.
2890 1475 2911 1505 ⁸
2941 1473 3173 1540 Quorum
3205 1469 3416 1540 quidem
3442 1471 3528 1525 alii
3553 1483 3815 1522 summum

1909 1600 2481 1660 lNTERPllETATiO.

585 1762 617 1799 ο
645 1746 810 1800 Boetii
854 1747 940 1813 qui
956 1755 1103 1796 antea
1121 1744 1290 1813 animo
1313 1723 1694 1813 attendebasad
1721 1737 1850 1788 bona
1874 1738 2135 1813 ementita,

586 1817 798 1881 incipias
810 1808 1019 1866 tandem
1045 1811 1318 1863 subducere
1333 1810 1554 1862 animum
1575 1809 1636 1881 ab
1662 1822 1832 1858 eorum
1857 1808 2142 1875 tyrannide,

587 1877 977 1974 tuin'v'eracbona
1003 1882 1258 1934 intrabunt
1282 1882 1471 1934 saltem
1497 1877 1716 1931 natione
1744 1886 1957 1929 mentem
1983 1885 2142 1930 tuam.
2181 1913 2226 1974 Β

660 1965 683 1989 ⁸
717 1955 944 2020 Regiam.

665 2024 688 2059 ⁵
727 2024 933 2074 Diversa
955 2022 1152 2086 quidem
1181 2020 1280 2071 vin.

2322 1753 2342 1776 ε
2389 1741 2610 1793 Abesset.

2324 1809 2350 1847 ά
2391 1810 2557 1862 Pate'.

2327 1891 2350 1916 ο
2402 1879 2564 1932 Variis
2591 1878 2774 1930 modis.

2332 1948 2346 1984 '
2395 1948 2578 2002 Insita.

2330 2027 2355 2062 κ
2397 2020 2670 2072 Aberrans.

2094 2147 2315 2202 NOTAE.

595 2290 781 2346 ﬁnitima
806 2296 877 2342 est
905 2287 1120 2355 quinque
1153 2287 1450 2345 errantium.
1485 2285 1655 2350 inquit
1697 2286 1809 2341 Cic.
1843 2301 1877 2340 tt
1917 2285 1987 2340 de
2024 2286 2147 2341 Nat.

594 2362 765 2420 deor.,
797 2368 1036 2425 terraeque
1063 2357 1293 2424 proxima
1321 2357 1466 2409 stella
1524 2355 1762 2420 Veneris,
1791 2372 1904 2424 qua:
1953 2359 2153 2426 Φωσφό-

597 2450 687 2504 ρος
715 2427 918 2492 erce,
958 2426 1165 2492 Lucifer
1195 2426 1378 2504 Latine
1413 2426 1599 2504 dicitur
1634 2441 1750 2477 cum
1776 2426 2154 2504 antegrediatur

595 2493 770 2561 iolem,
802 2513 917 2548 cum
944 2504 1110 2548 autem
1146 2496 1483 2561 subsequitur,
1515 2493 1794 2562 Hesperus.
1826 2493 2011 2560 Virgil.
2047 2497 2150 2548 ecl.

597 2583 712 2627 vui,
741 2583 792 2620 ν.
822 2568 884 2618 l7
910 2582 925 2618 :
961 2565 1200 2628 Nascere,
1232 2580 1433 2633 prwque
1457 2565 1588 2616 diem
1614 2567 1812 2618 veniens
1833 2581 1922 2632 age
1950 2563 2156 2630 Lucifer

598 2638 806 2689 almum.
842 2635 930 2689 Sol
976 2648 1133 2700 porro
1164 2635 1264 2686 diei
1305 2649 1526 2699 parens,
1570 2636 1738 2700 poetis
1784 2635 2001 2702 ﬁngitur
2031 2634 2154 2687 vehi

598 2705 871 2773 quadrigis
895 2705 1063 2770 equis.
1095 2718 1225 2769 quos
1252 2703 1387 2768 dies,
1410 2713 1591 2772 utpote
1616 2705 1786 2758 solem
1813 2702 2164 2768 antecedens,

601 2790 741 2829 nunc
768 2774 978 2841 ﬁngitur
1003 2773 1220 2841 ducere.

677 2839 862 2897 11.7.;
879 2839 1121 2911 quoque.]
1144 2841 1272 2907 Quae
1298 2857 1417 2894 cum
1443 2841 1512 2893 ita
1541 2856 1599 2894 se
1625 2839 1873 2903 habeant,
1898 2856 2018 2896 cum
2042 2855 2164 2894 arva

603 2928 709 2968 non
736 2920 980 2965 serantur
1007 2912 1197 2964 uberes
1228 2911 1429 2964 fructus
1457 2911 1698 2976 allatura,
1743 2912 1842 2965 nisi
1876 2913 2019 2980 prius
2049 2912 2162 2963 iru~

606 2984 795 3036 ticibns
820 2981 1053 3043 avulsis;
1106 2993 1226 3033 eum
1258 2981 1361 3034 mel
1401 2990 1517 3048 post
1561 2995 1802 3049 saporem
1832 2996 2070 3034 amarum
2101 2981 2171 3033 sit

609 3052 856 3113 dulcius;
897 3064 1017 3102 cum
1059 3049 1234 3103 sidera
1279 3049 1610 3104 cessantibus
1651 3051 1822 3105 ventis
1873 3051 2170 3118 pluviisque

608 3120 900 3197 jucundius
923 3118 1198 3197 fulgeant;
1241 3133 1359 3171 cum
1407 3120 1636 3187 denique
1663 3120 1775 3197 die:
1808 3137 1914 3197 non
1946 3121 2169 3197 oriatur,

2328 2291 2348 2321 ³
2393 2289 2569 2343 Omnis
2598 2288 2889 2357 mortalium
2919 2303 3062 2352 cura,
3091 2285 3248 2357 etet]
3281 2286 3401 2341 ilazc
3427 2294 3511 2340 est
3540 2288 3827 2357 propositio

2258 2375 2419 2427 quam
2450 2356 2792 2426 Philosophia
2817 2372 2955 2410 nunc
2980 2358 3200 2424 suscipit
3218 2356 3564 2424 probandam,
3581 2356 3828 2427 _videiicet

2257 2425 2448 2482 omnes
2476 2425 2719 2482 homines
2751 2427 2818 2481 ad
2847 2427 3230 2481 beatitudinem
3260 2427 3478 2480 tendere
3503 2425 3596 2480 sed
3624 2426 3830 2480 diversa

2259 2499 2361 2562 via,
2393 2497 2532 2566 quod
2589 2506 2645 2550 ut
2677 2508 3017 2567 exsequatur,
3067 2497 3295 2567 primum
3342 2495 3584 2565 pr0ponit
3637 2499 3832 2550 summi

2261 2569 2383 2623 boni
2417 2568 2708 2621 notionem.

2338 2657 2360 2687 δ
2400 2653 2465 2706 Id
2493 2665 2660 2706 autem
2703 2663 2778 2706 est
2827 2652 3074 2724 bonum]
3124 2655 3330 2708 Bonum
3357 2657 3649 2724 generatim
3679 2669 3836 2706 voca-

2270 2736 2354 2780 tur
2376 2725 2508 2777 iilnd
2541 2724 2680 2790 quod
2708 2725 2867 2778 beare
2889 2723 3098 2778 videtur
3129 2742 3141 2777 :
3177 2725 3368 2776 bonum
3400 2723 3599 2790 quippe
3625 2731 3683 2775 ut
3712 2739 3834 2777 cen~

2269 2805 2352 2849 set
2377 2795 2651 2861 Ulpianus,
2679 2808 2708 2845 a
2731 2795 2924 2846 beando
2953 2793 3147 2847 dicitur
3179 2811 3190 2844 :
3227 2793 3366 2845 unde
3391 2792 3592 2860 antiqui
3626 2807 3721 2861 pro
3753 2796 3838 2846 bo-

2272 2882 2369 2917 nus
2395 2865 2578 2916 dixere
2609 2863 2799 2925 benus;
2849 2879 2914 2916 ex
2943 2879 3047 2928 quo
3089 2864 3138 2915 in
3183 2877 3278 2915 usu
3319 2863 3573 2914 remansit
3615 2863 3735 2914 bene
3786 2872 3840 2915 et

2274 2934 2455 2986 bellus.
2509 2933 2614 2986 Sed
2641 2934 2783 3001 quod
2816 2933 2976 2985 beare
3001 2933 3228 2996 videtur,
3254 2931 3586 2998 pliilosOphis
3611 2930 3839 2998 duplicis

2274 3013 2356 3057 eet
2386 3001 2597 3069 generis
2623 3019 2636 3053 ε
2665 3018 2826 3055 unttm
2860 3003 3056 3055 dicitur
3094 3018 3193 3064 res,
3222 3001 3446 3052 alterunt
3469 3009 3703 3069 vocatur
3730 3016 3840 3052 mo-

2276 3075 2372 3126 dus
2400 3068 2412 3123 ὲ
2443 3073 2586 3140 prius
2609 3071 2861 3124 beatitudo
2881 3072 3140 3138 objectiva,
3168 3070 3428 3138 posterius
3457 3068 3707 3140 beatitudo
3733 3069 3840 3140 [or-

2278 3141 2425 3194 malis
2444 3138 2642 3195 iisdem
2673 3141 2999 3209 appellatur:
3032 3151 3310 3206 utrumque
3340 3139 3424 3191 hic
3453 3139 3635 3190 deiinit
3656 3138 3838 3209 Philo-

613 3187 1236 3279 niazei5_:2e3ris=
1254 3197 1707 3279 ,ιῖτςτιξεετεεεέέι
1729 3189 1913 3279 βοςιξι
1930 3187 2170 3279 ειίξ,ιξ,ι,ι.ίεί
2201 3199 2247 3262 c
2277 3187 3422 3279 tanafi‘ria:"sia;“a.31;u:a'.'aain;
3458 3187 3677 3275 non;
3699 3187 3841 3258 nisi

611 3258 870 3326 depositis
904 3257 1225 3325 praejudieiis
1252 3258 1460 3325 assequi
1495 3261 1691 3326 poteris
1722 3261 1788 3312 de
1817 3257 1956 3311 bono
1985 3259 2176 3311 verita-

614 3325 722 3383 tem
744 3345 755 3378 :
780 3328 872 3380 sed
904 3325 1018 3380 haec
1044 3343 1109 3380 eo
1138 3326 1231 3380 tibi
1259 3329 1458 3394 gratior
1492 3325 1612 3392 erit,
1639 3329 1778 3396 quod
1822 3341 2058 3382 errorem
2085 3342 2178 3381 ex-

613 3397 778 3460 cipiat
800 3415 812 3447 :
845 3410 971 3460 ergo

671 3413 778 3517 piat
800 3413 996 3529 13$;
1034 3461 1167 3515 colla
1196 3464 1325 3533 jugo
1348 3465 1618 3518 retrahere.
1645 3462 1663 3534 ]
1687 3464 1755 3520 Ut
1795 3465 2033 3534 corporis
2054 3504 2071 3528 ,
2102 3463 2180 3517 sic

617 3537 777 3589 etiam
831 3533 1024 3586 mentis
1068 3535 1310 3601 quzedam
1351 3542 1435 3588 est
1472 3533 1752 3600 captivitas
1786 3551 1800 3586 :
1849 3533 1944 3589 sed
1985 3535 2038 3587 in
2079 3533 2180 3587 hoc

619 3616 769 3658 mens
791 3601 968 3655 diiiert
997 3616 1316 3671 acorpore.
1357 3604 1495 3671 quod
1538 3617 1734 3671 corpus
1773 3605 1938 3671 possit
1970 3644 1984 3665 ,
2031 3617 2182 3658 mens

623 3687 748 3726 vero
771 3687 875 3724 non
909 3670 1093 3741 possit,
1119 3672 1283 3724 invito
1308 3670 1541 3731 homine,
1559 3670 1711 3740 cujus
1739 3670 1840 3736 est,
1867 3672 2181 3741 quibusdam

624 3741 851 3796 vinculis
879 3740 1105 3810 detineri
1131 3757 1143 3792 :
1186 3751 1465 3809 pr0pterea
1495 3756 1598 3794 non
1629 3742 1724 3794 abs
1755 3758 1812 3796 re
1843 3740 2181 3810 PiiiiosOphia

625 3815 866 3883 hortatur
908 3809 1180 3883 Boetium,
1215 3820 1269 3861 ut
1307 3811 1519 3883 incipiat
1561 3813 1693 3863 colla
1729 3815 1862 3883 jugo
1898 3809 2184 3866 retro/tere:

623 3882 812 3946 iugum
836 3880 974 3932 enim
1004 3879 1130 3932 illud
1157 3879 1350 3933 mentis
1378 3887 1478 3933 est.

699 3948 894 4002 Verum
931 3947 1148 4019 duobus
1185 3949 1354 4019 modis
1394 3963 1544 4002 mens
1572 3948 1798 4003 humana
1843 3949 2064 4012 intelligi
2092 3963 2187 4019 po-

627 4027 731 4072 test
769 4018 991 4070 vinculis
1023 4017 1541 4087 detinerirPrimum
1587 4020 1797 4087 quidem
1840 4021 2045 4074 ratione
2094 4017 2190 4071 ilo-

629 4089 808 4148 tionis,
826 4097 1088 4155 quatenus
1114 4088 1227 4138 haec
1248 4085 1472 4140 obseura
1495 4085 1702 4152 est,aut
1723 4089 1939 4141 confusa
1961 4105 1976 4150 ;
1997 4087 2191 4144 deinde

630 4158 836 4211 ratione
881 4170 992 4210 suae
1017 4157 1326 4218 voluntatis,
1356 4167 1617 4222 quatenus
1666 4160 1996 4224 ignoratione
2033 4159 2188 4212 ducta

633 4229 686 4279 in
708 4240 944 4279 errorem
975 4235 1065 4278 aut
1089 4225 1272 4295 vitium
1302 4224 1511 4278 labitur.
1538 4229 1778 4281 Nondum
1806 4230 1976 4295 agitur
2001 4229 2068 4281 de
2097 4241 2193 4295 po-

632 4296 842 4348 steriori
867 4297 964 4348 hoc
985 4294 1307 4348 vinculorum
1332 4310 1556 4363 genere,
1580 4299 1671 4350 sed
1695 4294 1896 4350 tantum
1919 4297 1987 4350 de
2010 4294 2190 4364 priOri.

633 4366 765 4418 Cum
793 4374 970 4418 autem
992 4364 1175 4417 eadem
1200 4379 1350 4435 mens
1372 4366 1438 4417 ita
1463 4369 1530 4418 sit
1553 4368 1818 4433 particeps
1835 4366 2190 4435 cogitationis,

636 4435 750 4487 haec
779 4445 835 4486 ut
865 4442 1091 4500 nequeat
1110 4432 1227 4487 exui
1254 4435 1498 4495 obscura,
1531 4436 1655 4503 quin
1687 4432 1832 4489 clara
1873 4432 2087 4489 notione
2114 4436 2194 4486 in-

635 4503 865 4565 duatur,
919 4513 1195 4572 propterea
1263 4504 1598 4570 Philosophia
1653 4520 1792 4558 nunc
1847 4506 1920 4558 ait
1974 4506 2085 4558 lore
2137 4512 2196 4556 ut

637 4549 1101 4640 menslioertiifsi‘
1117 4572 1228 4626 bwc
1827 4549 2200 4641 intueri,vvera
2229 4549 2279 4607 D

639 4643 906 4713 inspiciat.

821 4733 896 4796 In
919 4744 1115 4796 quoque
1140 4730 1254 4780 falsa
1277 4741 1421 4781 tuens
1444 4734 1739 4796 bonaprius,

822 4793 952 4842 Vera
970 4793 1148 4841 dehinc
1171 4797 1378 4841 animum
1400 4793 1657 4843 subierint.

714 4876 730 4905 ⁸
772 4871 952 4940 Deﬁxo
976 4871 1146 4943 visu.]
1192 4874 1342 4928 Sicut
1370 4874 1507 4929 oculi
1544 4876 1646 4929 huc
1677 4874 1910 4943 illucque
1944 4873 2109 4928 voluti
2132 4876 2213 4927 in-

642 4951 998 5013 constantem,
1023 4944 1099 5013 sic
1129 4943 1214 4996 iixi
1238 4954 1568 5013 constantem
1603 4946 1797 4998 mentis
1815 4945 1880 4998 ad
1909 4944 2109 5013 aliquid
2139 4956 2216 4997 at-

643 5012 911 5080 tendentis
936 5011 1312 5078 cogitationem
1345 5012 1666 5080 signiﬁcant.

713 5082 736 5111 θ
785 5078 866 5149 rln
895 5089 1164 5147 augustam
1189 5078 1416 5149 sedent.j'
1434 5081 1584 5145 Quod
1613 5082 1752 5134 enim
1777 5080 2120 5149 Philosophia
2144 5083 2213 5136 sit

645 5148 1103 5219 quadamregina,
1137 5149 1332 5219 ideirco
1364 5148 1498 5202 hanc
1517 5151 1672 5204 decet
1695 5159 1910 5219 augusta
1931 5148 2043 5205 sive
2065 5152 2209 5216 regia

647 5216 825 5272 sedes.
857 5216 1053 5270 Verum
1088 5218 1425 5286 Philosophia
1456 5220 1620 5273 instar
1649 5216 1946 5287 philosophi
1971 5221 2105 5284 sive,
2152 5228 2210 5272 ut

648 5289 957 5356 loquuntur,
973 5287 1024 5337 in
1047 5298 1274 5340 concreto
1299 5288 1631 5342 considerata
1654 5298 1942 5355 etcorpore
1955 5299 2009 5341 et
2027 5299 2206 5343 mente

651 5359 862 5411 videtur
887 5365 1150 5410 constare.
1185 5357 1427 5419 Quandiu
1457 5371 1632 5411 autem
1681 5373 1834 5412 meus
1863 5372 2088 5425 corpore
2111 5359 2204 5410 ab-

651 5438 822 5493 repta,
847 5440 942 5494 pro
973 5425 1128 5490 hujus
1155 5427 1423 5488 suasione,
1465 5428 1682 5495 cogitat,
1713 5427 1892 5480 tandiu
1926 5438 2092 5492 errat,
2123 5437 2215 5482 aut

652 5499 840 5550 saltem
868 5497 1079 5566 errandi
1110 5496 1342 5566 periculo
1383 5495 1586 5566 subest,
1613 5497 1755 5564 quod
1797 5497 2213 5566 praecipitationis

654 5575 744 5618 aut
772 5564 1079 5632 praeiudicio
1110 5565 1362 5617 ducatur.
1387 5565 1740 5628 Quamobrem
1783 5565 1832 5619 si
1856 5564 2008 5620 mens
2032 5567 2212 5632 philo-

655 5637 874 5700 sophica
899 5633 1333 5698 volueritnptime
1359 5636 1613 5700 cogitare,
1642 5649 1862 5690 necesse
1882 5645 1965 5688 est
1990 5646 2048 5688 ut
2074 5636 2208 5701 ipsa,

655 5716 880 5773 corpore
916 5703 1080 5755 veluti
1111 5703 1288 5757 valere
1326 5703 1508 5773 jusso,
1542 5705 1606 5755 ad
1637 5717 1696 5758 se
1742 5705 1942 5771 redeat,
1987 5719 2213 5773 suasque

658 5770 1009 5838 cogitationes
1037 5774 1289 5827 attentius
1320 5771 1622 5826 meditetur.

2278 3277 2498 3334 ulterius
2525 3281 2813 3333 desiderare
2829 3289 3010 3346 queat;
3041 3290 3198 3346 atque
3222 3277 3322 3330 hoc
3342 3277 3467 3330 dicit
3494 3292 3740 3346 summum
3762 3279 3846 3328 bo-

2278 3365 2436 3412 num;
2464 3351 2714 3402 nimirum
2746 3351 2796 3401 in
2828 3345 3021 3414 genere
3038 3345 3134 3402 rei.
3158 3347 3423 3399 Posterius
3446 3361 3573 3399 vero
3599 3345 3676 3399 sic
3703 3361 3718 3398 :
3745 3354 3848 3398 sta-

2281 3427 2387 3470 tum
2413 3420 2657 3471 bonorum
2681 3420 2905 3470 omnium
2929 3417 3314 3486 congregatione
3335 3416 3609 3486 perfectum
3630 3432 3651 3469 :
3675 3424 3729 3468 et
3749 3416 3848 3469 hoc

2282 3497 2434 3541 vocat
2465 3489 2840 3540 beatitudinem.
2873 3485 3045 3548 Prius,
3071 3485 3430 3540 uobisdicitur
3459 3485 3633 3546 Deus;
3669 3494 3845 3550 poste-

2282 3558 2414 3620 rius,
2447 3557 2696 3619 cogitatio
2743 3557 2935 3610 mentis
2987 3557 3096 3610 Deo
3145 3565 3453 3609 constanter
3503 3553 3845 3607 adiumentis.

2281 3626 2391 3682 Sed
2419 3627 2487 3680 de
2517 3627 2598 3680 his
2628 3636 2826 3694 postea.

2355 3713 2376 3745 ³
2417 3713 2467 3766 11
2475 3731 2570 3766 unc
2607 3715 2808 3767 diverso
2835 3713 3034 3765 tramite
3059 3708 3363 3782 ntortales.]
3392 3709 3595 3782 Deinde
3613 3709 3854 3782 Philoso-

2287 3781 2407 3851 phia
2439 3784 2627 3850 probat
2676 3783 2921 3837 homines
2954 3783 3160 3836 diversa
3192 3779 3516 3851 viate'ndere
3535 3779 3598 3832 ad
3632 3779 3855 3851 beatitu-

2286 3849 2494 3974 dinem;
2525 3853 2666 3922 quod
2690 3855 2922 3907 innatam
2954 3853 3144 3905 summi
3170 3850 3292 3904 boni
3307 3851 3579 3904 notionem
3607 3849 3744 3903 male
3766 3864 3857 3918 ap-

2289 3935 2322 3974 D
2347 3930 2504 3974 tceut.

2289 3930 2504 3990 pliceut.

2363 4009 2382 4039 ⁸
2422 4008 2514 4063 Est
2541 4010 2676 4061 enim
2701 4009 2951 4063 mentibus
2979 4009 3263 4073 hominum,
3288 4013 3394 4060 etc.
3419 4003 3438 4076 ]
3463 4005 3531 4060 Ut
3558 4005 3698 4076 enim
3723 4003 3860 4076 Deus

2294 4089 2524 4132 mentem
2556 4082 2841 4132 humanam
2872 4087 3091 4146 pr0pter
3118 4075 3466 4143 semetipsum
3494 4075 3761 4136 condidit;
3786 4075 3861 4146 sic

2293 4147 2467 4202 eidem
2499 4149 2663 4201 menti
2688 4144 2963 4202 statim’ab
2992 4157 3111 4201 ortu
3143 4146 3333 4200 indidit
3355 4161 3458 4198 non
3492 4146 3663 4198 solum
3695 4144 3862 4196 notio-

2295 4233 2438 4282 nem,
2474 4219 2570 4271 sed
2598 4221 2760 4270 etiam
2788 4218 3113 4271 voluntatem
3155 4217 3348 4271 summi
3382 4215 3535 4278 boni,
3568 4214 3709 4283 quod
3737 4211 3864 4266 nihil

2293 4296 2378 4340 est
2402 4286 2546 4339 aliud
2566 4301 2722 4352 quam
2763 4289 2876 4355 ipse
2901 4286 3062 4339 Deus.

2369 4374 2389 4404 '
2429 4374 2508 4426 Ad
2540 4372 2674 4441 falsa
2695 4373 2868 4425 devius
2894 4389 3038 4424 error
3054 4372 3278 4424 abducit.
3300 4369 3321 4442 ]
3346 4368 3585 4442 Quandiu
3609 4367 3868 4442 menshu-

2298 4457 2454 4497 mana
2484 4439 2649 4494 Deum
2673 4453 2726 4495 et
2755 4445 3062 4509 magistrum
3090 4442 3271 4503 audit,
3301 4439 3355 4493 Et
3379 4441 3570 4493 ducem
3598 4439 3863 4509 sequitur,

2307 4512 2429 4565 tand
2455 4529 2485 4564 u
2520 4521 2576 4564 et
2611 4513 2809 4564 erroris
2845 4506 2901 4565 et
2932 4512 3041 4564 vitii
3073 4522 3153 4564 εει
3182 4523 3411 4579 expers:
3443 4509 3534 4562 sed
3559 4508 3643 4560 vix
3685 4506 3868 4559 eadem

2313 4596 2462 4635 mens
2489 4579 2666 4633 divina
2691 4581 2776 4634 illa
2810 4582 2922 4649 lege
2954 4581 3122 4633 soluta
3140 4591 3241 4643 est,
3267 4584 3636 4649 cumzconsors
3653 4591 3868 4644 corpus,

2313 4652 2562 4716 imperari
2589 4647 2960 4717 impatiensﬂn
2988 4650 3098 4717 ipsa
3124 4659 3299 4703 mente
3329 4652 3506 4716 plures
3527 4647 3719 4717 excitat
3747 4659 3871 4717 per-

2313 4716 2676 4785 turbationes,
2709 4721 2901 4787 quibus
2930 4716 3228 4773 obscuritas
3268 4721 3494 4785 primum
3518 4726 3572 4770 et
3593 4716 3868 4787 conlusio:

2315 4789 2511 4844 deinde
2557 4784 2830 4856 multiplex
2862 4804 3014 4842 error
3039 4784 3278 4855 ejusdem
3321 4787 3516 4841 mentis
3541 4786 3730 4856 oritur.
3783 4784 3875 4856 ille

2317 4866 2494 4912 autem
2518 4873 2674 4914 error
2702 4855 2895 4912 dieitttr
2940 4860 3108 4910 devius
3133 4872 3152 4910 :
3179 4873 3284 4910 non
3325 4857 3496 4909 solum
3527 4856 3664 4922 quod
3697 4855 3782 4907 ille
3805 4855 3874 4906 sit

2319 4929 2569 4996 cogitatio
2599 4929 2790 4981 mentis
2828 4941 2858 4978 a
2885 4942 3006 4980 vera
3033 4927 3300 4993 judicandi
3334 4941 3515 4978 norma
3540 4925 3836 4996 aberrantis
3861 4939 3873 4996 ς

2319 4991 2413 5051 sed
2453 4998 2614 5050 etiam
2637 4996 2778 5064 quod
2807 4996 2944 5050 idem
2974 4991 3128 5049 causa
3159 4998 3248 5062 sit,
3279 5011 3375 5050 cur
3393 4993 3677 5064 appetitio,
3697 4991 3879 5064 judicii

2317 5063 2685 5120 antecedentis
2707 5080 2908 5130 comes,
2960 5080 2989 5116 a
3011 5080 3104 5118 sua
3140 5068 3300 5118 etiam
3328 5065 3445 5132 iege
3479 5063 3691 5117 aberret
3717 5063 3882 5132 :hinc

2316 5137 2512 5189 dicitur
2541 5135 2791 5188 abducere
2815 5137 2879 5187 ad
2905 5135 3070 5197 falsa;
3104 5135 3235 5187 falsa
3264 5131 3465 5188 scilieet
3492 5131 3881 5198 assumptione:

2315 5216 2370 5257 ιιι
2397 5206 2508 5271 jam
2539 5206 2867 5271 probandum
2897 5211 2980 5256 est
3008 5204 3076 5256 de
3106 5203 3324 5268 divitiis,
3352 5203 3663 5264 honoribus,
3695 5210 3882 5269 poten-

2314 5275 2404 5337 tia,
2434 5275 2599 5342 gloria
2636 5283 2688 5326 et
2717 5273 3115 5350 voluptatibus,
3145 5277 3374 5340 primum
3396 5272 3606 5339 quidem
3621 5283 3885 5331 seorsum,

2309 5353 2494 5412 postea
2525 5353 2832 5409 comparate
2860 5350 3147 5409 spectatis._

2391 5430 2412 5459 ⁸
2454 5428 2680 5497 Quorum
2709 5427 2916 5497 quidem
2954 5427 3067 5491 alii,
3090 5437 3194 5480 etc.
3223 5425 3236 5497 ]
3281 5425 3319 5479 l.
3345 5426 3539 5497 Agitur
3559 5425 3624 5479 de
3652 5423 3849 5478 divitiis
3875 5439 3887 5476 :

2333 5497 2422 5564 qui
2455 5497 2538 5549 his
2565 5495 2785 5553 inhiant,
2818 5496 2895 5548 sic
2926 5495 3282 5559 argumentari
3307 5496 3552 5550 videntur
3583 5512 3597 5547 :
3626 5508 3891 5564 summum

2333 5563 2531 5618 bonum
2557 5573 2639 5616 est
2666 5564 2826 5616 nihilo
2854 5565 3080 5632 indigere
3108 5582 3120 5615 :
3158 5581 3275 5632 qua:
3307 5565 3594 5634 propositio
3622 5575 3714 5634 est
3731 5563 3892 5614 veris-

2333 5633 2467 5687 sima
2494 5649 2509 5686 :
2562 5635 2654 5686 sed
2703 5636 2792 5699 qui
2832 5634 3032 5685 divitiis
3056 5634 3306 5697 aiiluuut,
3338 5635 3388 5686 hi
3422 5635 3586 5687 nihilo
3613 5633 3846 5699 indigent
3879 5647 3890 5679 :

2332 5717 2452 5769 qua
2496 5711 2580 5756 est
2623 5703 2918 5771 assumptio
2946 5702 3266 5756 lalsissima:
3310 5706 3414 5758 imo
3463 5716 3568 5771 quo
3612 5700 3767 5756 ditior
3817 5707 3892 5753 est

2336 5771 2516 5838 homo,
2563 5783 2627 5826 eo
2655 5769 2892 5837 pluribus
2933 5771 3149 5837 indiget.
