4254 6250
456 429 555 481 725

1346 428 1431 481 DE
1470 426 1977 482 CONSOLATIONE
2017 419 2486 497 PHILOSOPIIIAL‘
2526 422 2655 477 LIB.
2695 420 2779 474 III.

3577 386 3681 470 726

455 552 574 591 esse
596 537 792 591 bonum
826 514 994 592 nihilo
1026 538 1259 607 indigere
1283 537 1581 601 credentes,
1618 548 1675 591 ut
1704 536 1902 591 divitiis
1942 535 2016 588 af-
2048 540 2099 597 Λ
2128 546 2455 589 numeratur.
2510 533 2792 599 Reliquum
2836 543 2960 584 vero
2991 530 3073 584 vei
3107 529 3356 599 potentiae
3384 542 3538 581 causa
3558 568 3573 591 ,
3602 530 3685 582 vel

455 626 643 691 ﬂuant,
690 626 768 698 (5)
820 630 1093 683 elaborant
1124 646 1136 681 :
1186 628 1201 659 ¹
1228 627 1317 680 alii
1351 644 1475 682 vero
1508 629 1726 692 bonum,
1783 627 1922 694 quod
1949 627 2018 679 sit

457 715 826 783 dignissimum
856 718 1221 783 veneratione,
1245 717 1547 786 iudicantes
1566 759 1579 781 ,
1613 717 1820 785 adeptis
1845 717 2012 770 hono-

459 809 626 874 ribus,
646 818 672 847 ι
694 810 971 864 reverendi
999 810 1209 864 civibus
1242 811 1353 864 suis
1382 824 1501 863 esse
1529 811 1788 863 nituntur.
1819 811 1839 839 ¹
1881 809 2020 864 Sunt

459 899 547 967 qui
574 913 835 953 summum
870 903 1063 953 bonum
1090 901 1143 953 in
1172 916 1378 954 summa
1407 903 1638 968 potentia
1676 915 1797 956 esse
1817 902 2017 954 consti-

460 998 610 1042 tuant
642 988 744 1063 ε,ὴί
773 990 857 1043 vel
901 1005 1123 1058 regnare
1160 992 1264 1059 ipsi
1310 992 1526 1058 volunt,
1557 993 1641 1047 vel
1674 993 2020 1062 regnantibus

461 1076 735 1132 adhaerere
782 1090 1060 1135 conantur.
1113 1081 1269 1152 178
1313 1081 1333 1111 ³
1399 1081 1467 1135 At
1511 1082 1707 1150 quibus
1761 1081 2018 1149 optimum

461 1166 714 1235 quiddam
745 1168 957 1222 claritas
982 1170 1223 1236 videtur;
1269 1170 1317 1224 hi
1345 1171 1427 1225 vel
1456 1172 1602 1235 belli,
1650 1171 1732 1225 vel
1758 1173 1901 1241 pacis
1939 1186 2024 1225 ar-

465 1258 605 1311 tibus
626 1258 913 1327 gloriosum
954 1274 1147 1315 nomen
1187 1276 1482 1330 propagare
1543 1261 1814 1315 festinant.
1849 1262 1870 1291 ⁸
1900 1261 2019 1316 Plu-

462 1347 581 1400 rimi
620 1363 749 1401 vero
799 1349 920 1402 honi
952 1350 1177 1404 fructum
1209 1352 1425 1419 gaudio,
1475 1352 1762 1420 laetitiaque
1792 1353 2022 1406 metiun-

473 1446 558 1488 tur
616 1453 630 1489 :
688 1438 740 1491 hi
797 1438 1158 1493 felicissimum
1202 1450 1388 1509 putant
1436 1442 1703 1510 voluptate
1759 1442 2021 1496 difiiuere.

459 1524 478 1552 ⁸
518 1525 651 1579 Sunt
677 1528 869 1597 etiam,
897 1530 986 1597 qui
1017 1529 1203 1583 horum
1236 1531 1406 1596 lineis,
1439 1547 1730 1600 causasque
1771 1534 2026 1586 alterutro

465 1614 543 1685 (5)
570 1614 599 1655 δ
629 1627 961 1686 permutant:
1012 1628 1090 1687 ut,
1134 1621 1221 1689 qui
1247 1621 1457 1676 divitias
1487 1622 1555 1676 ob
1586 1622 1896 1690 potentiam,
1934 1638 2026 1675 vo-

465 1706 798 1777 luptatesque
836 1708 1173 1775 desiderant;
1224 1712 1314 1766 vei
1358 1713 1446 1781 qui
1477 1713 1765 1781 potentiam
1807 1728 1903 1769 seu
1934 1727 2023 1782 pe-

464 1797 633 1852 cunia:
661 1813 842 1863 causa,
866 1814 958 1855 seu
982 1800 1284 1869 proferendi
1326 1804 1556 1858 nominis
1584 1813 1788 1873 petunt.
1823 1805 1917 1859 ⁸1η
1942 1804 2025 1859 his

2129 623 2501 681 delectationis
2531 623 2838 676 assumitur.
2873 620 2990 675 Jam
3035 634 3163 674 vero
3212 620 3450 688 corporis
3494 618 3632 671 bona
3658 630 3681 654 ι·

2123 725 2424 786 promptum
2472 723 2587 774 est,
2641 720 2696 764 ut
2723 711 2787 764 ad
2818 711 3089 778 superiora
3136 709 3451 765 referantur.
3507 709 3688 763 Robur

2123 808 2265 861 enim
2298 805 2712 874 magnitudoque
2759 804 3005 856 videntur
3032 802 3048 840 ί
3077 813 3326 871 ργίεδωτε
3370 802 3684 864 valentiam;

2125 896 2458 965 pulchritudo
2487 904 2646 964 atque
2680 893 2793 966 (15)
2821 894 3078 948 velocitas
3105 893 3501 956 celebritatem;
3547 891 3690 945 salu-

2124 989 2312 1053 britas,
2345 988 2688 1054 voluptatem.
2740 982 2943 1049 Quibus
2983 984 3229 1038 oumibus
3261 984 3428 1039 solam
3461 982 3690 1037 beatitu-

2124 1080 2302 1134 dinem
2329 1079 2621 1133 desiderari
2656 1077 2847 1146 liquet.
2884 1077 3014 1130 Nam
3045 1076 3183 1145 quod
3210 1077 3430 1146 quisque
3450 1092 3560 1145 pra:
3582 1091 3690 1131 cae-

2126 1170 2254 1223 teris
2277 1169 2427 1237 petit,
2452 1168 2504 1222 id
2520 1183 2786 1222 summum
2812 1166 3144 1235 essejudicat
3164 1166 3379 1220 bonum.
3414 1168 3517 1223 Sed
3545 1183 3691 1223 sum-

2126 1273 2267 1311 mum
2300 1259 2493 1311 bouum
2538 1256 2919 1312 beatitudinem
2942 1270 3062 1309 esse
3103 1255 3453 1312 defi‘nivimus.
3513 1259 3689 1327 Quare

2126 1349 2338 1403 beatum
2369 1363 2492 1401 esse
2515 1347 2720 1416 judicat
2749 1354 2967 1411 statum,
2992 1361 3151 1415 quem
3178 1362 3288 1415 prae
3309 1348 3516 1402 caeteris
3542 1350 3693 1418 quis-

2125 1456 2229 1509 que
2268 1438 2551 1492 desiderat.
2604 1437 2774 1492 Habes
2806 1437 2964 1506 igitur
3010 1446 3133 1490 ante
3180 1436 3365 1491 oculos
3395 1446 3420 1485 tt
3451 1441 3694 1507 proposi-

2128 1542 2232 1585 tam
2263 1532 2375 1585 fere
2400 1526 2513 1599 (“20)
2542 1529 2763 1582 formam
2795 1528 3060 1582 felicitatis
3108 1526 3370 1594 humana),
3418 1543 3571 1598 opes,
3601 1530 3694 1583 ho-

2128 1637 2306 1685 nores,
2339 1619 2649 1688 potentiam,
2688 1618 2931 1687 gloriam,
2981 1617 3302 1683 voluptates.
3336 1618 3494 1687 179
3521 1620 3537 1649 ⁷
3566 1619 3695 1685 Qua:

2128 1711 2339 1780 quidem
2370 1711 2483 1764 sola
2514 1707 2860 1764 considerans
2880 1708 3156 1776 Epicums,
3180 1721 3566 1778 consequenter
3593 1714 3696 1770 sibi

2129 1819 2395 1859 summum
2424 1803 2621 1857 bonum
2667 1801 2992 1869 voluptatem
3041 1816 3161 1856 esse
3202 1803 3520 1869 constituit;
3552 1806 3694 1873 quod

464 1886 623 1956 igitur
655 1890 967 1959 cteterisque
1011 1892 1204 1947 talibus
1230 1894 1585 1949 humanorum
1606 1904 1844 1960 actuum,
1873 1906 2025 1949 voto—
2062 1899 2105 1956 Β
2132 1906 2320 1951 cratera
2350 1897 2527 1949 omnia
2550 1893 2938 1963 iucunditatem
2972 1895 3148 1948 animo
3180 1895 3460 1951 videantur
3479 1897 3691 1955 ail‘erre.

464 1992 688 2048 rumque
720 1991 960 2036 versatur
992 1993 1013 2020 ε
1045 1984 1307 2049 intentio;
1338 1985 1501 2040 veluti
1546 1987 1817 2050 nobilitas,
1846 1987 2026 2041 favor-

465 2084 570 2139 que
594 2071 881 2139 popularis,
929 2088 1048 2143 quae
1079 2075 1325 2131 videntur
1346 2078 1631 2146 quamdam
1658 2077 2025 2132 claritudinem

466 2174 804 2231 comparare;
834 2178 969 2219 uxor
992 2180 1052 2219 ac
1077 2166 1255 2231 liberi,
1276 2168 1367 2237 qui
1395 2168 1510 2238 (10)
1539 2167 1886 2237 iucunditatis
1910 2182 2031 2237 gra-

467 2250 538 2305 tia
564 2262 833 2321 petuntur.
877 2256 1183 2313 Amicorum
1213 2273 1361 2327 vero,
1389 2260 1532 2329 quod
1563 2264 1590 2296 α
1620 2259 2026 2316 sanctissimum

466 2342 682 2412 quidem
718 2359 887 2415 genus
910 2355 1015 2415 est,
1046 2363 1152 2403 non
1201 2349 1255 2403 in
1285 2348 1495 2405 fortuna
1522 2390 1538 2417 ,
1597 2349 1692 2405 sed
1744 2350 1797 2405 in
1828 2348 2028 2404 virtute

2129 1987 2232 2043 Sed
2252 1988 2313 2041 ad
2350 1986 2621 2041 hominum
2674 1985 2845 2039 studia
2879 1995 3160 2039 revertor:
3207 2003 3433 2055 quorum
3463 1988 3695 2056 animus,

2131 2088 2184 2132 et
2213 2078 2258 2131 si
2290 2075 2316 2114 δ
2348 2078 2608 2146 caligante
2640 2077 2897 2130 memoria
2925 2119 2940 2143 ,
2992 2087 3169 2133 tamen
3198 2078 3396 2133 bonum
3428 2095 3694 2135 summum

2138 2167 2219 2240 (5)
2247 2170 2460 2236 repetit,
2511 2167 2608 2222 sed
2634 2169 2655 2200 ⁸
2687 2170 2830 2221 velut
2853 2166 3064 2232 ebrius,
3091 2167 3307 2223 domum
3351 2186 3458 2239 quo
3490 2172 3699 2226 tramite

2140 2267 2474 2325 revertatur,
2523 2260 2752 2327 ignorat.
2788 2263 2808 2293 ο
2839 2258 2971 2312 Nutu
3008 2261 3151 2314 enim
3178 2261 3425 2316 videntur
3444 2278 3625 2318 errare
3647 2264 3698 2317 bi

2135 2354 2225 2424 qui
2265 2354 2435 2409 nihilo
2482 2355 2721 2423 indigere
2756 2354 3034 2410 nituntur?
3087 2357 3243 2427 Atqui
3277 2373 3380 2411 non
3408 2367 3491 2412 est
3533 2356 3696 2420 aliud,

1801 2450 2368 2541 tarsumenno.

518 2647 520 2651 ,
604 2595 977 2652 Ησηοταὸὶίθεω

518 2702 521 2703 ν
602 2665 688 2719 Ex
718 2667 987 2735 praedictis
1012 2667 1187 2723 bonis.

548 2744 573 2773 ο
606 2736 843 2791 Summa.

538 2802 567 2840 ἀ
604 2804 889 2860 Bonorum.

2212 2606 2235 2633 ε
2280 2596 2524 2649 Omnibus
2548 2608 2700 2664 patet.

2210 2665 2228 2704 ι
2272 2664 2480 2733 Efﬁcere
2503 2677 2559 2719 ut
2598 2669 2783 2721 taleas.

2210 2746 2234 2782 ε
2276 2735 2483 2789 Mentis.

2208 2802 2237 2840 δ
2279 2804 2575 2858 Obscuram.

1979 2937 2206 2994 ΝΟΤᾹΞ.

541 3053 560 3083 ⁸
579 3051 699 3122 Alii
727 3053 911 3122 bonum
934 3051 1156 3122 quodstt
1184 3051 1535 3122 dignissimum
1558 3053 1893 3118 veneratione,
1920 3061 2026 3108 etc.

472 3120 535 3176 II.
562 3119 750 3192 Agitur
766 3122 837 3192 de
864 3121 1205 3189 dignitatibus
1231 3119 1347 3175 sive
1374 3121 1689 3188 honoribus,
1721 3122 1911 3192 quibus
1939 3124 2028 3188 qui

471 3190 683 3244 student
733 3190 811 3244 sic
863 3192 1109 3244 videntur
1134 3192 1438 3244 ratiocinari
1473 3208 1489 3247 :
1520 3190 1784 3246 summum
1836 3192 2029 3245 bonum

472 3270 552 3315 est
594 3260 910 3314 veneratione
955 3259 1305 3327 dignissimum
1336 3275 1357 3315 :
1409 3275 1533 3315 vera
1566 3259 1857 3329 prapositio
1890 3280 1905 3318 :
1937 3263 2033 3317 sed
2061 3258 2106 3319 C

474 3332 812 3398 veneratione
833 3329 1175 3398 dignissimus
1219 3330 1377 3383 homo
1407 3338 1651 3395 nonest,
1687 3330 1785 3384 nisi
1835 3331 1879 3385 is
1927 3347 2040 3385 tua-

472 3397 690 3469 gistratu
718 3397 999 3453 decoretur
1030 3416 1049 3469 :7
1082 3399 1208 3453 falsa
1241 3400 1537 3467 aSsumptio
1569 3416 1583 3453 :
1612 3403 1657 3454 si
1684 3402 1898 3468 quidem
1926 3402 2039 3469 ipse

474 3468 813 3549 magistratus
839 3484 945 3523 non
975 3468 1194 3534 colitur,
1226 3470 1328 3524 nisi
1359 3469 1516 3525 fuerit
1541 3485 1663 3526 cum
1690 3472 1885 3525 virtute
1912 3468 2041 3527 cau-

497 3548 703 3593 unctus.

475 3553 841 3683 qui
875 3622 1130 3683 summum
1150 3607 1334 3661 bonum
1353 3610 1406 3663 in
1418 3626 1618 3667 summa
1650 3611 2041 3683 potentia,etc.i

476 3674 562 3730 Ill.
585 3674 777 3748 Agitur
792 3678 860 3733 de
888 3679 1144 3748 patentia,
1175 3692 1334 3746 quam
1362 3684 1452 3749 qui
1483 3674 1705 3749 appetit,
1732 3683 1810 3736 sic
1838 3674 2044 3737 videtur

476 3749 876 3817 argumentari:
924 3762 1130 3801 summa
1161 3748 1393 3817 potentia
1444 3748 1529 3803 est
1574 3751 1839 3805 individua
1863 3766 2044 3807 comes

476 3820 671 3873 summi
697 3819 817 3873 boni
847 3836 859 3870 :
890 3832 1013 3872 vera
1045 3816 1336 3885 propositio
1370 3833 1384 3873 :
1435 3821 1529 3873 sed
1560 3820 1720 3874 homo
1757 3836 1859 3873 non
1886 3822 2046 3875 habet

476 3888 1055 3959 summampotentiatu
1094 3886 1197 3940 nisi
1224 3890 1528 3959 regnando,
1583 3902 1671 3942 aut
1702 3892 2045 3959 regnantibus

478 3955 841 4013 adhaerendo:
876 3959 1007 4012 falsa
1024 3957 1316 4029 assumptio
1349 3955 1360 4010 ὲ
1388 3955 1818 4029 quandoquidem
1845 3960 1942 4028 ipsi
1961 3976 2046 4014 re-

477 4041 572 4149 ges
592 4043 697 4151 itan
725 4039 847 4083 sunt
873 4037 1148 4097 potentes,
1181 4026 1280 4081 nisi
1319 4028 1429 4082 suis
1460 4026 1727 4098 imperent
1773 4026 2048 4099 perturba-

500 4112 607 4151 iont
649 4112 734 4151 us.

478 4099 734 4152 tionibus.

549 4167 673 4249 {At
708 4167 893 4249 quibus
940 4167 1185 4236 optimum
1212 4167 1458 4249 quiddam
1494 4169 1753 4249 claritas,_
1774 4166 1925 4249 βία]
1954 4168 2043 4222 ιν.

480 4237 666 4305 Agitur
692 4237 759 4291 de
777 4237 937 4302 fama,
965 4251 1121 4305 quam
1144 4237 1232 4307 qui
1263 4237 1589 4302 desiderant,
1607 4242 1685 4292 sic
1707 4237 1949 4294 videntur
1970 4253 2047 4292 ra-

479 4308 742 4377 tiocinari.
772 4308 975 4361 Summi
1008 4307 1132 4361 boni
1160 4315 1245 4362 est
1270 4322 1390 4362 esse
1416 4307 1648 4367 clarum:
1689 4310 1828 4377 quod
1861 4322 2043 4362 verum

479 4388 564 4430 est
593 4394 607 4428 :
638 4375 734 4430 sed
762 4378 937 4430 clarus
966 4377 1125 4429 homo
1151 4392 1271 4431 esse
1314 4379 1499 4444 nequit
1528 4379 1630 4431 nisi
1675 4375 1757 4432 vel
1804 4377 1929 4431 belli
1960 4378 2048 4431 vel

482 4447 624 4525 pacis
649 4447 855 4526 artibus
886 4462 902 4508 ;
932 4446 1070 4514 quod
1096 4444 1286 4526 falsitut
1315 4455 1398 4501 est
1429 4463 1441 4497 :
1483 4461 1605 4501 cum
1654 4447 1737 4501 ha:
1762 4456 1906 4501 artes
1951 4461 2050 4501 sa:-

850 4532 997 4568 orum
1026 4532 1295 4568 materies.

481 4523 597 4583 plus
618 4523 724 4567 sint
751 4523 997 4568 vitiorum
1026 4523 1295 4569 materies.

549 4584 572 4654 ξ
610 4582 835 4637 Plurimi
882 4585 996 4637 boni
1015 4588 1241 4653 fructum
1269 4586 1474 4653 gaudio.
1497 4583 1643 4654 etc.]
1675 4586 1739 4640 V.
1770 4588 1954 4653 Agitur
1982 4585 2048 4639 de

481 4652 862 4722 voluptatibus,
894 4652 1083 4723 quibus
1128 4655 1216 4722 qui
1260 4655 1566 4722 indulgent,
1601 4652 1653 4707 hi
1695 4652 1829 4710 vere
1849 4671 2043 4723 prapo-

482 4732 615 4778 nunt
641 4738 903 4777 summum
933 4723 1129 4777 bonum
1161 4737 1267 4776 non
1293 4738 1413 4779 esse
1438 4724 1555 4778 sine
1582 4724 1759 4778 laetitia
1790 4743 1802 4777 :
1830 4725 1924 4778 sed
1955 4726 2050 4777 fal-

481 4810 544 4848 so
568 4805 847 4849 assumunt
872 4796 1012 4847 hanc
1057 4792 1295 4846 Iretitiam
1326 4794 1492 4862 accipi
1532 4807 1689 4862 posse
1714 4809 1741 4845 a
1771 4794 1931 4849 rebus
1955 4808 2048 4847 ca-

482 4865 653 4919 ducis.
708 4864 904 4933 Sicque
932 4872 1106 4933 actum
1141 4872 1223 4915 est
1255 4876 1493 4917 seorsum
1524 4864 1592 4917 de
1635 4863 1788 4917 bonis
1812 4864 2048 4917 caducis.

553 4935 575 4967 ⁸
613 4934 749 4989 Sunt
793 4932 946 4987 etiam
965 4932 1258 5004 quiltorunt
1284 4933 1453 4999 ﬁneis,
1482 4942 1587 4986 etc.
1612 4933 1623 5004 Ι
1659 4933 1744 4987 Vl.
1772 4934 1964 5004 Agitur
1985 4933 2051 5004 de

482 5004 754 5073 pradictis
781 5005 1028 5057 omnibus
1053 5001 1269 5073 in_ter__se
1289 5001 1649 5073 comparatis:
1674 5003 1865 5073 quibus
1890 5002 2050 5073 modo

520 5074 743 5134 luribus.
778 5074 936 5126 modo
966 5070 1336 5139 paucioribus;
1385 5072 1543 5125 modo
1573 5070 1702 5137 his,
1736 5071 1894 5125 modo
1950 5072 2055 5124 illis

521 5090 743 5134 IIII'IDIIS.
778 5090 936 5126 ηιοαο
966 5090 1336 5139 ρουίιιοτιυιιδς
1385 5090 1543 5125 1111³00
1573 5090 1687 5137 IIIS,
1736 5090 1894 5125 [11000
1950 5090 2049 5124 IIIIS

482 5090 647 5198 Romo
672 5143 927 5208 adhmret,
963 5157 1058 5209 pro
1079 5140 1287 5211 diversa
1309 5142 1673 5206 assumptione
1706 5157 1863 5211 quam
1888 5141 2049 5194 facit:

484 5215 627 5282 quod
649 5229 717 5268 ex
744 5213 864 5266 solo
889 5210 1148 5267 orationis
1182 5221 1432 5264 contextu
1467 5212 1677 5267 videtur
1704 5212 1864 5265 nobis
1891 5210 2057 5264 notis-

556 5353 577 5383 ⁸
614 5352 683 5406 In
729 5352 808 5405 his
848 5352 1185 5406 humanorum
1213 5362 1418 5406 actuum
1459 5360 1787 5419 votorumque
1833 5358 2063 5404 versatur

484 5424 717 5485 intentio.
742 5422 763 5493 ]
795 5422 1009 5493 Summa
1035 5424 1135 5476 sive
1155 5420 1401 5491 quidquid
1430 5429 1503 5473 est
1530 5421 1768 5493 desiderii
1799 5421 2064 5493 operisque

484 5496 694 5547 humani
722 5490 762 5545 ί
779 5492 910 5546 sicut
942 5495 1081 5547 enim
1112 5490 1246 5556 opus
1277 5492 1560 5543 lutmanum
1594 5491 1833 5558 sequitur
1865 5490 2051 5542 huma-

484 5577 610 5616 num
638 5563 996 5627 desiderium;
1028 5562 1103 5614 sic
1132 5561 1455 5615 desiderium
1497 5563 1780 5611 humanum
1812 5560 2051 5627 sequitur

486 5631 793 5701 prmdictam
822 5634 1015 5685 tuentis
1042 5632 1457 5697 assumptiouctn
1490 5631 2045 5701 propositionetnqu‘e:

484 5697 750 5768 siquidem
784 5717 887 5755 non
917 5701 1120 5766 agimus
1146 5702 1511 5768 extr-insectis,
1545 5698 1643 5751 nisi
1685 5699 1827 5768 quod
1865 5697 2052 5768 intrin-

487 5766 644 5825 secus
667 5773 932 5833 volumus,
956 5784 1054 5824 nec
1082 5770 1322 5823 volumus
1344 5812 1357 5835 ,
1390 5767 1490 5820 nisi
1530 5767 1671 5835 quod
1696 5766 2051 5832 indicavimus

490 5849 770 5910 praestare;
802 5854 899 5895 nec
923 5840 1220 5908 iudicamus
1248 5840 1347 5893 nisi
1376 5836 1515 5906 quod
1548 5839 1621 5890 sic
1648 5838 1815 5891 visum
1843 5846 1921 5889 cst
1942 5836 2050 5889 sine

2137 3054 2388 3119 obscure,
2414 3056 2526 3110 sive
2554 3055 2867 3111 evidenter:
2897 3055 3035 3124 quod
3064 3054 3404 3124 Philosophia
3425 3061 3702 3114 confirmat

2136 3123 2396 3195 exemplis
2440 3126 2663 3195 primum
2693 3126 2907 3193 quidem
2937 3123 3297 3195 quotidianisi
3351 3126 3540 3182 deinde
3566 3131 3701 3183 auti-

2138 3193 2433 3263 quiorilius,
2459 3203 2514 3247 ut
2538 3194 2771 3258 Epicuri.

2208 3262 2236 3338 '_
2273 3261 2399 3328 Qua:
2446 3264 2647 3338 quidem
2703 3264 2812 3338 sola
2865 3264 3191 3338 considerans
3224 3261 3501 3338 Epicurus,
3544 3266 3700 3338 etc.]

2144 3332 2437 3405 Epicurus,
2489 3333 2836 3402 philosophus
2881 3337 3010 3389 satis
3040 3345 3217 3388 notus.
3263 3332 3354 3389 Ille
3393 3336 3445 3390 in
3476 3332 3701 3405 Physica

2142 3403 2355 3473 quidem
2386 3404 2827 3473 docuit,corpora
2854 3420 2917 3459 ex
2946 3408 3137 3458 atomis
3165 3414 3220 3458 et
3255 3404 3393 3458 inani
3417 3403 3661 3473 componi
3691 3425 3703 3459 :

2145 3473 2198 3526 iit
2234 3472 2415 3527 Ethica
2443 3487 2594 3539 vero,
2622 3488 2882 3527 summum
2916 3476 3108 3528 bonum
3133 3474 3185 3529 iu
3212 3476 3481 3541 voluptate
3505 3472 3705 3531 versa:i

2142 3542 2349 3608 statuit,
2384 3544 2533 3612 quasi
2563 3545 2639 3596 sic
2666 3553 3064 3611 argumentatus
3098 3560 3110 3596 :
3149 3560 3267 3597 cum
3301 3545 3438 3599 nulla
3472 3544 3571 3598 alia
3600 3546 3708 3599 sint

2144 3612 2280 3686 bona
2312 3622 2504 3679 prmter
2540 3629 2686 3686 opes,
2720 3620 2954 3686 honores,
2979 3615 3274 3686 potentiam,
3297 3615 3510 3686 gloriam
3538 3624 3581 3669 et
3613 3631 3704 3668 vo-

2144 3680 2383 3752 luptates,
2415 3683 2555 3749 quod
2580 3684 2774 3737 bonum
2806 3685 2947 3738 inter
2980 3680 3101 3737 haec
3125 3680 3316 3739 omtiia’
3330 3684 3537 3738 caneris
3566 3700 3705 3752 pra:-

2144 3762 2269 3814 stat,
2301 3753 2430 3807 illud
2456 3768 2721 3807 sumntum
2750 3754 2956 3807 censeri
2986 3752 3162 3807 debet.
3192 3755 3345 3822 Atqui
3360 3754 3601 3821 voluptas
3624 3756 3706 3808 in-

2148 3830 2228 3874 ter
2262 3824 2372 3876 haec
2396 3822 2570 3875 omnia
2599 3823 2807 3878 caneris
2828 3832 3070 3889 praestat:
3103 3824 3240 3889 quod
3272 3828 3383 3876 tunc
3398 3824 3576 3877 omnia
3602 3840 3705 3879 non

2147 3904 2454 3959 quaerantur
2477 3933 2491 3955 ,
2536 3892 2637 3944 nisi
2663 3894 2785 3958 quia
2812 3892 3191 3959 iucunditatem
3223 3893 3397 3946 animo
3427 3894 3707 3948 videantur

2148 3960 2362 4083 idene.
2412 3962 2545 4015 Hinc
2595 3961 2838 4016 homines
2868 3962 3152 4029 voluptarii
3180 3962 3283 4017 dici
3315 3975 3710 4019 consueverunt

2201 4032 2410 4083 nicurei.

2236 4032 2410 4083 ἔσω-εἱ.

2199 4048 2436 4154 mugiit
2482 4100 2668 4153 ebrius.
2700 4098 2719 4171 ]
2748 4100 2957 4173 Optima
3000 4101 3290 4173 similitudo
3338 4102 3403 4156 ad
3432 4117 3709 4173 exponen-

2149 4169 2269 4223 dam
2300 4172 2603 4237 praadictam
2634 4169 3044 4238 uniuscuiusque
3073 4171 3305 4225 hominis
3340 4174 3479 4226 bono
3508 4169 3708 4228 caduco

2150 4239 2474 4293 adhaerentis
2518 4240 2996 4293 ratiocinationem.
3052 4241 3198 4295 Sicut
3225 4243 3366 4295 enim
3413 4243 3589 4297 ebrius
3615 4247 3710 4296 ho-

2152 4322 2241 4361 mo
2262 4348 2276 4369 .
2321 4310 2374 4362 i'
2403 4308 2685 4377 quamdam
2710 4309 2868 4380 habet
2903 4324 3012 4362 sum
3044 4310 3235 4364 domus
3282 4312 3484 4379 ideam,
3517 4328 3706 4380 quam,

2149 4387 2431 4446 antequam
2461 4392 2705 4446 egressus
2742 4379 2926 4431 fuissvt
2972 4380 3150 4433 vinum
3192 4381 3475 4443 bibiturus,
3506 4379 3572 4436 ab
3599 4383 3710 4447 ipsa

2153 4448 2312 4501 domo
2346 4458 2664 4516 acceperat;
2694 4447 2751 4499 2°
2781 4448 2936 4513 huius
2986 4448 3119 4502 idem
3148 4465 3362 4517 semper
3388 4464 3593 4503 memor
3616 4452 3707 4502 do—

2155 4532 2298 4571 mum
2331 4532 2479 4587 suam
2508 4517 2716 4571 caeteris
2771 4519 3011 4587 praefert,
3063 4520 3223 4571 etiam
3267 4520 3502 4587 sepultus
3542 4520 3709 4570 vino:

2080 4613 2126 4671 ο
2154 4587 2296 4668 unde
2324 4585 2567 4665 eamdem
2591 4592 2831 4671 repetere
2860 4586 3072 4671 studet;
3103 4587 3160 4641 3°
3182 4588 3305 4671 vino
3331 4585 3578 4671 turbante
3605 4602 3715 4671 me-

2156 4658 2404 4715 moriam,
2439 4657 2577 4707 viam
2615 4655 2971 4716 solummodo,
3003 4670 3105 4723 qua
3134 4664 3449 4718 revertatur,
3476 4656 3709 4719 ignorat;

2154 4724 2217 4775 4ο
2243 4725 2477 4778 tenebris
2510 4724 2705 4777 sensim
2736 4724 3126 4787 crescentibus,
3159 4725 3346 4777 alienis
3387 4725 3614 4787 :1?(lllllIS,
3658 4734 3715 4776 ut

2155 4797 2287 4854 suis.
2316 4792 2556 4847 adlimret
2586 4792 2865 4845 immotus:
2901 4794 2971 4845 ita
2998 4808 3148 4848 mens
3170 4795 3418 4855 humana,
3452 4794 3506 4846 ι’
3532 4810 3717 4862 quam-

2158 4864 2278 4916 dam
2311 4863 2469 4916 habet
2508 4862 2591 4916 sui
2620 4863 2862 4931 principii
2894 4863 3083 4928 suique
3133 4864 3283 4923 finis.
3340 4863 3587 4916 nimirum
3621 4863 3717 4917 Dei

2159 4933 2355 4996 ideam,
2380 4947 2559 5003 quam,
2583 4942 2862 5003 antequam
2898 4932 3044 4984 abeo
3073 4934 3401 4993 recessisset,
3432 4947 3721 5003 corporeas

2159 5003 2459 5069 voluptates
2477 5002 2750 5067 haustura,
2787 5002 2853 5055 ab
2882 5003 2997 5066 ipso
3025 5016 3124 5057 suo
3152 5006 3383 5057 Auctore
3409 5002 3716 5071 acceperat;

2161 5072 2219 5124 2°
2253 5071 2407 5139 huius
2430 5073 2559 5126 idem:
2592 5086 2857 5140 nunquam
2871 5072 3087 5140 omnino
3118 5074 3415 5137 immemor,
3434 5074 3720 5128 Auctorem

2166 5156 2320 5195 suum
2352 5142 2561 5196 cit-teris
2607 5139 2768 5211 rebus
2799 5139 3181 5211 praeferendum
3215 5152 3387 5211 putat,
3438 5145 3597 5197 etiam
3622 5158 3720 5195 vo-

2171 5211 2457 5278 luptatibus
2478 5211 2719 5273 corporis
2741 5210 3023 5276 indulgens
3050 5228 3064 5265 :
3101 5210 3239 5266 unde
3264 5212 3328 5265 ad
3361 5213 3605 5266 eumdem
3632 5227 3720 5264 re-

2170 5282 2302 5335 verti
2339 5284 2515 5349 cupit;
2545 5279 2600 5349 5⁸
2624 5293 2848 5347 corpore
2874 5280 3203 5349 impediente
3229 5281 3497 5335 notionem
3539 5280 3721 5343 officii,

2172 5351 2337 5415 viam,
2368 5348 2470 5418 qua
2501 5348 2566 5402 ad
2598 5349 2763 5403 Deum
2796 5348 2997 5413 redeat,
3030 5350 3232 5415 nescit;
3262 5349 3324 5402 4°
3351 5350 3575 5417 caligine
3603 5363 3724 5402 sen-

2171 5422 2270 5471 sim
2298 5429 2448 5473 aucta
2476 5420 2718 5473 externis
2756 5418 3075 5487 caducisque
3104 5422 3263 5473 rebus
3281 5463 3295 5483 ,
3322 5428 3376 5470 ut
3404 5434 3500 5471 suo
3531 5418 3727 5486 princi-

2173 5488 2260 5557 pio
2300 5504 2500 5557 suoque
2530 5488 2750 5558 proinde
2787 5488 2879 5558 lini
2908 5488 3146 5543 adhmret
3184 5491 3429 5541 immota:
3461 5488 3725 5558 quamob-

2157 5573 2270 5611 rem
2300 5568 2354 5609 ttt
2374 5557 2574 5620 ebrius,
2598 5560 2675 5611 sic
2698 5574 2846 5613 mens
2870 5557 3099 5610 humana
3122 5575 3224 5610 nou
3244 5565 3384 5611 errat
3406 5557 3725 5611 nisiassum-

2159 5628 2341 5695 ptioue
2364 5628 2642 5695 pr:ecipiti.

2229 5698 2249 5729 '
2271 5765 2275 5766 ί
2295 5694 2432 5747 Num
2456 5697 2588 5748 enim
2627 5696 3055 5766 videnturerrare
3076 5695 3167 5766 νΙιὶ,
3197 5704 3301 5750 etc.
3330 5694 3349 5766 ]
3380 5694 3721 5766 Philosophia

2160 5765 2387 5832 denique
2408 5780 2646 5819 seorsum
2673 5764 2923 5835 expendit
2944 5765 3225 5831 praedictas
3252 5764 3640 5835 propositiones
3658 5765 3726 5818 de

2160 5836 2382 5904 opibus,
2412 5834 2701 5891 honoribus
2720 5834 3000 5903 ,potcutia
3022 5876 3035 5899 ,
3066 5835 3231 5901 gloria
3256 5834 3315 5891 et
3342 5835 3723 5898 voluptatibus.
