  <div class='ocr_page' id='page_1' title='image "/cluster/home/n/w/nwhite01/storage/ocr_20150623/63/hvd.32044073498792/369.png"; bbox 0 0 4292 6262; ppageno 0'>
   <div class='ocr_carea' id='block_1_1' title="bbox 520 357 619 410">
    <p class='ocr_par' dir='ltr' id='par_1_1' title="bbox 520 357 619 410">
     <span class='ocr_line' id='line_1_1' title="bbox 520 357 619 410; baseline 0 0"><span class='ocrx_word' id='word_1_1' title='bbox 520 357 619 410; x_wconf 71' lang='lat'><strong>727</strong></span> 
     </span>
    </p>
   </div>
   <div class='ocr_carea' id='block_1_2' title="bbox 1736 356 2554 413">
    <p class='ocr_par' dir='ltr' id='par_1_2' title="bbox 1736 356 2554 413">
     <span class='ocr_line' id='line_1_2' title="bbox 1736 356 2554 413; baseline 0.001 -4"><span class='ocrx_word' id='word_1_2' title='bbox 1736 356 1846 410; x_wconf 69' lang='lat' dir='ltr'><strong>AN.</strong></span> <span class='ocrx_word' id='word_1_3' title='bbox 1889 356 2091 411; x_wconf 66' lang='lat' dir='ltr'><strong>MAN]...</strong></span> <span class='ocrx_word' id='word_1_4' title='bbox 2139 356 2290 413; x_wconf 69' lang='lat' dir='ltr'><strong>SEV.</strong></span> <span class='ocrx_word' id='word_1_5' title='bbox 2334 356 2554 411; x_wconf 70' lang='grc' dir='ltr'><strong>ΒΟΕΤΙΙ</strong></span> 
     </span>
    </p>
   </div>
   <div class='ocr_carea' id='block_1_3' title="bbox 3669 358 3771 411">
    <p class='ocr_par' dir='ltr' id='par_1_3' title="bbox 3669 358 3771 411">
     <span class='ocr_line' id='line_1_3' title="bbox 3669 358 3771 411; baseline 0.02 -2"><span class='ocrx_word' id='word_1_6' title='bbox 3669 358 3771 411; x_wconf 67' lang='grc'><strong>718</strong></span> 
     </span>
    </p>
   </div>
   <div class='ocr_carea' id='block_1_4' title="bbox 516 464 3777 541">
    <p class='ocr_par' dir='ltr' id='par_1_4' title="bbox 516 464 3777 541">
     <span class='ocr_line' id='line_1_4' title="bbox 516 464 3777 541; baseline 0.001 -23"><span class='ocrx_word' id='word_1_7' title='bbox 516 467 657 535; x_wconf 81' lang='lat' dir='ltr'><strong>quod</strong></span> <span class='ocrx_word' id='word_1_8' title='bbox 685 482 835 537; x_wconf 65' lang='lat' dir='ltr'><strong>atque</strong></span> <span class='ocrx_word' id='word_1_9' title='bbox 867 467 1121 536; x_wconf 77' lang='lat' dir='ltr'><strong>perlicere</strong></span> <span class='ocrx_word' id='word_1_10' title='bbox 1164 464 1543 519; x_wconf 70' lang='lat' dir='ltr'><strong>beatitudinem</strong></span> <span class='ocrx_word' id='word_1_11' title='bbox 1592 466 1778 533; x_wconf 80' lang='lat' dir='ltr'><strong>possit,</strong></span> <span class='ocrx_word' id='word_1_12' title='bbox 1824 484 1982 535; x_wconf 85' lang='lat' dir='ltr'><strong>quam</strong></span> <span class='ocrx_word' id='word_1_13' title='bbox 2016 482 2105 519; x_wconf 76' lang='grc' dir='ltr'><strong>ευ·</strong></span> <span class='ocrx_word' id='word_1_14' title='bbox 2132 486 2179 541; x_wconf 69' lang='grc' dir='ltr'>Α</span> <span class='ocrx_word' id='word_1_15' title='bbox 2212 468 2440 521; x_wconf 89' lang='lat' dir='ltr'><strong>credunt</strong></span> <span class='ocrx_word' id='word_1_16' title='bbox 2467 482 2586 522; x_wconf 85' lang='lat' dir='ltr'><strong>esse</strong></span> <span class='ocrx_word' id='word_1_17' title='bbox 2609 476 2909 521; x_wconf 85' lang='lat' dir='ltr'><strong>venturam.</strong></span> <span class='ocrx_word' id='word_1_18' title='bbox 2966 465 3165 521; x_wconf 80' lang='lat' dir='ltr'><strong>Bonum</strong></span> <span class='ocrx_word' id='word_1_19' title='bbox 3195 478 3277 522; x_wconf 83' lang='lat' dir='ltr'><strong>est</strong></span> <span class='ocrx_word' id='word_1_20' title='bbox 3308 469 3461 537; x_wconf 72' lang='lat' dir='ltr'><strong>igitur</strong></span> <span class='ocrx_word' id='word_1_21' title='bbox 3486 468 3625 539; x_wconf 89' lang='lat' dir='ltr'><strong>quod</strong></span> <span class='ocrx_word' id='word_1_22' title='bbox 3673 481 3777 523; x_wconf 77' lang='lat' dir='ltr'><strong>tam</strong></span> 
     </span>
    </p>
   </div>
   <div class='ocr_carea' id='block_1_5' title="bbox 522 557 2093 626">
    <p class='ocr_par' dir='ltr' id='par_1_5' title="bbox 522 557 2093 626">
     <span class='ocr_line' id='line_1_5' title="bbox 522 557 2093 626; baseline 0.001 -17"><span class='ocrx_word' id='word_1_23' title='bbox 522 557 708 624; x_wconf 88' lang='lat' dir='ltr'><strong>piosus</strong></span> <span class='ocrx_word' id='word_1_24' title='bbox 752 558 1011 611; x_wconf 88' lang='lat' dir='ltr'><strong>bonorum</strong></span> <span class='ocrx_word' id='word_1_25' title='bbox 1042 557 1279 610; x_wconf 88' lang='lat' dir='ltr'><strong>omnium</strong></span> <span class='ocrx_word' id='word_1_26' title='bbox 1336 566 1526 615; x_wconf 89' lang='lat' dir='ltr'><strong>status.</strong></span> <span class='ocrx_word' id='word_1_27' title='bbox 1578 572 1675 611; x_wconf 90' lang='lat' dir='ltr'><strong>nec</strong></span> <span class='ocrx_word' id='word_1_28' title='bbox 1724 558 1882 612; x_wconf 88' lang='lat' dir='ltr'><strong>alieni</strong></span> <span class='ocrx_word' id='word_1_29' title='bbox 1907 572 2093 626; x_wconf 85' lang='lat' dir='ltr'><strong>egens,</strong></span> 
     </span>
    </p>
   </div>
   <div class='ocr_carea' id='block_1_6' title="bbox 517 648 2095 721">
    <p class='ocr_par' dir='ltr' id='par_1_6' title="bbox 517 648 2095 721">
     <span class='ocr_line' id='line_1_6' title="bbox 517 648 2095 721; baseline 0.001 -18"><span class='ocrx_word' id='word_1_30' title='bbox 517 651 609 704; x_wconf 82' lang='lat' dir='ltr'><strong>sed</strong></span> <span class='ocrx_word' id='word_1_31' title='bbox 632 651 730 721; x_wconf 86' lang='lat' dir='ltr'><strong>sibi</strong></span> <span class='ocrx_word' id='word_1_32' title='bbox 760 652 873 715; x_wconf 85' lang='lat' dir='ltr'><strong>ipse</strong></span> <span class='ocrx_word' id='word_1_33' title='bbox 918 650 1213 706; x_wconf 85' lang='lat' dir='ltr'><strong>sufﬁciens.</strong></span> <span class='ocrx_word' id='word_1_34' title='bbox 1253 648 1389 703; x_wconf 84' lang='lat' dir='ltr'><strong>Num</strong></span> <span class='ocrx_word' id='word_1_35' title='bbox 1422 666 1547 703; x_wconf 89' lang='lat' dir='ltr'><strong>vero</strong></span> <span class='ocrx_word' id='word_1_36' title='bbox 1592 651 1842 705; x_wconf 87' lang='lat' dir='ltr'><strong>labuntur</strong></span> <span class='ocrx_word' id='word_1_37' title='bbox 1873 659 1899 686; x_wconf 71' lang='grc'><strong>⁸</strong></span> <span class='ocrx_word' id='word_1_38' title='bbox 1933 650 1985 703; x_wconf 91' lang='lat' dir='ltr'><strong>hi</strong></span> <span class='ocrx_word' id='word_1_39' title='bbox 2007 652 2095 719; x_wconf 90' lang='lat' dir='ltr'><strong>qui</strong></span> 
     </span>
    </p>
   </div>
   <div class='ocr_carea' id='block_1_7' title="bbox 520 741 2098 811">
    <p class='ocr_par' dir='ltr' id='par_1_7' title="bbox 520 741 2098 811">
     <span class='ocr_line' id='line_1_7' title="bbox 520 741 2098 811; baseline 0.002 -19"><span class='ocrx_word' id='word_1_40' title='bbox 520 741 661 809; x_wconf 87' lang='lat' dir='ltr'><strong>quod</strong></span> <span class='ocrx_word' id='word_1_41' title='bbox 690 742 761 793; x_wconf 85' lang='lat' dir='ltr'><strong>sit</strong></span> <span class='ocrx_word' id='word_1_42' title='bbox 786 742 1068 809; x_wconf 90' lang='lat' dir='ltr'><strong>optimum,</strong></span> <span class='ocrx_word' id='word_1_43' title='bbox 1104 741 1153 793; x_wconf 91' lang='lat' dir='ltr'><strong>id</strong></span> <span class='ocrx_word' id='word_1_44' title='bbox 1171 741 1333 794; x_wconf 73' lang='lat' dir='ltr'><strong>etiam</strong></span> <span class='ocrx_word' id='word_1_45' title='bbox 1361 743 1671 795; x_wconf 75' lang='lat' dir='ltr'><strong>reverentia:</strong></span> <span class='ocrx_word' id='word_1_46' title='bbox 1702 742 1816 811; x_wconf 73' lang='lat'><strong>(10)</strong></span> <span class='ocrx_word' id='word_1_47' title='bbox 1846 743 1991 795; x_wconf 90' lang='lat' dir='ltr'><strong>cultu</strong></span> <span class='ocrx_word' id='word_1_48' title='bbox 2016 742 2098 795; x_wconf 89' lang='lat' dir='ltr'><strong>di-</strong></span> 
     </span>
    </p>
   </div>
   <div class='ocr_carea' id='block_1_8' title="bbox 517 817 2095 902">
    <p class='ocr_par' dir='ltr' id='par_1_8' title="bbox 517 817 2095 902">
     <span class='ocr_line' id='line_1_8' title="bbox 517 817 2095 902; baseline -0.001 -15"><span class='ocrx_word' id='word_1_49' title='bbox 517 833 831 902; x_wconf 83' lang='lat' dir='ltr'><strong>gnissimum</strong></span> <span class='ocrx_word' id='word_1_50' title='bbox 868 833 1095 900; x_wconf 81' lang='lat' dir='ltr'><strong>putant?</strong></span> <span class='ocrx_word' id='word_1_51' title='bbox 1129 833 1369 887; x_wconf 89' lang='lat' dir='ltr'><strong>minime.</strong></span> <span class='ocrx_word' id='word_1_52' title='bbox 1412 833 1595 902; x_wconf 84' lang='lat' dir='ltr'><strong>Neque</strong></span> <span class='ocrx_word' id='word_1_53' title='bbox 1621 835 1761 888; x_wconf 90' lang='lat' dir='ltr'><strong>enim</strong></span> <span class='ocrx_word' id='word_1_54' title='bbox 1798 817 1918 886; x_wconf 55' lang='lat' dir='ltr'><strong>&#39;vile</strong></span> <span class='ocrx_word' id='word_1_55' title='bbox 1944 833 2095 902; x_wconf 86' lang='lat' dir='ltr'><strong>quid-</strong></span> 
     </span>
    </p>
   </div>
   <div class='ocr_carea' id='block_1_9' title="bbox 518 925 2095 995">
    <p class='ocr_par' dir='ltr' id='par_1_9' title="bbox 518 925 2095 995">
     <span class='ocr_line' id='line_1_9' title="bbox 518 925 2095 995; baseline 0 -18"><span class='ocrx_word' id='word_1_56' title='bbox 518 925 665 990; x_wconf 88' lang='lat' dir='ltr'><strong>dam,</strong></span> <span class='ocrx_word' id='word_1_57' title='bbox 695 925 1256 993; x_wconf 88' lang='lat' dir='ltr'><strong>contemnendumque</strong></span> <span class='ocrx_word' id='word_1_58' title='bbox 1286 934 1388 987; x_wconf 85' lang='lat' dir='ltr'><strong>est,</strong></span> <span class='ocrx_word' id='word_1_59' title='bbox 1424 925 1563 995; x_wconf 92' lang='lat' dir='ltr'><strong>quod</strong></span> <span class='ocrx_word' id='word_1_60' title='bbox 1595 925 1814 994; x_wconf 83' lang='lat' dir='ltr'><strong>adipisci</strong></span> <span class='ocrx_word' id='word_1_61' title='bbox 1857 927 2095 979; x_wconf 92' lang='lat' dir='ltr'><strong>omnium</strong></span> 
     </span>
    </p>
   </div>
   <div class='ocr_carea' id='block_1_10' title="bbox 519 1015 2099 1070">
    <p class='ocr_par' dir='ltr' id='par_1_10' title="bbox 519 1015 2099 1070">
     <span class='ocr_line' id='line_1_10' title="bbox 519 1015 2099 1070; baseline 0.002 -3"><span class='ocrx_word' id='word_1_62' title='bbox 519 1015 633 1070; x_wconf 84' lang='lat' dir='ltr'><strong>fere</strong></span> <span class='ocrx_word' id='word_1_63' title='bbox 663 1016 968 1069; x_wconf 80' lang='lat' dir='ltr'><strong>mortalium</strong></span> <span class='ocrx_word' id='word_1_64' title='bbox 1001 1016 1209 1069; x_wconf 79' lang='lat' dir='ltr'><strong>laborat</strong></span> <span class='ocrx_word' id='word_1_65' title='bbox 1236 1017 1480 1070; x_wconf 82' lang='lat' dir='ltr'><strong>intentio.</strong></span> <span class='ocrx_word' id='word_1_66' title='bbox 1512 1018 1591 1070; x_wconf 87' lang='lat' dir='ltr'><strong>An</strong></span> <span class='ocrx_word' id='word_1_67' title='bbox 1630 1017 1680 1069; x_wconf 92' lang='lat' dir='ltr'><strong>in</strong></span> <span class='ocrx_word' id='word_1_68' title='bbox 1706 1016 1858 1070; x_wconf 87' lang='lat' dir='ltr'><strong>bonis</strong></span> <span class='ocrx_word' id='word_1_69' title='bbox 1884 1030 1988 1070; x_wconf 91' lang='lat' dir='ltr'><strong>non</strong></span> <span class='ocrx_word' id='word_1_70' title='bbox 2016 1026 2099 1070; x_wconf 87' lang='lat' dir='ltr'><strong>est</strong></span> 
     </span>
    </p>
   </div>
   <div class='ocr_carea' id='block_1_11' title="bbox 526 1107 2098 1178">
    <p class='ocr_par' dir='ltr' id='par_1_11' title="bbox 526 1107 2098 1178">
     <span class='ocr_line' id='line_1_11' title="bbox 526 1107 2098 1178; baseline 0.003 -19"><span class='ocrx_word' id='word_1_71' title='bbox 526 1107 852 1160; x_wconf 86' lang='lat' dir='ltr'><strong>numeranda</strong></span> <span class='ocrx_word' id='word_1_72' title='bbox 870 1109 1115 1176; x_wconf 82' lang='lat' dir='ltr'><strong>potentia</strong></span> <span class='ocrx_word' id='word_1_73' title='bbox 1140 1107 1163 1159; x_wconf 89' lang='lat'><strong>?</strong></span> <span class='ocrx_word' id='word_1_74' title='bbox 1190 1109 1325 1175; x_wconf 81' lang='lat' dir='ltr'><strong>Quid</strong></span> <span class='ocrx_word' id='word_1_75' title='bbox 1353 1108 1555 1178; x_wconf 81' lang='lat' dir='ltr'><strong>igitur?</strong></span> <span class='ocrx_word' id='word_1_76' title='bbox 1590 1108 1725 1163; x_wconf 77' lang='lat' dir='ltr'><strong>Num</strong></span> <span class='ocrx_word' id='word_1_77' title='bbox 1770 1109 2098 1163; x_wconf 89' lang='lat' dir='ltr'><strong>imbecillum</strong></span> 
     </span>
    </p>
   </div>
   <div class='ocr_carea' id='block_1_12' title="bbox 522 1196 2097 1267">
    <p class='ocr_par' dir='ltr' id='par_1_12' title="bbox 522 1196 2097 1267">
     <span class='ocr_line' id='line_1_12' title="bbox 522 1196 2097 1267; baseline 0.003 -19"><span class='ocrx_word' id='word_1_78' title='bbox 522 1210 585 1249; x_wconf 88' lang='lat' dir='ltr'><strong>ac</strong></span> <span class='ocrx_word' id='word_1_79' title='bbox 614 1197 729 1250; x_wconf 88' lang='lat' dir='ltr'><strong>sine</strong></span> <span class='ocrx_word' id='word_1_80' title='bbox 759 1196 966 1251; x_wconf 87' lang='lat' dir='ltr'><strong>viribus</strong></span> <span class='ocrx_word' id='word_1_81' title='bbox 1003 1196 1375 1251; x_wconf 63' lang='lat' dir='ltr'><strong>aestimandum</strong></span> <span class='ocrx_word' id='word_1_82' title='bbox 1404 1207 1506 1261; x_wconf 88' lang='lat' dir='ltr'><strong>est,</strong></span> <span class='ocrx_word' id='word_1_83' title='bbox 1550 1198 1688 1267; x_wconf 90' lang='lat' dir='ltr'><strong>quod</strong></span> <span class='ocrx_word' id='word_1_84' title='bbox 1734 1197 1981 1251; x_wconf 88' lang='lat' dir='ltr'><strong>omnibus</strong></span> <span class='ocrx_word' id='word_1_85' title='bbox 2010 1214 2097 1252; x_wconf 86' lang='lat' dir='ltr'><strong>re-</strong></span> 
     </span>
    </p>
   </div>
   <div class='ocr_carea' id='block_1_13' title="bbox 522 1289 2098 1359">
    <p class='ocr_par' dir='ltr' id='par_1_13' title="bbox 522 1289 2098 1359">
     <span class='ocr_line' id='line_1_13' title="bbox 522 1289 2098 1359; baseline 0.001 -17"><span class='ocrx_word' id='word_1_86' title='bbox 522 1289 621 1342; x_wconf 88' lang='lat' dir='ltr'><strong>bus</strong></span> <span class='ocrx_word' id='word_1_87' title='bbox 661 1298 873 1343; x_wconf 84' lang='lat' dir='ltr'><strong>constat</strong></span> <span class='ocrx_word' id='word_1_88' title='bbox 922 1304 1041 1344; x_wconf 60' lang='lat' dir='ltr'><strong>esse.</strong></span> <span class='ocrx_word' id='word_1_89' title='bbox 1086 1291 1472 1359; x_wconf 66' lang='lat' dir='ltr'><strong>praastantins?</strong></span> <span class='ocrx_word' id='word_1_90' title='bbox 1524 1296 1602 1344; x_wconf 86' lang='lat' dir='ltr'><strong>An</strong></span> <span class='ocrx_word' id='word_1_91' title='bbox 1651 1291 1915 1344; x_wconf 77' lang='lat' dir='ltr'><strong>claritudo</strong></span> <span class='ocrx_word' id='word_1_92' title='bbox 1954 1292 2098 1345; x_wconf 90' lang='lat' dir='ltr'><strong>nihili</strong></span> 
     </span>
    </p>
   </div>
   <div class='ocr_carea' id='block_1_14' title="bbox 525 1377 2098 1450">
    <p class='ocr_par' dir='ltr' id='par_1_14' title="bbox 525 1377 2098 1450">
     <span class='ocr_line' id='line_1_14' title="bbox 525 1377 2098 1450; baseline 0 -18"><span class='ocrx_word' id='word_1_93' title='bbox 525 1377 800 1445; x_wconf 88' lang='lat' dir='ltr'><strong>pendenda</strong></span> <span class='ocrx_word' id='word_1_94' title='bbox 830 1389 913 1432; x_wconf 88' lang='lat' dir='ltr'><strong>est</strong></span> <span class='ocrx_word' id='word_1_95' title='bbox 943 1379 966 1430; x_wconf 89' lang='lat'><strong>?</strong></span> <span class='ocrx_word' id='word_1_96' title='bbox 1002 1379 1106 1433; x_wconf 87' lang='lat' dir='ltr'><strong>Sed</strong></span> <span class='ocrx_word' id='word_1_97' title='bbox 1132 1378 1156 1417; x_wconf 73' lang='grc' dir='ltr'>δ</span> <span class='ocrx_word' id='word_1_98' title='bbox 1198 1379 1313 1449; x_wconf 75' lang='grc'><strong>(15)</strong></span> <span class='ocrx_word' id='word_1_99' title='bbox 1356 1380 1681 1448; x_wconf 80' lang='lat' dir='ltr'><strong>sequestrari</strong></span> <span class='ocrx_word' id='word_1_100' title='bbox 1714 1380 1898 1450; x_wconf 85' lang='lat' dir='ltr'><strong>nequit</strong></span> <span class='ocrx_word' id='word_1_101' title='bbox 1922 1421 1937 1441; x_wconf 88' lang='lat'><strong>,</strong></span> <span class='ocrx_word' id='word_1_102' title='bbox 1970 1381 2098 1448; x_wconf 92' lang='lat' dir='ltr'><strong>quin</strong></span> 
     </span>
    </p>
   </div>
   <div class='ocr_carea' id='block_1_15' title="bbox 526 1470 2102 1539">
    <p class='ocr_par' dir='ltr' id='par_1_15' title="bbox 526 1470 2102 1539">
     <span class='ocr_line' id='line_1_15' title="bbox 526 1470 2102 1539; baseline 0.004 -18"><span class='ocrx_word' id='word_1_103' title='bbox 526 1485 687 1524; x_wconf 88' lang='lat' dir='ltr'><strong>omne</strong></span> <span class='ocrx_word' id='word_1_104' title='bbox 713 1470 853 1539; x_wconf 88' lang='lat' dir='ltr'><strong>quod</strong></span> <span class='ocrx_word' id='word_1_105' title='bbox 904 1471 1420 1525; x_wconf 82' lang='lat' dir='ltr'><strong>excellentissimum</strong></span> <span class='ocrx_word' id='word_1_106' title='bbox 1450 1472 1540 1537; x_wconf 91' lang='lat' dir='ltr'><strong>sit,</strong></span> <span class='ocrx_word' id='word_1_107' title='bbox 1569 1472 1619 1525; x_wconf 90' lang='lat' dir='ltr'><strong>id</strong></span> <span class='ocrx_word' id='word_1_108' title='bbox 1667 1474 1826 1527; x_wconf 88' lang='lat' dir='ltr'><strong>etiam</strong></span> <span class='ocrx_word' id='word_1_109' title='bbox 1860 1475 2102 1528; x_wconf 87' lang='lat' dir='ltr'><strong>videatur</strong></span> 
     </span>
    </p>
   </div>
   <div class='ocr_carea' id='block_1_16' title="bbox 525 1560 2103 1632">
    <p class='ocr_par' dir='ltr' id='par_1_16' title="bbox 525 1560 2103 1632">
     <span class='ocr_line' id='line_1_16' title="bbox 525 1560 2103 1632; baseline 0.003 -19"><span class='ocrx_word' id='word_1_110' title='bbox 525 1574 646 1614; x_wconf 88' lang='lat' dir='ltr'><strong>esse</strong></span> <span class='ocrx_word' id='word_1_111' title='bbox 672 1561 1051 1619; x_wconf 84' lang='lat' dir='ltr'><strong>clarissimum.</strong></span> <span class='ocrx_word' id='word_1_112' title='bbox 1084 1560 1214 1615; x_wconf 84' lang='lat' dir='ltr'><strong>Nam</strong></span> <span class='ocrx_word' id='word_1_113' title='bbox 1248 1578 1351 1615; x_wconf 92' lang='lat' dir='ltr'><strong>non</strong></span> <span class='ocrx_word' id='word_1_114' title='bbox 1376 1577 1496 1615; x_wconf 90' lang='lat' dir='ltr'><strong>esse</strong></span> <span class='ocrx_word' id='word_1_115' title='bbox 1543 1564 1755 1616; x_wconf 81' lang='lat' dir='ltr'><strong>anxiam</strong></span> <span class='ocrx_word' id='word_1_116' title='bbox 1789 1561 2103 1632; x_wconf 88' lang='lat' dir='ltr'><strong>tristemque</strong></span> 
     </span>
    </p>
   </div>
   <div class='ocr_carea' id='block_1_17' title="bbox 530 1652 2100 1722">
    <p class='ocr_par' dir='ltr' id='par_1_17' title="bbox 530 1652 2100 1722">
     <span class='ocr_line' id='line_1_17' title="bbox 530 1652 2100 1722; baseline 0.003 -18"><span class='ocrx_word' id='word_1_117' title='bbox 530 1652 947 1715; x_wconf 83' lang='lat' dir='ltr'><strong>beatitudinem,</strong></span> <span class='ocrx_word' id='word_1_118' title='bbox 980 1666 1078 1706; x_wconf 88' lang='lat' dir='ltr'><strong>nec</strong></span> <span class='ocrx_word' id='word_1_119' title='bbox 1111 1652 1388 1708; x_wconf 88' lang='lat' dir='ltr'><strong>doloribus</strong></span> <span class='ocrx_word' id='word_1_120' title='bbox 1420 1654 1785 1721; x_wconf 88' lang='lat' dir='ltr'><strong>molestiisque</strong></span> <span class='ocrx_word' id='word_1_121' title='bbox 1806 1655 2100 1722; x_wconf 78' lang='lat' dir='ltr'><strong>subjectum</strong></span> 
     </span>
    </p>
   </div>
   <div class='ocr_carea' id='block_1_18' title="bbox 528 1742 2101 1814">
    <p class='ocr_par' dir='ltr' id='par_1_18' title="bbox 528 1742 2101 1814">
     <span class='ocr_line' id='line_1_18' title="bbox 528 1742 2101 1814; baseline 0.003 -19"><span class='ocrx_word' id='word_1_122' title='bbox 528 1742 654 1809; x_wconf 89' lang='lat' dir='ltr'><strong>quid</strong></span> <span class='ocrx_word' id='word_1_123' title='bbox 685 1743 879 1796; x_wconf 88' lang='lat' dir='ltr'><strong>attinet</strong></span> <span class='ocrx_word' id='word_1_124' title='bbox 917 1742 1119 1805; x_wconf 88' lang='lat' dir='ltr'><strong>dicere,</strong></span> <span class='ocrx_word' id='word_1_125' title='bbox 1170 1744 1382 1813; x_wconf 87' lang='lat' dir='ltr'><strong>quando</strong></span> <span class='ocrx_word' id='word_1_126' title='bbox 1415 1746 1465 1798; x_wconf 93' lang='lat' dir='ltr'><strong>in</strong></span> <span class='ocrx_word' id='word_1_127' title='bbox 1500 1745 1733 1799; x_wconf 87' lang='lat' dir='ltr'><strong>minimis</strong></span> <span class='ocrx_word' id='word_1_128' title='bbox 1778 1760 1986 1814; x_wconf 88' lang='lat' dir='ltr'><strong>quoque</strong></span> <span class='ocrx_word' id='word_1_129' title='bbox 2020 1761 2101 1800; x_wconf 89' lang='lat' dir='ltr'><strong>rc-</strong></span> 
     </span>
    </p>
   </div>
   <div class='ocr_carea' id='block_1_19' title="bbox 530 1833 2183 1915">
    <p class='ocr_par' dir='ltr' id='par_1_19' title="bbox 530 1833 2183 1915">
     <span class='ocr_line' id='line_1_19' title="bbox 530 1833 2183 1915; baseline 0.001 -29"><span class='ocrx_word' id='word_1_130' title='bbox 530 1835 628 1887; x_wconf 90' lang='lat' dir='ltr'><strong>hus</strong></span> <span class='ocrx_word' id='word_1_131' title='bbox 656 1834 705 1886; x_wconf 93' lang='lat' dir='ltr'><strong>id</strong></span> <span class='ocrx_word' id='word_1_132' title='bbox 732 1833 1019 1902; x_wconf 78' lang='lat' dir='ltr'><strong>appetitur,</strong></span> <span class='ocrx_word' id='word_1_133' title='bbox 1038 1834 1176 1900; x_wconf 90' lang='lat' dir='ltr'><strong>quod</strong></span> <span class='ocrx_word' id='word_1_134' title='bbox 1200 1834 1397 1889; x_wconf 83' lang='lat' dir='ltr'><strong>habere</strong></span> <span class='ocrx_word' id='word_1_135' title='bbox 1420 1834 1625 1903; x_wconf 80' lang='lat' dir='ltr'><strong>fruique</strong></span> <span class='ocrx_word' id='word_1_136' title='bbox 1648 1835 1922 1890; x_wconf 81' lang='lat' dir='ltr'><strong>delectet?</strong></span> <span class='ocrx_word' id='word_1_137' title='bbox 1950 1838 2105 1906; x_wconf 76' lang='lat'><strong>180</strong></span> <span class='ocrx_word' id='word_1_138' title='bbox 2138 1855 2183 1915; x_wconf 72' lang='grc' dir='ltr'><strong>Β</strong></span> 
     </span>
    </p>
   </div>
   <div class='ocr_carea' id='block_1_20' title="bbox 529 1922 2102 1995">
    <p class='ocr_par' dir='ltr' id='par_1_20' title="bbox 529 1922 2102 1995">
     <span class='ocr_line' id='line_1_20' title="bbox 529 1922 2102 1995; baseline 0.003 -20"><span class='ocrx_word' id='word_1_139' title='bbox 529 1923 686 1991; x_wconf 78' lang='grc' dir='ltr'><strong>Λιᾳυί</strong></span> <span class='ocrx_word' id='word_1_140' title='bbox 719 1922 831 1977; x_wconf 75' lang='lat' dir='ltr'><strong>ha-c</strong></span> <span class='ocrx_word' id='word_1_141' title='bbox 860 1932 1008 1988; x_wconf 90' lang='lat' dir='ltr'><strong>sunt,</strong></span> <span class='ocrx_word' id='word_1_142' title='bbox 1036 1939 1155 1993; x_wconf 73' lang='lat' dir='ltr'><strong>qua:</strong></span> <span class='ocrx_word' id='word_1_143' title='bbox 1178 1923 1399 1993; x_wconf 86' lang='lat' dir='ltr'><strong>adipisci</strong></span> <span class='ocrx_word' id='word_1_144' title='bbox 1429 1925 1674 1979; x_wconf 90' lang='lat' dir='ltr'><strong>homines</strong></span> <span class='ocrx_word' id='word_1_145' title='bbox 1695 1927 1907 1989; x_wconf 89' lang='lat' dir='ltr'><strong>volunt,</strong></span> <span class='ocrx_word' id='word_1_146' title='bbox 1929 1941 2102 1995; x_wconf 88' lang='lat' dir='ltr'><strong>eaque</strong></span> 
     </span>
    </p>
   </div>
   <div class='ocr_carea' id='block_1_21' title="bbox 530 2013 2106 2086">
    <p class='ocr_par' dir='ltr' id='par_1_21' title="bbox 530 2013 2106 2086">
     <span class='ocr_line' id='line_1_21' title="bbox 530 2013 2106 2086; baseline 0.002 -19"><span class='ocrx_word' id='word_1_147' title='bbox 530 2013 596 2067; x_wconf 86' lang='lat' dir='ltr'><strong>de</strong></span> <span class='ocrx_word' id='word_1_148' title='bbox 617 2029 775 2068; x_wconf 86' lang='lat' dir='ltr'><strong>causa</strong></span> <span class='ocrx_word' id='word_1_149' title='bbox 796 2015 1032 2078; x_wconf 80' lang='lat' dir='ltr'><strong>divitias,</strong></span> <span class='ocrx_word' id='word_1_150' title='bbox 1058 2016 1362 2084; x_wconf 86' lang='lat' dir='ltr'><strong>dignitates,</strong></span> <span class='ocrx_word' id='word_1_151' title='bbox 1395 2032 1579 2082; x_wconf 78' lang='lat' dir='ltr'><strong>regna,</strong></span> <span class='ocrx_word' id='word_1_152' title='bbox 1618 2018 1849 2083; x_wconf 75' lang='lat' dir='ltr'><strong>gloriam</strong></span> <span class='ocrx_word' id='word_1_153' title='bbox 1872 2019 2106 2086; x_wconf 89' lang='lat' dir='ltr'><strong>volupta-</strong></span> 
     </span>
    </p>
   </div>
   <div class='ocr_carea' id='block_1_22' title="bbox 533 2107 2106 2175">
    <p class='ocr_par' dir='ltr' id='par_1_22' title="bbox 533 2107 2106 2175">
     <span class='ocr_line' id='line_1_22' title="bbox 533 2107 2106 2175; baseline 0.003 -18"><span class='ocrx_word' id='word_1_154' title='bbox 533 2115 723 2172; x_wconf 83' lang='lat' dir='ltr'><strong>tesque</strong></span> <span class='ocrx_word' id='word_1_155' title='bbox 762 2107 1084 2172; x_wconf 81' lang='lat' dir='ltr'><strong>desiderant,</strong></span> <span class='ocrx_word' id='word_1_156' title='bbox 1116 2108 1258 2174; x_wconf 88' lang='lat' dir='ltr'><strong>quod</strong></span> <span class='ocrx_word' id='word_1_157' title='bbox 1290 2123 1383 2175; x_wconf 78' lang='lat' dir='ltr'><strong>per</strong></span> <span class='ocrx_word' id='word_1_158' title='bbox 1416 2107 1529 2160; x_wconf 74' lang='grc' dir='ltr'>Ιιινο</span> <span class='ocrx_word' id='word_1_159' title='bbox 1568 2109 1666 2162; x_wconf 92' lang='lat' dir='ltr'><strong>sibi</strong></span> <span class='ocrx_word' id='word_1_160' title='bbox 1708 2109 2106 2172; x_wconf 85' lang='lat' dir='ltr'><strong>sufficientiam,</strong></span> 
     </span>
    </p>
   </div>
   <div class='ocr_carea' id='block_1_23' title="bbox 533 2196 2110 2269">
    <p class='ocr_par' dir='ltr' id='par_1_23' title="bbox 533 2196 2110 2269">
     <span class='ocr_line' id='line_1_23' title="bbox 533 2196 2110 2269; baseline 0.001 -16"><span class='ocrx_word' id='word_1_161' title='bbox 533 2196 911 2262; x_wconf 68' lang='lat' dir='ltr'><strong>reverentiam,</strong></span> <span class='ocrx_word' id='word_1_162' title='bbox 961 2199 1288 2267; x_wconf 83' lang='lat' dir='ltr'><strong>potentiam,</strong></span> <span class='ocrx_word' id='word_1_163' title='bbox 1324 2199 1724 2263; x_wconf 78' lang='lat' dir='ltr'><strong>celebritatem,</strong></span> <span class='ocrx_word' id='word_1_164' title='bbox 1767 2200 2110 2269; x_wconf 76' lang='lat' dir='ltr'><strong>laetitiamque</strong></span> 
     </span>
    </p>
   </div>
   <div class='ocr_carea' id='block_1_24' title="bbox 2201 554 3777 630">
    <p class='ocr_par' dir='ltr' id='par_1_24' title="bbox 2201 554 3777 630">
     <span class='ocr_line' id='line_1_24' title="bbox 2201 554 3777 630; baseline 0.003 -20"><span class='ocrx_word' id='word_1_165' title='bbox 2201 557 2427 611; x_wconf 85' lang='lat' dir='ltr'><strong>diversis</strong></span> <span class='ocrx_word' id='word_1_166' title='bbox 2451 554 2530 627; x_wconf 82' lang='lat'><strong>(5)</strong></span> <span class='ocrx_word' id='word_1_167' title='bbox 2558 569 2579 596; x_wconf 69' lang='grc' dir='ltr'><strong>ε</strong></span> <span class='ocrx_word' id='word_1_168' title='bbox 2615 559 2806 612; x_wconf 86' lang='lat' dir='ltr'><strong>studiis</strong></span> <span class='ocrx_word' id='word_1_169' title='bbox 2839 559 3082 613; x_wconf 82' lang='lat' dir='ltr'><strong>homines</strong></span> <span class='ocrx_word' id='word_1_170' title='bbox 3110 571 3294 628; x_wconf 89' lang='lat' dir='ltr'><strong>petunt</strong></span> <span class='ocrx_word' id='word_1_171' title='bbox 3325 579 3336 613; x_wconf 90' lang='lat'><strong>:</strong></span> <span class='ocrx_word' id='word_1_172' title='bbox 3370 562 3420 614; x_wconf 93' lang='lat' dir='ltr'><strong>in</strong></span> <span class='ocrx_word' id='word_1_173' title='bbox 3451 577 3554 630; x_wconf 90' lang='lat' dir='ltr'><strong>quo</strong></span> <span class='ocrx_word' id='word_1_174' title='bbox 3583 573 3777 628; x_wconf 82' lang='lat' dir='ltr'><strong>quanta</strong></span> 
     </span>
    </p>
   </div>
   <div class='ocr_carea' id='block_1_25' title="bbox 2203 644 3779 715">
    <p class='ocr_par' dir='ltr' id='par_1_25' title="bbox 2203 644 3779 715">
     <span class='ocr_line' id='line_1_25' title="bbox 2203 644 3779 715; baseline 0.002 -13"><span class='ocrx_word' id='word_1_175' title='bbox 2203 644 2272 703; x_wconf 89' lang='lat' dir='ltr'><strong>sit</strong></span> <span class='ocrx_word' id='word_1_176' title='bbox 2299 650 2315 680; x_wconf 75' lang='grc'><strong>⁸</strong></span> <span class='ocrx_word' id='word_1_177' title='bbox 2349 659 2552 702; x_wconf 79' lang='lat' dir='ltr'><strong>natura:</strong></span> <span class='ocrx_word' id='word_1_178' title='bbox 2615 649 2731 713; x_wconf 88' lang='lat' dir='ltr'><strong>vis,</strong></span> <span class='ocrx_word' id='word_1_179' title='bbox 2770 650 2789 680; x_wconf 80' lang='lat'>&#39;</span> <span class='ocrx_word' id='word_1_180' title='bbox 2837 648 2993 703; x_wconf 82' lang='lat' dir='ltr'><strong>facile</strong></span> <span class='ocrx_word' id='word_1_181' title='bbox 3043 661 3363 704; x_wconf 88' lang='lat' dir='ltr'><strong>monstratur</strong></span> <span class='ocrx_word' id='word_1_182' title='bbox 3389 691 3406 715; x_wconf 87' lang='lat'><strong>,</strong></span> <span class='ocrx_word' id='word_1_183' title='bbox 3459 666 3580 705; x_wconf 84' lang='lat' dir='ltr'><strong>cum</strong></span> <span class='ocrx_word' id='word_1_184' title='bbox 3611 652 3631 681; x_wconf 91' lang='grc'><strong><em>³</em></strong></span> <span class='ocrx_word' id='word_1_185' title='bbox 3660 652 3779 705; x_wconf 89' lang='lat' dir='ltr'><strong>licet</strong></span> 
     </span>
    </p>
   </div>
   <div class='ocr_carea' id='block_1_26' title="bbox 2200 737 3778 810">
    <p class='ocr_par' dir='ltr' id='par_1_26' title="bbox 2200 737 3778 810">
     <span class='ocr_line' id='line_1_26' title="bbox 2200 737 3778 810; baseline 0.002 -20"><span class='ocrx_word' id='word_1_186' title='bbox 2200 737 2363 791; x_wconf 70' lang='lat' dir='ltr'><strong>varia:</strong></span> <span class='ocrx_word' id='word_1_187' title='bbox 2391 738 2817 807; x_wconf 87' lang='lat' dir='ltr'><strong>dissidentesque</strong></span> <span class='ocrx_word' id='word_1_188' title='bbox 2844 739 3149 805; x_wconf 65' lang='lat' dir='ltr'><strong>sententiae,</strong></span> <span class='ocrx_word' id='word_1_189' title='bbox 3180 748 3358 794; x_wconf 86' lang='lat' dir='ltr'><strong>tamen</strong></span> <span class='ocrx_word' id='word_1_190' title='bbox 3399 740 3420 770; x_wconf 72' lang='grc'><strong>⁸</strong></span> <span class='ocrx_word' id='word_1_191' title='bbox 3463 742 3514 794; x_wconf 93' lang='lat' dir='ltr'><strong>in</strong></span> <span class='ocrx_word' id='word_1_192' title='bbox 3543 741 3778 810; x_wconf 80' lang='lat' dir='ltr'><strong>deligen-</strong></span> 
     </span>
    </p>
   </div>
   <div class='ocr_carea' id='block_1_27' title="bbox 2200 825 3003 883">
    <p class='ocr_par' dir='ltr' id='par_1_27' title="bbox 2200 825 3003 883">
     <span class='ocr_line' id='line_1_27' title="bbox 2200 825 3003 883; baseline 0.001 -3"><span class='ocrx_word' id='word_1_193' title='bbox 2200 828 2270 880; x_wconf 91' lang='lat' dir='ltr'><strong>do</strong></span> <span class='ocrx_word' id='word_1_194' title='bbox 2298 825 2324 864; x_wconf 74' lang='grc' dir='ltr'>ει</span> <span class='ocrx_word' id='word_1_195' title='bbox 2354 828 2479 883; x_wconf 83' lang='grc' dir='ltr'><strong>1)οηί</strong></span> <span class='ocrx_word' id='word_1_196' title='bbox 2514 830 2622 883; x_wconf 87' lang='lat' dir='ltr'><strong>line</strong></span> <span class='ocrx_word' id='word_1_197' title='bbox 2642 829 3003 882; x_wconf 87' lang='lat' dir='ltr'><strong>consentiunt.</strong></span> 
     </span>
    </p>
   </div>
   <div class='ocr_carea' id='block_1_28' title="bbox 2673 942 3293 1013">
    <p class='ocr_par' dir='ltr' id='par_1_28' title="bbox 2673 942 3293 1013">
     <span class='ocr_line' id='line_1_28' title="bbox 2673 942 3293 1013; baseline 0.002 -16"><span class='ocrx_word' id='word_1_198' title='bbox 2673 943 2827 1013; x_wconf 75' lang='lat'><strong>131</strong></span> <span class='ocrx_word' id='word_1_199' title='bbox 2859 942 3198 999; x_wconf 72' lang='lat' dir='ltr'><strong>METRUM.‘</strong></span> <span class='ocrx_word' id='word_1_200' title='bbox 3229 942 3293 998; x_wconf 85' lang='grc' dir='ltr'>ιι.</span> 
     </span>
    </p>
   </div>
   <div class='ocr_carea' id='block_1_29' title="bbox 2202 1065 3772 1137">
    <p class='ocr_par' dir='ltr' id='par_1_29' title="bbox 2202 1065 3772 1137">
     <span class='ocr_line' id='line_1_29' title="bbox 2202 1065 3772 1137; baseline 0.003 -20"><span class='ocrx_word' id='word_1_201' title='bbox 2202 1065 2593 1119; x_wconf 68' lang='lat' dir='ltr'><strong>Anct&#39;uesruu.</strong></span> <span class='ocrx_word' id='word_1_202' title='bbox 2625 1096 2695 1105; x_wconf 82' lang='lat'><strong>——</strong></span> <span class='ocrx_word' id='word_1_203' title='bbox 2728 1066 2968 1131; x_wconf 82' lang='lat' dir='ltr'><strong>Quamvis</strong></span> <span class='ocrx_word' id='word_1_204' title='bbox 2997 1069 3283 1121; x_wconf 79' lang='lat' dir='ltr'><strong>naturalem</strong></span> <span class='ocrx_word' id='word_1_205' title='bbox 3313 1069 3548 1137; x_wconf 76' lang='lat' dir='ltr'><strong>leonum,</strong></span> <span class='ocrx_word' id='word_1_206' title='bbox 3576 1069 3772 1132; x_wconf 76' lang='lat' dir='ltr'><strong>avium,</strong></span> 
     </span>
    </p>
   </div>
   <div class='ocr_carea' id='block_1_30' title="bbox 2275 1137 3776 1206">
    <p class='ocr_par' dir='ltr' id='par_1_30' title="bbox 2275 1137 3776 1206">
     <span class='ocr_line' id='line_1_30' title="bbox 2275 1137 3776 1206; baseline 0.003 -20"><span class='ocrx_word' id='word_1_207' title='bbox 2275 1137 2669 1206; x_wconf 83' lang='lat' dir='ltr'><strong>plantarumque</strong></span> <span class='ocrx_word' id='word_1_208' title='bbox 2688 1137 2909 1189; x_wconf 83' lang='lat' dir='ltr'><strong>indolem</strong></span> <span class='ocrx_word' id='word_1_209' title='bbox 2945 1138 3191 1206; x_wconf 73' lang='lat' dir='ltr'><strong>erpellas,</strong></span> <span class='ocrx_word' id='word_1_210' title='bbox 3219 1141 3354 1201; x_wconf 76' lang='lat' dir='ltr'><strong>Itwc,</strong></span> <span class='ocrx_word' id='word_1_211' title='bbox 3390 1139 3548 1190; x_wconf 86' lang='lat' dir='ltr'><strong>instar</strong></span> <span class='ocrx_word' id='word_1_212' title='bbox 3568 1141 3689 1191; x_wconf 88' lang='lat' dir='ltr'><strong>solis</strong></span> <span class='ocrx_word' id='word_1_213' title='bbox 3712 1141 3776 1190; x_wconf 81' lang='lat' dir='ltr'><strong>ab</strong></span> 
     </span>
    </p>
   </div>
   <div class='ocr_carea' id='block_1_31' title="bbox 2272 1205 3777 1285">
    <p class='ocr_par' dir='ltr' id='par_1_31' title="bbox 2272 1205 3777 1285">
     <span class='ocr_line' id='line_1_31' title="bbox 2272 1205 3777 1285; baseline 0.003 -29"><span class='ocrx_word' id='word_1_214' title='bbox 2272 1220 2455 1285; x_wconf 76' lang='lat' dir='ltr'><strong>occasu</strong></span> <span class='ocrx_word' id='word_1_215' title='bbox 2475 1205 2542 1256; x_wconf 86' lang='lat' dir='ltr'><strong>ad</strong></span> <span class='ocrx_word' id='word_1_216' title='bbox 2565 1217 2732 1258; x_wconf 87' lang='lat' dir='ltr'><strong>ortum</strong></span> <span class='ocrx_word' id='word_1_217' title='bbox 2752 1205 3044 1270; x_wconf 80' lang='lat' dir='ltr'><strong>remeantis,</strong></span> <span class='ocrx_word' id='word_1_218' title='bbox 3070 1210 3318 1273; x_wconf 85' lang='lat' dir='ltr'><strong>recurrit,</strong></span> <span class='ocrx_word' id='word_1_219' title='bbox 3348 1209 3501 1276; x_wconf 79' lang='lat' dir='ltr'><strong>ﬁnem</strong></span> <span class='ocrx_word' id='word_1_220' title='bbox 3525 1210 3777 1279; x_wconf 85' lang='lat' dir='ltr'><strong>principio</strong></span> 
     </span>
    </p>
   </div>
   <div class='ocr_carea' id='block_1_32' title="bbox 2263 1283 2532 1341">
    <p class='ocr_par' dir='ltr' id='par_1_32' title="bbox 2263 1283 2532 1341">
     <span class='ocr_line' id='line_1_32' title="bbox 2263 1283 2532 1341; baseline 0.011 -15"><span class='ocrx_word' id='word_1_221' title='bbox 2263 1283 2532 1341; x_wconf 79' lang='lat' dir='ltr'><strong>junctum.</strong></span> 
     </span>
    </p>
   </div>
   <div class='ocr_carea' id='block_1_33' title="bbox 2344 1377 3272 1443">
    <p class='ocr_par' dir='ltr' id='par_1_33' title="bbox 2344 1377 3272 1443">
     <span class='ocr_line' id='line_1_33' title="bbox 2344 1377 3272 1443; baseline 0 -15"><span class='ocrx_word' id='word_1_222' title='bbox 2344 1377 2583 1443; x_wconf 88' lang='lat' dir='ltr'><strong>Quantas</strong></span> <span class='ocrx_word' id='word_1_223' title='bbox 2616 1393 2795 1430; x_wconf 89' lang='lat' dir='ltr'><strong>rerum</strong></span> <span class='ocrx_word' id='word_1_224' title='bbox 2826 1377 3005 1431; x_wconf 82' lang='lat' dir='ltr'><strong>flectat</strong></span> <span class='ocrx_word' id='word_1_225' title='bbox 3037 1378 3272 1432; x_wconf 75' lang='lat' dir='ltr'><strong>habenas</strong></span> 
     </span>
    </p>
   </div>
   <div class='ocr_carea' id='block_1_34' title="bbox 2345 1467 3356 1537">
    <p class='ocr_par' dir='ltr' id='par_1_34' title="bbox 2345 1467 3356 1537">
     <span class='ocr_line' id='line_1_34' title="bbox 2345 1467 3356 1537; baseline 0.002 -17"><span class='ocrx_word' id='word_1_226' title='bbox 2345 1467 2542 1520; x_wconf 86' lang='lat' dir='ltr'><strong>Natura</strong></span> <span class='ocrx_word' id='word_1_227' title='bbox 2570 1480 2785 1535; x_wconf 84' lang='lat' dir='ltr'><strong>potens,</strong></span> <span class='ocrx_word' id='word_1_228' title='bbox 2815 1470 3009 1537; x_wconf 87' lang='lat' dir='ltr'><strong>quibus</strong></span> <span class='ocrx_word' id='word_1_229' title='bbox 3041 1470 3356 1523; x_wconf 64' lang='lat' dir='ltr'><strong>immensum</strong></span> 
     </span>
    </p>
   </div>
   <div class='ocr_carea' id='block_1_35' title="bbox 2323 1548 3264 1627">
    <p class='ocr_par' dir='ltr' id='par_1_35' title="bbox 2323 1548 3264 1627">
     <span class='ocr_line' id='line_1_35' title="bbox 2323 1548 3264 1627; baseline 0.002 -15"><span class='ocrx_word' id='word_1_230' title='bbox 2323 1548 2577 1627; x_wconf 69' lang='lat' dir='ltr'><strong>Legibus</strong></span> <span class='ocrx_word' id='word_1_231' title='bbox 2608 1562 2795 1613; x_wconf 88' lang='lat' dir='ltr'><strong>orbem</strong></span> <span class='ocrx_word' id='word_1_232' title='bbox 2833 1560 3052 1627; x_wconf 85' lang='lat' dir='ltr'><strong>provida</strong></span> <span class='ocrx_word' id='word_1_233' title='bbox 3083 1572 3264 1614; x_wconf 67' lang='lat' dir='ltr'><strong>servrct</strong></span> 
     </span>
    </p>
   </div>
   <div class='ocr_carea' id='block_1_36' title="bbox 2346 1648 3221 1717">
    <p class='ocr_par' dir='ltr' id='par_1_36' title="bbox 2346 1648 3221 1717">
     <span class='ocr_line' id='line_1_36' title="bbox 2346 1648 3221 1717; baseline 0.002 -15"><span class='ocrx_word' id='word_1_234' title='bbox 2346 1648 2689 1717; x_wconf 83' lang='lat' dir='ltr'><strong>Stringatque</strong></span> <span class='ocrx_word' id='word_1_235' title='bbox 2721 1650 2892 1717; x_wconf 81' lang='lat' dir='ltr'><strong>ligans</strong></span> <span class='ocrx_word' id='word_1_236' title='bbox 2931 1650 3221 1705; x_wconf 89' lang='lat' dir='ltr'><strong>irresoluto</strong></span> 
     </span>
    </p>
   </div>
   <div class='ocr_carea' id='block_1_37' title="bbox 2244 1744 3191 1814">
    <p class='ocr_par' dir='ltr' id='par_1_37' title="bbox 2244 1744 3191 1814">
     <span class='ocr_line' id='line_1_37' title="bbox 2244 1744 3191 1814; baseline -0.001 -17"><span class='ocrx_word' id='word_1_237' title='bbox 2244 1744 2277 1797; x_wconf 86' lang='lat'><strong>5</strong></span> <span class='ocrx_word' id='word_1_238' title='bbox 2353 1744 2573 1811; x_wconf 83' lang='lat' dir='ltr'><strong>Singula</strong></span> <span class='ocrx_word' id='word_1_239' title='bbox 2605 1760 2765 1809; x_wconf 78' lang='lat' dir='ltr'><strong>nexu,</strong></span> <span class='ocrx_word' id='word_1_240' title='bbox 2802 1745 2974 1813; x_wconf 85' lang='lat' dir='ltr'><strong>placet</strong></span> <span class='ocrx_word' id='word_1_241' title='bbox 3002 1756 3191 1814; x_wconf 83' lang='lat' dir='ltr'><strong>arguto</strong></span> 
     </span>
    </p>
   </div>
   <div class='ocr_carea' id='block_1_38' title="bbox 2354 1836 3246 1904">
    <p class='ocr_par' dir='ltr' id='par_1_38' title="bbox 2354 1836 3246 1904">
     <span class='ocr_line' id='line_1_38' title="bbox 2354 1836 3246 1904; baseline 0 -14"><span class='ocrx_word' id='word_1_242' title='bbox 2354 1836 2393 1890; x_wconf 82' lang='lat' dir='ltr'>F</span> <span class='ocrx_word' id='word_1_243' title='bbox 2402 1837 2575 1891; x_wconf 88' lang='lat' dir='ltr'><strong>idibus</strong></span> <span class='ocrx_word' id='word_1_244' title='bbox 2605 1836 2763 1890; x_wconf 88' lang='lat' dir='ltr'><strong>lentis</strong></span> <span class='ocrx_word' id='word_1_245' title='bbox 2791 1851 3037 1904; x_wconf 87' lang='lat' dir='ltr'><strong>promere</strong></span> <span class='ocrx_word' id='word_1_246' title='bbox 3063 1848 3246 1890; x_wconf 89' lang='lat' dir='ltr'><strong>cantu.</strong></span> 
     </span>
    </p>
   </div>
   <div class='ocr_carea' id='block_1_39' title="bbox 2364 1926 3428 1997">
    <p class='ocr_par' dir='ltr' id='par_1_39' title="bbox 2364 1926 3428 1997">
     <span class='ocr_line' id='line_1_39' title="bbox 2364 1926 3428 1997; baseline 0.001 -15"><span class='ocrx_word' id='word_1_247' title='bbox 2364 1928 2519 1997; x_wconf 74' lang='lat'><strong>182</strong></span> <span class='ocrx_word' id='word_1_248' title='bbox 2545 1926 2800 1992; x_wconf 82' lang='lat' dir='ltr'><strong>Quamvis</strong></span> <span class='ocrx_word' id='word_1_249' title='bbox 2831 1927 2977 1981; x_wconf 66' lang='lat' dir='ltr'><strong>Paani</strong></span> <span class='ocrx_word' id='word_1_250' title='bbox 3008 1927 3225 1994; x_wconf 89' lang='lat' dir='ltr'><strong>pulchra</strong></span> <span class='ocrx_word' id='word_1_251' title='bbox 3246 1929 3428 1983; x_wconf 81' lang='lat' dir='ltr'><strong>leones</strong></span> 
     </span>
    </p>
   </div>
   <div class='ocr_carea' id='block_1_40' title="bbox 2351 2003 3402 2089">
    <p class='ocr_par' dir='ltr' id='par_1_40' title="bbox 2351 2003 3402 2089">
     <span class='ocr_line' id='line_1_40' title="bbox 2351 2003 3402 2089; baseline 0.001 -16"><span class='ocrx_word' id='word_1_252' title='bbox 2351 2022 2572 2074; x_wconf 72' lang='lat' dir='ltr'><strong>Vincula</strong></span> <span class='ocrx_word' id='word_1_253' title='bbox 2601 2029 2807 2088; x_wconf 70' lang='lat' dir='ltr'><strong>gestent</strong></span> <span class='ocrx_word' id='word_1_254' title='bbox 2832 2059 2848 2083; x_wconf 91' lang='lat'><strong>,</strong></span> <span class='ocrx_word' id='word_1_255' title='bbox 2883 2003 3230 2089; x_wconf 81' lang='lat' dir='ltr'><strong>manibusque</strong></span> <span class='ocrx_word' id='word_1_256' title='bbox 3252 2020 3402 2074; x_wconf 82' lang='lat' dir='ltr'><strong>datas</strong></span> 
     </span>
    </p>
   </div>
   <div class='ocr_carea' id='block_1_41' title="bbox 2354 2109 3427 2179">
    <p class='ocr_par' dir='ltr' id='par_1_41' title="bbox 2354 2109 3427 2179">
     <span class='ocr_line' id='line_1_41' title="bbox 2354 2109 3427 2179; baseline -0.001 -16"><span class='ocrx_word' id='word_1_257' title='bbox 2354 2109 2587 2178; x_wconf 85' lang='lat' dir='ltr'><strong>Captent</strong></span> <span class='ocrx_word' id='word_1_258' title='bbox 2612 2124 2785 2174; x_wconf 86' lang='lat' dir='ltr'><strong>escas,</strong></span> <span class='ocrx_word' id='word_1_259' title='bbox 2818 2118 3169 2179; x_wconf 86' lang='lat' dir='ltr'><strong>metuantque</strong></span> <span class='ocrx_word' id='word_1_260' title='bbox 3200 2120 3427 2177; x_wconf 90' lang='lat' dir='ltr'><strong>trucem,</strong></span> 
     </span>
    </p>
   </div>
   <div class='ocr_carea' id='block_1_42' title="bbox 2218 2201 3318 2271">
    <p class='ocr_par' dir='ltr' id='par_1_42' title="bbox 2218 2201 3318 2271">
     <span class='ocr_line' id='line_1_42' title="bbox 2218 2201 3318 2271; baseline 0 -15"><span class='ocrx_word' id='word_1_261' title='bbox 2218 2206 2286 2256; x_wconf 77' lang='lat' dir='ltr'><strong>IU</strong></span> <span class='ocrx_word' id='word_1_262' title='bbox 2356 2201 2510 2256; x_wconf 86' lang='lat' dir='ltr'><strong>Soliti</strong></span> <span class='ocrx_word' id='word_1_263' title='bbox 2540 2202 2761 2255; x_wconf 83' lang='lat' dir='ltr'><strong>verbera</strong></span> <span class='ocrx_word' id='word_1_264' title='bbox 2796 2202 2956 2267; x_wconf 87' lang='lat' dir='ltr'><strong>ferre,</strong></span> <span class='ocrx_word' id='word_1_265' title='bbox 2986 2203 3318 2271; x_wconf 86' lang='lat' dir='ltr'><strong>magistrum,</strong></span> 
     </span>
    </p>
   </div>
   <div class='ocr_carea' id='block_1_43' title="bbox 1878 2359 2453 2417">
    <p class='ocr_par' dir='ltr' id='par_1_43' title="bbox 1878 2359 2453 2417">
     <span class='ocr_line' id='line_1_43' title="bbox 1878 2359 2453 2417; baseline 0.005 -5"><span class='ocrx_word' id='word_1_266' title='bbox 1878 2359 2453 2417; x_wconf 75' lang='lat' dir='ltr'><strong>INTERPRETATIO.</strong></span> 
     </span>
    </p>
   </div>
   <div class='ocr_carea' id='block_1_44' title="bbox 607 2471 1386 2536">
    <p class='ocr_par' dir='ltr' id='par_1_44' title="bbox 607 2471 1386 2536">
     <span class='ocr_line' id='line_1_44' title="bbox 607 2471 1386 2536; baseline 0.001 -12"><span class='ocrx_word' id='word_1_267' title='bbox 607 2482 632 2508; x_wconf 79' lang='grc'><strong>⁸</strong></span> <span class='ocrx_word' id='word_1_268' title='bbox 671 2471 989 2536; x_wconf 82' lang='lat' dir='ltr'><strong>Judicando,</strong></span> <span class='ocrx_word' id='word_1_269' title='bbox 1021 2473 1075 2523; x_wconf 86' lang='lat' dir='ltr'><strong>id</strong></span> <span class='ocrx_word' id='word_1_270' title='bbox 1094 2483 1168 2525; x_wconf 87' lang='lat' dir='ltr'><strong>est</strong></span> <span class='ocrx_word' id='word_1_271' title='bbox 1191 2482 1386 2525; x_wconf 72' lang='lat' dir='ltr'><strong>errem.</strong></span> 
     </span>
    </p>
   </div>
   <div class='ocr_carea' id='block_1_45' title="bbox 605 2541 887 2607">
    <p class='ocr_par' dir='ltr' id='par_1_45' title="bbox 605 2541 887 2607">
     <span class='ocr_line' id='line_1_45' title="bbox 605 2541 887 2607; baseline 0 -13"><span class='ocrx_word' id='word_1_272' title='bbox 605 2542 632 2578; x_wconf 62' lang='grc' dir='ltr'>δ</span> <span class='ocrx_word' id='word_1_273' title='bbox 674 2541 887 2607; x_wconf 76' lang='lat' dir='ltr'><strong>Ncgari.</strong></span> 
     </span>
    </p>
   </div>
   <div class='ocr_carea' id='block_1_46' title="bbox 609 2610 1054 2676">
    <p class='ocr_par' dir='ltr' id='par_1_46' title="bbox 609 2610 1054 2676">
     <span class='ocr_line' id='line_1_46' title="bbox 609 2610 1054 2676; baseline 0.004 -13"><span class='ocrx_word' id='word_1_274' title='bbox 609 2623 630 2648; x_wconf 76' lang='grc'><strong><em>⁸</em></strong></span> <span class='ocrx_word' id='word_1_275' title='bbox 671 2610 1054 2676; x_wconf 74' lang='lat' dir='ltr'><strong>A/I&#39;ectionibus.</strong></span> 
     </span>
    </p>
   </div>
   <div class='ocr_carea' id='block_1_47' title="bbox 607 2681 1067 2734">
    <p class='ocr_par' dir='ltr' id='par_1_47' title="bbox 607 2681 1067 2734">
     <span class='ocr_line' id='line_1_47' title="bbox 607 2681 1067 2734; baseline 0.004 -2"><span class='ocrx_word' id='word_1_276' title='bbox 607 2682 632 2716; x_wconf 68' lang='grc' dir='ltr'>ἀ</span> <span class='ocrx_word' id='word_1_277' title='bbox 677 2681 889 2734; x_wconf 88' lang='lat' dir='ltr'><strong>Summo</strong></span> <span class='ocrx_word' id='word_1_278' title='bbox 918 2682 1067 2734; x_wconf 76' lang='lat' dir='ltr'><strong>bane.</strong></span> 
     </span>
    </p>
   </div>
   <div class='ocr_carea' id='block_1_48' title="bbox 617 2750 2098 2823">
    <p class='ocr_par' dir='ltr' id='par_1_48' title="bbox 617 2750 2098 2823">
     <span class='ocr_line' id='line_1_48' title="bbox 617 2750 2098 2823; baseline 0.007 -22"><span class='ocrx_word' id='word_1_279' title='bbox 617 2750 742 2805; x_wconf 85' lang='lat' dir='ltr'><strong>Volo</strong></span> <span class='ocrx_word' id='word_1_280' title='bbox 764 2762 944 2823; x_wconf 83' lang='lat' dir='ltr'><strong>argute</strong></span> <span class='ocrx_word' id='word_1_281' title='bbox 981 2768 1162 2805; x_wconf 82' lang='lat' dir='ltr'><strong>canere</strong></span> <span class='ocrx_word' id='word_1_282' title='bbox 1184 2753 1390 2806; x_wconf 85' lang='lat' dir='ltr'><strong>chordis</strong></span> <span class='ocrx_word' id='word_1_283' title='bbox 1418 2754 1598 2817; x_wconf 87' lang='lat' dir='ltr'><strong>tardis,</strong></span> <span class='ocrx_word' id='word_1_284' title='bbox 1626 2763 1844 2821; x_wconf 84' lang='lat' dir='ltr'><strong>quantas</strong></span> <span class='ocrx_word' id='word_1_285' title='bbox 1878 2757 2098 2812; x_wconf 87' lang='lat' dir='ltr'><strong>inclina-</strong></span> 
     </span>
    </p>
   </div>
   <div class='ocr_carea' id='block_1_49' title="bbox 2217 2479 3785 2551">
    <p class='ocr_par' dir='ltr' id='par_1_49' title="bbox 2217 2479 3785 2551">
     <span class='ocr_line' id='line_1_49' title="bbox 2217 2479 3785 2551; baseline 0.001 -21"><span class='ocrx_word' id='word_1_286' title='bbox 2217 2480 2377 2551; x_wconf 85' lang='lat' dir='ltr'><strong>tiones</strong></span> <span class='ocrx_word' id='word_1_287' title='bbox 2413 2495 2585 2532; x_wconf 85' lang='lat' dir='ltr'><strong>rerum</strong></span> <span class='ocrx_word' id='word_1_288' title='bbox 2616 2492 2802 2533; x_wconf 87' lang='lat' dir='ltr'><strong>natura</strong></span> <span class='ocrx_word' id='word_1_289' title='bbox 2824 2490 2999 2551; x_wconf 81' lang='lat' dir='ltr'><strong>potem</strong></span> <span class='ocrx_word' id='word_1_290' title='bbox 3023 2488 3200 2541; x_wconf 72' lang='lat' dir='ltr'><strong>certat,</strong></span> <span class='ocrx_word' id='word_1_291' title='bbox 3225 2488 3273 2551; x_wconf 83' lang='lat' dir='ltr'><strong>rt</strong></span> <span class='ocrx_word' id='word_1_292' title='bbox 3286 2479 3463 2546; x_wconf 87' lang='lat' dir='ltr'><strong>quibus</strong></span> <span class='ocrx_word' id='word_1_293' title='bbox 3481 2480 3674 2549; x_wconf 79' lang='lat' dir='ltr'><strong>legibus</strong></span> <span class='ocrx_word' id='word_1_294' title='bbox 3692 2496 3785 2536; x_wconf 85' lang='lat' dir='ltr'><strong>ea-</strong></span> 
     </span>
    </p>
   </div>
   <div class='ocr_carea' id='block_1_50' title="bbox 2213 2549 3789 2620">
    <p class='ocr_par' dir='ltr' id='par_1_50' title="bbox 2213 2549 3789 2620">
     <span class='ocr_line' id='line_1_50' title="bbox 2213 2549 3789 2620; baseline 0.002 -19"><span class='ocrx_word' id='word_1_295' title='bbox 2213 2549 2336 2601; x_wconf 86' lang='lat' dir='ltr'><strong>dem</strong></span> <span class='ocrx_word' id='word_1_296' title='bbox 2362 2562 2546 2601; x_wconf 89' lang='lat' dir='ltr'><strong>natura</strong></span> <span class='ocrx_word' id='word_1_297' title='bbox 2572 2549 2882 2618; x_wconf 74' lang='lat' dir='ltr'><strong>prospiciens</strong></span> <span class='ocrx_word' id='word_1_298' title='bbox 2906 2560 3092 2603; x_wconf 87' lang='lat' dir='ltr'><strong>tutetur</strong></span> <span class='ocrx_word' id='word_1_299' title='bbox 3119 2550 3362 2603; x_wconf 80' lang='lat' dir='ltr'><strong>mundum</strong></span> <span class='ocrx_word' id='word_1_300' title='bbox 3383 2552 3655 2620; x_wconf 80' lang='lat' dir='ltr'><strong>ingentem,</strong></span> <span class='ocrx_word' id='word_1_301' title='bbox 3671 2567 3789 2604; x_wconf 60' lang='lat' dir='ltr'><strong>cana</strong></span> 
     </span>
    </p>
   </div>
   <div class='ocr_carea' id='block_1_51' title="bbox 2216 2620 3788 2687">
    <p class='ocr_par' dir='ltr' id='par_1_51' title="bbox 2216 2620 3788 2687">
     <span class='ocr_line' id='line_1_51' title="bbox 2216 2620 3788 2687; baseline 0.003 -18"><span class='ocrx_word' id='word_1_302' title='bbox 2216 2620 2482 2687; x_wconf 85' lang='lat' dir='ltr'><strong>tineatque</strong></span> <span class='ocrx_word' id='word_1_303' title='bbox 2512 2622 2689 2671; x_wconf 83' lang='lat' dir='ltr'><strong>omnia</strong></span> <span class='ocrx_word' id='word_1_304' title='bbox 2709 2630 3003 2673; x_wconf 74' lang='lat' dir='ltr'><strong>conuertens</strong></span> <span class='ocrx_word' id='word_1_305' title='bbox 3032 2621 3232 2672; x_wconf 75' lang='lat' dir='ltr'><strong>vinculo</strong></span> <span class='ocrx_word' id='word_1_306' title='bbox 3262 2620 3622 2674; x_wconf 82' lang='lat' dir='ltr'><strong>indissolubili.</strong></span> <span class='ocrx_word' id='word_1_307' title='bbox 3652 2621 3788 2673; x_wconf 80' lang='lat' dir='ltr'><strong>Licet</strong></span> 
     </span>
    </p>
   </div>
   <div class='ocr_carea' id='block_1_52' title="bbox 2216 2687 3789 2760">
    <p class='ocr_par' dir='ltr' id='par_1_52' title="bbox 2216 2687 3789 2760">
     <span class='ocr_line' id='line_1_52' title="bbox 2216 2687 3789 2760; baseline 0.001 -21"><span class='ocrx_word' id='word_1_308' title='bbox 2216 2687 2389 2760; x_wconf 77' lang='lat' dir='ltr'><strong>leones</strong></span> <span class='ocrx_word' id='word_1_309' title='bbox 2438 2690 2673 2755; x_wconf 77' lang='lat' dir='ltr'><strong>Africani</strong></span> <span class='ocrx_word' id='word_1_310' title='bbox 2725 2700 2901 2760; x_wconf 85' lang='lat' dir='ltr'><strong>gerant</strong></span> <span class='ocrx_word' id='word_1_311' title='bbox 2942 2700 3145 2760; x_wconf 83' lang='lat' dir='ltr'><strong>catenas</strong></span> <span class='ocrx_word' id='word_1_312' title='bbox 3171 2690 3486 2760; x_wconf 86' lang='lat' dir='ltr'><strong>splendidas,</strong></span> <span class='ocrx_word' id='word_1_313' title='bbox 3517 2701 3562 2742; x_wconf 91' lang='lat' dir='ltr'><strong>et</strong></span> <span class='ocrx_word' id='word_1_314' title='bbox 3588 2691 3789 2757; x_wconf 77' lang='lat' dir='ltr'><strong>capiant</strong></span> 
     </span>
    </p>
   </div>
   <div class='ocr_carea' id='block_1_53' title="bbox 2216 2758 3790 2828">
    <p class='ocr_par' dir='ltr' id='par_1_53' title="bbox 2216 2758 3790 2828">
     <span class='ocr_line' id='line_1_53' title="bbox 2216 2758 3790 2828; baseline 0.001 -18"><span class='ocrx_word' id='word_1_315' title='bbox 2216 2758 2351 2811; x_wconf 86' lang='lat' dir='ltr'><strong>cibos</strong></span> <span class='ocrx_word' id='word_1_316' title='bbox 2376 2769 2634 2827; x_wconf 82' lang='lat' dir='ltr'><strong>porrectos</strong></span> <span class='ocrx_word' id='word_1_317' title='bbox 2663 2758 2895 2812; x_wconf 81' lang='lat' dir='ltr'><strong>manibus</strong></span> <span class='ocrx_word' id='word_1_318' title='bbox 2927 2759 3151 2825; x_wconf 86' lang='lat' dir='ltr'><strong>domini,</strong></span> <span class='ocrx_word' id='word_1_319' title='bbox 3181 2767 3227 2812; x_wconf 82' lang='lat' dir='ltr'><strong>el</strong></span> <span class='ocrx_word' id='word_1_320' title='bbox 3259 2758 3464 2812; x_wconf 79' lang='lat' dir='ltr'><strong>timeant</strong></span> <span class='ocrx_word' id='word_1_321' title='bbox 3495 2765 3665 2828; x_wconf 85' lang='lat' dir='ltr'><strong>ipsum</strong></span> <span class='ocrx_word' id='word_1_322' title='bbox 3694 2763 3790 2812; x_wconf 82' lang='lat' dir='ltr'><strong>do-</strong></span> 
     </span>
    </p>
   </div>
   <div class='ocr_carea' id='block_1_54' title="bbox 2056 2888 2287 2944">
    <p class='ocr_par' dir='ltr' id='par_1_54' title="bbox 2056 2888 2287 2944">
     <span class='ocr_line' id='line_1_54' title="bbox 2056 2888 2287 2944; baseline 0.004 -2"><span class='ocrx_word' id='word_1_323' title='bbox 2056 2888 2287 2944; x_wconf 65' lang='grc' dir='ltr'><strong>ΝΟΤλΕ.</strong></span> 
     </span>
    </p>
   </div>
   <div class='ocr_carea' id='block_1_55' title="bbox 542 3002 2112 3071">
    <p class='ocr_par' dir='ltr' id='par_1_55' title="bbox 542 3002 2112 3071">
     <span class='ocr_line' id='line_1_55' title="bbox 542 3002 2112 3071; baseline 0.001 -15"><span class='ocrx_word' id='word_1_324' title='bbox 542 3005 739 3071; x_wconf 84' lang='lat' dir='ltr'><strong>hasque</strong></span> <span class='ocrx_word' id='word_1_325' title='bbox 769 3002 955 3071; x_wconf 89' lang='lat' dir='ltr'><strong>probat</strong></span> <span class='ocrx_word' id='word_1_326' title='bbox 975 3016 1094 3057; x_wconf 90' lang='lat' dir='ltr'><strong>esse</strong></span> <span class='ocrx_word' id='word_1_327' title='bbox 1128 3014 1282 3056; x_wconf 89' lang='lat' dir='ltr'><strong>veras</strong></span> <span class='ocrx_word' id='word_1_328' title='bbox 1312 3018 1326 3057; x_wconf 90' lang='lat'><strong>:</strong></span> <span class='ocrx_word' id='word_1_329' title='bbox 1364 3015 1427 3055; x_wconf 81' lang='lat' dir='ltr'><strong>es</strong></span> <span class='ocrx_word' id='word_1_330' title='bbox 1465 3016 1571 3070; x_wconf 87' lang='lat' dir='ltr'><strong>quo</strong></span> <span class='ocrx_word' id='word_1_331' title='bbox 1607 3003 1823 3057; x_wconf 89' lang='lat' dir='ltr'><strong>coniicit</strong></span> <span class='ocrx_word' id='word_1_332' title='bbox 1864 3002 2112 3057; x_wconf 89' lang='lat' dir='ltr'><strong>homines</strong></span> 
     </span>
    </p>
   </div>
   <div class='ocr_carea' id='block_1_56' title="bbox 544 3073 2114 3142">
    <p class='ocr_par' dir='ltr' id='par_1_56' title="bbox 544 3073 2114 3142">
     <span class='ocr_line' id='line_1_56' title="bbox 544 3073 2114 3142; baseline 0 -17"><span class='ocrx_word' id='word_1_333' title='bbox 544 3075 629 3127; x_wconf 89' lang='lat' dir='ltr'><strong>hic</strong></span> <span class='ocrx_word' id='word_1_334' title='bbox 652 3089 755 3126; x_wconf 91' lang='lat' dir='ltr'><strong>non</strong></span> <span class='ocrx_word' id='word_1_335' title='bbox 774 3088 957 3128; x_wconf 88' lang='lat' dir='ltr'><strong>errare</strong></span> <span class='ocrx_word' id='word_1_336' title='bbox 980 3074 1083 3126; x_wconf 63' lang='lat' dir='ltr'><strong>nisi</strong></span> <span class='ocrx_word' id='word_1_337' title='bbox 1112 3073 1497 3142; x_wconf 85' lang='lat' dir='ltr'><strong>assumptione.</strong></span> <span class='ocrx_word' id='word_1_338' title='bbox 1532 3073 1606 3126; x_wconf 91' lang='lat' dir='ltr'><strong>De</strong></span> <span class='ocrx_word' id='word_1_339' title='bbox 1626 3076 1789 3128; x_wconf 90' lang='lat' dir='ltr'><strong>verbo</strong></span> <span class='ocrx_word' id='word_1_340' title='bbox 1805 3075 2114 3142; x_wconf 83' lang='lat' dir='ltr'><strong>sequestrari</strong></span> 
     </span>
    </p>
   </div>
   <div class='ocr_carea' id='block_1_57' title="bbox 541 3144 1059 3212">
    <p class='ocr_par' dir='ltr' id='par_1_57' title="bbox 541 3144 1059 3212">
     <span class='ocr_line' id='line_1_57' title="bbox 541 3144 1059 3212; baseline -0.002 -15"><span class='ocrx_word' id='word_1_341' title='bbox 541 3158 697 3212; x_wconf 88' lang='lat' dir='ltr'><strong>supra</strong></span> <span class='ocrx_word' id='word_1_342' title='bbox 728 3144 927 3196; x_wconf 91' lang='lat' dir='ltr'><strong>dictum</strong></span> <span class='ocrx_word' id='word_1_343' title='bbox 957 3154 1059 3197; x_wconf 90' lang='lat' dir='ltr'><strong>est.</strong></span> 
     </span>
    </p>
   </div>
   <div class='ocr_carea' id='block_1_58' title="bbox 618 3209 2188 3281">
    <p class='ocr_par' dir='ltr' id='par_1_58' title="bbox 618 3209 2188 3281">
     <span class='ocr_line' id='line_1_58' title="bbox 618 3209 2188 3281; baseline -0.001 -13"><span class='ocrx_word' id='word_1_344' title='bbox 618 3216 632 3244; x_wconf 83' lang='grc'>¹</span> <span class='ocrx_word' id='word_1_345' title='bbox 678 3214 769 3268; x_wconf 86' lang='lat' dir='ltr'><strong>Vis</strong></span> <span class='ocrx_word' id='word_1_346' title='bbox 831 3209 1099 3281; x_wconf 51' lang='lat' dir='ltr'><strong>natura]</strong></span> <span class='ocrx_word' id='word_1_347' title='bbox 1155 3212 1358 3281; x_wconf 85' lang='lat' dir='ltr'><strong>Nempe</strong></span> <span class='ocrx_word' id='word_1_348' title='bbox 1434 3213 1562 3265; x_wconf 71' lang='lat' dir='ltr'><strong>idea:</strong></span> <span class='ocrx_word' id='word_1_349' title='bbox 1607 3213 1905 3265; x_wconf 79' lang='lat' dir='ltr'><strong>naturaliter</strong></span> <span class='ocrx_word' id='word_1_350' title='bbox 1947 3213 1965 3265; x_wconf 88' lang='lat' dir='ltr'><strong>i</strong></span> <span class='ocrx_word' id='word_1_351' title='bbox 2004 3213 2116 3267; x_wconf 80' lang='lat' dir='ltr'><strong>sita:</strong></span> <span class='ocrx_word' id='word_1_352' title='bbox 2144 3212 2188 3273; x_wconf 87' lang='lat' dir='ltr'>C</span> 
     </span>
    </p>
   </div>
   <div class='ocr_carea' id='block_1_59' title="bbox 545 3284 2113 3351">
    <p class='ocr_par' dir='ltr' id='par_1_59' title="bbox 545 3284 2113 3351">
     <span class='ocr_line' id='line_1_59' title="bbox 545 3284 2113 3351; baseline -0.001 -17"><span class='ocrx_word' id='word_1_353' title='bbox 545 3285 816 3338; x_wconf 85' lang='lat' dir='ltr'><strong>mentibus</strong></span> <span class='ocrx_word' id='word_1_354' title='bbox 847 3284 1093 3336; x_wconf 86' lang='lat' dir='ltr'><strong>humanis</strong></span> <span class='ocrx_word' id='word_1_355' title='bbox 1121 3299 1135 3333; x_wconf 92' lang='lat'><strong>:</strong></span> <span class='ocrx_word' id='word_1_356' title='bbox 1189 3285 1239 3335; x_wconf 92' lang='lat' dir='ltr'><strong>in</strong></span> <span class='ocrx_word' id='word_1_357' title='bbox 1266 3298 1367 3349; x_wconf 89' lang='lat' dir='ltr'><strong>qna</strong></span> <span class='ocrx_word' id='word_1_358' title='bbox 1402 3285 1766 3351; x_wconf 86' lang='lat' dir='ltr'><strong>unusquisque</strong></span> <span class='ocrx_word' id='word_1_359' title='bbox 1793 3284 1937 3335; x_wconf 85' lang='lat' dir='ltr'><strong>videt</strong></span> <span class='ocrx_word' id='word_1_360' title='bbox 1962 3298 2113 3337; x_wconf 84' lang='lat' dir='ltr'><strong>com-</strong></span> 
     </span>
    </p>
   </div>
   <div class='ocr_carea' id='block_1_60' title="bbox 469 3352 2114 3420">
    <p class='ocr_par' dir='ltr' id='par_1_60' title="bbox 469 3352 2114 3420">
     <span class='ocr_line' id='line_1_60' title="bbox 469 3352 2114 3420; baseline 0.002 -17"><span class='ocrx_word' id='word_1_361' title='bbox 469 3400 472 3403; x_wconf 32' lang='lat'><strong>.</strong></span> <span class='ocrx_word' id='word_1_362' title='bbox 544 3356 889 3420; x_wconf 74' lang='lat' dir='ltr'><strong>prehensum,</strong></span> <span class='ocrx_word' id='word_1_363' title='bbox 911 3352 1050 3419; x_wconf 89' lang='lat' dir='ltr'><strong>quod</strong></span> <span class='ocrx_word' id='word_1_364' title='bbox 1077 3353 1346 3420; x_wconf 75' lang='lat' dir='ltr'><strong>prtedictis</strong></span> <span class='ocrx_word' id='word_1_365' title='bbox 1363 3353 1821 3420; x_wconf 64' lang='lat' dir='ltr'><strong>propositionibus</strong></span> <span class='ocrx_word' id='word_1_366' title='bbox 1838 3354 2114 3406; x_wconf 84' lang='lat' dir='ltr'><strong>asseritnr.</strong></span> 
     </span>
    </p>
   </div>
   <div class='ocr_carea' id='block_1_61' title="bbox 613 3419 2116 3492">
    <p class='ocr_par' dir='ltr' id='par_1_61' title="bbox 613 3419 2116 3492">
     <span class='ocr_line' id='line_1_61' title="bbox 613 3419 2116 3492; baseline 0.001 -20"><span class='ocrx_word' id='word_1_367' title='bbox 613 3425 633 3453; x_wconf 76' lang='lat'>&#39;</span> <span class='ocrx_word' id='word_1_368' title='bbox 689 3419 869 3474; x_wconf 78' lang='lat' dir='ltr'><strong>Facile</strong></span> <span class='ocrx_word' id='word_1_369' title='bbox 917 3419 1298 3492; x_wconf 58' lang='lat' dir='ltr'><strong>monstratum]</strong></span> <span class='ocrx_word' id='word_1_370' title='bbox 1354 3419 1552 3475; x_wconf 83' lang='lat' dir='ltr'><strong>Saltem</strong></span> <span class='ocrx_word' id='word_1_371' title='bbox 1577 3438 1605 3473; x_wconf 91' lang='lat' dir='ltr'><strong>a</strong></span> <span class='ocrx_word' id='word_1_372' title='bbox 1644 3422 2116 3490; x_wconf 87' lang='lat' dir='ltr'><strong>consequentibus,</strong></span> 
     </span>
    </p>
   </div>
   <div class='ocr_carea' id='block_1_62' title="bbox 545 3491 1791 3560">
    <p class='ocr_par' dir='ltr' id='par_1_62' title="bbox 545 3491 1791 3560">
     <span class='ocr_line' id='line_1_62' title="bbox 545 3491 1791 3560; baseline -0.002 -16"><span class='ocrx_word' id='word_1_373' title='bbox 545 3492 659 3545; x_wconf 83' lang='lat' dir='ltr'><strong>sive</strong></span> <span class='ocrx_word' id='word_1_374' title='bbox 688 3502 745 3543; x_wconf 92' lang='lat' dir='ltr'><strong>ut</strong></span> <span class='ocrx_word' id='word_1_375' title='bbox 777 3491 1077 3559; x_wconf 88' lang='lat' dir='ltr'><strong>philosophi</strong></span> <span class='ocrx_word' id='word_1_376' title='bbox 1113 3491 1420 3560; x_wconf 85' lang='lat' dir='ltr'><strong>loquuntur,</strong></span> <span class='ocrx_word' id='word_1_377' title='bbox 1446 3507 1476 3542; x_wconf 94' lang='lat' dir='ltr'><strong>a</strong></span> <span class='ocrx_word' id='word_1_378' title='bbox 1501 3492 1791 3560; x_wconf 81' lang='lat' dir='ltr'><strong>posteriori.</strong></span> 
     </span>
    </p>
   </div>
   <div class='ocr_carea' id='block_1_63' title="bbox 618 3558 2111 3631">
    <p class='ocr_par' dir='ltr' id='par_1_63' title="bbox 618 3558 2111 3631">
     <span class='ocr_line' id='line_1_63' title="bbox 618 3558 2111 3631; baseline -0.001 -17"><span class='ocrx_word' id='word_1_379' title='bbox 618 3562 640 3592; x_wconf 86' lang='grc'><em>³</em></span> <span class='ocrx_word' id='word_1_380' title='bbox 672 3560 811 3614; x_wconf 76' lang='grc' dir='ltr'><strong><em>ιὶοοοι</em></strong></span> <span class='ocrx_word' id='word_1_381' title='bbox 855 3562 1011 3613; x_wconf 71' lang='lat' dir='ltr'><strong>uarice</strong></span> <span class='ocrx_word' id='word_1_382' title='bbox 1040 3558 1437 3630; x_wconf 79' lang='lat' dir='ltr'><strong>dissidentesque</strong></span> <span class='ocrx_word' id='word_1_383' title='bbox 1473 3558 1752 3613; x_wconf 69' lang='lat' dir='ltr'><strong>sententiis.</strong></span> <span class='ocrx_word' id='word_1_384' title='bbox 1785 3558 1803 3631; x_wconf 94' lang='lat'>]</span> <span class='ocrx_word' id='word_1_385' title='bbox 1835 3560 2111 3614; x_wconf 71' lang='lat' dir='ltr'><strong>Prmdictte</strong></span> 
     </span>
    </p>
   </div>
   <div class='ocr_carea' id='block_1_64' title="bbox 546 3631 1233 3696">
    <p class='ocr_par' dir='ltr' id='par_1_64' title="bbox 546 3631 1233 3696">
     <span class='ocr_line' id='line_1_64' title="bbox 546 3631 1233 3696; baseline -0.003 -13"><span class='ocrx_word' id='word_1_386' title='bbox 546 3631 793 3685; x_wconf 91' lang='lat' dir='ltr'><strong>nimirum</strong></span> <span class='ocrx_word' id='word_1_387' title='bbox 821 3632 1233 3696; x_wconf 89' lang='lat' dir='ltr'><strong>assumptiones.</strong></span> 
     </span>
    </p>
   </div>
   <div class='ocr_carea' id='block_1_65' title="bbox 618 3696 2122 3769">
    <p class='ocr_par' dir='ltr' id='par_1_65' title="bbox 618 3696 2122 3769">
     <span class='ocr_line' id='line_1_65' title="bbox 618 3696 2122 3769; baseline -0.001 -17"><span class='ocrx_word' id='word_1_388' title='bbox 618 3703 639 3731; x_wconf 64' lang='grc' dir='ltr'><strong>λ</strong></span> <span class='ocrx_word' id='word_1_389' title='bbox 669 3699 734 3753; x_wconf 91' lang='lat' dir='ltr'><strong>In</strong></span> <span class='ocrx_word' id='word_1_390' title='bbox 777 3700 1049 3768; x_wconf 83' lang='lat' dir='ltr'><strong>deligendo</strong></span> <span class='ocrx_word' id='word_1_391' title='bbox 1075 3700 1192 3752; x_wconf 89' lang='lat' dir='ltr'><strong>boni</strong></span> <span class='ocrx_word' id='word_1_392' title='bbox 1214 3700 1313 3765; x_wconf 82' lang='lat' dir='ltr'><strong>ﬁne</strong></span> <span class='ocrx_word' id='word_1_393' title='bbox 1327 3696 1701 3769; x_wconf 81' lang='lat' dir='ltr'><strong>consentiunt.J</strong></span> <span class='ocrx_word' id='word_1_394' title='bbox 1731 3699 1956 3769; x_wconf 86' lang='lat' dir='ltr'><strong>Propter</strong></span> <span class='ocrx_word' id='word_1_395' title='bbox 1987 3714 2122 3767; x_wconf 70' lang='lat' dir='ltr'><strong>pne-</strong></span> 
     </span>
    </p>
   </div>
   <div class='ocr_carea' id='block_1_66' title="bbox 548 3767 2162 3835">
    <p class='ocr_par' dir='ltr' id='par_1_66' title="bbox 548 3767 2162 3835">
     <span class='ocr_line' id='line_1_66' title="bbox 548 3767 2162 3835; baseline 0.001 -14"><span class='ocrx_word' id='word_1_396' title='bbox 548 3772 745 3826; x_wconf 88' lang='lat' dir='ltr'><strong>dictam</strong></span> <span class='ocrx_word' id='word_1_397' title='bbox 779 3767 969 3823; x_wconf 91' lang='lat' dir='ltr'><strong>summi</strong></span> <span class='ocrx_word' id='word_1_398' title='bbox 1004 3770 1126 3823; x_wconf 90' lang='lat' dir='ltr'><strong>honi</strong></span> <span class='ocrx_word' id='word_1_399' title='bbox 1162 3770 1331 3822; x_wconf 90' lang='lat' dir='ltr'><strong>ideam</strong></span> <span class='ocrx_word' id='word_1_400' title='bbox 1349 3767 1632 3835; x_wconf 91' lang='lat' dir='ltr'><strong>unicuique</strong></span> <span class='ocrx_word' id='word_1_401' title='bbox 1661 3767 2119 3833; x_wconf 71' lang='lat' dir='ltr'><strong>insitam,ratione</strong></span> <span class='ocrx_word' id='word_1_402' title='bbox 2156 3774 2162 3777; x_wconf 84' lang='grc'><strong><em>“</em></strong></span> 
     </span>
    </p>
   </div>
   <div class='ocr_carea' id='block_1_67' title="bbox 552 3838 2119 3909">
    <p class='ocr_par' dir='ltr' id='par_1_67' title="bbox 552 3838 2119 3909">
     <span class='ocr_line' id='line_1_67' title="bbox 552 3838 2119 3909; baseline -0.003 -15"><span class='ocrx_word' id='word_1_403' title='bbox 552 3844 705 3909; x_wconf 82' lang='lat' dir='ltr'><strong>cujus</strong></span> <span class='ocrx_word' id='word_1_404' title='bbox 736 3839 1000 3905; x_wconf 70' lang='lat' dir='ltr'><strong>prtedictte</strong></span> <span class='ocrx_word' id='word_1_405' title='bbox 1018 3838 1413 3909; x_wconf 80' lang='lat' dir='ltr'><strong>prapositiones</strong></span> <span class='ocrx_word' id='word_1_406' title='bbox 1436 3839 1593 3890; x_wconf 88' lang='lat' dir='ltr'><strong>fiunt:</strong></span> <span class='ocrx_word' id='word_1_407' title='bbox 1624 3850 1679 3890; x_wconf 92' lang='lat' dir='ltr'><strong>ut</strong></span> <span class='ocrx_word' id='word_1_408' title='bbox 1701 3842 1899 3909; x_wconf 70' lang='lat' dir='ltr'><strong>saepius</strong></span> <span class='ocrx_word' id='word_1_409' title='bbox 1919 3838 2119 3909; x_wconf 66' lang='lat' dir='ltr'><strong>dictum</strong></span> 
     </span>
    </p>
   </div>
   <div class='ocr_carea' id='block_1_68' title="bbox 550 3908 2121 3977">
    <p class='ocr_par' dir='ltr' id='par_1_68' title="bbox 550 3908 2121 3977">
     <span class='ocr_line' id='line_1_68' title="bbox 550 3908 2121 3977; baseline -0.002 -14"><span class='ocrx_word' id='word_1_410' title='bbox 550 3919 633 3964; x_wconf 80' lang='lat' dir='ltr'><strong>est</strong></span> <span class='ocrx_word' id='word_1_411' title='bbox 663 3929 674 3962; x_wconf 92' lang='lat'><strong>:</strong></span> <span class='ocrx_word' id='word_1_412' title='bbox 708 3925 876 3977; x_wconf 84' lang='lat' dir='ltr'><strong>usque</strong></span> <span class='ocrx_word' id='word_1_413' title='bbox 903 3910 1037 3963; x_wconf 89' lang='lat' dir='ltr'><strong>adeo</strong></span> <span class='ocrx_word' id='word_1_414' title='bbox 1075 3918 1130 3962; x_wconf 94' lang='lat' dir='ltr'><strong>ut</strong></span> <span class='ocrx_word' id='word_1_415' title='bbox 1158 3910 1209 3963; x_wconf 92' lang='lat' dir='ltr'><strong>in</strong></span> <span class='ocrx_word' id='word_1_416' title='bbox 1238 3908 1472 3973; x_wconf 77' lang='lat' dir='ltr'><strong>czetcris,</strong></span> <span class='ocrx_word' id='word_1_417' title='bbox 1502 3909 1579 3962; x_wconf 90' lang='lat' dir='ltr'><strong>sic</strong></span> <span class='ocrx_word' id='word_1_418' title='bbox 1606 3910 1656 3961; x_wconf 91' lang='lat' dir='ltr'><strong>in</strong></span> <span class='ocrx_word' id='word_1_419' title='bbox 1688 3908 1903 3963; x_wconf 92' lang='lat' dir='ltr'><strong>homine</strong></span> <span class='ocrx_word' id='word_1_420' title='bbox 1924 3908 2045 3962; x_wconf 84' lang='lat' dir='ltr'><strong>fluis</strong></span> <span class='ocrx_word' id='word_1_421' title='bbox 2058 3908 2121 3961; x_wconf 87' lang='lat' dir='ltr'><strong>ad</strong></span> 
     </span>
    </p>
   </div>
   <div class='ocr_carea' id='block_1_69' title="bbox 548 3982 1239 4034">
    <p class='ocr_par' dir='ltr' id='par_1_69' title="bbox 548 3982 1239 4034">
     <span class='ocr_line' id='line_1_69' title="bbox 548 3982 1239 4034; baseline -0.001 -3"><span class='ocrx_word' id='word_1_422' title='bbox 548 3991 721 4034; x_wconf 87' lang='lat' dir='ltr'><strong>ortum</strong></span> <span class='ocrx_word' id='word_1_423' title='bbox 752 3982 910 4034; x_wconf 87' lang='lat' dir='ltr'><strong>debet</strong></span> <span class='ocrx_word' id='word_1_424' title='bbox 938 3994 1239 4034; x_wconf 86' lang='lat' dir='ltr'><strong>recurrere.</strong></span> 
     </span>
    </p>
   </div>
   <div class='ocr_carea' id='block_1_70' title="bbox 623 4065 2125 4135">
    <p class='ocr_par' dir='ltr' id='par_1_70' title="bbox 623 4065 2125 4135">
     <span class='ocr_line' id='line_1_70' title="bbox 623 4065 2125 4135; baseline -0.002 -14"><span class='ocrx_word' id='word_1_425' title='bbox 623 4073 641 4092; x_wconf 83' lang='lat'><strong>‘</strong></span> <span class='ocrx_word' id='word_1_426' title='bbox 678 4069 828 4135; x_wconf 87' lang='lat' dir='ltr'><strong>Quod</strong></span> <span class='ocrx_word' id='word_1_427' title='bbox 851 4068 1044 4123; x_wconf 88' lang='lat' dir='ltr'><strong>dicitur</strong></span> <span class='ocrx_word' id='word_1_428' title='bbox 1068 4066 1422 4123; x_wconf 81' lang='lat' dir='ltr'><strong>Pindaricum.</strong></span> <span class='ocrx_word' id='word_1_429' title='bbox 1453 4065 1548 4120; x_wconf 85' lang='lat' dir='ltr'><strong>Est</strong></span> <span class='ocrx_word' id='word_1_430' title='bbox 1566 4074 1741 4119; x_wconf 87' lang='lat' dir='ltr'><strong>autem</strong></span> <span class='ocrx_word' id='word_1_431' title='bbox 1758 4080 1974 4121; x_wconf 88' lang='lat' dir='ltr'><strong>carmen</strong></span> <span class='ocrx_word' id='word_1_432' title='bbox 1995 4080 2125 4120; x_wconf 87' lang='lat' dir='ltr'><strong>con-</strong></span> 
     </span>
    </p>
   </div>
   <div class='ocr_carea' id='block_1_71' title="bbox 550 4137 2125 4205">
    <p class='ocr_par' dir='ltr' id='par_1_71' title="bbox 550 4137 2125 4205">
     <span class='ocr_line' id='line_1_71' title="bbox 550 4137 2125 4205; baseline -0.004 -13"><span class='ocrx_word' id='word_1_433' title='bbox 550 4149 696 4192; x_wconf 87' lang='lat' dir='ltr'><strong>stans</strong></span> <span class='ocrx_word' id='word_1_434' title='bbox 726 4155 793 4192; x_wconf 78' lang='lat' dir='ltr'><strong>ex</strong></span> <span class='ocrx_word' id='word_1_435' title='bbox 832 4153 939 4191; x_wconf 89' lang='lat' dir='ltr'><strong>uno</strong></span> <span class='ocrx_word' id='word_1_436' title='bbox 958 4152 1153 4203; x_wconf 82' lang='lat' dir='ltr'><strong>genere</strong></span> <span class='ocrx_word' id='word_1_437' title='bbox 1173 4151 1461 4201; x_wconf 86' lang='lat' dir='ltr'><strong>versuum,</strong></span> <span class='ocrx_word' id='word_1_438' title='bbox 1491 4151 1715 4205; x_wconf 90' lang='lat' dir='ltr'><strong>quorum</strong></span> <span class='ocrx_word' id='word_1_439' title='bbox 1744 4137 1966 4202; x_wconf 90' lang='lat' dir='ltr'><strong>quilibet</strong></span> <span class='ocrx_word' id='word_1_440' title='bbox 1996 4152 2125 4205; x_wconf 64' lang='lat' dir='ltr'><strong>qua.</strong></span> 
     </span>
    </p>
   </div>
   <div class='ocr_carea' id='block_1_72' title="bbox 550 4204 2126 4277">
    <p class='ocr_par' dir='ltr' id='par_1_72' title="bbox 550 4204 2126 4277">
     <span class='ocr_line' id='line_1_72' title="bbox 550 4204 2126 4277; baseline 0 -18"><span class='ocrx_word' id='word_1_441' title='bbox 550 4222 673 4262; x_wconf 84' lang='lat' dir='ltr'><strong>tuor</strong></span> <span class='ocrx_word' id='word_1_442' title='bbox 701 4209 862 4277; x_wconf 87' lang='lat' dir='ltr'><strong>pedes</strong></span> <span class='ocrx_word' id='word_1_443' title='bbox 902 4208 1094 4272; x_wconf 86' lang='lat' dir='ltr'><strong>habet,</strong></span> <span class='ocrx_word' id='word_1_444' title='bbox 1127 4207 1221 4261; x_wconf 88' lang='lat' dir='ltr'><strong>sed</strong></span> <span class='ocrx_word' id='word_1_445' title='bbox 1260 4215 1402 4259; x_wconf 87' lang='lat' dir='ltr'><strong>tanta</strong></span> <span class='ocrx_word' id='word_1_446' title='bbox 1440 4204 1683 4277; x_wconf 87' lang='lat' dir='ltr'><strong>libertate</strong></span> <span class='ocrx_word' id='word_1_447' title='bbox 1712 4204 2033 4277; x_wconf 86' lang='lat' dir='ltr'><strong>dispositos,</strong></span> <span class='ocrx_word' id='word_1_448' title='bbox 2069 4216 2126 4259; x_wconf 92' lang='grc' dir='ltr'><strong>ιιι</strong></span> 
     </span>
    </p>
   </div>
   <div class='ocr_carea' id='block_1_73' title="bbox 554 4276 2124 4347">
    <p class='ocr_par' dir='ltr' id='par_1_73' title="bbox 554 4276 2124 4347">
     <span class='ocr_line' id='line_1_73' title="bbox 554 4276 2124 4347; baseline 0.001 -18"><span class='ocrx_word' id='word_1_449' title='bbox 554 4276 922 4347; x_wconf 81' lang='lat' dir='ltr'><strong>unusquisque</strong></span> <span class='ocrx_word' id='word_1_450' title='bbox 954 4291 1091 4330; x_wconf 90' lang='lat' dir='ltr'><strong>nunc</strong></span> <span class='ocrx_word' id='word_1_451' title='bbox 1120 4277 1418 4347; x_wconf 87' lang='lat' dir='ltr'><strong>spondeus.</strong></span> <span class='ocrx_word' id='word_1_452' title='bbox 1466 4292 1608 4330; x_wconf 91' lang='lat' dir='ltr'><strong>nunc</strong></span> <span class='ocrx_word' id='word_1_453' title='bbox 1652 4276 1894 4345; x_wconf 86' lang='lat' dir='ltr'><strong>dactylus</strong></span> <span class='ocrx_word' id='word_1_454' title='bbox 1917 4316 1934 4343; x_wconf 89' lang='lat'><strong>,</strong></span> <span class='ocrx_word' id='word_1_455' title='bbox 1982 4291 2124 4330; x_wconf 94' lang='lat' dir='ltr'><strong>nunc</strong></span> 
     </span>
    </p>
   </div>
   <div class='ocr_carea' id='block_1_74' title="bbox 552 4346 1692 4417">
    <p class='ocr_par' dir='ltr' id='par_1_74' title="bbox 552 4346 1692 4417">
     <span class='ocr_line' id='line_1_74' title="bbox 552 4346 1692 4417; baseline -0.003 -16"><span class='ocrx_word' id='word_1_456' title='bbox 552 4346 872 4417; x_wconf 55' lang='lat' dir='ltr'><strong>anapaestus,</strong></span> <span class='ocrx_word' id='word_1_457' title='bbox 898 4362 1036 4400; x_wconf 89' lang='lat' dir='ltr'><strong>nunc</strong></span> <span class='ocrx_word' id='word_1_458' title='bbox 1062 4346 1326 4400; x_wconf 71' lang='lat' dir='ltr'><strong>trochaeus</strong></span> <span class='ocrx_word' id='word_1_459' title='bbox 1352 4360 1473 4400; x_wconf 79' lang='lat' dir='ltr'><strong>esse</strong></span> <span class='ocrx_word' id='word_1_460' title='bbox 1506 4347 1692 4413; x_wconf 88' lang='lat' dir='ltr'><strong>possit.</strong></span> 
     </span>
    </p>
   </div>
   <div class='ocr_carea' id='block_1_75' title="bbox 623 4435 2123 4508">
    <p class='ocr_par' dir='ltr' id='par_1_75' title="bbox 623 4435 2123 4508">
     <span class='ocr_line' id='line_1_75' title="bbox 623 4435 2123 4508; baseline -0.003 -15"><span class='ocrx_word' id='word_1_461' title='bbox 623 4441 678 4493; x_wconf 78' lang='grc'><strong>1.</strong></span> <span class='ocrx_word' id='word_1_462' title='bbox 709 4438 970 4493; x_wconf 83' lang='lat' dir='ltr'><strong>IIabenas.</strong></span> <span class='ocrx_word' id='word_1_463' title='bbox 1002 4436 1021 4508; x_wconf 88' lang='lat'><strong>]</strong></span> <span class='ocrx_word' id='word_1_464' title='bbox 1064 4438 1293 4492; x_wconf 72' lang='lat' dir='ltr'><strong>[labente</strong></span> <span class='ocrx_word' id='word_1_465' title='bbox 1331 4438 1547 4508; x_wconf 83' lang='lat' dir='ltr'><strong>proprie</strong></span> <span class='ocrx_word' id='word_1_466' title='bbox 1574 4437 1825 4508; x_wconf 87' lang='lat' dir='ltr'><strong>dicuntur</strong></span> <span class='ocrx_word' id='word_1_467' title='bbox 1853 4435 1921 4491; x_wconf 92' lang='lat' dir='ltr'><strong>de</strong></span> <span class='ocrx_word' id='word_1_468' title='bbox 1951 4437 2123 4505; x_wconf 88' lang='lat' dir='ltr'><strong>equis,</strong></span> 
     </span>
    </p>
   </div>
   <div class='ocr_carea' id='block_1_76' title="bbox 550 4505 2124 4578">
    <p class='ocr_par' dir='ltr' id='par_1_76' title="bbox 550 4505 2124 4578">
     <span class='ocr_line' id='line_1_76' title="bbox 550 4505 2124 4578; baseline -0.003 -16"><span class='ocrx_word' id='word_1_469' title='bbox 550 4510 751 4578; x_wconf 82' lang='lat' dir='ltr'><strong>quippe</strong></span> <span class='ocrx_word' id='word_1_470' title='bbox 775 4524 907 4577; x_wconf 88' lang='lat' dir='ltr'><strong>quos</strong></span> <span class='ocrx_word' id='word_1_471' title='bbox 938 4505 1021 4560; x_wconf 74' lang='lat' dir='ltr'><strong>his</strong></span> <span class='ocrx_word' id='word_1_472' title='bbox 1044 4509 1407 4562; x_wconf 72' lang='lat' dir='ltr'><strong>instrumentis</strong></span> <span class='ocrx_word' id='word_1_473' title='bbox 1434 4507 1506 4578; x_wconf 17' lang='lat' dir='ltr'><strong>ad,</strong></span> <span class='ocrx_word' id='word_1_474' title='bbox 1526 4515 1709 4578; x_wconf 81' lang='lat' dir='ltr'><strong>nutum</strong></span> <span class='ocrx_word' id='word_1_475' title='bbox 1729 4505 1987 4578; x_wconf 82' lang='lat' dir='ltr'><strong>habemus</strong></span> <span class='ocrx_word' id='word_1_476' title='bbox 2017 4518 2124 4559; x_wconf 89' lang='lat' dir='ltr'><strong>tra-</strong></span> 
     </span>
    </p>
   </div>
   <div class='ocr_carea' id='block_1_77' title="bbox 552 4589 885 4645">
    <p class='ocr_par' dir='ltr' id='par_1_77' title="bbox 552 4589 885 4645">
     <span class='ocr_line' id='line_1_77' title="bbox 552 4589 885 4645; baseline 0.018 -18"><span class='ocrx_word' id='word_1_477' title='bbox 552 4589 885 4645; x_wconf 74' lang='lat' dir='ltr'><strong>ctamusque.</strong></span> 
     </span>
    </p>
   </div>
   <div class='ocr_carea' id='block_1_78' title="bbox 554 4646 2117 4712">
    <p class='ocr_par' dir='ltr' id='par_1_78' title="bbox 554 4646 2117 4712">
     <span class='ocr_line' id='line_1_78' title="bbox 554 4646 2117 4712; baseline -0.002 -10"><span class='ocrx_word' id='word_1_478' title='bbox 554 4649 852 4712; x_wconf 84' lang='lat' dir='ltr'><strong>flectantur,</strong></span> <span class='ocrx_word' id='word_1_479' title='bbox 898 4647 1090 4701; x_wconf 91' lang='lat' dir='ltr'><strong>factum</strong></span> <span class='ocrx_word' id='word_1_480' title='bbox 1118 4657 1197 4701; x_wconf 87' lang='lat' dir='ltr'><strong>est</strong></span> <span class='ocrx_word' id='word_1_481' title='bbox 1225 4658 1281 4700; x_wconf 91' lang='grc' dir='ltr'><strong>ιιι</strong></span> <span class='ocrx_word' id='word_1_482' title='bbox 1318 4646 1538 4699; x_wconf 70' lang='lat' dir='ltr'><strong>habenae</strong></span> <span class='ocrx_word' id='word_1_483' title='bbox 1565 4646 1813 4700; x_wconf 88' lang='lat' dir='ltr'><strong>dicantur</strong></span> <span class='ocrx_word' id='word_1_484' title='bbox 1853 4646 2011 4698; x_wconf 88' lang='lat' dir='ltr'><strong>modo</strong></span> <span class='ocrx_word' id='word_1_485' title='bbox 2050 4646 2117 4699; x_wconf 79' lang='lat' dir='ltr'><strong>de</strong></span> 
     </span>
    </p>
   </div>
   <div class='ocr_carea' id='block_1_79' title="bbox 554 4715 2119 4787">
    <p class='ocr_par' dir='ltr' id='par_1_79' title="bbox 554 4715 2119 4787">
     <span class='ocr_line' id='line_1_79' title="bbox 554 4715 2119 4787; baseline -0.001 -18"><span class='ocrx_word' id='word_1_486' title='bbox 554 4719 790 4787; x_wconf 76' lang='lat' dir='ltr'><strong>legibus,</strong></span> <span class='ocrx_word' id='word_1_487' title='bbox 821 4717 1015 4785; x_wconf 90' lang='lat' dir='ltr'><strong>quibus</strong></span> <span class='ocrx_word' id='word_1_488' title='bbox 1046 4732 1132 4771; x_wconf 90' lang='lat' dir='ltr'><strong>res</strong></span> <span class='ocrx_word' id='word_1_489' title='bbox 1158 4731 1373 4787; x_wconf 59' lang='lat' dir='ltr'><strong>cetera:</strong></span> <span class='ocrx_word' id='word_1_490' title='bbox 1398 4731 1670 4785; x_wconf 80' lang='lat' dir='ltr'><strong>reguntur;</strong></span> <span class='ocrx_word' id='word_1_491' title='bbox 1702 4715 1860 4787; x_wconf 86' lang='lat' dir='ltr'><strong>modo</strong></span> <span class='ocrx_word' id='word_1_492' title='bbox 1886 4716 1954 4787; x_wconf 90' lang='lat' dir='ltr'><strong>de</strong></span> <span class='ocrx_word' id='word_1_493' title='bbox 1988 4716 2119 4783; x_wconf 87' lang='lat' dir='ltr'><strong>ipsis</strong></span> 
     </span>
    </p>
   </div>
   <div class='ocr_carea' id='block_1_80' title="bbox 555 4786 2119 4854">
    <p class='ocr_par' dir='ltr' id='par_1_80' title="bbox 555 4786 2119 4854">
     <span class='ocr_line' id='line_1_80' title="bbox 555 4786 2119 4854; baseline -0.003 -15"><span class='ocrx_word' id='word_1_494' title='bbox 555 4786 731 4841; x_wconf 86' lang='lat' dir='ltr'><strong>rerum</strong></span> <span class='ocrx_word' id='word_1_495' title='bbox 765 4788 1214 4848; x_wconf 78' lang='lat' dir='ltr'><strong>inclinationibus,</strong></span> <span class='ocrx_word' id='word_1_496' title='bbox 1271 4786 1461 4854; x_wconf 82' lang='lat' dir='ltr'><strong>quibus</strong></span> <span class='ocrx_word' id='word_1_497' title='bbox 1490 4796 1740 4853; x_wconf 85' lang='lat' dir='ltr'><strong>tanquam</strong></span> <span class='ocrx_word' id='word_1_498' title='bbox 1788 4786 1991 4848; x_wconf 81' lang='lat' dir='ltr'><strong>frenis,</strong></span> <span class='ocrx_word' id='word_1_499' title='bbox 2036 4799 2119 4837; x_wconf 89' lang='lat' dir='ltr'><strong>res</strong></span> 
     </span>
    </p>
   </div>
   <div class='ocr_carea' id='block_1_81' title="bbox 554 4855 2120 4922">
    <p class='ocr_par' dir='ltr' id='par_1_81' title="bbox 554 4855 2120 4922">
     <span class='ocr_line' id='line_1_81' title="bbox 554 4855 2120 4922; baseline -0.001 -14"><span class='ocrx_word' id='word_1_500' title='bbox 554 4862 686 4922; x_wconf 70' lang='lat' dir='ltr'><strong>Ipsae</strong></span> <span class='ocrx_word' id='word_1_501' title='bbox 713 4857 1018 4912; x_wconf 81' lang='lat' dir='ltr'><strong>flectuntur.</strong></span> <span class='ocrx_word' id='word_1_502' title='bbox 1063 4858 1151 4911; x_wconf 83' lang='lat' dir='ltr'><strong>Sic</strong></span> <span class='ocrx_word' id='word_1_503' title='bbox 1180 4857 1406 4921; x_wconf 86' lang='lat' dir='ltr'><strong>Tullius,</strong></span> <span class='ocrx_word' id='word_1_504' title='bbox 1440 4855 1508 4909; x_wconf 89' lang='lat' dir='ltr'><strong>de</strong></span> <span class='ocrx_word' id='word_1_505' title='bbox 1542 4856 1741 4916; x_wconf 83' lang='lat' dir='ltr'><strong>Amic.,</strong></span> <span class='ocrx_word' id='word_1_506' title='bbox 1768 4855 2120 4908; x_wconf 73' lang='lat' dir='ltr'><strong>commodissi-</strong></span> 
     </span>
    </p>
   </div>
   <div class='ocr_carea' id='block_1_82' title="bbox 556 4924 2121 4994">
    <p class='ocr_par' dir='ltr' id='par_1_82' title="bbox 556 4924 2121 4994">
     <span class='ocr_line' id='line_1_82' title="bbox 556 4924 2121 4994; baseline -0.001 -17"><span class='ocrx_word' id='word_1_507' title='bbox 556 4942 694 4979; x_wconf 86' lang='lat' dir='ltr'><strong>mum</strong></span> <span class='ocrx_word' id='word_1_508' title='bbox 722 4936 813 4988; x_wconf 87' lang='lat' dir='ltr'><strong>est,</strong></span> <span class='ocrx_word' id='word_1_509' title='bbox 846 4928 1037 4994; x_wconf 87' lang='lat' dir='ltr'><strong>inquit,</strong></span> <span class='ocrx_word' id='word_1_510' title='bbox 1060 4943 1211 4993; x_wconf 88' lang='lat' dir='ltr'><strong>quam</strong></span> <span class='ocrx_word' id='word_1_511' title='bbox 1235 4927 1522 4978; x_wconf 74' lang='lat' dir='ltr'><strong>laxissimas</strong></span> <span class='ocrx_word' id='word_1_512' title='bbox 1543 4925 1761 4977; x_wconf 86' lang='lat' dir='ltr'><strong>habenas</strong></span> <span class='ocrx_word' id='word_1_513' title='bbox 1790 4924 1973 4977; x_wconf 84' lang='lat' dir='ltr'><strong>habere</strong></span> <span class='ocrx_word' id='word_1_514' title='bbox 1991 4925 2121 4975; x_wconf 87' lang='lat' dir='ltr'><strong>ami-</strong></span> 
     </span>
    </p>
   </div>
   <div class='ocr_carea' id='block_1_83' title="bbox 555 4994 2120 5060">
    <p class='ocr_par' dir='ltr' id='par_1_83' title="bbox 555 4994 2120 5060">
     <span class='ocr_line' id='line_1_83' title="bbox 555 4994 2120 5060; baseline -0.001 -14"><span class='ocrx_word' id='word_1_515' title='bbox 555 4997 691 5048; x_wconf 69' lang='lat' dir='ltr'><strong>citia</strong></span> <span class='ocrx_word' id='word_1_516' title='bbox 710 5035 726 5060; x_wconf 90' lang='lat'><strong>,</strong></span> <span class='ocrx_word' id='word_1_517' title='bbox 769 5012 895 5060; x_wconf 89' lang='lat' dir='ltr'><strong>quas</strong></span> <span class='ocrx_word' id='word_1_518' title='bbox 923 4996 998 5047; x_wconf 83' lang='lat' dir='ltr'><strong>uel</strong></span> <span class='ocrx_word' id='word_1_519' title='bbox 1024 4997 1252 5048; x_wconf 83' lang='lat' dir='ltr'><strong>adducas</strong></span> <span class='ocrx_word' id='word_1_520' title='bbox 1280 5011 1393 5047; x_wconf 90' lang='lat' dir='ltr'><strong>cum</strong></span> <span class='ocrx_word' id='word_1_521' title='bbox 1417 4996 1539 5046; x_wconf 83' lang='lat' dir='ltr'><strong>velis</strong></span> <span class='ocrx_word' id='word_1_522' title='bbox 1563 5037 1577 5059; x_wconf 88' lang='lat'><strong>,</strong></span> <span class='ocrx_word' id='word_1_523' title='bbox 1626 4996 1702 5046; x_wconf 79' lang='lat' dir='ltr'><strong>uel</strong></span> <span class='ocrx_word' id='word_1_524' title='bbox 1728 5000 1967 5047; x_wconf 84' lang='lat' dir='ltr'><strong>remittas.</strong></span> <span class='ocrx_word' id='word_1_525' title='bbox 2030 4994 2120 5046; x_wconf 88' lang='lat' dir='ltr'><strong>Sic</strong></span> 
     </span>
    </p>
   </div>
   <div class='ocr_carea' id='block_1_84' title="bbox 559 5065 1531 5129">
    <p class='ocr_par' dir='ltr' id='par_1_84' title="bbox 559 5065 1531 5129">
     <span class='ocr_line' id='line_1_84' title="bbox 559 5065 1531 5129; baseline -0.001 -12"><span class='ocrx_word' id='word_1_526' title='bbox 559 5065 720 5118; x_wconf 85' lang='lat' dir='ltr'><strong>etiam</strong></span> <span class='ocrx_word' id='word_1_527' title='bbox 755 5065 898 5129; x_wconf 81' lang='lat' dir='ltr'><strong>Virg.</strong></span> <span class='ocrx_word' id='word_1_528' title='bbox 928 5065 1143 5119; x_wconf 66' lang='lat' dir='ltr'><strong>Aineid.</strong></span> <span class='ocrx_word' id='word_1_529' title='bbox 1179 5081 1271 5129; x_wconf 86' lang='lat' dir='ltr'><strong>xu,</strong></span> <span class='ocrx_word' id='word_1_530' title='bbox 1305 5080 1355 5116; x_wconf 92' lang='lat' dir='ltr'><strong>v.</strong></span> <span class='ocrx_word' id='word_1_531' title='bbox 1385 5065 1531 5117; x_wconf 68' lang='lat'><strong>498:</strong></span> 
     </span>
    </p>
   </div>
   <div class='ocr_carea' id='block_1_85' title="bbox 680 5153 1792 5204">
    <p class='ocr_par' dir='ltr' id='par_1_85' title="bbox 680 5153 1792 5204">
     <span class='ocr_line' id='line_1_85' title="bbox 680 5153 1792 5204; baseline -0.001 -2"><span class='ocrx_word' id='word_1_532' title='bbox 680 5154 939 5203; x_wconf 85' lang='lat' dir='ltr'><strong>Terribilis</strong></span> <span class='ocrx_word' id='word_1_533' title='bbox 956 5169 1130 5203; x_wconf 68' lang='lat' dir='ltr'><strong>saevam</strong></span> <span class='ocrx_word' id='word_1_534' title='bbox 1154 5155 1285 5204; x_wconf 88' lang='lat' dir='ltr'><strong>nullo</strong></span> <span class='ocrx_word' id='word_1_535' title='bbox 1310 5156 1587 5204; x_wconf 78' lang='lat' dir='ltr'><strong>discrimine</strong></span> <span class='ocrx_word' id='word_1_536' title='bbox 1610 5153 1792 5203; x_wconf 68' lang='lat' dir='ltr'><strong>caedem</strong></span> 
     </span>
    </p>
   </div>
   <div class='ocr_carea' id='block_1_86' title="bbox 678 5215 1887 5278">
    <p class='ocr_par' dir='ltr' id='par_1_86' title="bbox 678 5215 1887 5278">
     <span class='ocr_line' id='line_1_86' title="bbox 678 5215 1887 5278; baseline -0.002 -12"><span class='ocrx_word' id='word_1_537' title='bbox 678 5216 906 5273; x_wconf 67' lang='lat' dir='ltr'><strong>Suscita,</strong></span> <span class='ocrx_word' id='word_1_538' title='bbox 937 5218 1209 5278; x_wconf 87' lang='lat' dir='ltr'><strong>irarumque</strong></span> <span class='ocrx_word' id='word_1_539' title='bbox 1230 5229 1400 5265; x_wconf 88' lang='lat' dir='ltr'><strong>omnes</strong></span> <span class='ocrx_word' id='word_1_540' title='bbox 1425 5215 1627 5265; x_wconf 82' lang='lat' dir='ltr'><strong>ell&#39;undit</strong></span> <span class='ocrx_word' id='word_1_541' title='bbox 1651 5216 1887 5263; x_wconf 86' lang='lat' dir='ltr'><strong>habenas.</strong></span> 
     </span>
    </p>
   </div>
   <div class='ocr_carea' id='block_1_87' title="bbox 625 5298 2129 5370">
    <p class='ocr_par' dir='ltr' id='par_1_87' title="bbox 625 5298 2129 5370">
     <span class='ocr_line' id='line_1_87' title="bbox 625 5298 2129 5370; baseline 0 -19"><span class='ocrx_word' id='word_1_542' title='bbox 625 5300 682 5352; x_wconf 78' lang='lat'><strong>2.</strong></span> <span class='ocrx_word' id='word_1_543' title='bbox 728 5298 932 5353; x_wconf 87' lang='lat' dir='ltr'><strong>Natura</strong></span> <span class='ocrx_word' id='word_1_544' title='bbox 954 5310 1147 5370; x_wconf 83' lang='lat' dir='ltr'><strong>potens.</strong></span> <span class='ocrx_word' id='word_1_545' title='bbox 1183 5298 1462 5370; x_wconf 15' lang='lat' dir='ltr'><strong>]7Natur.t,</strong></span> <span class='ocrx_word' id='word_1_546' title='bbox 1492 5299 1631 5367; x_wconf 90' lang='lat' dir='ltr'><strong>quod</strong></span> <span class='ocrx_word' id='word_1_547' title='bbox 1670 5298 1878 5370; x_wconf 86' lang='lat' dir='ltr'><strong>dicatur</strong></span> <span class='ocrx_word' id='word_1_548' title='bbox 1901 5314 1931 5370; x_wconf 74' lang='grc' dir='ltr'><strong>ιι</strong></span> <span class='ocrx_word' id='word_1_549' title='bbox 1968 5299 2129 5363; x_wconf 87' lang='lat' dir='ltr'><strong>nasci,</strong></span> 
     </span>
    </p>
   </div>
   <div class='ocr_carea' id='block_1_88' title="bbox 561 5368 2131 5438">
    <p class='ocr_par' dir='ltr' id='par_1_88' title="bbox 561 5368 2131 5438">
     <span class='ocr_line' id='line_1_88' title="bbox 561 5368 2131 5438; baseline -0.001 -16"><span class='ocrx_word' id='word_1_550' title='bbox 561 5370 700 5424; x_wconf 89' lang='lat' dir='ltr'><strong>idem</strong></span> <span class='ocrx_word' id='word_1_551' title='bbox 723 5379 805 5423; x_wconf 86' lang='lat' dir='ltr'><strong>est</strong></span> <span class='ocrx_word' id='word_1_552' title='bbox 833 5369 973 5438; x_wconf 87' lang='lat' dir='ltr'><strong>quod</strong></span> <span class='ocrx_word' id='word_1_553' title='bbox 1010 5368 1323 5438; x_wconf 81' lang='lat' dir='ltr'><strong>principium</strong></span> <span class='ocrx_word' id='word_1_554' title='bbox 1359 5386 1371 5421; x_wconf 94' lang='lat'>:</span> <span class='ocrx_word' id='word_1_555' title='bbox 1416 5384 1580 5437; x_wconf 90' lang='lat' dir='ltr'><strong>quare</strong></span> <span class='ocrx_word' id='word_1_556' title='bbox 1610 5378 1668 5427; x_wconf 89' lang='lat' dir='ltr'><strong>ut</strong></span> <span class='ocrx_word' id='word_1_557' title='bbox 1709 5368 2025 5437; x_wconf 86' lang='lat' dir='ltr'><strong>principium</strong></span> <span class='ocrx_word' id='word_1_558' title='bbox 2055 5369 2131 5421; x_wconf 89' lang='lat' dir='ltr'><strong>sic</strong></span> 
     </span>
    </p>
   </div>
   <div class='ocr_carea' id='block_1_89' title="bbox 560 5438 2130 5511">
    <p class='ocr_par' dir='ltr' id='par_1_89' title="bbox 560 5438 2130 5511">
     <span class='ocr_line' id='line_1_89' title="bbox 560 5438 2130 5511; baseline -0.001 -19"><span class='ocrx_word' id='word_1_559' title='bbox 560 5452 746 5492; x_wconf 88' lang='lat' dir='ltr'><strong>natura</strong></span> <span class='ocrx_word' id='word_1_560' title='bbox 776 5439 1085 5511; x_wconf 87' lang='lat' dir='ltr'><strong>multiplicis</strong></span> <span class='ocrx_word' id='word_1_561' title='bbox 1110 5438 1341 5511; x_wconf 77' lang='lat' dir='ltr'><strong>generis.</strong></span> <span class='ocrx_word' id='word_1_562' title='bbox 1374 5438 1469 5511; x_wconf 74' lang='lat' dir='ltr'><strong>llic</strong></span> <span class='ocrx_word' id='word_1_563' title='bbox 1503 5439 1640 5492; x_wconf 84' lang='lat' dir='ltr'><strong>Deus</strong></span> <span class='ocrx_word' id='word_1_564' title='bbox 1670 5447 1750 5493; x_wconf 84' lang='lat' dir='ltr'><strong>est</strong></span> <span class='ocrx_word' id='word_1_565' title='bbox 1769 5454 1841 5511; x_wconf 21' lang='grc' dir='ltr'>,λιι</span> <span class='ocrx_word' id='word_1_566' title='bbox 1882 5438 2130 5511; x_wconf 86' lang='lat' dir='ltr'><strong>quo_pri-</strong></span> 
     </span>
    </p>
   </div>
   <div class='ocr_carea' id='block_1_90' title="bbox 562 5508 2131 5576">
    <p class='ocr_par' dir='ltr' id='par_1_90' title="bbox 562 5508 2131 5576">
     <span class='ocr_line' id='line_1_90' title="bbox 562 5508 2131 5576; baseline -0.001 -15"><span class='ocrx_word' id='word_1_567' title='bbox 562 5524 666 5562; x_wconf 70' lang='lat' dir='ltr'><strong>inte</strong></span> <span class='ocrx_word' id='word_1_568' title='bbox 696 5525 877 5562; x_wconf 90' lang='lat' dir='ltr'><strong>rerum</strong></span> <span class='ocrx_word' id='word_1_569' title='bbox 909 5510 1144 5562; x_wconf 90' lang='lat' dir='ltr'><strong>omnittm</strong></span> <span class='ocrx_word' id='word_1_570' title='bbox 1173 5508 1561 5572; x_wconf 85' lang='lat' dir='ltr'><strong>inclinationes,</strong></span> <span class='ocrx_word' id='word_1_571' title='bbox 1589 5516 1646 5560; x_wconf 88' lang='grc' dir='ltr'><strong>ιιι</strong></span> <span class='ocrx_word' id='word_1_572' title='bbox 1671 5523 1699 5559; x_wconf 90' lang='lat' dir='ltr'><strong>a</strong></span> <span class='ocrx_word' id='word_1_573' title='bbox 1725 5508 1895 5572; x_wconf 87' lang='lat' dir='ltr'><strong>primo</strong></span> <span class='ocrx_word' id='word_1_574' title='bbox 1914 5508 2131 5576; x_wconf 85' lang='lat' dir='ltr'><strong>princi-</strong></span> 
     </span>
    </p>
   </div>
   <div class='ocr_carea' id='block_1_91' title="bbox 562 5577 2129 5645">
    <p class='ocr_par' dir='ltr' id='par_1_91' title="bbox 562 5577 2129 5645">
     <span class='ocr_line' id='line_1_91' title="bbox 562 5577 2129 5645; baseline -0.001 -15"><span class='ocrx_word' id='word_1_575' title='bbox 562 5578 651 5643; x_wconf 91' lang='lat' dir='ltr'><strong>pio</strong></span> <span class='ocrx_word' id='word_1_576' title='bbox 691 5581 954 5636; x_wconf 89' lang='lat' dir='ltr'><strong>oriuntur.</strong></span> <span class='ocrx_word' id='word_1_577' title='bbox 1004 5580 1093 5633; x_wconf 78' lang='lat' dir='ltr'><strong>Sic</strong></span> <span class='ocrx_word' id='word_1_578' title='bbox 1123 5578 1328 5630; x_wconf 83' lang='lat' dir='ltr'><strong>Tullius</strong></span> <span class='ocrx_word' id='word_1_579' title='bbox 1375 5594 1433 5645; x_wconf 84' lang='lat' dir='ltr'><strong>ll,</strong></span> <span class='ocrx_word' id='word_1_580' title='bbox 1465 5578 1533 5631; x_wconf 88' lang='lat' dir='ltr'><strong>de</strong></span> <span class='ocrx_word' id='word_1_581' title='bbox 1561 5577 1678 5630; x_wconf 86' lang='lat' dir='ltr'><strong>Nat.</strong></span> <span class='ocrx_word' id='word_1_582' title='bbox 1703 5578 1870 5632; x_wconf 86' lang='lat' dir='ltr'><strong>deor:</strong></span> <span class='ocrx_word' id='word_1_583' title='bbox 1904 5577 2129 5639; x_wconf 85' lang='lat' dir='ltr'><strong>Natura,</strong></span> 
     </span>
    </p>
   </div>
   <div class='ocr_carea' id='block_1_92' title="bbox 563 5647 2134 5719">
    <p class='ocr_par' dir='ltr' id='par_1_92' title="bbox 563 5647 2134 5719">
     <span class='ocr_line' id='line_1_92' title="bbox 563 5647 2134 5719; baseline 0.001 -19"><span class='ocrx_word' id='word_1_584' title='bbox 563 5647 763 5715; x_wconf 88' lang='lat' dir='ltr'><strong>inquit,</strong></span> <span class='ocrx_word' id='word_1_585' title='bbox 806 5659 1073 5719; x_wconf 19' lang='lat' dir='ltr'><strong>est,,qute</strong></span> <span class='ocrx_word' id='word_1_586' title='bbox 1102 5649 1353 5701; x_wconf 86' lang='lat' dir='ltr'><strong>contineat</strong></span> <span class='ocrx_word' id='word_1_587' title='bbox 1394 5648 1635 5700; x_wconf 84' lang='lat' dir='ltr'><strong>mundum</strong></span> <span class='ocrx_word' id='word_1_588' title='bbox 1668 5663 1867 5701; x_wconf 86' lang='lat' dir='ltr'><strong>omnem</strong></span> <span class='ocrx_word' id='word_1_589' title='bbox 1920 5664 2134 5717; x_wconf 81' lang='lat' dir='ltr'><strong>eumque</strong></span> 
     </span>
    </p>
   </div>
   <div class='ocr_carea' id='block_1_93' title="bbox 564 5718 1294 5772">
    <p class='ocr_par' dir='ltr' id='par_1_93' title="bbox 564 5718 1294 5772">
     <span class='ocr_line' id='line_1_93' title="bbox 564 5718 1294 5772; baseline 0.001 -2"><span class='ocrx_word' id='word_1_590' title='bbox 564 5727 785 5771; x_wconf 66' lang='lat' dir='ltr'><strong>liceatur.</strong></span> <span class='ocrx_word' id='word_1_591' title='bbox 812 5719 899 5771; x_wconf 88' lang='lat' dir='ltr'><strong>Sic</strong></span> <span class='ocrx_word' id='word_1_592' title='bbox 925 5718 1137 5772; x_wconf 79' lang='lat' dir='ltr'><strong>Lucret.</strong></span> <span class='ocrx_word' id='word_1_593' title='bbox 1173 5720 1204 5769; x_wconf 92' lang='grc' dir='ltr'><strong>Ι.</strong></span> <span class='ocrx_word' id='word_1_594' title='bbox 1239 5733 1253 5771; x_wconf 89' lang='lat' dir='ltr'><strong>t</strong></span> <span class='ocrx_word' id='word_1_595' title='bbox 1281 5735 1294 5770; x_wconf 88' lang='lat'><strong>:</strong></span> 
     </span>
    </p>
   </div>
   <div class='ocr_carea' id='block_1_94' title="bbox 688 5806 1883 5878">
    <p class='ocr_par' dir='ltr' id='par_1_94' title="bbox 688 5806 1883 5878">
     <span class='ocr_line' id='line_1_94' title="bbox 688 5806 1883 5878; baseline -0.005 -19"><span class='ocrx_word' id='word_1_596' title='bbox 688 5806 913 5875; x_wconf 66' lang='lat' dir='ltr'><strong>Denique</strong></span> <span class='ocrx_word' id='word_1_597' title='bbox 936 5809 981 5867; x_wconf 79' lang='lat' dir='ltr'><strong>ni</strong></span> <span class='ocrx_word' id='word_1_598' title='bbox 1004 5810 1219 5857; x_wconf 79' lang='lat' dir='ltr'><strong>minimas</strong></span> <span class='ocrx_word' id='word_1_599' title='bbox 1239 5812 1285 5858; x_wconf 89' lang='lat' dir='ltr'><strong>in</strong></span> <span class='ocrx_word' id='word_1_600' title='bbox 1306 5817 1479 5878; x_wconf 66' lang='lat' dir='ltr'><strong>partes</strong></span> <span class='ocrx_word' id='word_1_601' title='bbox 1515 5815 1684 5857; x_wconf 81' lang='lat' dir='ltr'><strong>cuncta</strong></span> <span class='ocrx_word' id='word_1_602' title='bbox 1710 5807 1883 5856; x_wconf 82' lang='lat' dir='ltr'><strong>resolvi</strong></span> 
     </span>
    </p>
   </div>
   <div class='ocr_carea' id='block_1_95' title="bbox 925 4575 2199 4645">
    <p class='ocr_par' dir='ltr' id='par_1_95' title="bbox 925 4575 2199 4645">
     <span class='ocr_line' id='line_1_95' title="bbox 925 4575 2199 4645; baseline 0.002 -15"><span class='ocrx_word' id='word_1_603' title='bbox 925 4579 1076 4644; x_wconf 85' lang='lat' dir='ltr'><strong>Quod</strong></span> <span class='ocrx_word' id='word_1_604' title='bbox 1108 4587 1285 4631; x_wconf 89' lang='lat' dir='ltr'><strong>autem</strong></span> <span class='ocrx_word' id='word_1_605' title='bbox 1328 4579 1447 4645; x_wconf 89' lang='lat' dir='ltr'><strong>equi</strong></span> <span class='ocrx_word' id='word_1_606' title='bbox 1496 4576 1717 4630; x_wconf 88' lang='lat' dir='ltr'><strong>habenis</strong></span> <span class='ocrx_word' id='word_1_607' title='bbox 1750 4576 1854 4629; x_wconf 92' lang='lat' dir='ltr'><strong>huc</strong></span> <span class='ocrx_word' id='word_1_608' title='bbox 1891 4576 2121 4643; x_wconf 89' lang='lat' dir='ltr'><strong>illucque</strong></span> <span class='ocrx_word' id='word_1_609' title='bbox 2152 4575 2199 4633; x_wconf 83' lang='grc' dir='ltr'><strong>Ι)</strong></span> 
     </span>
    </p>
   </div>
   <div class='ocr_carea' id='block_1_96' title="bbox 2339 3004 3483 3066">
    <p class='ocr_par' dir='ltr' id='par_1_96' title="bbox 2339 3004 3483 3066">
     <span class='ocr_line' id='line_1_96' title="bbox 2339 3004 3483 3066; baseline -0.002 -11"><span class='ocrx_word' id='word_1_610' title='bbox 2339 3004 2529 3066; x_wconf 85' lang='lat' dir='ltr'><strong>Cogere</strong></span> <span class='ocrx_word' id='word_1_611' title='bbox 2552 3011 2838 3057; x_wconf 85' lang='lat' dir='ltr'><strong>consuesset</strong></span> <span class='ocrx_word' id='word_1_612' title='bbox 2857 3018 3024 3055; x_wconf 86' lang='lat' dir='ltr'><strong>rerum</strong></span> <span class='ocrx_word' id='word_1_613' title='bbox 3047 3015 3220 3053; x_wconf 82' lang='lat' dir='ltr'><strong>natura</strong></span> <span class='ocrx_word' id='word_1_614' title='bbox 3247 3013 3483 3055; x_wconf 77' lang='lat' dir='ltr'><strong>creatrix.</strong></span> 
     </span>
    </p>
   </div>
   <div class='ocr_carea' id='block_1_97' title="bbox 2285 3087 3790 3161">
    <p class='ocr_par' dir='ltr' id='par_1_97' title="bbox 2285 3087 3790 3161">
     <span class='ocr_line' id='line_1_97' title="bbox 2285 3087 3790 3161; baseline -0.001 -19"><span class='ocrx_word' id='word_1_615' title='bbox 2285 3090 2353 3161; x_wconf 73' lang='lat'><strong>2.</strong></span> <span class='ocrx_word' id='word_1_616' title='bbox 2384 3089 2579 3155; x_wconf 82' lang='lat' dir='ltr'><strong>Quibus</strong></span> <span class='ocrx_word' id='word_1_617' title='bbox 2612 3091 2827 3161; x_wconf 78' lang='lat' dir='ltr'><strong>legibus.</strong></span> <span class='ocrx_word' id='word_1_618' title='bbox 2862 3089 2883 3160; x_wconf 82' lang='lat'>]</span> <span class='ocrx_word' id='word_1_619' title='bbox 2933 3089 3001 3144; x_wconf 86' lang='lat' dir='ltr'><strong>Ut</strong></span> <span class='ocrx_word' id='word_1_620' title='bbox 3029 3091 3173 3161; x_wconf 86' lang='lat' dir='ltr'><strong>enim</strong></span> <span class='ocrx_word' id='word_1_621' title='bbox 3209 3090 3517 3161; x_wconf 79' lang='lat' dir='ltr'><strong>corporibus</strong></span> <span class='ocrx_word' id='word_1_622' title='bbox 3556 3087 3632 3161; x_wconf 91' lang='lat' dir='ltr'><strong>ad_</strong></span> <span class='ocrx_word' id='word_1_623' title='bbox 3673 3102 3790 3141; x_wconf 78' lang='lat' dir='ltr'><strong>mo-</strong></span> 
     </span>
    </p>
   </div>
   <div class='ocr_carea' id='block_1_98' title="bbox 2221 3157 3785 3228">
    <p class='ocr_par' dir='ltr' id='par_1_98' title="bbox 2221 3157 3785 3228">
     <span class='ocr_line' id='line_1_98' title="bbox 2221 3157 3785 3228; baseline 0 -18"><span class='ocrx_word' id='word_1_624' title='bbox 2221 3160 2471 3223; x_wconf 84' lang='lat' dir='ltr'><strong>vendum,</strong></span> <span class='ocrx_word' id='word_1_625' title='bbox 2506 3164 2583 3214; x_wconf 89' lang='lat' dir='ltr'><strong>sic</strong></span> <span class='ocrx_word' id='word_1_626' title='bbox 2598 3157 2879 3215; x_wconf 71' lang='lat' dir='ltr'><strong>mentibus</strong></span> <span class='ocrx_word' id='word_1_627' title='bbox 2890 3162 2953 3212; x_wconf 90' lang='lat' dir='ltr'><strong>ad</strong></span> <span class='ocrx_word' id='word_1_628' title='bbox 2977 3159 3314 3228; x_wconf 81' lang='lat' dir='ltr'><strong>cogitandum</strong></span> <span class='ocrx_word' id='word_1_629' title='bbox 3334 3174 3444 3212; x_wconf 73' lang='lat' dir='ltr'><strong>suze</strong></span> <span class='ocrx_word' id='word_1_630' title='bbox 3472 3166 3597 3212; x_wconf 90' lang='lat' dir='ltr'><strong>sunt</strong></span> <span class='ocrx_word' id='word_1_631' title='bbox 3621 3157 3785 3225; x_wconf 86' lang='lat' dir='ltr'><strong>leges,</strong></span> 
     </span>
    </p>
   </div>
   <div class='ocr_carea' id='block_1_99' title="bbox 2220 3229 3792 3298">
    <p class='ocr_par' dir='ltr' id='par_1_99' title="bbox 2220 3229 3792 3298">
     <span class='ocr_line' id='line_1_99' title="bbox 2220 3229 3792 3298; baseline -0.001 -17"><span class='ocrx_word' id='word_1_632' title='bbox 2220 3230 2288 3282; x_wconf 91' lang='lat' dir='ltr'><strong>ab</strong></span> <span class='ocrx_word' id='word_1_633' title='bbox 2316 3245 2402 3291; x_wconf 85' lang='lat' dir='ltr'><strong>eo,</strong></span> <span class='ocrx_word' id='word_1_634' title='bbox 2427 3245 2454 3281; x_wconf 89' lang='lat' dir='ltr'><strong>a</strong></span> <span class='ocrx_word' id='word_1_635' title='bbox 2483 3246 2586 3298; x_wconf 81' lang='lat' dir='ltr'><strong>quo</strong></span> <span class='ocrx_word' id='word_1_636' title='bbox 2614 3246 2700 3284; x_wconf 88' lang='lat' dir='ltr'><strong>res</strong></span> <span class='ocrx_word' id='word_1_637' title='bbox 2731 3231 2847 3283; x_wconf 74' lang='lat' dir='ltr'><strong>ista:</strong></span> <span class='ocrx_word' id='word_1_638' title='bbox 2877 3230 3073 3283; x_wconf 87' lang='lat' dir='ltr'><strong>habent</strong></span> <span class='ocrx_word' id='word_1_639' title='bbox 3114 3229 3342 3295; x_wconf 88' lang='lat' dir='ltr'><strong>primum</strong></span> <span class='ocrx_word' id='word_1_640' title='bbox 3389 3236 3446 3281; x_wconf 91' lang='lat' dir='ltr'><strong>ut</strong></span> <span class='ocrx_word' id='word_1_641' title='bbox 3475 3238 3792 3281; x_wconf 86' lang='lat' dir='ltr'><strong>moveantur</strong></span> 
     </span>
    </p>
   </div>
   <div class='ocr_carea' id='block_1_100' title="bbox 2222 3298 3791 3367">
    <p class='ocr_par' dir='ltr' id='par_1_100' title="bbox 2222 3298 3791 3367">
     <span class='ocr_line' id='line_1_100' title="bbox 2222 3298 3791 3367; baseline -0.001 -15"><span class='ocrx_word' id='word_1_642' title='bbox 2222 3310 2276 3353; x_wconf 93' lang='lat' dir='ltr'><strong>et</strong></span> <span class='ocrx_word' id='word_1_643' title='bbox 2301 3302 2552 3367; x_wconf 88' lang='lat' dir='ltr'><strong>cogitent,</strong></span> <span class='ocrx_word' id='word_1_644' title='bbox 2583 3300 2871 3353; x_wconf 82' lang='lat' dir='ltr'><strong>Cnaditnre</strong></span> <span class='ocrx_word' id='word_1_645' title='bbox 2898 3301 3200 3353; x_wconf 72' lang='lat' dir='ltr'><strong>con~titut2e</strong></span> <span class='ocrx_word' id='word_1_646' title='bbox 3226 3315 3238 3349; x_wconf 92' lang='lat'>:</span> <span class='ocrx_word' id='word_1_647' title='bbox 3269 3313 3438 3365; x_wconf 90' lang='lat' dir='ltr'><strong>quare</strong></span> <span class='ocrx_word' id='word_1_648' title='bbox 3461 3309 3517 3351; x_wconf 88' lang='lat' dir='ltr'><strong>ut</strong></span> <span class='ocrx_word' id='word_1_649' title='bbox 3550 3298 3686 3351; x_wconf 84' lang='lat' dir='ltr'><strong>Deus</strong></span> <span class='ocrx_word' id='word_1_650' title='bbox 3709 3306 3791 3351; x_wconf 84' lang='lat' dir='ltr'><strong>est</strong></span> 
     </span>
    </p>
   </div>
   <div class='ocr_carea' id='block_1_101' title="bbox 2223 3368 3796 3438">
    <p class='ocr_par' dir='ltr' id='par_1_101' title="bbox 2223 3368 3796 3438">
     <span class='ocr_line' id='line_1_101' title="bbox 2223 3368 3796 3438; baseline -0.001 -17"><span class='ocrx_word' id='word_1_651' title='bbox 2223 3368 2589 3433; x_wconf 82' lang='lat' dir='ltr'><strong>immutabilis,</strong></span> <span class='ocrx_word' id='word_1_652' title='bbox 2622 3371 2698 3423; x_wconf 89' lang='lat' dir='ltr'><strong>sic</strong></span> <span class='ocrx_word' id='word_1_653' title='bbox 2726 3371 2870 3438; x_wconf 82' lang='lat' dir='ltr'><strong>leges</strong></span> <span class='ocrx_word' id='word_1_654' title='bbox 2902 3369 3024 3423; x_wconf 69' lang='lat' dir='ltr'><strong>ista:</strong></span> <span class='ocrx_word' id='word_1_655' title='bbox 3060 3370 3235 3438; x_wconf 17' lang='lat' dir='ltr'><strong>firmae,</strong></span> <span class='ocrx_word' id='word_1_656' title='bbox 3268 3377 3414 3438; x_wconf 79' lang='lat' dir='ltr'><strong>sunt,</strong></span> <span class='ocrx_word' id='word_1_657' title='bbox 3442 3368 3636 3438; x_wconf 71' lang='lat' dir='ltr'><strong>dignae</strong></span> <span class='ocrx_word' id='word_1_658' title='bbox 3671 3381 3796 3438; x_wconf 54' lang='lat' dir='ltr'><strong>pro.</strong></span> 
     </span>
    </p>
   </div>
   <div class='ocr_carea' id='block_1_102' title="bbox 2223 3436 3791 3509">
    <p class='ocr_par' dir='ltr' id='par_1_102' title="bbox 2223 3436 3791 3509">
     <span class='ocr_line' id='line_1_102' title="bbox 2223 3436 3791 3509; baseline -0.002 -18"><span class='ocrx_word' id='word_1_659' title='bbox 2223 3448 2426 3507; x_wconf 85' lang='lat' dir='ltr'><strong>pterea,</strong></span> <span class='ocrx_word' id='word_1_660' title='bbox 2458 3436 2856 3509; x_wconf 72' lang='lat' dir='ltr'><strong>quietanqnam</strong></span> <span class='ocrx_word' id='word_1_661' title='bbox 2900 3440 3110 3509; x_wconf 87' lang='lat' dir='ltr'><strong>propria</strong></span> <span class='ocrx_word' id='word_1_662' title='bbox 3148 3436 3791 3509; x_wconf 64' lang='lat' dir='ltr'><strong>philosophiaemedita-</strong></span> 
     </span>
    </p>
   </div>
   <div class='ocr_carea' id='block_1_103' title="bbox 2224 3506 3795 3576">
    <p class='ocr_par' dir='ltr' id='par_1_103' title="bbox 2224 3506 3795 3576">
     <span class='ocr_line' id='line_1_103' title="bbox 2224 3506 3795 3576; baseline -0.002 -17"><span class='ocrx_word' id='word_1_663' title='bbox 2224 3506 2384 3561; x_wconf 79' lang='lat' dir='ltr'><strong>tionis</strong></span> <span class='ocrx_word' id='word_1_664' title='bbox 2414 3508 2692 3570; x_wconf 60' lang='lat' dir='ltr'><strong>materies,</strong></span> <span class='ocrx_word' id='word_1_665' title='bbox 2720 3506 2789 3562; x_wconf 75' lang='lat' dir='ltr'><strong>ab</strong></span> <span class='ocrx_word' id='word_1_666' title='bbox 2827 3508 2938 3576; x_wconf 88' lang='lat' dir='ltr'><strong>ipsa</strong></span> <span class='ocrx_word' id='word_1_667' title='bbox 2973 3506 3311 3575; x_wconf 79' lang='lat' dir='ltr'><strong>Philosophia</strong></span> <span class='ocrx_word' id='word_1_668' title='bbox 3348 3506 3795 3576; x_wconf 10' lang='lat' dir='ltr'><strong>reonsideren&#39;ur,</strong></span> 
     </span>
    </p>
   </div>
   <div class='ocr_carea' id='block_1_104' title="bbox 2223 3575 3792 3644">
    <p class='ocr_par' dir='ltr' id='par_1_104' title="bbox 2223 3575 3792 3644">
     <span class='ocr_line' id='line_1_104' title="bbox 2223 3575 3792 3644; baseline -0.001 -14"><span class='ocrx_word' id='word_1_669' title='bbox 2223 3579 2439 3644; x_wconf 78' lang='lat' dir='ltr'><strong>suisque</strong></span> <span class='ocrx_word' id='word_1_670' title='bbox 2466 3579 2796 3633; x_wconf 88' lang='lat' dir='ltr'><strong>auditoribus</strong></span> <span class='ocrx_word' id='word_1_671' title='bbox 2825 3575 2920 3631; x_wconf 79' lang='lat' dir='ltr'><strong>scit</strong></span> <span class='ocrx_word' id='word_1_672' title='bbox 2950 3578 3133 3631; x_wconf 86' lang='lat' dir='ltr'><strong>stricta</strong></span> <span class='ocrx_word' id='word_1_673' title='bbox 3164 3590 3256 3631; x_wconf 87' lang='lat' dir='ltr'><strong>seu</strong></span> <span class='ocrx_word' id='word_1_674' title='bbox 3286 3575 3444 3629; x_wconf 89' lang='lat' dir='ltr'><strong>etiam</strong></span> <span class='ocrx_word' id='word_1_675' title='bbox 3464 3577 3640 3629; x_wconf 86' lang='lat' dir='ltr'><strong>soluta</strong></span> <span class='ocrx_word' id='word_1_676' title='bbox 3664 3583 3792 3628; x_wconf 77' lang='lat' dir='ltr'><strong>’ora-</strong></span> 
     </span>
    </p>
   </div>
   <div class='ocr_carea' id='block_1_105' title="bbox 2224 3645 3795 3718">
    <p class='ocr_par' dir='ltr' id='par_1_105' title="bbox 2224 3645 3795 3718">
     <span class='ocr_line' id='line_1_105' title="bbox 2224 3645 3795 3718; baseline -0.002 -18"><span class='ocrx_word' id='word_1_677' title='bbox 2224 3648 2380 3701; x_wconf 90' lang='lat' dir='ltr'><strong>tione</strong></span> <span class='ocrx_word' id='word_1_678' title='bbox 2411 3660 2797 3717; x_wconf 83' lang='lat' dir='ltr'><strong>proponantur.</strong></span> <span class='ocrx_word' id='word_1_679' title='bbox 2826 3649 3019 3718; x_wconf 79' lang='lat' dir='ltr'><strong>Arguto</strong></span> <span class='ocrx_word' id='word_1_680' title='bbox 3044 3655 3217 3718; x_wconf 65' lang='lat' dir='ltr'><strong>autem</strong></span> <span class='ocrx_word' id='word_1_681' title='bbox 3252 3645 3352 3699; x_wconf 86' lang='lat' dir='ltr'><strong>hoc</strong></span> <span class='ocrx_word' id='word_1_682' title='bbox 3378 3661 3530 3718; x_wconf 71' lang='lat' dir='ltr'><strong>cantu</strong></span> <span class='ocrx_word' id='word_1_683' title='bbox 3556 3645 3795 3698; x_wconf 80' lang='lat' dir='ltr'><strong>Philoso-</strong></span> 
     </span>
    </p>
   </div>
   <div class='ocr_carea' id='block_1_106' title="bbox 2224 3715 3795 3785">
    <p class='ocr_par' dir='ltr' id='par_1_106' title="bbox 2224 3715 3795 3785">
     <span class='ocr_line' id='line_1_106' title="bbox 2224 3715 3795 3785; baseline -0.001 -17"><span class='ocrx_word' id='word_1_684' title='bbox 2224 3718 2367 3784; x_wconf 89' lang='lat' dir='ltr'><strong>phia,</strong></span> <span class='ocrx_word' id='word_1_685' title='bbox 2401 3715 2465 3769; x_wconf 85' lang='lat' dir='ltr'><strong>ad</strong></span> <span class='ocrx_word' id='word_1_686' title='bbox 2492 3718 2820 3785; x_wconf 88' lang='lat' dir='ltr'><strong>probandum</strong></span> <span class='ocrx_word' id='word_1_687' title='bbox 2854 3715 2909 3770; x_wconf 87' lang='lat' dir='ltr'><strong>id</strong></span> <span class='ocrx_word' id='word_1_688' title='bbox 2927 3717 3067 3783; x_wconf 89' lang='lat' dir='ltr'><strong>quod</strong></span> <span class='ocrx_word' id='word_1_689' title='bbox 3102 3716 3203 3768; x_wconf 88' lang='lat' dir='ltr'><strong>sibi</strong></span> <span class='ocrx_word' id='word_1_690' title='bbox 3236 3715 3538 3785; x_wconf 80' lang='lat' dir='ltr'><strong>proposuit,</strong></span> <span class='ocrx_word' id='word_1_691' title='bbox 3566 3724 3795 3783; x_wconf 88' lang='lat' dir='ltr'><strong>quatuor</strong></span> 
     </span>
    </p>
   </div>
   <div class='ocr_carea' id='block_1_107' title="bbox 2224 3783 3790 3856">
    <p class='ocr_par' dir='ltr' id='par_1_107' title="bbox 2224 3783 3790 3856">
     <span class='ocr_line' id='line_1_107' title="bbox 2224 3783 3790 3856; baseline -0.003 -17"><span class='ocrx_word' id='word_1_692' title='bbox 2224 3783 2440 3840; x_wconf 87' lang='lat' dir='ltr'><strong>adhibet</strong></span> <span class='ocrx_word' id='word_1_693' title='bbox 2467 3783 2897 3856; x_wconf 82' lang='lat' dir='ltr'><strong>argumentorum</strong></span> <span class='ocrx_word' id='word_1_694' title='bbox 2926 3801 3118 3854; x_wconf 86' lang='lat' dir='ltr'><strong>genera</strong></span> <span class='ocrx_word' id='word_1_695' title='bbox 3156 3802 3167 3835; x_wconf 94' lang='lat'>:</span> <span class='ocrx_word' id='word_1_696' title='bbox 3208 3785 3435 3856; x_wconf 83' lang='lat' dir='ltr'><strong>primum</strong></span> <span class='ocrx_word' id='word_1_697' title='bbox 3467 3797 3496 3835; x_wconf 89' lang='lat' dir='ltr'><strong>a</strong></span> <span class='ocrx_word' id='word_1_698' title='bbox 3522 3783 3790 3856; x_wconf 83' lang='lat' dir='ltr'><strong>leonibus,</strong></span> 
     </span>
    </p>
   </div>
   <div class='ocr_carea' id='block_1_108' title="bbox 2225 3854 3798 3925">
    <p class='ocr_par' dir='ltr' id='par_1_108' title="bbox 2225 3854 3798 3925">
     <span class='ocr_line' id='line_1_108' title="bbox 2225 3854 3798 3925; baseline -0.001 -17"><span class='ocrx_word' id='word_1_699' title='bbox 2225 3856 2512 3909; x_wconf 77' lang='lat' dir='ltr'><strong>secundum</strong></span> <span class='ocrx_word' id='word_1_700' title='bbox 2537 3854 2563 3907; x_wconf 79' lang='lat' dir='ltr'><strong>a</strong></span> <span class='ocrx_word' id='word_1_701' title='bbox 2594 3857 2916 3925; x_wconf 87' lang='lat' dir='ltr'><strong>volucribus,</strong></span> <span class='ocrx_word' id='word_1_702' title='bbox 2936 3856 3146 3910; x_wconf 87' lang='lat' dir='ltr'><strong>tertium</strong></span> <span class='ocrx_word' id='word_1_703' title='bbox 3163 3871 3191 3906; x_wconf 92' lang='lat' dir='ltr'><strong>a</strong></span> <span class='ocrx_word' id='word_1_704' title='bbox 3216 3854 3432 3921; x_wconf 88' lang='lat' dir='ltr'><strong>plantis,</strong></span> <span class='ocrx_word' id='word_1_705' title='bbox 3458 3864 3705 3922; x_wconf 79' lang='lat' dir='ltr'><strong>quartum</strong></span> <span class='ocrx_word' id='word_1_706' title='bbox 3727 3854 3798 3907; x_wconf 88' lang='lat' dir='ltr'><strong>ab</strong></span> 
     </span>
    </p>
   </div>
   <div class='ocr_carea' id='block_1_109' title="bbox 2226 3925 2830 3994">
    <p class='ocr_par' dir='ltr' id='par_1_109' title="bbox 2226 3925 2830 3994">
     <span class='ocr_line' id='line_1_109' title="bbox 2226 3925 2830 3994; baseline 0 -14"><span class='ocrx_word' id='word_1_707' title='bbox 2226 3925 2345 3994; x_wconf 86' lang='lat' dir='ltr'><strong>ipso</strong></span> <span class='ocrx_word' id='word_1_708' title='bbox 2369 3927 2483 3980; x_wconf 90' lang='lat' dir='ltr'><strong>sole</strong></span> <span class='ocrx_word' id='word_1_709' title='bbox 2509 3926 2830 3980; x_wconf 89' lang='lat' dir='ltr'><strong>desumitur.</strong></span> 
     </span>
    </p>
   </div>
   <div class='ocr_carea' id='block_1_110' title="bbox 2300 3993 3791 4066">
    <p class='ocr_par' dir='ltr' id='par_1_110' title="bbox 2300 3993 3791 4066">
     <span class='ocr_line' id='line_1_110' title="bbox 2300 3993 3791 4066; baseline -0.002 -19"><span class='ocrx_word' id='word_1_710' title='bbox 2300 3996 2351 4049; x_wconf 84' lang='lat'><strong>7.</strong></span> <span class='ocrx_word' id='word_1_711' title='bbox 2398 3994 2544 4049; x_wconf 70' lang='lat' dir='ltr'><strong>Pani</strong></span> <span class='ocrx_word' id='word_1_712' title='bbox 2574 3998 2774 4050; x_wconf 80' lang='lat' dir='ltr'><strong>&#39;leones.</strong></span> <span class='ocrx_word' id='word_1_713' title='bbox 2802 3995 2820 4066; x_wconf 82' lang='lat'><strong>]</strong></span> <span class='ocrx_word' id='word_1_714' title='bbox 2854 3996 2893 4050; x_wconf 91' lang='grc' dir='ltr'><strong>Ι.</strong></span> <span class='ocrx_word' id='word_1_715' title='bbox 2920 3993 3258 4063; x_wconf 86' lang='lat' dir='ltr'><strong>Philosophia</strong></span> <span class='ocrx_word' id='word_1_716' title='bbox 3304 3993 3621 4066; x_wconf 77' lang='lat' dir='ltr'><strong>probatura,</strong></span> <span class='ocrx_word' id='word_1_717' title='bbox 3660 4006 3791 4061; x_wconf 79' lang='lat' dir='ltr'><strong>per-</strong></span> 
     </span>
    </p>
   </div>
   <div class='ocr_carea' id='block_1_111' title="bbox 2228 4063 3790 4134">
    <p class='ocr_par' dir='ltr' id='par_1_111' title="bbox 2228 4063 3790 4134">
     <span class='ocr_line' id='line_1_111' title="bbox 2228 4063 3790 4134; baseline -0.002 -16"><span class='ocrx_word' id='word_1_718' title='bbox 2228 4074 2441 4131; x_wconf 89' lang='lat' dir='ltr'><strong>petnutn</strong></span> <span class='ocrx_word' id='word_1_719' title='bbox 2467 4081 2588 4120; x_wconf 49' lang='lat' dir='ltr'><strong>esse</strong></span> <span class='ocrx_word' id='word_1_720' title='bbox 2618 4063 2899 4134; x_wconf 87' lang='lat' dir='ltr'><strong>cujuslibet</strong></span> <span class='ocrx_word' id='word_1_721' title='bbox 2942 4067 3016 4119; x_wconf 88' lang='lat' dir='ltr'><strong>rei</strong></span> <span class='ocrx_word' id='word_1_722' title='bbox 3048 4066 3114 4118; x_wconf 89' lang='lat' dir='ltr'><strong>ad</strong></span> <span class='ocrx_word' id='word_1_723' title='bbox 3143 4078 3296 4116; x_wconf 89' lang='lat' dir='ltr'><strong>smnn</strong></span> <span class='ocrx_word' id='word_1_724' title='bbox 3338 4063 3655 4134; x_wconf 89' lang='lat' dir='ltr'><strong>principium</strong></span> <span class='ocrx_word' id='word_1_725' title='bbox 3705 4075 3790 4115; x_wconf 81' lang='lat' dir='ltr'><strong>re-</strong></span> 
     </span>
    </p>
   </div>
   <div class='ocr_carea' id='block_1_112' title="bbox 2228 4133 3794 4203">
    <p class='ocr_par' dir='ltr' id='par_1_112' title="bbox 2228 4133 3794 4203">
     <span class='ocr_line' id='line_1_112' title="bbox 2228 4133 3794 4203; baseline -0.003 -16"><span class='ocrx_word' id='word_1_726' title='bbox 2228 4136 2455 4188; x_wconf 87' lang='lat' dir='ltr'><strong>meantis</strong></span> <span class='ocrx_word' id='word_1_727' title='bbox 2508 4138 2809 4200; x_wconf 85' lang='lat' dir='ltr'><strong>circuitum,</strong></span> <span class='ocrx_word' id='word_1_728' title='bbox 2869 4144 3270 4203; x_wconf 88' lang='lat' dir='ltr'><strong>argumentatur</strong></span> <span class='ocrx_word' id='word_1_729' title='bbox 3294 4149 3324 4185; x_wconf 89' lang='lat' dir='ltr'><strong>a</strong></span> <span class='ocrx_word' id='word_1_730' title='bbox 3353 4133 3593 4203; x_wconf 90' lang='lat' dir='ltr'><strong>leonibus</strong></span> <span class='ocrx_word' id='word_1_731' title='bbox 3613 4172 3628 4195; x_wconf 92' lang='lat'><strong>,</strong></span> <span class='ocrx_word' id='word_1_732' title='bbox 3661 4145 3794 4203; x_wconf 87' lang='lat' dir='ltr'><strong>quos</strong></span> 
     </span>
    </p>
   </div>
   <div class='ocr_carea' id='block_1_113' title="bbox 2230 4201 3788 4272">
    <p class='ocr_par' dir='ltr' id='par_1_113' title="bbox 2230 4201 3788 4272">
     <span class='ocr_line' id='line_1_113' title="bbox 2230 4201 3788 4272; baseline -0.001 -17"><span class='ocrx_word' id='word_1_733' title='bbox 2230 4214 2385 4257; x_wconf 75' lang='lat' dir='ltr'><strong>voc:tt</strong></span> <span class='ocrx_word' id='word_1_734' title='bbox 2416 4203 2600 4257; x_wconf 70' lang='lat' dir='ltr'><strong>Poenos</strong></span> <span class='ocrx_word' id='word_1_735' title='bbox 2627 4207 2739 4257; x_wconf 89' lang='lat' dir='ltr'><strong>sive</strong></span> <span class='ocrx_word' id='word_1_736' title='bbox 2762 4201 3049 4272; x_wconf 79' lang='lat' dir='ltr'><strong>Africanos,</strong></span> <span class='ocrx_word' id='word_1_737' title='bbox 3079 4203 3217 4271; x_wconf 86' lang='lat' dir='ltr'><strong>quod</strong></span> <span class='ocrx_word' id='word_1_738' title='bbox 3242 4213 3301 4257; x_wconf 89' lang='lat' dir='ltr'><strong>ut</strong></span> <span class='ocrx_word' id='word_1_739' title='bbox 3323 4202 3524 4272; x_wconf 89' lang='lat' dir='ltr'><strong>populi,</strong></span> <span class='ocrx_word' id='word_1_740' title='bbox 3564 4203 3645 4272; x_wconf 90' lang='lat' dir='ltr'><strong>s_ic</strong></span> <span class='ocrx_word' id='word_1_741' title='bbox 3673 4201 3788 4272; x_wconf 82' lang='lat' dir='ltr'><strong>leo-</strong></span> 
     </span>
    </p>
   </div>
   <div class='ocr_carea' id='block_1_114' title="bbox 2230 4270 3795 4397">
    <p class='ocr_par' dir='ltr' id='par_1_114' title="bbox 2230 4270 3795 4397">
     <span class='ocr_line' id='line_1_114' title="bbox 2230 4270 3795 4397; baseline -0.003 -70"><span class='ocrx_word' id='word_1_742' title='bbox 2230 4274 2554 4397; x_wconf 45' lang='lat' dir='ltr'><strong>negoi‘iﬁfrica:</strong></span> <span class='ocrx_word' id='word_1_743' title='bbox 2584 4270 2872 4330; x_wconf 84' lang='lat' dir='ltr'><strong>ferociores</strong></span> <span class='ocrx_word' id='word_1_744' title='bbox 2891 4289 3012 4329; x_wconf 87' lang='lat' dir='ltr'><strong>esse</strong></span> <span class='ocrx_word' id='word_1_745' title='bbox 3064 4270 3291 4328; x_wconf 79' lang='lat' dir='ltr'><strong>sulcant.</strong></span> <span class='ocrx_word' id='word_1_746' title='bbox 3336 4271 3477 4340; x_wconf 82' lang='lat' dir='ltr'><strong>Virg.</strong></span> <span class='ocrx_word' id='word_1_747' title='bbox 3511 4270 3744 4325; x_wconf 66' lang='lat' dir='ltr'><strong>tEneid</strong></span> <span class='ocrx_word' id='word_1_748' title='bbox 3776 4313 3795 4337; x_wconf 84' lang='lat'><strong>,</strong></span> 
     </span>
     <span class='ocr_line' id='line_1_115' title="bbox 2230 4359 2457 4397; baseline 0.009 -2"><span class='ocrx_word' id='word_1_749' title='bbox 2230 4359 2280 4395; x_wconf 91' lang='lat' dir='ltr'><strong>v.</strong></span> <span class='ocrx_word' id='word_1_750' title='bbox 2444 4361 2457 4397; x_wconf 91' lang='lat'>:</span> 
     </span>
    </p>
   </div>
   <div class='ocr_carea' id='block_1_115' title="bbox 2229 4359 2457 4397">
    <p class='ocr_par' dir='ltr' id='par_1_115' title="bbox 2229 4359 2457 4397">
     <span class='ocr_line' id='line_1_116' title="bbox 2229 4359 2457 4397; baseline 0.009 -2"><span class='ocrx_word' id='word_1_751' title='bbox 2229 4359 2280 4395; x_wconf 82' lang='grc' dir='ltr'><strong>ν.</strong></span> <span class='ocrx_word' id='word_1_752' title='bbox 2311 4359 2415 4397; x_wconf 74' lang='grc' dir='ltr'><strong>ουυ</strong></span> <span class='ocrx_word' id='word_1_753' title='bbox 2444 4361 2457 4397; x_wconf 76' lang='grc' dir='ltr'>ε</span> 
     </span>
    </p>
   </div>
   <div class='ocr_carea' id='block_1_116' title="bbox 2354 4454 3498 4519">
    <p class='ocr_par' dir='ltr' id='par_1_116' title="bbox 2354 4454 3498 4519">
     <span class='ocr_line' id='line_1_117' title="bbox 2354 4454 3498 4519; baseline -0.003 -14"><span class='ocrx_word' id='word_1_754' title='bbox 2354 4457 2521 4519; x_wconf 66' lang='lat' dir='ltr'><strong>Etiam</strong></span> <span class='ocrx_word' id='word_1_755' title='bbox 2546 4457 2672 4517; x_wconf 78' lang='lat' dir='ltr'><strong>iussa</strong></span> <span class='ocrx_word' id='word_1_756' title='bbox 2695 4456 2824 4519; x_wconf 74' lang='lat' dir='ltr'><strong>facit,</strong></span> <span class='ocrx_word' id='word_1_757' title='bbox 2851 4464 3130 4519; x_wconf 84' lang='lat' dir='ltr'><strong>ponuntque</strong></span> <span class='ocrx_word' id='word_1_758' title='bbox 3156 4454 3336 4506; x_wconf 86' lang='lat' dir='ltr'><strong>ferocia</strong></span> <span class='ocrx_word' id='word_1_759' title='bbox 3362 4455 3498 4504; x_wconf 84' lang='lat' dir='ltr'><strong>l’teni</strong></span> 
     </span>
    </p>
   </div>
   <div class='ocr_carea' id='block_1_117' title="bbox 2352 4516 3035 4585">
    <p class='ocr_par' dir='ltr' id='par_1_117' title="bbox 2352 4516 3035 4585">
     <span class='ocr_line' id='line_1_118' title="bbox 2352 4516 3035 4585; baseline 0 -18"><span class='ocrx_word' id='word_1_760' title='bbox 2352 4516 2524 4585; x_wconf 70' lang='lat' dir='ltr'><strong>(larda,</strong></span> <span class='ocrx_word' id='word_1_761' title='bbox 2548 4516 2745 4568; x_wconf 76' lang='lat' dir='ltr'><strong>volente</strong></span> <span class='ocrx_word' id='word_1_762' title='bbox 2769 4516 2894 4567; x_wconf 82' lang='lat' dir='ltr'><strong>Deo.</strong></span> <span class='ocrx_word' id='word_1_763' title='bbox 3030 4530 3035 4535; x_wconf 80' lang='lat'>‘</span> 
     </span>
    </p>
   </div>
   <div class='ocr_carea' id='block_1_118' title="bbox 2226 4602 3014 4672">
    <p class='ocr_par' dir='ltr' id='par_1_118' title="bbox 2226 4602 3014 4672">
     <span class='ocr_line' id='line_1_119' title="bbox 2226 4602 3014 4672; baseline -0.006 -13"><span class='ocrx_word' id='word_1_764' title='bbox 2226 4604 2429 4659; x_wconf 79' lang='lat' dir='ltr'><strong>Seneca</strong></span> <span class='ocrx_word' id='word_1_765' title='bbox 2466 4607 2517 4657; x_wconf 90' lang='lat' dir='ltr'><strong>in</strong></span> <span class='ocrx_word' id='word_1_766' title='bbox 2545 4604 2757 4672; x_wconf 89' lang='lat' dir='ltr'><strong>llippol.</strong></span> <span class='ocrx_word' id='word_1_767' title='bbox 2792 4619 2845 4657; x_wconf 88' lang='lat' dir='ltr'><strong>v.</strong></span> <span class='ocrx_word' id='word_1_768' title='bbox 2871 4602 2972 4657; x_wconf 73' lang='grc'><strong>347</strong></span> <span class='ocrx_word' id='word_1_769' title='bbox 3002 4620 3014 4655; x_wconf 87' lang='lat'>:</span> 
     </span>
    </p>
   </div>
   <div class='ocr_carea' id='block_1_119' title="bbox 2379 4694 3133 4757">
    <p class='ocr_par' dir='ltr' id='par_1_119' title="bbox 2379 4694 3133 4757">
     <span class='ocr_line' id='line_1_120' title="bbox 2379 4694 3133 4757; baseline -0.007 -12"><span class='ocrx_word' id='word_1_770' title='bbox 2379 4696 2515 4745; x_wconf 68' lang='lat' dir='ltr'><strong>Ptrni</strong></span> <span class='ocrx_word' id='word_1_771' title='bbox 2540 4697 2766 4757; x_wconf 82' lang='lat' dir='ltr'><strong>quatiunt</strong></span> <span class='ocrx_word' id='word_1_772' title='bbox 2792 4694 2912 4742; x_wconf 83' lang='lat' dir='ltr'><strong>colla</strong></span> <span class='ocrx_word' id='word_1_773' title='bbox 2946 4695 3133 4757; x_wconf 81' lang='lat' dir='ltr'><strong>leones.</strong></span> 
     </span>
    </p>
   </div>
   <div class='ocr_carea' id='block_1_120' title="bbox 2379 4752 3302 4816">
    <p class='ocr_par' dir='ltr' id='par_1_120' title="bbox 2379 4752 3302 4816">
     <span class='ocr_line' id='line_1_121' title="bbox 2379 4752 3302 4816; baseline -0.008 -10"><span class='ocrx_word' id='word_1_774' title='bbox 2379 4758 2497 4806; x_wconf 78' lang='lat' dir='ltr'><strong>Cum</strong></span> <span class='ocrx_word' id='word_1_775' title='bbox 2524 4752 2669 4804; x_wconf 72' lang='lat' dir='ltr'><strong>niovit</strong></span> <span class='ocrx_word' id='word_1_776' title='bbox 2692 4768 2854 4816; x_wconf 85' lang='lat' dir='ltr'><strong>amor;</strong></span> <span class='ocrx_word' id='word_1_777' title='bbox 2880 4763 2979 4803; x_wconf 85' lang='lat' dir='ltr'><strong>tum</strong></span> <span class='ocrx_word' id='word_1_778' title='bbox 3001 4755 3125 4803; x_wconf 83' lang='lat' dir='ltr'><strong>silva</strong></span> <span class='ocrx_word' id='word_1_779' title='bbox 3148 4752 3302 4814; x_wconf 85' lang='lat' dir='ltr'><strong>gemit</strong></span> 
     </span>
    </p>
   </div>
   <div class='ocr_carea' id='block_1_121' title="bbox 2382 4819 2805 4867">
    <p class='ocr_par' dir='ltr' id='par_1_121' title="bbox 2382 4819 2805 4867">
     <span class='ocr_line' id='line_1_122' title="bbox 2382 4819 2805 4867; baseline -0.007 -1"><span class='ocrx_word' id='word_1_780' title='bbox 2382 4819 2633 4866; x_wconf 78' lang='lat' dir='ltr'><strong>Murmure</strong></span> <span class='ocrx_word' id='word_1_781' title='bbox 2657 4830 2805 4867; x_wconf 70' lang='lat' dir='ltr'><strong>stevo.</strong></span> 
     </span>
    </p>
   </div>
   <div class='ocr_carea' id='block_1_122' title="bbox 2300 4889 3793 4965">
    <p class='ocr_par' dir='ltr' id='par_1_122' title="bbox 2300 4889 3793 4965">
     <span class='ocr_line' id='line_1_123' title="bbox 2300 4889 3793 4965; baseline -0.004 -15"><span class='ocrx_word' id='word_1_782' title='bbox 2300 4898 2459 4963; x_wconf 90' lang='lat' dir='ltr'><strong>Quasi</strong></span> <span class='ocrx_word' id='word_1_783' title='bbox 2491 4899 2674 4952; x_wconf 85' lang='lat' dir='ltr'><strong>dicat:</strong></span> <span class='ocrx_word' id='word_1_784' title='bbox 2706 4895 3152 4965; x_wconf 88' lang='lat' dir='ltr'><strong>quemadmodum</strong></span> <span class='ocrx_word' id='word_1_785' title='bbox 3190 4891 3641 4965; x_wconf 73' lang='lat' dir='ltr'><strong>leonesferoces,</strong></span> <span class='ocrx_word' id='word_1_786' title='bbox 3675 4889 3793 4944; x_wconf 76' lang='lat' dir='ltr'><strong>vin-</strong></span> 
     </span>
    </p>
   </div>
   <div class='ocr_carea' id='block_1_123' title="bbox 2230 4962 3802 5033">
    <p class='ocr_par' dir='ltr' id='par_1_123' title="bbox 2230 4962 3802 5033">
     <span class='ocr_line' id='line_1_124' title="bbox 2230 4962 3802 5033; baseline -0.005 -12"><span class='ocrx_word' id='word_1_787' title='bbox 2230 4962 2368 5021; x_wconf 78' lang='lat' dir='ltr'><strong>culis</strong></span> <span class='ocrx_word' id='word_1_788' title='bbox 2390 5010 2406 5033; x_wconf 91' lang='lat'><strong>,</strong></span> <span class='ocrx_word' id='word_1_789' title='bbox 2443 4982 2581 5021; x_wconf 79' lang='lat' dir='ltr'><strong>escis</strong></span> <span class='ocrx_word' id='word_1_790' title='bbox 2616 4977 2670 5020; x_wconf 86' lang='lat' dir='ltr'><strong>et</strong></span> <span class='ocrx_word' id='word_1_791' title='bbox 2705 4962 3015 5020; x_wconf 82' lang='lat' dir='ltr'><strong>verberibus</strong></span> <span class='ocrx_word' id='word_1_792' title='bbox 3047 4962 3394 5018; x_wconf 70' lang='lat' dir='ltr'><strong>mansuefacti</strong></span> <span class='ocrx_word' id='word_1_793' title='bbox 3438 4962 3613 5033; x_wconf 78' lang='lat' dir='ltr'><strong>statim</strong></span> <span class='ocrx_word' id='word_1_794' title='bbox 3640 4968 3802 5024; x_wconf 88' lang='lat' dir='ltr'><strong>atque</strong></span> 
     </span>
    </p>
   </div>
   <div class='ocr_carea' id='block_1_124' title="bbox 2242 5027 3793 5110">
    <p class='ocr_par' dir='ltr' id='par_1_124' title="bbox 2242 5027 3793 5110">
     <span class='ocr_line' id='line_1_125' title="bbox 2242 5027 3793 5110; baseline -0.005 -21"><span class='ocrx_word' id='word_1_795' title='bbox 2242 5027 2552 5104; x_wconf 78' lang='lat' dir='ltr'><strong>sanguinem</strong></span> <span class='ocrx_word' id='word_1_796' title='bbox 2579 5038 2821 5110; x_wconf 83' lang='lat' dir='ltr'><strong>missum,</strong></span> <span class='ocrx_word' id='word_1_797' title='bbox 2852 5036 3039 5099; x_wconf 87' lang='lat' dir='ltr'><strong>oculis,</strong></span> <span class='ocrx_word' id='word_1_798' title='bbox 3074 5033 3378 5110; x_wconf 64' lang='lat' dir='ltr'><strong>praesertim</strong></span> <span class='ocrx_word' id='word_1_799' title='bbox 3402 5027 3649 5110; x_wconf 71' lang='lat' dir='ltr'><strong>naribus,</strong></span> <span class='ocrx_word' id='word_1_800' title='bbox 3674 5045 3793 5110; x_wconf 73' lang='lat' dir='ltr'><strong>per-</strong></span> 
     </span>
    </p>
   </div>
   <div class='ocr_carea' id='block_1_125' title="bbox 2241 5103 3805 5173">
    <p class='ocr_par' dir='ltr' id='par_1_125' title="bbox 2241 5103 3805 5173">
     <span class='ocr_line' id='line_1_126' title="bbox 2241 5103 3805 5173; baseline -0.006 -12"><span class='ocrx_word' id='word_1_801' title='bbox 2241 5103 2522 5173; x_wconf 79' lang='lat' dir='ltr'><strong>ceperunt,</strong></span> <span class='ocrx_word' id='word_1_802' title='bbox 2548 5108 2712 5161; x_wconf 89' lang='lat' dir='ltr'><strong>veluti</strong></span> <span class='ocrx_word' id='word_1_803' title='bbox 2741 5108 3079 5159; x_wconf 87' lang='lat' dir='ltr'><strong>immemores</strong></span> <span class='ocrx_word' id='word_1_804' title='bbox 3107 5118 3216 5156; x_wconf 65' lang='lat' dir='ltr'><strong>sua:</strong></span> <span class='ocrx_word' id='word_1_805' title='bbox 3245 5103 3584 5173; x_wconf 79' lang='lat' dir='ltr'><strong>captivitatis,</strong></span> <span class='ocrx_word' id='word_1_806' title='bbox 3609 5103 3805 5167; x_wconf 83' lang='lat' dir='ltr'><strong>prioris</strong></span> 
     </span>
    </p>
   </div>
   <div class='ocr_carea' id='block_1_126' title="bbox 2242 5171 3803 5238">
    <p class='ocr_par' dir='ltr' id='par_1_126' title="bbox 2242 5171 3803 5238">
     <span class='ocr_line' id='line_1_127' title="bbox 2242 5171 3803 5238; baseline -0.006 -9"><span class='ocrx_word' id='word_1_807' title='bbox 2242 5171 2370 5230; x_wconf 85' lang='lat' dir='ltr'><strong>vero</strong></span> <span class='ocrx_word' id='word_1_808' title='bbox 2393 5192 2504 5230; x_wconf 77' lang='lat' dir='ltr'><strong>sua:</strong></span> <span class='ocrx_word' id='word_1_809' title='bbox 2532 5178 2723 5230; x_wconf 87' lang='lat' dir='ltr'><strong>indolis</strong></span> <span class='ocrx_word' id='word_1_810' title='bbox 2772 5189 3058 5238; x_wconf 88' lang='lat' dir='ltr'><strong>memores,</strong></span> <span class='ocrx_word' id='word_1_811' title='bbox 3110 5174 3361 5235; x_wconf 63' lang='lat' dir='ltr'><strong>flemunt,</strong></span> <span class='ocrx_word' id='word_1_812' title='bbox 3394 5171 3602 5223; x_wconf 88' lang='lat' dir='ltr'><strong>vincula</strong></span> <span class='ocrx_word' id='word_1_813' title='bbox 3652 5183 3803 5221; x_wconf 80' lang='lat' dir='ltr'><strong>rum-</strong></span> 
     </span>
    </p>
   </div>
   <div class='ocr_carea' id='block_1_127' title="bbox 2243 5240 3806 5316">
    <p class='ocr_par' dir='ltr' id='par_1_127' title="bbox 2243 5240 3806 5316">
     <span class='ocr_line' id='line_1_128' title="bbox 2243 5240 3806 5316; baseline -0.006 -18"><span class='ocrx_word' id='word_1_814' title='bbox 2243 5257 2394 5314; x_wconf 85' lang='lat' dir='ltr'><strong>punt,</strong></span> <span class='ocrx_word' id='word_1_815' title='bbox 2425 5257 2479 5299; x_wconf 88' lang='lat' dir='ltr'><strong>ct</strong></span> <span class='ocrx_word' id='word_1_816' title='bbox 2521 5248 2690 5313; x_wconf 88' lang='lat' dir='ltr'><strong>ipstnn</strong></span> <span class='ocrx_word' id='word_1_817' title='bbox 2732 5246 3067 5316; x_wconf 79' lang='lat' dir='ltr'><strong>domitorem</strong></span> <span class='ocrx_word' id='word_1_818' title='bbox 3090 5243 3364 5316; x_wconf 82' lang='lat' dir='ltr'><strong>lacerant:</strong></span> <span class='ocrx_word' id='word_1_819' title='bbox 3402 5243 3479 5296; x_wconf 87' lang='lat' dir='ltr'><strong>sic</strong></span> <span class='ocrx_word' id='word_1_820' title='bbox 3504 5240 3663 5292; x_wconf 90' lang='lat' dir='ltr'><strong>homo</strong></span> <span class='ocrx_word' id='word_1_821' title='bbox 3693 5253 3806 5316; x_wconf 66' lang='lat' dir='ltr'><strong>suae</strong></span> 
     </span>
    </p>
   </div>
   <div class='ocr_carea' id='block_1_128' title="bbox 2240 5309 3806 5384">
    <p class='ocr_par' dir='ltr' id='par_1_128' title="bbox 2240 5309 3806 5384">
     <span class='ocr_line' id='line_1_129' title="bbox 2240 5309 3806 5384; baseline -0.004 -18"><span class='ocrx_word' id='word_1_822' title='bbox 2240 5309 2458 5384; x_wconf 70' lang='lat' dir='ltr'><strong>originis</strong></span> <span class='ocrx_word' id='word_1_823' title='bbox 2488 5309 2693 5368; x_wconf 83' lang='lat' dir='ltr'><strong>memor</strong></span> <span class='ocrx_word' id='word_1_824' title='bbox 2727 5317 2792 5367; x_wconf 90' lang='lat' dir='ltr'><strong>ad</strong></span> <span class='ocrx_word' id='word_1_825' title='bbox 2822 5329 2973 5366; x_wconf 80' lang='lat' dir='ltr'><strong>suum</strong></span> <span class='ocrx_word' id='word_1_826' title='bbox 2993 5314 3307 5384; x_wconf 82' lang='lat' dir='ltr'><strong>principium</strong></span> <span class='ocrx_word' id='word_1_827' title='bbox 3336 5321 3559 5384; x_wconf 80' lang='lat' dir='ltr'><strong>conatur</strong></span> <span class='ocrx_word' id='word_1_828' title='bbox 3574 5309 3806 5384; x_wconf 79' lang='lat' dir='ltr'><strong>regredi.</strong></span> 
     </span>
    </p>
   </div>
   <div class='ocr_carea' id='block_1_129' title="bbox 2240 5378 3805 5450">
    <p class='ocr_par' dir='ltr' id='par_1_129' title="bbox 2240 5378 3805 5450">
     <span class='ocr_line' id='line_1_130' title="bbox 2240 5378 3805 5450; baseline -0.008 -11"><span class='ocrx_word' id='word_1_829' title='bbox 2240 5378 2348 5439; x_wconf 59' lang='lat' dir='ltr'><strong>Sic&#39;</strong></span> <span class='ocrx_word' id='word_1_830' title='bbox 2361 5386 2579 5437; x_wconf 85' lang='lat' dir='ltr'><strong>Martial.</strong></span> <span class='ocrx_word' id='word_1_831' title='bbox 2612 5386 2868 5450; x_wconf 88' lang='lat' dir='ltr'><strong>epigram.</strong></span> <span class='ocrx_word' id='word_1_832' title='bbox 2900 5378 3108 5443; x_wconf 39' lang='lat' dir='ltr'><strong>75,&#39;lib.</strong></span> <span class='ocrx_word' id='word_1_833' title='bbox 3137 5378 3193 5444; x_wconf 73' lang='lat' dir='ltr'><strong>It,</strong></span> <span class='ocrx_word' id='word_1_834' title='bbox 3218 5384 3313 5443; x_wconf 91' lang='lat' dir='ltr'><strong>ait,</strong></span> <span class='ocrx_word' id='word_1_835' title='bbox 3338 5379 3545 5434; x_wconf 91' lang='lat' dir='ltr'><strong>leonem</strong></span> <span class='ocrx_word' id='word_1_836' title='bbox 3572 5378 3805 5450; x_wconf 80' lang='lat' dir='ltr'><strong>cicurem</strong></span> 
     </span>
    </p>
   </div>
   <div class='ocr_carea' id='block_1_130' title="bbox 2245 5444 3805 5527">
    <p class='ocr_par' dir='ltr' id='par_1_130' title="bbox 2245 5444 3805 5527">
     <span class='ocr_line' id='line_1_131' title="bbox 2245 5444 3805 5527; baseline -0.008 -19"><span class='ocrx_word' id='word_1_837' title='bbox 2245 5458 2503 5527; x_wconf 77' lang='lat' dir='ltr'><strong>sanguine</strong></span> <span class='ocrx_word' id='word_1_838' title='bbox 2535 5444 2763 5509; x_wconf 40' lang='lat' dir='ltr'><strong>fera-ruvm</strong></span> <span class='ocrx_word' id='word_1_839' title='bbox 2806 5452 3260 5527; x_wconf 75' lang='lat' dir='ltr'><strong>gladiatorumque</strong></span> <span class='ocrx_word' id='word_1_840' title='bbox 3316 5452 3554 5527; x_wconf 68' lang='lat' dir='ltr'><strong>inarena</strong></span> <span class='ocrx_word' id='word_1_841' title='bbox 3592 5444 3805 5527; x_wconf 81' lang='lat' dir='ltr'><strong>amphi-</strong></span> 
     </span>
    </p>
   </div>
   <div class='ocr_carea' id='block_1_131' title="bbox 2244 5520 3796 5589">
    <p class='ocr_par' dir='ltr' id='par_1_131' title="bbox 2244 5520 3796 5589">
     <span class='ocr_line' id='line_1_132' title="bbox 2244 5520 3796 5589; baseline -0.006 -12"><span class='ocrx_word' id='word_1_842' title='bbox 2244 5520 2440 5578; x_wconf 74' lang='lat' dir='ltr'><strong>theatti</strong></span> <span class='ocrx_word' id='word_1_843' title='bbox 2465 5527 2632 5577; x_wconf 82' lang='lat' dir='ltr'><strong>ell&#39;usu</strong></span> <span class='ocrx_word' id='word_1_844' title='bbox 2659 5533 2981 5576; x_wconf 82' lang='lat' dir='ltr'><strong>commntum</strong></span> <span class='ocrx_word' id='word_1_845' title='bbox 3003 5538 3197 5589; x_wconf 85' lang='lat' dir='ltr'><strong>pueros</strong></span> <span class='ocrx_word' id='word_1_846' title='bbox 3224 5520 3485 5573; x_wconf 81' lang='lat' dir='ltr'><strong>invasisse</strong></span> <span class='ocrx_word' id='word_1_847' title='bbox 3511 5527 3566 5573; x_wconf 80' lang='lat' dir='ltr'><strong>et</strong></span> <span class='ocrx_word' id='word_1_848' title='bbox 3585 5520 3796 5570; x_wconf 80' lang='lat' dir='ltr'><strong>misera-</strong></span> 
     </span>
    </p>
   </div>
   <div class='ocr_carea' id='block_1_132' title="bbox 2244 5591 3455 5660">
    <p class='ocr_par' dir='ltr' id='par_1_132' title="bbox 2244 5591 3455 5660">
     <span class='ocr_line' id='line_1_133' title="bbox 2244 5591 3455 5660; baseline -0.003 -15"><span class='ocrx_word' id='word_1_849' title='bbox 2244 5596 2418 5648; x_wconf 87' lang='lat' dir='ltr'><strong>b.liter</strong></span> <span class='ocrx_word' id='word_1_850' title='bbox 2443 5599 2493 5651; x_wconf 87' lang='lat' dir='ltr'><strong>in</strong></span> <span class='ocrx_word' id='word_1_851' title='bbox 2538 5602 2827 5660; x_wconf 63' lang='lat' dir='ltr'><strong>conspectu</strong></span> <span class='ocrx_word' id='word_1_852' title='bbox 2854 5594 3089 5646; x_wconf 89' lang='lat' dir='ltr'><strong>omnium</strong></span> <span class='ocrx_word' id='word_1_853' title='bbox 3118 5591 3455 5645; x_wconf 81' lang='lat' dir='ltr'><strong>laceravisse.</strong></span> 
     </span>
    </p>
   </div>
   <div class='ocr_carea' id='block_1_133' title="bbox 2361 5679 3443 5740">
    <p class='ocr_par' dir='ltr' id='par_1_133' title="bbox 2361 5679 3443 5740">
     <span class='ocr_line' id='line_1_134' title="bbox 2361 5679 3443 5740; baseline -0.004 -11"><span class='ocrx_word' id='word_1_854' title='bbox 2361 5684 2577 5732; x_wconf 79' lang='lat' dir='ltr'><strong>Verbera</strong></span> <span class='ocrx_word' id='word_1_855' title='bbox 2602 5684 2763 5731; x_wconf 87' lang='lat' dir='ltr'><strong>securi</strong></span> <span class='ocrx_word' id='word_1_856' title='bbox 2788 5681 2957 5731; x_wconf 88' lang='lat' dir='ltr'><strong>solitus</strong></span> <span class='ocrx_word' id='word_1_857' title='bbox 2973 5682 3053 5729; x_wconf 81' lang='lat' dir='ltr'><strong>leo</strong></span> <span class='ocrx_word' id='word_1_858' title='bbox 3071 5679 3203 5730; x_wconf 80' lang='lat' dir='ltr'><strong>ferre</strong></span> <span class='ocrx_word' id='word_1_859' title='bbox 3226 5680 3443 5740; x_wconf 80' lang='lat' dir='ltr'><strong>magistri</strong></span> 
     </span>
    </p>
   </div>
   <div class='ocr_carea' id='block_1_134' title="bbox 2430 5744 3533 5805">
    <p class='ocr_par' dir='ltr' id='par_1_134' title="bbox 2430 5744 3533 5805">
     <span class='ocr_line' id='line_1_135' title="bbox 2430 5744 3533 5805; baseline -0.005 -14"><span class='ocrx_word' id='word_1_860' title='bbox 2430 5746 2768 5804; x_wconf 71' lang='lat' dir='ltr'><strong>Insertamque</strong></span> <span class='ocrx_word' id='word_1_861' title='bbox 2792 5745 2886 5805; x_wconf 89' lang='lat' dir='ltr'><strong>pati</strong></span> <span class='ocrx_word' id='word_1_862' title='bbox 2914 5744 3116 5805; x_wconf 81' lang='lat' dir='ltr'><strong>blandus</strong></span> <span class='ocrx_word' id='word_1_863' title='bbox 3139 5744 3189 5791; x_wconf 87' lang='lat' dir='ltr'><strong>iu</strong></span> <span class='ocrx_word' id='word_1_864' title='bbox 3208 5754 3290 5789; x_wconf 85' lang='lat' dir='ltr'><strong>ora</strong></span> <span class='ocrx_word' id='word_1_865' title='bbox 3317 5752 3533 5799; x_wconf 85' lang='lat' dir='ltr'><strong>manum,</strong></span> 
     </span>
    </p>
   </div>
   <div class='ocr_carea' id='block_1_135' title="bbox 2377 5803 3482 5871">
    <p class='ocr_par' dir='ltr' id='par_1_135' title="bbox 2377 5803 3482 5871">
     <span class='ocr_line' id='line_1_136' title="bbox 2377 5803 3482 5871; baseline -0.004 -17"><span class='ocrx_word' id='word_1_866' title='bbox 2377 5805 2616 5857; x_wconf 60' lang='lat' dir='ltr'><strong>Dedidicit</strong></span> <span class='ocrx_word' id='word_1_867' title='bbox 2640 5803 2714 5866; x_wconf 63' lang='grc' dir='ltr'><strong>με</strong></span> <span class='ocrx_word' id='word_1_868' title='bbox 2733 5803 3013 5871; x_wconf 50' lang='lat' dir='ltr'><strong>etinsubito</strong></span> <span class='ocrx_word' id='word_1_869' title='bbox 3036 5803 3230 5857; x_wconf 79' lang='lat' dir='ltr'><strong>feritate</strong></span> <span class='ocrx_word' id='word_1_870' title='bbox 3254 5814 3482 5859; x_wconf 58' lang='lat' dir='ltr'><strong>reversa,</strong></span> 
     </span>
    </p>
   </div>
  </div>
