4292 6262
400 324 502 378 719

535 436 592 492 Si
620 451 784 492 cruor
813 437 1028 492 horrida
1061 439 1282 493 tinxerit
1321 456 1413 494 ora
1435 483 1448 504 ,

541 528 766 582 ltesidcs
797 529 924 582 olim
953 529 1183 583 redeunt
1202 531 1390 593 animi,

539 619 882 685 Fretnituque
911 621 1055 690 gravi
1083 622 1376 678 meminere
1406 625 1505 690 sui,

539 708 741 770 Laxant
775 708 930 762 nodis
957 711 1091 762 colla
1125 711 1335 772 solutis,

395 803 458 854 15
541 802 859 869 Primusque
884 802 1030 855 lacer
1056 802 1218 856 dente
1243 813 1469 856 cruento

535 891 781 944 Domitor
809 891 1024 944 rabidas
1048 892 1238 945 imbuit
1268 893 1395 946 iras.

537 982 692 1052 183
731 982 861 1046 Quae
889 981 1029 1034 canit
1059 982 1182 1035 altis
1210 983 1423 1051 garrula
1452 984 1615 1038 ramis

532 1073 684 1134 Ales,
717 1085 898 1124 cavete
921 1071 1186 1125 clauditur
1207 1083 1362 1125 antro
1391 1091 1402 1124 :

534 1159 665 1214 lluic
690 1161 816 1214 licet
849 1161 977 1214 illita
1009 1161 1198 1230 pocula
1232 1163 1393 1216 melle
1421 1202 1438 1228 ,
1504 1173 1506 1175 ’

389 1250 457 1305 20
532 1250 836 1319 Largasque
865 1250 1032 1318 dapes
1063 1251 1200 1304 dulci
1230 1251 1405 1305 studio

532 1339 746 1393 Ludens
769 1340 1043 1393 hominum
1074 1356 1199 1394 cura
1233 1342 1533 1403 ministret.

530 1430 586 1486 Si
611 1440 810 1499 tamen,
838 1443 989 1486 arcto
1017 1433 1216 1487 saliens
1242 1421 1442 1499 tecto,’

1230 329 1316 384 DE
1352 327 1868 386 CONSOLATIONE
1912 327 2390 386 PHILOSOPHUS
2444 330 2572 384 LIB.
2616 330 2703 385 Ill.

2005 449 2053 504 Α
2223 443 2511 498 Nemorum
2540 453 2718 512 gratas
2747 442 2938 497 viderit
2966 443 3178 496 umbras
3201 481 3220 508 ,

2225 535 2452 602 Sparsas
2477 535 2696 603 pedibus
2718 535 2940 602 proterit
2967 547 3142 595 escas,

2080 623 2150 676 25
2228 624 2405 678 Silvas
2435 633 2636 676 tantum
2670 632 2859 676 mtesta
2888 621 3130 690 requirit,

2220 715 2392 769 Silvas
2421 715 2563 768 dulci
2593 729 2721 767 voce
2743 721 3006 767 susurrat.

2222 806 2380 877 184
2407 805 2610 858 Validis
2639 805 2907 872 quondam
2941 803 3140 856 viribus
3171 811 3288 856 acta

2224 897 2453 952 Pronum
2485 897 2650 950 ﬂectit
2676 899 2819 963 virga
2847 909 3101 949 cacumen
3135 912 3147 947 :

2225 987 2370 1040 lianc
2409 987 2450 1039 si
2482 999 2711 1040 curvans
2739 985 2920 1038 dextra
2946 985 3177 1046 remisit,

2079 1078 2150 1133 '50
2221 1076 2385 1131 Recto
2411 1084 2618 1144 spectat
2645 1077 2844 1129 vertice
2884 1075 3098 1129 coelum.

2220 1168 2372 1223 Cadit
2401 1168 2684 1235 Hesperias
2717 1166 2946 1220 Phoebus
2977 1166 3026 1218 in
3058 1165 3222 1219 undas
3249 1183 3262 1230 ;

2217 1258 2322 1314 Sed
2353 1268 2562 1312 secreto
2590 1256 2801 1310 tramite
2829 1270 3014 1310 rursus

2215 1347 2442 1401 Currum
2467 1347 2653 1401 solitos
2683 1346 2844 1400 vertit
2873 1346 2937 1399 ad
2964 1355 3134 1399 ortus.

1731 1553 2078 1622 INTERPRE
2096 1565 2307 1620 nmo.

386 1679 579 1730 minam
608 1679 900 1739 terribilem,
943 1679 1081 1731 soliti
1112 1678 1177 1731 ab
1197 1678 1386 1732 eodem
1416 1677 1658 1748 vapulare
1685 1693 1703 1731 :
1727 1678 1770 1730 si
1797 1688 1963 1748 tamen
1997 1683 2044 1742 B
2071 1694 2206 1734 escas
2229 1677 2460 1744 copiosas
2478 1718 2493 1740 ,
2542 1677 2701 1730 animi
2727 1693 2914 1740 causa;
2942 1676 3127 1730 eadem
3153 1676 3503 1732 nihilominus
3550 1693 3640 1731 vo-

386 1750 625 1816 sanguis,
655 1748 971 1801 Verberibus
1002 1749 1294 1812 prtesertim
1336 1747 1504 1812 lusus,
1533 1748 1767 1800 imbuerit
1797 1747 1963 1800 vultus

384 1833 568 1872 eorum
597 1818 902 1882 horrendos,
927 1820 1132 1886 spiritus
1150 1821 1262 1886 jam
1282 1818 1478 1887 pridem
1502 1819 1652 1870 otiosi
1671 1826 1958 1882 recurrunt,

383 1897 428 1938 rt
457 1889 638 1941 leones
659 1904 900 1941 memores
929 1888 1033 1950 sui,
1064 1903 1324 1939 murmure
1354 1888 1546 1956 ingenti
1570 1928 1582 1948 ,
1619 1889 1836 1939 liberant
1864 1901 1958 1938 sua

384 1958 537 2021 colla,
562 1956 777 2009 vinculis
815 1960 1002 2026 ruptis,
1026 1967 1072 2010 et
1102 1957 1217 2022 ipse
1248 1958 1506 2020 dominus,
1549 1958 1742 2022 primus
1767 1958 1962 2026 discer-

384 2037 500 2093 ptus
541 2043 627 2079 ore
665 2025 887 2090 crudeli,
931 2028 1084 2079 satiat
1124 2027 1320 2093 furores
1349 2043 1505 2078 swvos
1533 2026 1864 2080 eorumdem.
1899 2025 1962 2079 Si

384 2096 622 2162 volucris,
646 2113 759 2158 qua:
781 2099 966 2165 loquax
981 2107 1190 2148 cantare
1213 2096 1347 2151 solet
1364 2097 1416 2149 in
1437 2097 1646 2150 summis
1669 2095 1954 2160 arboribus,

383 2166 662 2218 includitur
703 2182 874 2224 cavea.
900 2167 1058 2221 veluti
1091 2183 1292 2218 carcere
1322 2183 1340 2219 :
1382 2168 1608 2231 quamvis
1637 2165 1785 2217 Immo
1832 2165 1954 2216 dili-

384 2251 500 2304 yens
530 2237 638 2290 illic
665 2236 952 2302 suppeditet
984 2238 1158 2290 eidem
1189 2246 1365 2304 potum
1410 2237 1556 2289 melle
1602 2236 1864 2288 conditum
1902 2243 1950 2287 et

2075 1748 2274 1808 lucris,
2315 1748 2358 1798 si
2386 1759 2604 1815 angusta
2639 1751 2690 1799 in
2735 1749 2887 1799 domo
2922 1762 3017 1800 sua
3067 1749 3282 1807 saltans,
3327 1750 3639 1816 conspexerit

2074 1817 2280 1868 umbras
2292 1818 2555 1885 jucundas
2587 1818 2849 1880 silvarum,
2881 1819 3138 1868 conculcet
3175 1819 3330 1884 dapes
3359 1818 3637 1884 dispersas,

2072 1888 2234 1938 tristis
2264 1887 2443 1954 repetit
2460 1888 2622 1938 solum
2648 1888 2818 1948 silvas,
2844 1898 2897 1939 et
2918 1887 3058 1938 suavi
3087 1886 3383 1955 garrulitate
3408 1903 3634 1940 murmu-

2070 1967 2148 2009 rat
2163 1957 2314 2009 silvas
2344 1956 2580 2009 easdem.
2616 1957 2715 2020 Qui
2732 1972 2905 2007 ramus
2928 1955 3049 2007 olim
3073 1967 3281 2007 coactus
3296 1955 3417 2023 forti
3439 1956 3636 2017 robore,

2069 2025 2285 2078 demittit
2308 2026 2375 2077 ad
2397 2036 2555 2078 terras
2579 2028 2810 2078 verticem
2840 2035 3131 2088 curvatum,
3160 2026 3264 2087 hic,
3298 2026 3463 2076 statim
3486 2036 3636 2094 atque

2067 2111 2250 2147 manus
2279 2099 2483 2164 ﬂectens
2509 2097 2699 2147 laxavit
2726 2095 2895 2156 illum,
2921 2095 3122 2159 respicit
3145 2096 3325 2146 caelum
3370 2097 3636 2147 cacumine

2064 2177 2250 2217 erecto.
2285 2164 2376 2219 Sol
2408 2166 2592 2216 labitur
2614 2183 2662 2216 in
2687 2182 2844 2232 aquas
2871 2165 3180 2229 vespertinas
3212 2180 3229 2216 :
3259 2174 3308 2216 at
3329 2166 3512 2219 iterum
3542 2166 3635 2217 de-

2053 2243 2247 2303 torquet
2280 2236 2568 2304 plaustrum
2599 2235 2665 2286 ad
2691 2236 2930 2286 orientem
2953 2244 3243 2287 consuetum
3302 2235 3498 2287 occulta
3530 2236 3630 2289 via.

1888 2376 2118 2432 NOTIE.

565 2510 755 2569 Quanta
781 2522 874 2559 nec
900 2513 949 2558 in
975 2509 1166 2572 Libycis
1188 2511 1360 2572 debuit
1384 2522 1496 2559 esse
1513 2510 1664 2571 iugis:

499 2571 620 2621 Nam
641 2572 739 2620 duo
760 2573 822 2618 de
848 2579 1023 2619 tenera
1042 2571 1250 2633 puerilia
1284 2585 1485 2633 corpora
1512 2577 1653 2618 turba

561 2634 886 2692 Sanguineam
915 2637 1082 2682 rastris
1104 2647 1213 2693 quae
1238 2634 1504 2681 renoi'abat
1529 2634 1760 2690 humum,

503 2693 674 2742 Saevus
697 2702 749 2741 et
773 2693 940 2741 infelix
965 2694 1118 2741 furiali
1142 2695 1290 2742 dente
1317 2695 1526 2754 peremit
1555 2706 1568 2742 :

563 2754 730 2802 Martia
748 2766 843 2801 non
870 2755 984 2802 vidit
1004 2757 1157 2816 majus
1179 2769 1325 2802 arena
1350 2755 1500 2802 nefas.

453 2835 540 2889 12.
582 2835 793 2889 Resides
823 2838 942 2889 olim
968 2838 1179 2890 redeunt
1207 2838 1384 2889 animi.
1423 2835 1437 2907 ]
1471 2837 1571 2907 illa,
1607 2837 1817 2890 scilicet
1839 2850 1962 2888 cor-

381 2907 623 2974 puscula,
655 2922 772 2974 quae
800 2917 925 2959 sunt
961 2922 1079 2974 pars
1110 2908 1384 2972 sanguinis
1415 2905 1700 2969 subtilior,
1736 2919 1962 2973 qumque

383 2976 656 3030 cerebrum
686 2977 923 3044 ingressa
956 2991 1148 3029 nervos
1184 2976 1307 3029 hnc
1342 2987 1557 3028 exortus
1587 2978 1849 3039 subeunt,
1899 2984 1956 3027 ut

383 3055 572 3099 ventus
602 3060 798 3113 organa
827 3047 1026 3098 musica
1057 3044 1072 3096 ε’
1103 3047 1216 3099 Ιιωε
1248 3046 1442 3113 quippe
1479 3046 1794 3112 corpuscula
1827 3059 1950 3112 pro-

381 3125 499 3182 pter
522 3117 802 3183 quamdam
818 3117 1243 3180 similitmlinem,
1268 3131 1424 3182 quam
1451 3115 1777 3168 habentcum
1804 3123 1960 3167 Vento

2136 2504 2226 2557 22.
2260 2505 2415 2556 Arcto
2462 2504 2650 2556 saliens
2679 2503 2872 2574 tecto.]
2918 2504 2972 2557 In
2999 2513 3160 2568 tecto,
3190 2504 3425 2572 inquam,
3467 2518 3633 2560 non’e

2070 2583 2210 2628 tecto
2235 2574 2432 2626 saliens
2462 2591 2476 2623 :
2509 2574 2876 2644 alioquiatiec
2929 2591 3132 2643 sparsas
3153 2576 3364 2644 pedibus
3380 2586 3633 2643 proterere

2067 2661 2231 2706 escas,
2253 2659 2343 2694 uec
2369 2652 2563 2707 intesta,
2589 2659 2676 2695 nec
2701 2643 2853 2695 silvas
2875 2659 2990 2696 voce
3015 2643 3301 2708 susurrare,
3335 2645 3427 2698 sed
3460 2649 3632 2713 potius

2068 2715 2371 2767 deseruisse
2401 2727 2550 2765 escas
2581 2752 2596 2775 ,
2651 2714 2766 2766 ltetn
2791 2753 2805 2775 ,
2852 2722 2904 2765 et
2948 2715 3096 2765 silvis
3125 2715 3310 2766 adesse
3345 2715 3632 2770 diceretur.

2067 2783 2326 2836 Nimirum
2357 2796 2515 2835 cavea
2561 2791 2864 2848 cmteraque
2902 2796 3146 2850 corpora,
3194 2783 3382 2851 quibus
3413 2785 3524 2838 ales
3555 2787 3631 2839 in-

2066 2853 2216 2906 clusa
2249 2852 2629 2915 circumdatur,
2660 2852 2738 2904 sic
2789 2860 2994 2904 mutant
3039 2853 3171 2917 vias,
3227 2854 3420 2916 quibus
3466 2855 3630 2908 animi

2065 2924 2180 2974 sive
2210 2921 2430 2988 spiritus
2459 2920 2680 2973 dill'undi
2713 2921 2904 2981 solent,
2940 2931 2994 2974 ut
3039 2921 3091 2974 hi
3122 2922 3339 2987 spiritus
3359 2925 3514 2976 otiosi
3556 2926 3630 2977 vi-

2066 2991 2310 3045 deantur.
2336 2991 2406 3043 At
2437 2993 2521 3042 uhi
2539 3006 2727 3043 recens
2754 3000 2844 3042 ant
2873 2990 3042 3054 color,
3069 3001 3162 3043 aut
3181 3005 3362 3056 sonus,
3394 2993 3629 3046 antodor

2066 3061 2298 3114 umbrosi
2331 3061 2569 3113 nemoris
2593 3062 2657 3112 ad
2686 3062 2964 3112 cerebrum
2993 3075 3162 3128 usque
3190 3059 3410 3114 dill'nsus
3438 3073 3527 3114 aut
3554 3080 3630 3115 ra.

2064 3148 2180 3185 rum
2212 3130 2477 3192 densavit,
2508 3139 2598 3181 aut
2637 3132 2892 3183 relaxavit
2919 3129 3142 3182 densum
3164 3171 3177 3192 ,
3233 3138 3358 3183 tunc
3411 3136 3629 3185 mutatis

383 3185 601 3263 ejusque
629 3195 818 3263 motu_,
865 3186 1028 3237 animi
1073 3193 1329 3239 vocantur
1367 3193 1422 3239 et
1462 3186 1693 3252 spiritus.
1724 3183 1906 3253 Virgil.
1941 3184 2028 3245 lC
2062 3183 2078 3255 ί

1941 3199 1956 3238 ¹
1983 3184 2028 3245 C
2062 3183 2328 3255 meatibus
2362 3183 2638 3252 vertuntur
2667 3214 2857 3253 Cursus
2905 3183 3205 3252 animorum
3229 3240 3243 3263 ,
3291 3201 3360 3252 ita
3393 3183 3448 3253 ut
3478 3183 3626 3259 liisth

383 3255 596 3324 Georg,
625 3271 677 3307 v.
710 3254 815 3308 415
844 3272 856 3306 :

497 3339 634 3390 Haud
661 3342 889 3403 equidem
915 3343 1082 3403 credo,
1110 3345 1220 3402 quia
1244 3344 1308 3392 sit
1330 3343 1559 3392 divinitus
1583 3342 1677 3391 illis

505 3403 781 3464 Ingenium,
811 3413 892 3451 aut
917 3418 1081 3453 rerum
1108 3406 1202 3452 l'ato
1236 3408 1492 3464 prudentia
1516 3405 1665 3464 major
1690 3417 1702 3452 :

501 3464 682 3512 Verum
709 3467 788 3512 ubi
810 3474 1074 3525 tempestas
1098 3476 1148 3513 et
1169 3467 1275 3513 emit
1304 3467 1494 3513 mobilis
1517 3467 1686 3514 humor

502 3525 754 3587 Mutavere
775 3529 874 3572 vias
895 3540 905 3574 :
930 3527 1219 3587 etanpiter
1245 3527 1467 3574 humidus
1492 3530 1668 3574 austris

506 3586 704 3649 pensat,
722 3594 861 3635 erant
877 3601 986 3648 quae
1003 3586 1107 3634 rara
1131 3591 1296 3646 modo;
1320 3595 1369 3634 et
1384 3601 1493 3649 quae
1509 3588 1678 3646 densa,
1696 3586 1904 3648 relaxat,

506 3645 777 3710 Xertuntur
794 3645 988 3710 species
1010 3645 1297 3708 animorum,
1325 3663 1366 3695 e-
1395 3645 1590 3710 pectora
1611 3645 1770 3697 mntus

504 3707 642 3771 Nunc
664 3708 801 3769 alios,
822 3707 899 3755 alii
920 3722 944 3756 s
963 3709 1079 3756 dum
1105 3709 1264 3756 nubila
1286 3707 1306 3754 κ
1321 3707 1463 3758 cuius
1489 3711 1684 3771 agebat,

504 3769 785 3833 [onclpiunt
810 3784 820 3815 :
845 3771 956 3833 hinc
977 3771 1059 3818 ille
1083 3776 1238 3818 avium
1255 3777 1521 3820 concentus
1543 3771 1588 3817 in
1613 3769 1761 3833 agris,

502 3829 561 3879 Et
585 3832 708 3879 leue
732 3832 962 3892 pecudes,
986 3839 1038 3880 et
1058 3841 1260 3880 ovantes
1283 3838 1484 3892 gutture
1503 3829 1651 3880 corvi.

379 3912 637 3968 Similiter
661 3929 790 3981 ergo
820 3914 894 3966 illi
928 3914 1148 3982 spiritus
1195 3915 1246 3966 in
1275 3913 1519 3966 leonibus
1538 3913 1804 3968 cicuribus
1831 3929 1952 3982 pro-

381 3993 498 4052 pter
514 3983 724 4036 vincula
749 4023 764 4046 ,
796 3998 948 4037 escas
982 3992 1036 4038 et
1061 3983 1284 4037 verbera
1310 3999 1336 4035 a
1363 3983 1523 4036 sol.to
1547 3985 1734 4038 itinere
1769 3995 1836 4037 ita
1858 3983 1951 4037 de-

383 4055 698 4114 ﬂectuntur,
760 4063 815 4105 ut
840 4053 996 4106 otiosi
1039 4063 1094 4107 et
1119 4055 1268 4120 quasi
1300 4052 1503 4107 resides
1527 4053 1826 4108 videantur.
1881 4056 1949 4107 At

381 4136 520 4174 novo
548 4123 822 4188 sanguinis
855 4123 953 4176 lusi
983 4139 1075 4176 seu
1107 4125 1308 4190 colore,
1338 4139 1430 4174 seu
1461 4123 1651 4186 odore,
1679 4138 1772 4176 seu
1799 4133 1946 4176 utru-

380 4207 483 4258 que
503 4208 603 4244 vta:
631 4192 888 4246 hat-tenus
907 4193 1194 4246 obstructae
1223 4193 1532 4256 aperiuntur
1558 4211 1570 4245 :
1597 4195 1736 4247 unde
1765 4193 1816 4246 hi
1841 4196 1949 4257 spi-

382 4263 540 4325 ritus,
562 4278 663 4329 qua
693 4263 814 4314 data
848 4272 996 4330 porta
1028 4265 1368 4316 ruentesliter
1395 4278 1424 4314 a
1460 4274 1641 4316 natura
1672 4263 1768 4316 sibi
1811 4279 1948 4332 prae-

382 4331 635 4397 scriptum
657 4343 860 4390 tenent.
889 4336 1200 4399 leonemque
1219 4331 1433 4386 insolito
1460 4335 1693 4399 quidem,
1725 4333 1817 4386 sed
1843 4349 1946 4386 non

382 4402 558 4453 minus
586 4401 812 4453 naturali
846 4411 990 4454 motu
1015 4410 1359 4455 commovent
1387 4420 1399 4454 :
1457 4403 1579 4455 hinc
1604 4401 1790 4456 leones
1836 4406 1943 4456 l’re-

383 4478 561 4532 munt,
590 4481 840 4536 rumpunt
875 4472 1082 4524 vincula
1106 4515 1120 4537 ,
1163 4480 1218 4525 et
1248 4474 1418 4539 ipsum
1449 4471 1767 4526 domitorem
1802 4473 1941 4526 lace-

2056 3273 2156 3325 ala:
2181 3275 2244 3322 ait
2267 3272 2568 3324 saltandum
2588 3312 2602 3334 ,
2629 3279 2681 3322 et
2712 3269 2870 3336 pedes
2892 3270 2955 3321 ad
2991 3270 3341 3337 protereodas
3371 3285 3543 3333 escas,
3572 3282 3628 3326 et

2053 3343 2223 3394 fames
2250 3342 2313 3392 ad
2339 3340 2691 3392 susurrandas
2717 3340 2881 3394 silvas
2912 3339 3369 3393 commoveantur.
3406 3341 3561 3395 Ovid.
3591 3343 3626 3395 I.

2053 3427 2091 3465 ll
2121 3413 2187 3465 de
2219 3411 2408 3478 Ponto,
2430 3410 2567 3478 eleg,
2597 3408 2630 3460 4
2655 3425 2667 3461 :

2176 3541 2290 3604 Cum
2317 3542 2446 3589 bene
2469 3542 2565 3589 sint
2587 3550 2762 3588 clausa:
2785 3553 2932 3588 cavea
2957 3541 3204 3604 Pandione
3224 3549 3367 3604 natm,

2237 3602 2414 3650 Nititur
2437 3605 2482 3650 in
2505 3604 2650 3650 silvas
2672 3615 2881 3664 quaeque
2901 3603 3064 3650 redire
3089 3616 3218 3651 suas.

2122 3727 2215 3804 Si.
2247 3727 2450 3804 Validis
2500 3728 2689 3804 viribus
2731 3726 2868 3804 acia.
2889 3727 3051 3797 virga.
3078 3725 3099 3796 ]
3132 3727 3228 3804 ΙΙΙ.⁸
3279 3728 3620 3804 Philosophia

2055 3797 2365 3867 pandit:th
2398 3800 2468 3850 ob
2513 3801 2668 3851 linem
2697 3797 3096 3863 argumentatur
3119 3813 3147 3850 a
3184 3801 3398 3867 plantis,
3430 3797 3624 3867 quibus

2051 3863 2193 3920 inest
2221 3866 2301 3919 vis
2321 3867 2431 3929 illa,
2455 3883 2614 3933 quam
2643 3867 2938 3934 philosophi
2962 3863 3217 3920 elasticain
3239 3863 3459 3933 vocant,
3485 3882 3624 3925 vertu

2054 3938 2116 3989 de
2145 3946 2366 4002 ressort;
2423 3953 2646 4005 quaeque
2699 3937 2750 3988 in
2799 3939 2898 4008 hoc
2941 3941 3204 4003 versatur,
3262 3941 3406 4006 quod
3431 3954 3624 4008 corpus

2050 4020 2416 4071 compressum
2456 4019 2728 4060 tensnmve
2772 4007 2910 4059 ultro
2935 4009 3173 4074 citroque
3201 4025 3301 4071 qua
3339 4007 3625 4064 minusre-

2050 4075 2281 4140 sistitur,
2315 4079 2449 4130 facta
2484 4077 2730 4130 libertate
2771 4076 2991 4130 resiliat.
3047 4077 3168 4130 llwc
3200 4079 3365 4131 virtus
3394 4083 3626 4135 occurrit

2054 4161 2162 4198 non
2196 4148 2367 4199 solum
2414 4147 2466 4200 in
2490 4147 2721 4214 quibusd
2761 4161 2812 4198 m
2850 4147 3100 4210 metallis,
3130 4163 3314 4201 verum
3363 4155 3520 4202 etiam
3574 4153 3625 4204 ιιι

2052 4217 2298 4283 pluribus
2348 4218 2539 4283 plantis
2569 4231 2777 4286 :rquare
2809 4217 2866 4286 isi
2893 4220 3032 4282 virga
3067 4217 3226 4285 hujus
3256 4225 3468 4286 generis
3490 4233 3625 4273 recto

2054 4297 2288 4352 spectans
2316 4287 2496 4339 vertice
2520 4285 2721 4347 caelum,
2756 4285 2820 4338 ad
2847 4296 3040 4339 terrain
3079 4285 3275 4353 majori
3301 4291 3493 4340 dextrie
3519 4291 3624 4342 vir-

2057 4365 2168 4408 tute
2197 4366 2478 4418 cnrvetur,
2513 4358 2699 4410 eadem
2722 4399 2735 4422 ,
2763 4355 2898 4408 facta
2938 4357 3193 4410 redeundi
3221 4356 3467 4411 facultate
3494 4398 3510 4422 ,
3556 4358 3622 4411 ad

2051 4426 2245 4479 cmluui
2275 4428 2519 4479 recurrit.

2123 4497 2212 4548 5|.
2265 4494 2414 4548 Cadit
2447 4494 2718 4565 ,hesperias
2769 4494 2982 4546 l’ltarbus
3035 4497 3086 4545 in
3114 4494 3300 4554 undas,
3353 4505 3456 4547 etc.
3481 4493 3500 4564 ]
3529 4495 3620 4548 ιγ.

381 4549 548 4632 {aut}.
692 4540 1330 4632 tit-hicndiclatut'implut
1360 4542 1462 4593 ἕνας
1499 4541 1725 4594 imbuere
1754 4556 1772 4594 ἔ
1799 4544 1948 4597 sm"
1980 4544 2028 4602 Ι)
2059 4563 2397 4632 Philosophia
2445 4540 2580 4617 hanc
2623 4565 2694 4616 ob
2721 4580 2934 4616 causam
2983 4540 3383 4631 argumentatur
3410 4579 3436 4614 a
3479 4540 3618 4628 sole,

387 4608 571 4677 Virgil.
602 4611 677 4662 ait
697 4625 765 4661 vu
795 4609 1032 4664 Alneid”
1067 4626 1118 4662 v.
1141 4611 1235 4665 541
1273 4627 1286 4662 :

504 4698 732 4761 Promissi
767 4700 860 4747 dea
884 4698 1006 4748 facta
1027 4707 1218 4759 potens,
1244 4701 1323 4748 ubi
1344 4703 1577 4761 sanguine
1598 4701 1780 4749 bellum

505 4758 685 4808 imbuit
711 4768 762 4808 et
781 4761 948 4820 prima:
969 4758 1391 4811 commisitlunera
1419 4758 1610 4823 pugnae.

454 4838 540 4914 l'l.
583 4841 711 4906 Qua:
738 4843 874 4914 canit
906 4881 919 4894 .
948 4882 961 4894 .
990 4883 1002 4894 .
1032 4844 1159 4896 ales.
1193 4843 1210 4914 ]
1245 4845 1308 4897 Il.
1349 4844 1688 4912 Philosophia
1736 4857 1953 4913 propter

377 4911 690 4984 praedictum
729 4912 887 4965 linem
930 4911 1332 4984 argunieniatur
1372 4931 1400 4968 a
1436 4911 1775 4976 volucribus,
1829 4911 1947 4984 qua:

374 4979 554 5033 caveis
585 4980 831 5044 inclusas,
865 4979 1108 5050 quamvis
1149 4985 1218 5036 ibi
1260 4999 1465 5038 summa
1511 4985 1788 5038 hominum
1818 4979 1946 5038 cura

374 5052 695 5124 nutriantur,
722 5051 870 5124 omni
898 5066 1002 5120 quo
1035 5063 1254 5120 possunt
1277 5055 1434 5109 modo
1458 5054 1620 5108 silvas
1646 5056 1942 5124 requirunt.

372 5121 501 5199 Ales
529 5134 657 5199 ergo
682 5121 798 5198 hic,
832 5130 887 5173 ut
924 5132 1045 5188 pote
1074 5138 1192 5199 qua;
1221 5124 1417 5199 _ab_a|is
1438 5137 1688 5199 vocatur,
1724 5121 1808 5178 est
1834 5127 1945 5179 avis

369 5191 467 5263 alis
496 5198 677 5263 utens;
698 5193 893 5263 quippe
917 5208 1034 5259 qua:
1054 5194 1118 5244 ad
1145 5193 1396 5247 altissima
1423 5210 1591 5263 usque
1625 5196 1736 5248 loca
1756 5212 1945 5250 ascen-

369 5260 500 5310 dere
526 5259 705 5321 solita,
737 5262 1009 5313 dilticilius
1037 5265 1243 5316 czeteris
1271 5279 1446 5319 mores
1483 5259 1688 5319 alienos
1715 5265 1900 5318 induit.

571 5327 745 5407 Cat-ere
780 5329 1040 5383 clauditur
1060 5343 1226 5407 antro.
1260 5333 1278 5404 ]
1319 5336 1510 5407 Cavea
1533 5339 1824 5402 generatim
1859 5346 1940 5390 est

363 5397 590 5465 quilibet
621 5400 769 5452 locus
793 5410 1009 5458 cavatus
1031 5397 1396 5468 obscurusque
1414 5449 1428 5471 ,
1464 5397 1558 5459 hic
1571 5414 1747 5459 autem
1775 5422 1938 5460 cavea:

363 5476 488 5540 sunt
507 5481 753 5523 carceres
774 5510 788 5532 ,
839 5473 1030 5539 quibus
1055 5487 1188 5525 aves
1219 5476 1515 5540 praesertim
1546 5475 1823 5529 includere
1845 5492 1932 5528 so-

361 5535 569 5613 lemus,
590 5540 746 5613 vulgo
771 5535 869 5613 des'
891 5557 1038 5611 coges
1064 5555 1083 5593 :
1111 5535 1276 5596 voluit
1313 5560 1440 5598 vero
1481 5545 1815 5613 PhiIOSOphii
1850 5563 1932 5598 ra-

357 5609 452 5660 mis
477 5610 617 5674 altis,
649 5610 700 5662 ιιι
725 5612 916 5678 quibus
938 5609 1050 5664 ales
1074 5614 1268 5680 garrire
1288 5616 1446 5679 solet,
1471 5609 1741 5682 opponere
1767 5632 1931 5668 cavete

353 5687 580 5741 antrum,
630 5695 736 5753 quo
783 5681 894 5753 ales
947 5682 1260 5744 includitur.
1319 5694 1374 5737 ut
1419 5681 1588 5753 magis
1625 5688 1923 5750 denotaret,

353 5760 605 5814 quantum
633 5750 718 5804 hic
745 5751 883 5804 alitis
911 5762 1080 5805 status
1106 5769 1131 5804 ει
1167 5756 1388 5808 naturali
1419 5750 1599 5810 distet.

2056 4651 2213 4701 quem
2245 4645 2412 4702 poetae
2440 4633 2742 4686 fabulantur
2767 4633 3095 4685 occidentem
3124 4648 3242 4685 sese
3273 4635 3322 4684 in
3357 4633 3523 4684 undas
3548 4650 3621 4685 ze-

2057 4719 2286 4770 qnoreas
2314 4704 2580 4764 condere,
2621 4713 2678 4755 ut
2723 4704 2936 4767 pulvere
2981 4705 3300 4770 exterisque
3348 4702 3620 4766 sordibus,

2055 4788 2189 4838 quas
2231 4789 2322 4840 per
2352 4773 2491 4825 diem
2533 4772 2890 4834 contraxerit,
2925 4780 3196 4839 purgatus,
3246 4787 3400 4825 mane
3441 4774 3622 4836 purior

2055 4847 2278 4895 oriatur.
2330 4841 2599 4905 Hesperiae
2622 4844 2777 4894 unda:
2804 4843 2916 4895 sive
2939 4843 3253 4910 vespertinze
3279 4843 3529 4895 dicuntur
3548 4844 3616 4896 ab

2057 4913 2320 4976 Hespero,
2354 4915 2466 4964 sive
2503 4913 2680 4974 stella,
2725 4928 2841 4976 quae
2864 4914 3032 4980 prima
3068 4921 3186 4980 post
3214 4927 3463 4966 occasum
3493 4913 3621 4966 solis

2055 4983 2210 5036 nobis
2256 4990 2494 5048 apparet.
2541 4983 2771 5036 thbns
2804 4999 2962 5044 vero,
3011 4986 3091 5035 sol
3136 4983 3329 5037 dicitur
3373 4997 3402 5035 a
3432 4981 3620 5037 Graeco

2053 5054 2242 5124 φοζϐος,
2266 5052 2585 5121 splendidus,
2620 5064 2676 5105 ut
2707 5055 2902 5124 stt-pius
2924 5053 3178 5106 diximus.

2119 5121 2209 5178 5:2.
2246 5124 2454 5179 Secreto
2495 5127 2714 5174 tramite.
2749 5121 2767 5192 ]
2822 5123 2910 5174 \‘ia
2942 5125 3161 5191 quippe,
3195 5139 3296 5192 qua
3327 5123 3406 5177 sol
3437 5124 3504 5177 ab
3530 5139 3620 5178 oc-

2047 5209 2173 5247 casu
2203 5198 2464 5246 adortum
2497 5206 2717 5256 remeat,
2749 5204 2922 5259 ignota
2955 5206 3055 5255 est,
3103 5197 3347 5247 omnibus
3401 5195 3616 5261 quidem

2050 5265 2369 5325 hominibus,
2425 5279 2559 5331 quos
2599 5263 2702 5315 sihi
2735 5280 2796 5316 ex
2829 5265 3055 5317 adverso
3097 5275 3300 5317 stantes
3333 5264 3618 5330 antipodas

2045 5340 2220 5387 caeteri
2266 5334 2509 5386 homines
2533 5333 2730 5385 habent
2763 5351 2774 5384 :
2801 5334 2941 5399 quod
2964 5337 3042 5386 sol
3071 5335 3152 5386 his
3179 5344 3229 5387 et
3254 5335 3355 5386 illis
3381 5333 3613 5385 homini-

2042 5404 2140 5456 bus
2161 5404 2316 5455 simul
2344 5419 2445 5454 non
2477 5413 2754 5468 appareat,
2786 5405 2879 5456 sed
2906 5405 3199 5471 praesertim
3226 5403 3414 5472 poetis,
3444 5404 3533 5470 qui
3565 5411 3615 5454 et

2038 5475 2371 5527 occidentem
2399 5474 2566 5525 solem
2595 5473 2644 5524 in
2669 5489 2834 5542 aquas
2859 5475 3217 5540 praecipitare,
3262 5481 3316 5526 et
3345 5472 3612 5525 orientem

2035 5547 2102 5596 ab
2132 5545 2320 5596 iisdem
2355 5542 2504 5610 aquis
2530 5558 2854 5609 consurgere
2883 5544 3230 5595 mentiuntur.

2106 5615 2193 5668 55.
2225 5613 2445 5666 Currant
2477 5611 2653 5663 solitos
2693 5618 2838 5665 vertit
2881 5615 2948 5663 ad
2975 5623 3137 5664 ortus.
3174 5613 3190 5682 j
3231 5611 3359 5664 Nam
3416 5610 3496 5664 sol
3547 5613 3614 5666 ab

2032 5684 2218 5738 iisdem
2245 5685 2414 5750 poetis
2430 5683 2543 5736 veli:
2564 5683 2779 5750 tingitur
2796 5698 2977 5744 curru,
2995 5682 3150 5750 cujus
3165 5686 3270 5736 sint
3293 5682 3430 5748 axis,
3455 5690 3611 5746 τοιιυδ

2031 5757 2168 5823 equi.
2229 5754 2381 5807 Uvid.
2418 5769 2454 5813 ιι¹
2476 5753 2718 5820 Metam,
2751 5768 2800 5806 v.
2833 5754 2901 5806 63
2931 5770 2941 5803 :
