4292 6262
644 384 741 438 751

799 498 956 569 185
982 497 1255 564 Repetunt
1278 496 1525 567 proprios
1554 507 1779 563 quaeque
1809 507 2076 557 recursus,

649 589 720 646 55
793 589 1095 659 Redituque
1121 606 1221 644 suo
1246 589 1451 659 singula
1482 586 1735 657 gaudent.

791 683 899 736 Nec
925 693 1105 737 manet
1134 683 1227 736 ulli
1260 681 1482 733 traditus
1511 678 1669 741 ordo,

790 772 900 827 Nisi
929 773 1068 840 quod
1099 774 1187 826 fini
1216 772 1687 843 junxeritnrlum,

796 867 1159 937 Stabilemque
1187 867 1267 923 sui
1300 867 1486 921 fecerit
1512 866 1724 919 orbem.

1195 977 1352 1047 136
1391 974 1613 1030 PROSA
1643 972 1732 1028 ιιι.

648 1065 1125 1137 Διωωιειιιτωιε-
1142 1067 1495 1137 Phi/asaphia,
1520 1065 1655 1133 quod
1677 1064 1926 1137 hactenus
1944 1062 2225 1137 generatim

721 1136 977 1203 probavit.
1003 1136 1055 1189 id
1078 1139 1311 1204 deinceps
1340 1131 1600 1203 speciatim
1626 1134 1897 1202 probatura
1920 1131 1983 1186 de
2012 1131 2224 1195 divitiis,

720 1206 1069 1272 dignitatibus,
1094 1223 1270 1273 regno,
1310 1207 1476 1275 gloria
1522 1216 1569 1259 et
1596 1204 1959 1275 voluptatibus,
2001 1210 2105 1255 tam
2142 1216 2228 1253 so-

719 1277 829 1327 luta
855 1292 1009 1344 quam
1055 1278 1230 1329 stricta
1276 1272 1525 1338 oratione,
1558 1275 1621 1327 de
1670 1273 1750 1325 his
1791 1272 2019 1344 scilicet.
2055 1286 2225 1344 veram

722 1340 1146 1416 propositionem,
1166 1355 1217 1398 at
1245 1347 1429 1416 falsam
1454 1344 1845 1411 assumptionem
1873 1342 1984 1410 ﬁeri
2004 1340 2226 1416 ,_incipit

719 1428 751 1466 a
767 1410 976 1477 divitiis,
994 1431 1120 1484 quas
1141 1410 1452 1468 demonstrat
1474 1432 1575 1467 non
1600 1430 1706 1466 esse
1734 1428 1989 1466 summum
2019 1410 2225 1484 bonum,

719 1493 928 1551 propter
947 1480 1271 1545 anxietatem,
1295 1486 1546 1550 timorem,
1570 1493 1874 1551 cazterasque
1894 1480 2229 1551 perturbatio-

720 1568 808 1604 nes
828 1553 1008 1621 quibus
1029 1555 1359 1608 comitantur.

722 1639 830 1695 Vos
856 1656 1065 1711 quoque
1089 1658 1122 1696 o
1144 1643 1162 1676 ¹
1194 1652 1220 1680 ι
1249 1654 1459 1698 terrena
1486 1642 1732 1696 animalia
1753 1686 1766 1707 ,
1805 1644 1825 1673 ⁸
1857 1641 1882 1680 δ
1915 1641 2068 1696 tenui
2104 1638 2231 1695 licet

650 1730 955 1802 imagine,"
987 1744 1220 1789 vestrum
1268 1743 1447 1789 tamen
1498 1734 1816 1804 principium
1853 1744 1875 1773 ο
1925 1732 2229 1796 somniatis,

649 1821 674 1853 ⁵
706 1838 998 1893 verumque
1024 1825 1172 1879 illum
1204 1826 1545 1882 beatitudinis
1577 1826 1768 1890 linem,
1795 1826 1817 1858 ⁸
1848 1826 1972 1880 licet
2010 1822 2229 1879 minime

652 1914 969 1983 perspicaci,
987 1918 1343 1987 qualicunque
1366 1927 1539 1972 tamen
1559 1916 1882 1985 cogitatione
1899 1913 2228 1985 prospicitis,

649 2016 823 2070 eoque
849 2017 967 2072 vos,
990 2016 1041 2058 et
1061 2005 1161 2059 °ad
1190 2022 1371 2060 verum
1384 2007 1582 2060 bonum
1606 2007 1864 2061 naturalis
1894 2006 2040 2060 ducit
2060 2005 2233 2062 inten-

651 2093 913 2165 tio,187
938 2104 995 2150 et
1016 2096 1034 2127 ⁷
1056 2097 1122 2150 ab
1144 2096 1331 2152 eodem
1360 2097 1635 2166 multiplex
1661 2112 1815 2152 error
1834 2097 2069 2152 abducit.
2090 2095 2232 2153 Con-

650 2182 824 2238 sidera
846 2199 1074 2256 namque
1096 2200 1162 2239 an
1194 2201 1289 2256 per
1308 2202 1373 2242 ea
1416 2189 1607 2256 quibus
1619 2203 1675 2243 se
1689 2188 1933 2243 homines
1945 2188 2233 2259 adepturos

651 2272 1034 2332 beatitudinem
1080 2285 1303 2348 putant,
1330 2278 1399 2333 ad
1443 2279 1765 2334 destinatum
1808 2278 1969 2334 linem
2013 2280 2232 2334 valeant

1830 378 1967 432 'AN.
2009 376 2215 433 HANL.
2258 376 2411 436 SEY.
2452 380 2675 437 BOETll

3806 386 3908 439 732

2251 499 2298 556 Α
2329 494 2639 563 pervenire?
2660 493 2715 548 Si
2746 495 2887 549 enim
2912 494 2996 549 vel
3020 496 3243 563 pecunla
3262 539 3276 558 ,
3304 496 3388 550 vel
3415 492 3665 562 honercs,
3689 510 3910 554 extera-

2327 598 2429 650 que
2458 584 2562 638 tale
2590 583 2714 653 quid
2746 585 3005 652 afferunt,
3032 586 3115 639 cui
3145 586 3275 640 nihil
3306 586 3567 641 bonorum
3614 589 3803 645 abesse
3832 592 3909 644 vi-

2328 684 2537 745 deatur,
2564 697 2660 737 nos
2686 699 2900 753 quoque
2931 686 3006 753 (5)
3045 683 3306 739 fateamur
3338 686 3452 740 fieri
3484 686 3689 755 aliquos
3719 689 3907 743 horum

2329 781 2611 849 adeptione
2651 782 2850 837 felices.
2880 783 3031 849 Quod
3072 786 3115 838 si
3158 801 3330 849 neque
3378 786 3426 839 id
3479 788 3659 841 valent
3695 766 3909 846 efﬁcere

2331 881 2473 950 quod
2521 882 2864 949 promittunt,
2894 884 3154 954 bonisque
3195 887 3433 952 pluribus
3477 898 3699 954 carent,
3731 904 3907 944 nonne

2330 979 2357 1018 δ
2389 983 2587 1051 liquido
2616 984 2744 1036 falsa
2778 984 2828 1037 in
2876 985 2955 1039 eis
2998 986 3339 1040 beatitudinis
3366 987 3572 1054 Species
3611 987 3910 1057 deprehen-

2329 1082 2506 1137 ditur?
2527 1086 2549 1113 ⁸
2573 1084 2809 1137 Primum
2841 1084 2997 1153 igitur
3020 1094 3071 1140 te
3096 1086 3300 1154 ipsum,
3327 1087 3417 1155 qui
3440 1087 3599 1157 paulo
3619 1099 3745 1144 ante
3773 1089 3911 1143 divi-

2329 1185 2417 1238 tiis
2438 1184 2716 1248 affluebas,
2745 1186 3037 1257 interrogo.
3061 1190 3081 1222 ⁹
3106 1187 3251 1242 lntcr
3274 1189 3393 1245 illas
3418 1189 3907 1245 almudantissimas

2328 1290 2458 1342 Opes
2501 1291 2858 1345 numquamne
2902 1279 3135 1332 animum
3181 1289 3330 1333 tuum
3359 1290 3614 1349 concepta
3665 1295 3730 1334 ex
3774 1292 3912 1350 qua~

2335 1367 2463 1419 libet
2496 1366 2609 1436 (10)
2640 1366 2831 1436 injuria
2862 1367 3105 1422 confudit
3130 1369 3414 1423 anxietas?
3440 1370 3631 1437 Atqui,
3658 1370 3907 1440 inquam,

2335 1466 2443 1512 tam
2476 1459 2643 1514 libero
2673 1475 2758 1514 me
2814 1459 2974 1514 fuisse
3008 1461 3185 1516 animo
3217 1504 3233 1528 ,
3284 1462 3412 1531 quin
3460 1462 3656 1530 aliquid
3693 1477 3906 1530 semper

2340 1558 2362 1585 °
2388 1561 2629 1618 angeret,
2655 1550 2927 1604 reminisci
2960 1565 3188 1619 nequeo.
3208 1552 3395 1605 Nonne
3423 1551 3545 1620 quia
3576 1552 3657 1605 vel
3688 1552 3909 1617 aberat,

2337 1639 2480 1708 quod
2504 1639 2692 1694 abesse
2721 1656 2827 1695 non
2854 1640 3051 1706 velles;
3079 1643 3159 1695 vel
3191 1642 3405 1703 aderat,
3428 1640 3569 1709 quod
3595 1642 3788 1695 adesse
3816 1656 3912 1694 no—

2339 1729 2570 1785 luisses?
2595 1732 2674 1784 ιω
2719 1742 2832 1797 eSt,
2866 1731 3105 1801 inquam.
3138 1731 3284 1785 lllius
3332 1730 3495 1799 igitur
3537 1733 3931 1805 praesentiam,

2338 1819 2496 1889 hujus
2538 1820 2837 1875 absentiam
2907 1822 3276 1876 desiderabas.
3320 1821 3616 1886 Conliteor,
3674 1824 3937 1902 inquam.‘

2340 1911 2471 1980 Eget
2516 1926 2665 1977 vero,
2701 1914 2903 1983 inquit,
2933 1928 2998 1969 eo
3039 1913 3179 1983 quod
3232 1913 3457 1982 quisque
3484 1911 3598 1985 (l5)
3625 1913 3911 1968 desiderat.

2335 2001 2503 2074 Eget,
2536 2003 2770 2073 inquam.
2796 2003 2895 2070 Qui
2925 2018 3056 2059 vero
3086 2015 3206 2074 eget
3233 2005 3434 2074 aliquo,
3461 2012 3585 2058 num
3616 2014 3697 2058 est
3720 2010 3935 2075 usque-‘

2333 2110 2545 2164 quaque
2589 2095 2692 2150 sibi
2751 2097 2865 2165 ipse
2909 2096 3213 2152 sufﬁciens?
3256 2096 3510 2163 Minime,
3557 2097 3796 2165 inquam.
3832 2095 3913 2149 Tu

2335 2188 2514 2255 itaque
2558 2187 2697 2242 hanc
2744 2187 3173 2243 insuflicientiam
3217 2188 3441 2259 plenus,
3486 2189 3689 2257 inquit,
3719 2187 3939 2256 opibus.

2332 2279 2668 2335 sustinebas'!
2708 2280 2847 2348 Quid
2876 2282 2964 2336 ni?
2991 2282 3226 2351 inquam.
3258 2282 3397 2352 Opes
3443 2280 3602 2352 igitur
3627 2280 3791 2335 nihilo
3834 2280 3916 2334 in-

2008 2417 2579 2475 INTERPRETATIO.

656 2545 846 2599 Omnia
873 2546 1133 2618 requirunt
1156 2563 1410 2618 regressus
1441 2564 1583 2608 suos.
1613 2558 1659 2602 et
1686 2557 1871 2602 cuncta
1896 2547 2213 2604 delectantur

655 2630 1001 2689 recursumo.
1031 2615 1170 2671 Ordo
1196 2615 1466 2689 unicuique
1489 2618 1560 2672 rei
1575 2620 1901 2689 prwscriptus
1928 2635 2031 2673 non
2047 2635 2215 2673 serva-

656 2695 758 2759 tur,
782 2686 883 2759 nisi
909 2685 1016 2759 haec
1045 2688 1367 2759 conjunxerit
1385 2685 1541 2741 suum
1565 2687 1717 2756 finem
1751 2685 1867 2742 cum
1895 2703 1996 2746 suo
2025 2690 2218 2758 princi-

658 2755 742 2821 pio
757 2764 805 2809 et
831 2757 1002 2821 fecerit
1023 2755 1272 2811 circulum
1289 2758 1370 2811 sui
1406 2755 1744 2813 constantem.

729 2832 756 2861 ⁸
798 2826 850 2879 Η
856 2826 1064 2880 omines.

2390 2551 2419 2592 δ
2461 2554 2694 2628 Qbscura
2721 2554 2954 2625 quamvis
2971 2555 3298 2628 cogitatione.

2406 2633 2430 2694 ς
2470 2624 2735 2694 Cogitatis.

2401 2689 2426 2729 ά
2469 2689 2761 2749 Evidenter.

2401 2773 2424 2801 ⁸
2463 2763 2745 2820 Cruciaret.

2166 2961 2399 3021 NOTIE.

780 3074 943 3138 Ardua
971 3076 1122 3137 prima
1146 3075 1222 3138 via
1243 3080 1339 3135 est,
1363 3082 1415 3124 et
1437 3088 1531 3138 qua
1557 3077 1637 3126 vix
1657 3088 1804 3126 mane
1823 3080 2061 3126 recentes

779 3135 1039 3187 Enituntttr
1065 3137 1209 3197 equi;
1232 3138 1398 3186 medio
1414 3135 1494 3187 est
1516 3138 1749 3186 altissima
1766 3138 1954 3188 ctelo...

782 3197 962 3260 Ultima
981 3211 1133 3260 prona
1150 3199 1224 3246 via
1245 3206 1342 3256 est,
1366 3208 1415 3246 et
1437 3206 1556 3260 eget
1572 3199 1903 3247 moderamine
1925 3204 2085 3249 certo.

786 3259 926 3331 Iuste
951 3259 1098 3331 etiam
1120 3271 1230 3319 qua:
1250 3272 1330 3308 me
1348 3260 1584 3331 subjectis
1608 3261 1792 3331 excipit
1816 3260 1958 3309 undis

783 3319 861 3369 Ne
884 3320 1016 3370 ferar
1040 3322 1089 3367 in
1115 3332 1338 3380 praeceps
1356 3319 1542 3382 Tethys
1559 3320 1688 3369 solet
1722 3319 1823 3381 ipsa
1848 3321 2032 3369 vereri.

729 3400 822 3457 34.
855 3400 1105 3471 Repetam
1134 3402 1370 3469 proprios
1418 3418 1625 3469 quaeque
1677 3417 1930 3464 recursus,
1957 3398 2090 3471 etc.]
2120 3401 2245 3456 Sin-

663 3471 790 3543 gula
814 3480 1078 3543 conantur
1119 3471 1185 3522 ad
1213 3485 1334 3522 eum
1358 3514 1372 3535 ,
1408 3471 1550 3523 unde
1578 3471 1817 3543 digressa
1844 3482 2027 3543 sunt,
2054 3482 2248 3543 statum

665 3539 1330 3611 recurreremocquestatu
1354 3549 1672 3611 recuperato
1696 3540 1856 3595 veluti
1882 3542 2147 3611 gaudent:
2175 3542 2250 3596 sic

665 3609 853 3669 bestiae
881 3608 1087 3680 priores
1121 3624 1319 3673 mores,
1348 3609 1548 3677 plantae
1583 3610 1791 3678 priores
1829 3608 1986 3672 situs,
2012 3611 2093 3665 sol
2134 3612 2250 3680 ipse

665 3682 899 3752 priorem
938 3679 1114 3752 locum
1158 3689 1412 3752 appetere
1438 3688 1499 3752 et
1527 3691 1784 3752 quantum
1813 3680 1864 3733 in
1896 3694 1956 3734 se
1983 3689 2069 3735 est
2093 3679 2252 3752 repe-

667 3747 784 3807 tere
807 3748 1034 3805 videtur.
1070 3747 1325 3802 Horatius
1354 3748 1527 3818 Epist.
1561 3748 1599 3803 l.
1633 3764 1680 3814 ι,
1709 3763 1799 3818 ep.
1834 3752 1946 3805 to:

791 3880 1020 3931 Naturam
1045 3879 1267 3942 expellas
1289 3879 1443 3944 furca,
1467 3886 1632 3931 tamen
1651 3895 1807 3945 usque
1831 3888 2075 3933 recurret.

742 3984 836 4039 38.
868 3983 1213 4051 Stabilemque
1240 3986 1322 4037 sui
1360 3985 1533 4055 fecerit
1563 3984 1777 4055 orbem]
1806 3987 1875 4041 Ut
1903 4000 2042 4041 unus
2068 3986 2140 4040 sit
2165 4001 2259 4042 cu-

669 4053 915 4126 juslibet
939 4054 1012 4126 rei
1044 4055 1097 4107 in
1119 4054 1623 4126 suumnprincipiutn
1660 4053 1949 4111 remeantis
1972 4057 2252 4113 circuitus.

671 4123 763 4181 Sic
794 4123 1134 4177 Ecclesiasta:
1170 4140 1182 4176 I
1214 4140 1230 4179 :
1268 4123 1447 4177 Oritur
1474 4125 1620 4180 solet
1652 4127 1871 4191 occidit,
1902 4136 1950 4179 et
1984 4128 2053 4179 ad
2087 4126 2259 4182 locum

672 4211 817 4268 suum
842 4195 1111 4268 revertitur
1138 4209 1157 4247 :
1180 4195 1343 4268 ibique
1368 4211 1635 4268 renascens
1662 4207 1809 4268 θυι-αι
1838 4213 1927 4267 per
1952 4198 2251 4265 meridiem,

672 4275 722 4318 et
741 4265 965 4334 ﬂectitur
989 4264 1056 4315 ad
1083 4263 1391 4330 aquilonem.
1414 4333 1417 4334 ν
1441 4263 1950 4320 ιαεῑναηῖυηίυὲηα
1970 4268 2024 4320 in
2045 4263 2261 4322 circuitu

674 4333 836 4407 pergit
849 4334 1084 4407 spiritus,
1102 4344 1146 4386 et
1179 4335 1230 4385 in
1262 4333 1480 4387 circulos
1506 4351 1623 4390 suos
1646 4337 1927 4390 revertitur.
1956 4336 2139 4390 Omnia
2160 4340 2263 4407 [lu-

674 4404 816 4476 mina
842 4404 1037 4456 intrant
1060 4404 1113 4476 in
1134 4419 1299 4476 mare,
1322 4415 1369 4458 et
1389 4421 1530 4457 mare
1549 4422 1649 4458 non
1670 4407 1946 4472 redundat,
1972 4411 2037 4459 ad
2062 4404 2227 4461 locum
2244 4449 2260 4476 ,

679 4475 814 4546 unde
832 4484 1012 4526 exeunt
1027 4475 1288 4546 ,ﬂumina
1308 4485 1649 4546 revertuntur,
1672 4490 1725 4528 ut
1747 4477 1932 4529 iterum
1952 4480 2136 4546 ﬂuant.

753 4544 928 4615 Atque
960 4558 1022 4615 ex
1052 4542 1135 4596 his
1174 4544 1422 4615 omnibus
1461 4545 1802 4615 PliiloSOphia
1830 4542 2256 4602 concludendum

681 4597 938 4687 relinquit
967 4613 1214 4687 homines
1240 4628 1270 4666 a
1305 4597 1416 4687 beo
1449 4597 1704 4685 {aqua
1720 4597 2256 4687 5"‘pa‘i’c‘a’ia‘anas‘;
2286 4597 2339 4657 Ι)

681 4684 963 4747 quemdam
991 4686 1071 4738 sui
1103 4685 1286 4737 orliem
1320 4683 1577 4748 facturos,
1609 4688 1779 4740 instar
1807 4683 2158 4752 creterorum,
2188 4689 2255 4742 ad

682 4753 847 4811 Deum
873 4766 1119 4822 tanquam
1143 4752 1210 4807 ad
1231 4768 1387 4807 suum
1406 4754 1569 4809 tinem
1592 4771 1894 4812 recurrere.

685 4834 1029 4965 dfrTerrena
1080 4843 1392 4916 animalia.]
1444 4844 1694 4900 Homines
1725 4847 1874 4901 rebus
1917 4849 2131 4902 terrenis
2170 4849 2265 4901 ad-

723 4928 771 4965 tc
793 4929 832 4964 ι.

723 4912 832 4965 icti.

758 4983 778 5013 ’
810 4980 970 5057 Tenui
1010 4982 1255 5057 imagine,
1287 4982 1303 5055 ]
1340 4984 1523 5054 Specie
1563 4987 1667 5057 sive
1707 4986 1824 5039 idea
1860 4988 2106 5056 ingenita,
2146 5003 2265 5057 quae

688 5050 932 5123 corporis
957 5050 1218 5107 consortis
1244 5050 1688 5123 impressionibus
1711 5050 2044 5113 oliscnratur.

764 5119 787 5150 ⁸
826 5120 1058 5195 Vestrum
1115 5119 1421 5195 principium
1463 5123 1777 5195 sontniatis.]
1806 5124 1975 5178 Deum
2018 5129 2269 5189 obscure,

691 5190 860 5244 instar
888 5190 1300 5259 somniantium,
1334 5195 1629 5263 percipitis,
1682 5190 1823 5251 sicut
1860 5196 1971 5265 jam
2017 5198 2273 5267 explicui-

690 5276 832 5315 mus.

763 5330 791 5402 δᾴ
813 5327 1099 5402 Verumque
1115 5332 1388 5402 linem.lUt
1402 5335 1738 5391 homoinstar
1760 5348 2075 5394 cteterarum
2092 5355 2271 5394 rerum

692 5400 925 5476 stabilem
948 5403 1028 5454 sui
1060 5402 1216 5476 faciat
1243 5400 1445 5476 orbem,
1470 5422 1694 5461 necesse
1719 5418 1801 5462 est
1824 5420 1883 5463 ut
1904 5411 2044 5476 quod
2074 5409 2174 5463 fuit
2199 5411 2269 5463 illi

695 5473 1047 5547 principium,
1074 5474 1212 5528 idem
1235 5474 1321 5547 Asit
1353 5477 1475 5529 linis
1499 5477 1769 5547 cogitandi
1801 5498 1814 5531 :
1845 5473 2193 5547 quamobrem
2220 5480 2266 5533 si

695 5543 881 5618 homo,
904 5543 1132 5618 obscure
1168 5544 1387 5608 saltem,
1421 5543 1593 5618 suutn'
1625 5543 1876 5616 agnoscat
1923 5550 2266 5618 principium,

694 5612 835 5667 idem
869 5613 1050 5679 homo,
1077 5615 1302 5670 obscure
1325 5616 1548 5685 pariter,
1606 5612 1762 5673 suum
1797 5612 1953 5675 linem
1981 5612 2270 5691 cognoscat

697 5697 916 5737 necesse
940 5693 1043 5737 εει.

769 5751 791 5829 ξ
816 5750 988 5832 Licet“
1005 5753 1209 5832 minime
1236 5757 1519 5832 persp'caci
1535 5796 1550 5822 ,
1579 5760 2111 5832 qualicunquetamen
2136 5761 2269 5832 cogi-

702 5818 935 5888 tatione.)
952 5820 1211 5883 Praedicta
1233 5818 1438 5881 scilicet
1453 5818 1784 5897 obscuraque
1800 5818 1976 5897 specie
1992 5832 2104 5887 sive
2124 5818 2265 5896 idc'a,

2273 3206 2319 3269 C

2352 3094 2472 3149 quae
2502 3078 2652 3151 quod
2670 3077 2740 3132 sit
2769 3078 2821 3132 in
2849 3078 3004 3133 nobis
3029 3086 3100 3151 et
3125 3077 3284 3151 hujus
3314 3082 3553 3149 proxime
3578 3080 3775 3134 conscii
3821 3094 3917 3151 sue

2352 3165 2493 3211 mus,
2524 3149 2716 3203 merito
2742 3160 2966 3202 vocatur
2988 3149 3247 3219 cogitatio.

2431 3219 2451 3251 ⁸
2476 3220 2556 3272 Ad
2599 3235 2770 3272 verum
2797 3219 2996 3289 bonum
3021 3218 3277 3289 naturalis
3306 3220 3446 3273 ducit
3473 3218 3730 3289 iutentio.]
3759 3220 3919 3287 Quod

2353 3290 2496 3345 enim
2520 3304 2671 3343 mens
2693 3299 2873 3341 nostra
2894 3287 3149 3341 divinitus
3176 3287 3496 3345 informetur
3521 3287 3769 3356 praedicta
3799 3305 3923 3358 spe-

2354 3363 2461 3422 cie,
2492 3359 2544 3413 in
2580 3373 2681 3420 qua
2708 3358 2948 3425 quaedam
2980 3357 3229 3411 attributa
3255 3360 3570 3414 naturaliter
3598 3361 3741 3414 videt
3770 3357 3920 3414 com-

2355 3429 2641 3498 prehendi,
2676 3437 2956 3495 pronterea
2996 3427 3179 3498 eadem
3213 3439 3389 3481 nostra
3442 3444 3593 3483 mens
3633 3429 3922 3496 judicando

2352 3496 2507 3553 veras
2536 3498 2847 3552 naturaliter
2878 3499 3068 3550 format
3092 3496 3160 3551 de
3188 3513 3396 3551 summo
3424 3499 3564 3552 bono
3593 3498 3918 3565 propositio-

2354 3584 2471 3633 nes,
2515 3583 2648 3635 quas
2699 3576 2914 3635 propter
2967 3565 3450 3632 necessitudinem,
3495 3585 3613 3635 quzc
3660 3579 3743 3623 est
3786 3570 3925 3622 inter

2350 3638 2611 3708 judicium
2657 3637 3062 3707 appetitnmque
3108 3636 3266 3701 boni,
3296 3638 3544 3690 naturalis
3591 3639 3804 3691 intentio
3842 3652 3926 3691 se-

2392 3712 2551 3761 uitur.

2354 3726 2551 3857 (μιῗὲΙῖ
2582 3776 2772 3851 eodem
2791 3775 3059 3857 multiplica:
3078 3791 3219 3829 error
3245 3774 3923 3857 abducit.]_Nimirum.dum

2356 3847 2543 3902 eadem
2582 3848 2757 3900 'tnens
2812 3846 3081 3915 praedictis
3133 3846 3589 3914 propositionibus
3643 3846 3920 3909 convicta,

2357 3916 2681 3988 prtejudiciis
2714 3916 2785 3969 ita
2826 3916 3147 3988 deflectitur.
3179 3925 3237 3988 ut
3288 3915 3434 3988 falsis
3481 3917 3928 3988 assumptiouibus

2355 3986 2615 4057 judicium
2640 3987 3094 4057 intentionemque
3120 3986 3313 4040 habeat
3335 3986 3405 4040 de
3421 4001 3485 4040 eo
3495 3987 3589 4057 cui
3618 3995 3744 4040 ante
3762 3995 3929 4057 capta:

2360 4056 2554 4112 summi
2586 4056 2709 4110 boni
2760 4056 3108 4125 proprietates
3139 4070 3246 4125 non
3282 4056 3604 4110 conveniunt
3636 4072 3650 4108 :
3700 4057 3840 4109 sicut
3862 4056 3931 4108 de

2363 4141 2685 4195 unoquoque
2707 4124 2949 4181 seorsum
2978 4124 3310 4194 probandutn
3339 4135 3453 4189 est,
3479 4126 3724 4179 videlicet
3754 4125 3821 4180 de
3849 4126 3932 4179 di-

2363 4197 2526 4259 vitiis,
2565 4196 2929 4266 dignitatibus,
2965 4210 3168 4266 regno,
3212 4196 3382 4263 gloria
3427 4205 3484 4249 et
3531 4195 3930 4264 voluptatibus;

2362 4282 2427 4323 ac
2453 4264 2864 4335 primo'quidem
2894 4268 2963 4320 de
2988 4264 3210 4319 divitiis.

2434 4348 2457 4381 ⁸
2488 4347 2720 4401 Primum
2751 4357 2799 4398 te
2849 4347 3018 4416 ipsum
3038 4347 3123 4410 qui
3146 4344 3305 4412 paulo
3328 4354 3446 4398 ante
3468 4344 3933 4416 divitiisAaﬁiuebas,

2363 4416 2662 4487 interrogo.]
2687 4414 2899 4470 Boetius
2924 4418 3141 4487 quippe,
3160 4418 3464 4487 priusquam
3489 4415 3627 4487 apud
3644 4414 3935 4469 Theoderi-

2366 4502 2488 4541 cum
2535 4484 2674 4540 male
2719 4484 2962 4549 audiret,
2988 4485 3286 4539 ditissimus
3332 4486 3427 4538 fuit
3458 4501 3471 4535 :
3502 4484 3643 4537 unde
3679 4493 3937 4553 expertus

2369 4558 2553 4623 novit,
2585 4556 2853 4623 quomodo
2884 4557 3043 4609 homo
3070 4555 3333 4607 afﬁciatur
3361 4568 3485 4623 erga
3512 4554 3756 4616 amissas,
3779 4554 3937 4607 amit-

2369 4627 2555 4681 tendas
2610 4636 2664 4680 et
2694 4636 2981 4695 pra-sentes
3006 4624 3471 4695 quoquedivitias,
3501 4631 3787 4695 potestque
3814 4638 3938 4689 pro-

2374 4706 2562 4767 pterca
2589 4692 2940 4767 interroganti
2970 4693 3324 4767 Philosophiae
3360 4693 3710 4767 respondere,
3739 4692 3933 4767 divites

2371 4762 2470 4821 nec
2513 4767 2781 4821 anxietate
2803 4762 3014 4830 animi,
3047 4778 3148 4819 nec
3197 4773 3375 4829 metu,
3406 4778 3507 4818 nec
3546 4763 3783 4833 pluribus
3819 4762 3939 4817 aliis

2369 4837 2646 4891 ail‘ectibus
2676 4851 2889 4890 vacare.

2441 4920 2463 4952 θ
2494 4914 2636 4971 Inter
2691 4917 2837 4981 illas,
2864 4912 2998 4986 ,etc.]
3026 4914 3067 4968 1.
3088 4914 3239 4986 Ergo
3266 4922 3664 4986 argumentatur
3692 4910 3936 4986 Philoso-

2374 4987 2496 5056 phia
2543 4988 2610 5041 ab
2648 4988 2915 5040 anxietate
2939 4983 3122 5038 animi.
3166 4983 3409 5056 Ana-ictas
3451 4983 3601 5052 quasi
3640 4983 3881 5056 anctietas
3907 4996 3938 5034 a

2373 5052 2565 5131 supino
2590 5058 2960 5131 auctum;_hoe
2999 5065 3175 5131 autem
3222 5054 3482 5131 al)_ang_o_,
3515 5052 3656 5121 quod
3701 5062 3781 5131 est
3823 5066 3942 5131 con:

2374 5121 2591 5195 stringo.
2638 5127 2997 5193 Quamobrem
3034 5121 3566 5195 anxietashic'idetn
3604 5122 3747 5195 quod
3785 5121 3941 5173 animi

2375 5190 2582 5267 angor:
2624 5190 2717 5251 séd
2761 5212 2947 5265 angor,
2990 5206 3127 5267 teste
3155 5192 3353 5254 Tullio,
3395 5200 3479 5267 est
3520 5190 3778 5267 aegritudo
3823 5205 3943 5256 pre-

2377 5262 2530 5322 mens
2560 5285 2572 5321 :
2608 5269 2675 5319 ita
2713 5276 2769 5319 ut
2810 5262 3044 5328 animus,
3081 5265 3248 5318 instar
3276 5262 3502 5331 partium
3532 5262 3771 5330 corporis
3798 5273 3945 5312 com-

2378 5337 2581 5405 pressi,
2616 5338 2856 5390 videatur
2893 5336 3137 5403 confundi
3168 5342 3384 5405 propter
3407 5333 3628 5405 aliquant
3654 5331 3895 5405 injurinm
3925 5344 3944 5382 :

2377 5399 2634 5479 undegsic
2673 5399 3050 5479 argumentari
3074 5399 3285 5479 videtur
3332 5399 3822 5479 pliilnsophia.’llbi
3862 5408 3945 5479 est

2376 5477 2538 5531 animi
2569 5473 2830 5541 anxietas,
2860 5477 2929 5530 ibi
2964 5474 3192 5530 felicitas
3235 5488 3338 5526 non
3378 5482 3463 5526 est
3490 5488 3504 5524 :
3536 5473 3774 5524 anxietas
3799 5473 3943 5541 enim

2377 5547 2465 5601 illa
2486 5587 2501 5611 ,
2523 5556 2589 5621 Aut
2613 5555 2736 5621 pote
2752 5538 2927 5621 animi
2957 5544 3239 5621 aegritudo,
3268 5552 3349 5621 est
3379 5542 3614 5596 felicitati
3637 5538 3942 5621 contraria.

2376 5606 2533 5685 Atqui
2566 5606 2627 5671 in'
2658 5618 2909 5670 divitibus
2937 5606 3152 5684 semper
3180 5606 3422 5685 qtuedam
3453 5622 3536 5666 est
3564 5611 3726 5664 animi
3758 5606 3941 5685 anxie-

2379 5678 2503 5741 tas':
2546 5687 2788 5755 qut-ditis
2834 5687 2915 5741 vel
2942 5678 3106 5747 absit,
3144 5678 3284 5751 quod
3324 5683 3516 5755 abesse
3564 5697 3668 5755 non
3715 5678 3942 5738 vellent.
3988 5746 3991 5749 ν

2379 5760 2459 5811 vel
2488 5751 2626 5811 adSit
2649 5757 2786 5825 quod
2812 5757 3000 5810 adesse
3026 5756 3263 5810 nollent:
3295 5754 3431 5807 sicut
3459 5751 3673 5825 Boetius
3695 5759 3946 5819 expertus

2382 5830 2591 5883 fatetur.
2620 5830 2637 5880 Ι
2668 5819 2972 5897 ’διιθῖίὶεηιὲέι
3008 5842 3103 5881 vox
3141 5825 3464 5894 Latinamou
3499 5819 3728 5877 videtur.
