4276 6260
663 379 759 435 755

655 498 689 552 5
726 495 834 551 Nec
858 508 985 549 cura
1016 492 1241 547 mordax
1268 489 1471 545 deserit
1492 486 1861 557 superstitem,

796 586 1225 653 Delunctumque
1266 582 1414 636 leves
1442 594 1547 634 non
1578 579 1910 634 comitantur
1938 591 2090 646 opes.

1192 675 1347 744 ιω
1373 671 1601 726 PROSA
1641 669 1730 724 tv.

655 768 1051 823 Ancuueuruu.
1082 792 1152 805 --
1185 762 1362 815 Honor
1390 763 1661 831 dignitates
1689 775 2032 831 consequens,
2075 758 2239 831 inquit

730 835 1089 901 Philosophia,
1112 834 1182 886 sic
1203 834 1265 885 ab
1288 828 1527 897 Opinione
1554 831 1691 900 vulgi
1708 829 1911 896 pendet,
1936 838 1990 881 ut
2015 844 2104 901 nec
2126 828 2237 901 ubi-

724 922 822 972 quc
842 920 931 957 nec
949 899 1150 973 semper
1178 902 1559 973 magistratibus
1585 903 1879 953 exhibentur
1896 914 1914 951 :
1945 899 2077 951 unde
2102 900 2238 973 falsa

725 969 916 1042 pariter
944 969 1286 1049 assumptione
1313 971 1587 1024 credideris
1612 1010 1639 1049 ,ι
1669 969 2112 1049 εαηιηιμηιλᾳιιοά
2136 985 2237 1049 πα·

726 1039 958 1097 turaliter
1010 1044 1270 1113 cognoscis
1319 1050 1366 1094 et
1399 1056 1543 1093 amas
1569 1079 1585 1106 ,
1622 1040 1807 1093 bonum
1829 1039 1882 1091 in
1908 1039 2243 1107 dignitatibus

723 1130 1189 1272 tSuittftia‘rdignitates
1226 1209 1253 1239 ι
1300 1199 1701 1268 honorabilem,
1728 1198 2202 1267 reverendumque
2223 1236 2239 1261 ,

653 1294 737 1350 cui
770 1292 1134 1363 provenerint,
1186 1290 1438 1346 reddunt.
1469 1293 1489 1321 ³
1519 1289 1655 1345 Num
1694 1289 1777 1343 vis
1802 1304 1865 1343 ea
1897 1289 2237 1357 magistrati.

651 1386 754 1440 bus
790 1382 822 1424 δ
849 1396 907 1439 ut
950 1385 1210 1439 utentium
1252 1384 1526 1438 mentibus
1553 1382 1779 1437 virtutes
1810 1384 2069 1446 inserant,
2106 1380 2235 1434 vitia

651 1476 961 1545 depellant?
992 1486 1014 1513 ε
1049 1474 1211 1544 Atqui
1247 1489 1351 1527 non
1386 1474 1592 1542 fugare,
1626 1472 1720 1525 sed
1752 1473 2026 1526 illustrare
2056 1470 2239 1540 potius

652 1568 945 1639 nequitiam
984 1566 1182 1636 solent,
1240 1582 1349 1636 quo
1381 1566 1473 1631 lit,
1520 1576 1578 1620 ut
1604 1566 1948 1635 indignemur
1973 1580 2066 1620 eas
2092 1579 2239 1633 saepe

1888 370 1997 424 AN.
2040 366 2248 423 MANL.
2291 365 2440 422 εῖν.
2484 362 2705 421 ΒΟΕΤΙΙ

2266 485 2311 543 Α
2343 477 2689 549 nequissimis
2720 478 3032 533 [nominibus
3064 478 3142 549 (5)
3184 476 3504 548 contigisse:
3533 477 3554 511 ⁸
3582 479 3726 536 unde
3748 481 3932 539 Catul-

3829 366 3930 418 7'56

2346 569 2429 624 lus
2452 569 2615 640 193
2629 568 2650 600 δ
2667 567 2829 624 licetd
2850 569 2901 623 in
2920 569 3092 624 curuli
3111 568 3342 623 Nonium
3361 569 3929 635 sedentem,strumsm

2346 660 2524 714 tamen
2577 660 2836 729 appellat.
2890 660 3128 715 Videsne
3174 671 3438 730 quantum
3493 664 3649 720 malis
3695 666 3932 722 dedecus

2345 751 2602 817 adjiciant
2651 750 2977 820 dignitates?
3027 753 3189 821 Atqui
3252 754 3430 807 minus
3480 770 3669 809 eorum
3726 760 3933 826 patebit

2348 842 2668 910 indignitas,
2699 843 2745 895 si
2769 842 2933 896 nullis
2950 842 3249 897 honoribus
3282 844 3665 900 inclarescant.
3688 847 3769 901 Tu
3799 865 3933 916 quo-

2345 945 2449 998 que
2480 945 2607 984 num
2651 932 2867 984 tandem
2930 940 3007 984 tot
3047 932 3296 999 periculis
3332 935 3522 989 adduci
3556 937 3813 1002 potuiSti,
3878 952 3931 991 ut

2351 1020 2372 1051 '
2403 1036 2526 1073 cum
2548 1020 2812 1075 Decorato
2838 1035 3028 1091 gerere
3049 1020 3125 1093 (5)
3149 1026 3511 1091 magistratum
3542 1037 3782 1095 putares,
3810 1044 3930 1082 cum

2346 1111 2399 1165 in
2427 1127 2493 1167 eo
2522 1123 2760 1167 mentem
2803 1111 3117 1183 nequissﬁni
3152 1124 3176 1151 ο
3204 1130 3427 1179 scurrae,
3449 1118 3814 1189 delatorisque
3847 1138 3935 1176 re-

2344 1203 2612 1271 spiceres?
2634 1204 2747 1258 Non
2772 1204 2918 1258 enim
2952 1220 3240 1272 possumus
3265 1206 3596 1269 obbonores
3624 1214 3931 1265 reverentia

2342 1294 2532 1364 dignos
2558 1294 2822 1365 judicare,
2864 1309 3005 1364 quos
3034 1294 3169 1364 ipsis
3196 1297 3489 1351 honoribus
3511 1298 3817 1366 iudicamus
3848 1302 3933 1355 in-

2341 1382 2555 1452 dignos.
2583 1386 2651 1437 At
2676 1384 2721 1438 si
2746 1398 2905 1453 quem
2933 1386 3197 1451 sapientia
3224 1385 3505 1451 prmditum
3542 1389 3776 1452 videres,
3800 1406 3929 1445 num

2343 1489 2530 1543 posses
2551 1490 2676 1530 eum
2706 1478 2788 1531 vel
2815 1478 3143 1537 reverentia,
3175 1478 3259 1531 vel
3283 1492 3346 1532 ea
3376 1519 3391 1543 ,
3419 1495 3521 1548 qua
3550 1483 3808 1550 pra'ditus
3824 1494 3928 1548 est,

2344 1568 2638 1635 sapientia,
2687 1582 2794 1623 non
2845 1568 3063 1640 dignum
3110 1572 3335 1638 putare?
3372 1571 3609 1626 Minime.
3644 1574 3926 1645 lnest(10)

2030 1694 2613 1760 lNTERPRETATlO.

651 1821 774 1879 gum
807 1810 1074 1875 uiuentem,
1118 1810 1196 1865 sic
1237 1810 1580 1864 inconstantes
1621 1824 1722 1862 non
1763 1807 2070 1861 comitantur
2100 1821 2232 1858 utor-

652 1894 818 1932 tuum.

726 1957 751 1984 ι
790 1947 1245 2029 ijicit_lln~et.ius.
1313 2018 1363 2029 Η

724 2029 751 2056 ⁸
793 2017 1027 2087 Reponit
1055 2018 1422 2088 Philosophia.

2266 1934 2314 1993 B

2412 1814 2436 1843 ο
2479 1806 2591 1858 Non
2622 1816 2791 1860 certe.

2410 1871 2437 1910 ἀ
2479 1873 2861 1942 Magistratum.

2415 1954 2439 1983 ο
2483 1946 2791 2025 Sannionis,
2816 1946 2903 2016 qui
2928 1946 3158 2001 videlicet
3188 1950 3418 2002 omnibus
3447 1952 3610 2006 modis
3630 1953 3789 2006 risum
3821 1972 3927 2010 mae

2343 2030 2455 2069 uere
2481 2025 2678 2068 ηιιιιυν.

2172 2151 2403 2209 NOTAE.

776 2269 853 2337 Ie
871 2283 1056 2332 greges
1071 2278 1269 2323 centum
1280 2272 1564 2337 Siculaque
1590 2275 1771 2322 circum

774 2332 1001 2393 Mugiunt
1020 2347 1193 2383 vaccae.

653 2413 888 2483 Qualitas
908 2429 1036 2469 vero
1074 2417 1215 2485 agris
1245 2417 1445 2487 opimis.

722 2507 774 2577 5.
794 2576 797 2577 ν
818 2505 928 2560 Nec
955 2522 1081 2559 cura
1107 2507 1342 2572 mordax,
1373 2505 1503 2577 etc.]
1534 2504 1822 2577 Quamvis,
1852 2503 2230 2577 inquit_Philoo

647 2576 860 2643 scphia,
907 2576 1056 2630 dives
1082 2577 1314 2631 abundet
1337 2574 1580 2645 pecunia,
1612 2575 1839 2644 gemmis
1868 2585 1921 2626 et
1945 2574 2086 2641 agris
2111 2576 2226 2641 opi-

650 2647 775 2712 mis,
822 2660 926 2700 non
985 2657 1262 2715 propterea
1316 2647 1441 2701 felix
1489 2645 1620 2700 erit:
1674 2660 1793 2715 nam
1828 2645 1912 2697 vel
1958 2655 2230 2712 superstes

646 2716 813 2770 vitam
856 2714 999 2784 aget,
1025 2718 1106 2770 Vel
1147 2719 1255 2771 vita
1284 2716 1569 2771 defunctus
1624 2714 1902 2784 morietur.
1956 2715 2011 2767 Si
2040 2714 2226 2784 vivat,

655 2783 916 2841 anxiferis
943 2787 1267 2842 cruciabitur
1288 2787 1451 2847 curis,
1483 2786 1597 2840 sive
1624 2783 1690 2837 ad
1716 2783 2115 2839 conservandas
2140 2799 2231 2837 ve-

645 2866 811 2926 teres,
838 2856 951 2910 sive
973 2857 1039 2910 ad
1067 2857 1454 2926 comparandas
1486 2868 1651 2909 novas
1676 2869 1826 2921 epes.
1861 2854 1916 2908 Si
1945 2869 2073 2908 vero
2112 2870 2228 2907 mo-

646 2925 839 2991 riatur,
868 2928 1121 2993 quidquid
1150 2942 1216 2981 ex
1244 2928 1353 2981 suis
1380 2926 1570 2994 opibus
1608 2939 1827 2990 sperare
1869 2933 2075 2994 poterat
2100 2938 2227 2978 con-

644 2995 941 3061 solationis,
972 2998 1103 3052 illud
1152 2997 1325 3066 ipsum
1373 3013 1475 3050 non
1504 2994 1866 3049 comitabitur:
1895 3009 2026 3062 opes
2057 2994 2223 3061 enim,

645 3076 708 3119 ut
743 3076 865 3134 pote
885 3069 1102 3123 caduca:
1130 3071 1250 3121 vine
1281 3066 1736 3130 lamulautes,hac
1763 3066 2047 3120 recedente
2078 3080 2226 3120 rece-

643 3136 1134 3219 dunthtransitum
1160 3138 1224 3219 ad
1259 3138 1568 3219 limredetn_._
1591 3150 1751 3205 quem
1781 3136 2051 3190 similibus
2076 3138 2221 3189 curis
2246 3158 2293 3219 ρ

644 3204 717 3259 ita
743 3207 1007 3269 al‘licient,
1039 3219 1093 3261 ut
1132 3208 1179 3262 si
1202 3218 1253 3263 te
1295 3216 1475 3275 tangat
1497 3204 1636 3261 illius
1664 3221 1835 3267 amor,
1869 3221 2001 3273 opes
2021 3220 2218 3259 novum

642 3275 740 3330 tibi
784 3292 905 3331 esse
951 3281 1182 3334 debeant
1227 3279 1429 3333 doloris
1463 3287 1872 3347 argumentum:
1908 3278 2043 3329 l'also
2068 3276 2227 3344 igitur

642 3360 886 3417 assumes
910 3363 1050 3411 eam,
1083 3364 1239 3417 quam
1267 3348 1582 3417 naturaliter
1609 3347 1891 3416 cognoscis
1912 3347 2227 3417 appetisque

660 3415 992 3483 elic-itatem,
1054 3415 1110 3472 in
1157 3418 1359 3473 divitiis
1412 3415 1657 3485 reperiri.
1690 3415 1998 3472 Videamus
2053 3416 2228 3485 digni-

644 3492 801 3539 tatcs.

711 3555 725 3585 ¹
772 3557 1057 3629 ῼὲῃηὶιηιεε
1088 3556 1443 3629 honorabilem
1470 3557 1904 3629 reverendumqne
1929 3554 2224 3629 reddunt]

637 3621 693 3696 ld
712 3626 926 3696 quidem
951 3628 1135 3696 objicit
1160 3631 1373 3682 Boetius
1391 3627 1778 3694 Philosophiae:
1808 3621 1902 3683 sed
1927 3627 2039 3681 haec
2069 3621 2226 3695 repol

637 3695 741 3766 nit,
771 3694 867 3749 bas
890 3694 1174 3766 dignitates
1224 3714 1327 3752 non
1380 3707 1484 3750 tam
1536 3700 1747 3753 ratione
1773 3700 1892 3763 sui,
1924 3711 2085 3765 quam
2108 3694 2226 3765 opi-

636 3762 800 3837 nione
818 3762 1341 3837 vulgi'honorabilem
1368 3768 1834 3837 reverendumque
1855 3762 2221 3837 magistratum

638 3833 996 3909 redderefex
1017 3855 1123 3909 quo
1151 3840 1227 3904 lit,
1258 3849 1315 3893 ut
1343 3852 1441 3893 nec
1462 3838 1658 3908 ubique
1686 3833 1785 3893 nfc
1811 3833 2025 3908 semper
2056 3840 2223 3909 magi-

633 3910 833 3959 stratus
861 3908 1063 3964 lmnore
1084 3910 1403 3964 afﬁciantur.

665 3982 672 3989 '
706 3975 726 4003 ²
766 3974 1019 4051 N‘umpis
1050 3996 1109 4031 ea
1140 3982 1540 4050 magistratibus,
1599 3978 1732 4051 elc.]
1784 3979 1826 4032 l.
1869 3980 2219 4048 Philosophia

638 4045 853 4117 reponit
878 4048 1164 4117 dignitates
1210 4045 1417 4104 i'atione
1446 4052 1529 4107 sui
1559 4067 1662 4104 non
1693 4045 1918 4105 reddere
1946 4045 2217 4106 hominem

634 4112 1003 4177 honorabile'm
1043 4130 1096 4173 et
1135 4122 1515 4177 reterendmn.
1567 4120 1701 4176 Cum
1752 4121 1894 4174 enim
1948 4120 2121 4175 honor
2165 4131 2222 4178 et

633 4188 933 4240 reverentia
960 4190 1031 4243 sit
1054 4190 1377 4245 intrinsecus
1400 4193 1614 4260 quidem
1658 4191 1925 4260 cogitatio,
1952 4192 2221 4248 extrinse-

631 4268 727 4305 cus
759 4269 1033 4329 veronota
1061 4262 1262 4329 optima
1305 4262 1476 4316 meriti
1521 4265 1703 4326 alieni,
1734 4260 1933 4317 idcirco
1963 4263 2138 4315 honor
2165 4272 2220 4318 et

632 4328 933 4403 reverentia
958 4330 1030 4383 ita
1061 4330 1388 4403 comitantur
1415 4336 1663 4387 virtutem
1684 4374 1701 4399 ,
1744 4343 1801 4385 ut
1845 4333 2100 4403 quidquid
2132 4348 2219 4387 ra-

633 4398 779 4468 tione
799 4401 880 4449 sui
902 4398 1169 4455 hominem
1194 4402 1367 4455 reddit
1387 4398 1754 4459 honorabilem
1767 4411 1818 4457 et
1834 4398 2213 4468 reverendum,

627 4462 760 4540 illud
787 4468 831 4521 si
860 4467 1032 4540 virtus
1053 4470 1168 4540 ipsa
1199 4488 1304 4525 non
1332 4474 1424 4537 sit,
1447 4476 1679 4528 virtutem
1712 4475 1963 4527 mentibus
1989 4462 2215 4527 inserere

628 4534 824 4614 debeat
845 4533 1090 4610 adeoque
1117 4544 1241 4597 vitia
1269 4533 1544 4613 depellere.
1586 4548 1746 4614 Atqui
1777 4545 2065 4613 dignitates
2102 4546 2216 4599 site
2242 4533 2294 4592 Ι)

629 4610 973 4685 magistratus
1002 4628 1106 4667 non
1140 4614 1209 4668 ita
1249 4629 1309 4668 se
1336 4610 1585 4670 habent:
1627 4610 2057 4685 quandoquidem
2089 4616 2104 4667 i
2134 4616 2215 4667 lu-

625 4684 790 4755 ntrare
830 4683 999 4750 potius
1041 4685 1317 4751 nequitiam
1344 4689 1505 4740 solent
1528 4683 1682 4755 quam
1703 4692 1905 4755 fugare,
1940 4702 2042 4755 quo
2071 4688 2128 4750 lit
2161 4696 2215 4739 ut

624 4748 951 4826 indignentur
987 4770 1073 4807 eas
1096 4748 1233 4820 sirpe
1252 4748 1573 4825 aequissimis
1607 4748 1913 4826 contigisse:
1944 4748 2084 4810 sicut
2111 4755 2214 4809 Ca-

625 4818 1077 4899 tullusb'oninm,
1122 4818 1179 4880 et
1197 4826 1311 4894 ipse
1327 4818 1561 4882 'Boetius
1585 4818 1895 4882 Decor-ptum
1920 4842 2064 4899 mgre
2092 4829 2212 4883 tulit

622 4898 989 4962 magistratum
1012 4909 1219 4962 gerere.

696 4955 717 4985 ³
754 4957 910 5037 ﬁnde
955 4955 1241 5037 Catullus]
1273 4967 1437 5023 Poeta
1470 4968 1801 5031 notissimus,
1846 4968 1958 5036 qui,
1984 4967 2122 5033 quod
2154 4968 2207 5023 in

623 5029 867 5107 versibus
891 5031 959 5082 ita
991 5032 1157 5107 interit
1177 5029 1397 5092 mordax
1418 5078 1432 5101 ,
1462 5049 1521 5092 ut
1549 5054 1615 5093 ne
1640 5029 1839 5092 Cwsari
1864 5029 2083 5106 quidem
2116 5054 2207 5105 pe-

628 5104 1007 5178 l‘e'ce'j]._ntttt
1035 5104 1294 5178 dubitavit
1316 5108 1545 5162 Nonium
1575 5104 1968 5176 magistratum,
1996 5104 2129 5173 sive,
2154 5116 2214 5162 ut

626 5176 770 5249 mute
794 5168 990 5224 dicitur
1011 5212 1027 5237 ,
1051 5172 1300 5249 i_n_curuli
1326 5181 1608 5240 sedentem,
1641 5168 1882 5245 ejusdem
1905 5168 2210 5249 cognomini

623 5234 894 5305 alludens,
925 5234 1167 5297 convicio
1193 5252 1515 5303 consectari.
1541 5234 1720 5303 Carm.
1749 5250 1850 5304 53:

746 5328 871 5401 Quid
893 5341 992 5401 est,
1021 5334 1231 5401 Catulle,
1259 5341 1374 5401 quid
1395 5340 1600 5389 moraris
1620 5342 1815 5389 emori?

742 5390 872 5441 Selli
898 5396 943 5443 in
971 5390 1128 5448 curuli
1152 5390 1335 5448 struma
1358 5401 1545 5450 Nonius
1566 5404 1712 5452 sedet
1737 5415 1751 5452 :

744 5452 842 5523 ξτες
858 5458 1168 5523 consulatum
1192 5461 1383 5523 peierat
1408 5462 1643 5513 Vatinius.

742 5516 869 5572 Quid
892 5526 990 5581 est,
1013 5516 1222 5581 Catulle,
1246 5516 1363 5585 quid
1389 5530 1590 5575 moraris
1609 5528 1798 5578 emori?

693 5597 715 5628 ⁸
754 5599 891 5675 (siccf
928 5604 983 5675 in
1015 5605 1182 5659 curuli
1207 5606 1259 5661 N
1265 5610 1439 5662 auium
1464 5612 1745 5675 sedentem,
1767 5622 2013 5667 strumam
2037 5622 2204 5665 latum

619 5670 891 5742 appellat.]
921 5674 1109 5731 Plures
1140 5678 1226 5731 hic
1264 5690 1449 5751 putant
1483 5670 2028 5751 Boetium'iguorasse
2062 5695 2204 5736 stru-

616 5751 755 5816 Imuu
785 5754 907 5817 esse
928 5758 1341 5817 cognomentum
1375 5749 1529 5805 Nonii
1557 5768 1570 5804 :
1613 5749 1819 5806 Boetius
1845 5753 2160 5805 allurinntnr
2185 5794 2199 5817 ,

612 5809 780 5869 ,uquit
803 5809 1071 5876 Josepb'us
1096 5819 1333 5884 Scaliger
1356 5821 1420 5873 ad
1453 5822 1736 5886 prmdictos
1764 5838 1950 5877 versus
1979 5809 2195 5887 Catulli,

2378 2264 2432 2339 ui
2447 2273 2697 2339 strumam
2718 2281 2819 2319 non
2842 2281 3121 2339 cognomen
3148 2266 3198 2320 Ν
3205 2268 3310 2339 ouii
3335 2277 3499 2339 putat,
3516 2270 3607 2324 sed
3619 2272 3921 2329 convicium.

2395 2336 2499 2389 nde
2539 2336 2844 2407 Sitzmanus
2875 2335 2988 2389 hic:
3025 2335 3291 2403 Notanda,
3322 2335 3427 2407 ait,
3457 2340 3552 2393 hoc
3581 2342 3691 2395 loco
3721 2345 3924 2400 ἀνιστο-

2336 2411 2503 2482 epeia.
2519 2407 2678 2458 nostri
2700 2404 2893 2482 ΒοειὶίΔ
2916 2408 2969 2459 in
2997 2423 3054 2459 eo
3083 2410 3227 2482 quod
3241 2404 3489 2482 strumam
3518 2427 3616 2464 non
3647 2428 3923 2482 cognomen

2339 2474 2503 2547 Nonii
2552 2485 2721 2544 putat.
2770 2476 2834 2529 Et
2862 2476 3166 2531 Bernartius
3216 2478 3299 2532 hic
3346 2495 3587 2547 quoque:
3618 2474 3929 2547 vidéamus,

2335 2543 2508 2610 inquit
2530 2543 2640 2615 ,lne
2664 2546 2915 2615 guttulam
2943 2549 3168 2599 hauserit
3192 2565 3220 2602 e
3247 2543 3658 2615 ﬂuuiiue'lethes
3697 2553 3777 2605 vir
3810 2543 3922 2607 tua;

2332 2614 2519 2667 ximus.
2553 2614 2695 2690 Idem
2725 2626 2873 2684 putat
2895 2616 3224 2690 Murmelius.
3254 2618 3323 2672 At
3350 2618 3599 2685 Boetius,
3643 2637 3771 2690 pace
3802 2633 3921 2678 tan-

2336 2692 2510 2760 torum
2547 2687 2800 2760 virorum,
2828 2688 3158 2760 accusandus
3190 2703 3292 2741 nou
3327 2699 3411 2743 est
3441 2692 3525 2744 hic
3551 2687 3918 2760 aut—ignoran-

2336 2753 2424 2829 ἕξω
2445 2765 2533 2829 a__ut
2548 2756 2779 2829 erroris:
2806 2757 3047 2820 quamvis
3069 2760 3210 2810 enim
3234 2769 3427 2811 struma
3447 2753 3743 2829 cognnmén
3761 2763 3921 2818 fuerit

2338 2821 2511 2885 Nonii,
2546 2824 2744 2877 Nonius
2776 2835 2953 2880 tamen
2989 2842 3017 2879 a
3042 2828 3249 2881 Catullo
3280 2831 3446 2882 instar
3473 2821 3699 2885 cdnvicii
3719 2842 3919 2887 struma

2336 2899 2515 2946 vocari
2534 2904 2733 2971 potuit.
2765 2896 3148 2971 Scilicetquod
3181 2913 3476 2971 cognomen
3510 2902 3576 2954 ab
3603 2904 3782 2971 aliquo
3801 2906 3918 2959 sive

2335 2966 2574 3038 corporis
2599 2968 2709 3038 sive
2732 2970 2927 3020 mentis
2953 2967 3081 3020 vitio
3100 2966 3417 3036 desumitur,
3450 2970 3578 3024 illud
3604 2966 3776 3038 potest
3804 2977 3915 3028 vel-

2336 3034 2407 3110 uti
2456 3032 2758 3110 convicium
2792 3038 3047 3110 proponi,
3078 3038 3141 3110 iis
3174 3032 3468 3110 praesertim
3505 3032 3694 3110 quibus
3743 3044 3918 3108 primo

2336 3101 2671 3169 impositura:
2720 3101 3005 3173 ttt‘ei’qui
3040 3101 3266 3173 primum
3310 3109 3485 3163 dictus
3513 3101 3594 3165 est
3620 3101 3835 3165 Servius
3883 3132 3914 3167 a

2325 3186 2505 3246 servo,
2526 3189 2593 3224 un
2612 3173 2804 3225 esclave
2820 3174 3080 3246 :_Spurius
3105 3192 3133 3229 a
3157 3180 3358 3246 spurio,
3383 3195 3453 3232 un
3477 3180 3690 3243 bdtard;
3718 3182 3917 3237 Brutus

2331 3240 2563 3319 abruta,
2597 3260 2663 3294 un
2714 3240 2949 3319 stupidi},
2981 3240 3276 3312 cognomen
3311 3240 3559 3319 tanquam
3610 3240 3914 3307 convicium

2332 3311 2492 3392 objiei
2526 3323 2719 3379 potest.
2753 3311 2865 3392 [mu
2896 3314 2944 3366 id
2980 3311 3314 3383 cognominis
3344 3311 3628 3392 nunquam
3675 3325 3917 3392 reperias

2330 3382 2469 3462 apud
2502 3393 2710 3438 veteres
2752 3381 3022 3462 Romanos
3054 3381 3659 3462 cumnomineréorum
3700 3381 3754 3446 in
3779 3408 3917 3462 quos

2330 3450 2651 3522 invehuntur
2721 3454 3094 3522 conjunctum,
3153 3458 3251 3511 nisi
3299 3461 3529 3514 convicii
3582 3475 3757 3516 causa.
3797 3450 3916 3518 'Sic

2330 3520 2689 3593 gini-ruentia,
2724 3520 2832 3590 quo
2875 3527 3193 3593 cognomine
3220 3529 3446 3583 donatur
3475 3531 3694 3585 Asinius
3743 3534 3915 3588 Asinii

2329 3590 2589 3670 Pollionis
2614 3590 3587 3670 frater._judiéeprzedictoAScaligcro,
3633 3609 3691 3655 ut
3725 3605 3914 3658 convi-

2328 3662 2473 3717 cium
2506 3664 2679 3719 eidem
2713 3664 2898 3718 Asinio
2928 3662 3176 3732 objicitur
3202 3682 3232 3721 a
3259 3662 3467 3724 Catullo
3494 3662 3673 3726 Carm.
3710 3672 3803 3726 12:

2454 3754 2753 3815 Marrucine,
2776 3757 2909 3804 Asini
2936 3769 3079 3805 manu
3102 3759 3295 3809 sinistra

2452 3814 2558 3864 Non
2582 3816 2715 3866 belle
2740 3814 2896 3867 uteris
2919 3820 2966 3867 in
2984 3819 3096 3879 joco
3119 3828 3267 3883 atque
3290 3822 3416 3871 vino.

2325 3897 2413 3977 §ic
2438 3897 2722 3977 Superbus,
2744 3901 3364 3977 θος[ιοιῐιειι-ξῐϊιιηιιὶηἰἱ2
3396 3913 3453 3957 ut
3471 3902 3773 3960 convicium
3804 3906 3910 3977 ipsi

2325 3968 2617 4037 Tarquinio
2644 3968 2962 4037 praponitur
2985 3988 3015 4025 a
3044 3968 3323 4041 Propertio
3353 3975 3389 4027 l.
3420 3989 3500 4036 tu.
3530 3977 3664 4045 eleg.
3694 3979 3799 4034 l0:

2446 4060 2572 4127 Quid
2595 4073 2724 4127 nunc
2746 4059 3200 4127 Tarquiniii‘ractas
3218 4064 3350 4121 juvat
3374 4076 3488 4112 esse
3510 4078 3738 4127 secures,

2507 4121 2711 4171 Nomine
2736 4121 2885 4184 quem
2909 4123 3051 4171 simili
3072 4127 3167 4174 vita
3190 4127 3401 4185 superba
3428 4128 3596 4178 notat?

2322 4204 2483 4280 Atqui
2532 4214 2730 4280 struma
2774 4222 3071 4280 cognomen
3100 4217 3185 4263 est
3211 4209 3402 4272 Nonii,
3452 4221 3507 4265 et
3554 4211 3769 4280 quidem
3804 4213 3909 4280 ipsi

2324 4277 2496 4349 primo
2521 4276 2727 4349 datum,
2753 4276 2894 4349 quod
2917 4292 3211 4347 cognomen
3236 4295 3303 4331 ex
3332 4280 3462 4333 vitio
3483 4276 3749 4349 corporis,
3773 4276 3911 4336 stru-

2322 4346 2423 4401 mis
2448 4347 2719 4416 videlicet,
2749 4348 2955 4402 Gallice
2984 4346 3072 4402 des
3093 4350 3389 4411 écrouelles,
3414 4346 3910 4408 desuu‘litut-{Adde

2321 4417 2461 4485 quod
2508 4418 2595 4489 ad,
2622 4426 2899 4483 Strumas,
2948 4419 3107 4487 hujus
3150 4420 3482 4486 cognominis
3518 4422 3809 4489 originem,
3839 4439 3909 4476 eo

2323 4489 2498 4560 potius
2530 4488 2768 4560 alludere
2805 4489 3059 4560 visusest
3084 4490 3348 4555 Catullus,
3383 4491 3527 4560 quod
3554 4488 3725 4544 Nonio
3766 4507 3909 4559 pta:-

2321 4558 2422 4610 tori
2448 4559 2500 4612 in
2526 4558 2783 4631 prazdicto
2803 4558 3042 4631 carmine
3060 4560 3296 4631 Catullus
3319 4558 3606 4631 conjungat
3630 4558 3903 4615 Vatinium

2321 4630 2597 4683 consulem
2623 4667 2638 4693 ,
2669 4630 2789 4698 qui,
2821 4628 2961 4697 quod
2986 4631 3205 4683 strumis
3232 4628 3501 4686 laboraret
3522 4628 3543 4695 ξ
3568 4631 3636 4685 ab
3655 4630 3772 4698 ejus
3803 4632 3907 4685 ini-

2323 4699 2462 4751 mico
2489 4697 2749 4753 Cicerone
2797 4701 2994 4767 saepius
3037 4712 3244 4754 struma
3291 4712 3384 4753 aut
3415 4702 3656 4754 ιιι-ωηοδὶ
3686 4697 3906 4754 tumoris

2323 4769 2539 4823 nomine
2559 4770 2864 4825 denotatur.
2892 4770 2993 4823 Pro
3021 4771 3234 4825 Sestio:
3269 4770 3540 4824 Medentur
3567 4772 3755 4824 civitati
3775 4811 3789 4835 ,
3816 4774 3905 4841 qui

2321 4848 2559 4893 enecant
2590 4850 2775 4907 pestem
2798 4841 3024 4912 aliquqm
3046 4849 3555 4910 tanquamslrumam
3576 4858 3595 4895 :
3624 4841 3676 4895 iu
3702 4841 3900 4906 Vatiu.,

2320 4919 2528 4980 {trama
2567 4912 2781 4975 denique
2805 4909 3203 4980 ebore—improbo
3232 4912 3617 4980 demigrarunt;
3654 4920 3708 4966 et
3733 4912 3858 4965 alibi
3883 4928 3899 4966 :

2321 4978 2598 5033 Tumidum
2626 4981 2862 5033 habemus
2882 4978 3153 5034 oratorem.
3180 4980 3304 5034 Haec
3328 4978 3397 5035 de
3426 4983 3619 5037 Nonio.

2392 5050 2413 5081 ⁵
2454 5050 2584 5103 Cum
2624 5050 2898 5104 Dccorato.
2923 5047 2943 5120 ]
2976 5051 3264 5104 Decoratus
3294 5052 3380 5105 hic
3408 5064 3490 5106 est
3520 5053 3614 5107 ille
3643 5051 3707 5105 ad
3737 5065 3899 5121 quem

2319 5119 2685 5175 Theodericus
2731 5122 2867 5187 apud
2918 5119 3294 5175 Lassiodorum
3353 5123 3474 5177 Var.
3521 5125 3558 5175 1.
3591 5119 3771 5189 ν,ερξ
3807 5122 3899 5187 51,

2319 5193 2527 5258 scribit,
2557 5201 2612 5244 ut
2652 5191 2944 5259 compellat
2970 5192 3228 5260 quosdam
3254 5194 3528 5259 pecuniam
3556 5194 3767 5247 solvere
3806 5207 3903 5259 po-

2316 5263 2589 5322 stulatam,
2620 5261 2665 5313 si
2693 5275 2878 5314 revera
2922 5276 3018 5315 eos
3072 5261 3208 5316 forte
3236 5263 3538 5317 constiterit
3589 5263 3897 5317 debitores:

2313 5331 2455 5397 quod
2499 5331 2713 5398 adjutor
2741 5332 2995 5399 magistro
3022 5332 3316 5385 ol'liciorum
3344 5333 3599 5400 judicanti
3645 5331 3893 5385 adesset:

2312 5410 2368 5453 et
2417 5410 2694 5468 propterea
2717 5441 2731 5463 ,
2764 5406 2923 5455 solito
2950 5402 3111 5455 ofﬁcii
3144 5405 3360 5457 nomine
3382 5443 3397 5468 ,
3432 5404 3627 5458 ibidem
3677 5412 3891 5455 vocatur

2315 5470 2545 5542 devotus,
2574 5472 2773 5525 devotio
2796 5481 2914 5526 tua:
2942 5474 3083 5542 quod
3116 5489 3220 5527 non
3252 5473 3430 5527 obstat
3453 5473 3581 5541 quin
3604 5488 3729 5527 vere
3760 5482 3885 5527 nunt

2312 5540 2522 5613 dicatur
2541 5543 2875 5608 nequissimus
2904 5540 3079 5596 scurra
3106 5554 3160 5598 et
3185 5543 3385 5597 delator
3415 5540 3636 5611 (Scurra
3657 5542 3878 5613 quidem

2312 5612 2453 5680 quod
2483 5621 2727 5679 potentes
2751 5622 2991 5678 secutus,
3023 5614 3264 5667 dicteriis
3294 5614 3397 5667 sibi
3422 5616 3618 5669 victum
3641 5612 3735 5669 aut
3755 5612 3876 5667 aliut

2310 5683 2652 5736 commodum
2682 5694 3066 5750 aucuparetur.
3098 5684 3347 5743 Juvenal.

2838 5774 3030 5822 Mimum
3053 5781 3155 5835 agit
3173 5775 3279 5835 ille,

2438 5832 2620 5884 l'rbani
2644 5835 2836 5899 qualem
2864 5832 3107 5885 facundus
3122 5832 3290 5886 scurra
3310 5836 3507 5887 Catulli.
