4290 6258
391 316 490 372 75⁸1

1306 318 1395 372 DE
1433 315 1948 376 CONSOLATIONE
1976 313 2449 373 PHILOSOPIIIE
2491 313 2618 369 LIB.
2660 312 2747 369 Ill.

3557 312 3661 367 758

386 434 528 487 en'm
566 431 801 500 dignitas
832 433 1048 503 propria
1075 432 1277 497 virtuti,
1308 446 1467 501 quam
1502 432 1747 500 protinus
1790 431 1843 484 in
1874 444 1968 483 eos
1998 436 2042 492 Α
2075 441 2169 481 eas
2194 442 2316 483 esse
2364 426 2481 497 (15)
2530 440 2637 481 non
2681 424 2975 481 aestimant.
3004 423 3113 480 Sed
3141 424 3243 480 hoc
3277 422 3416 495 apud
3443 433 3661 479 exteras

386 523 577 591 quibus
593 522 1042 592 fueritadjnncta,
1068 521 1409 577 transfundit.
1434 520 1591 593 195,
1620 520 1801 587 ‘Quod
1841 521 1964 588 quia

387 619 410 646 ο
430 611 717 679 populares
741 609 918 665 facere
949 620 1221 680 nequeunt
1250 610 1505 674 honores,
1530 610 1692 677 liquet
1719 624 1815 663 eos
1846 623 1968 677 pro-

385 704 555 768 priam
582 702 859 770 dignitatis
901 701 1353 770 pulchritudinem
1380 716 1487 755 non
1518 700 1742 755 habere.
1772 699 1829 753 In
1861 715 1968 767 quo

386 794 518 847 illud
548 804 631 848 est
656 795 1192 851 animadvertendum
1226 795 1423 864 magis:
1467 809 1590 848 nam
1620 795 1663 848 si
1693 808 1759 848 eo
1785 794 1967 863 abjec-

387 884 491 937 tior
522 895 625 949 est,
657 899 765 952 quo
790 886 962 955 magis
992 900 1019 939 a
1050 885 1296 954 pluribus
1325 885 1551 954 quisque
1577 885 1966 949 contemnitur,

385 989 508 1027 cum
539 972 566 1011 ι)
592 975 915 1029 reverendos
945 976 1122 1031 facere
1151 986 1418 1046 nequeat,
1442 990 1581 1046 quos
1607 976 1854 1044 pluribus
1881 990 1971 1031 os-

387 1072 557 1119 tentat
600 1066 712 1135 (5),
743 1070 763 1098 ’
787 1068 1150 1136 despectiores
1172 1070 1349 1137 potius
1377 1069 1650 1137 improbos
1686 1078 1707 1106 ο
1738 1068 1972 1137 dignitas

388 1151 535 1208 facit.
576 1155 769 1209 Verum
820 1174 923 1211 non
966 1155 994 1194 ά
1043 1159 1290 1227 impune:
1335 1159 1566 1213 reddunt
1605 1174 1835 1228 namque
1866 1160 1971 1213 im-

389 1246 537 1314 probi
566 1262 746 1314 parem
776 1248 1124 1308 dignitatibus
1146 1250 1347 1318 vicem,
1372 1264 1507 1319 quas
1528 1264 1622 1303 sua
1649 1250 1971 1319 contagione

387 1343 797 1394 comtnaculant.
831 1342 851 1372 ³
878 1341 1052 1410 Atque
1080 1350 1137 1395 ut
1159 1357 1414 1411 agnoscas
1437 1357 1616 1395 veram
1650 1342 1792 1394 illam
1817 1356 1973 1396 reve-

389 1434 617 1485 rentiatn
644 1449 737 1501 per
756 1433 851 1487 has
873 1433 1187 1487 umbratiles
1204 1432 1491 1500 dignitates
1520 1448 1625 1486 non
1651 1447 1810 1499 pusse
1835 1447 1969 1486 con-

389 1524 627 1591 tingere;
669 1525 712 1577 si
746 1525 865 1593 quis
898 1523 1173 1589 multiplici
1204 1522 1485 1576 consulatu
1518 1522 1736 1576 functus
1762 1523 1815 1576 in
1847 1522 1973 1576 bar-

391 1614 549 1667 haras
573 1616 814 1668 nationes
850 1615 986 1668 forte
1025 1614 1324 1678 devenerit,
1376 1614 1815 1669 venerandumne
1844 1614 1962 1683 (l0)

392 1704 634 1757 barbaris
662 1703 834 1757 honor
861 1703 1021 1758 faciet
1050 1708 1101 1755 et
1131 1703 1291 1773 Atqui
1319 1703 1364 1757 si
1393 1702 1495 1756 hoc
1518 1703 1761 1757 naturale
1778 1718 1970 1758 munus

388 1793 732 1861 dignitatibus
758 1795 911 1859 foret,
941 1797 1010 1848 ab
1040 1793 1219 1848 ofﬁcio
1246 1810 1346 1849 suo
1366 1834 1381 1859 ,
1421 1792 1439 1831 τ
1470 1808 1683 1864 quoquo
1707 1795 1968 1863 gentium,
2004 1808 2049 1866 Β

390 1884 537 1938 nullo
567 1886 725 1939 modo
749 1896 1060 1941 cessarent:
1102 1888 1241 1941 sicut
1290 1886 1425 1956 ignis
1455 1886 1651 1955 ubique
1678 1896 1965 1950 terrarum,
2004 1904 2028 1921 ο

393 1992 659 2045 nunquam
693 1988 867 2031 tamen
897 1979 1077 2032 calere
1104 1978 1339 2033 desistit.
1375 1977 1481 2033 Sed
1512 1979 1761 2042 quoniam
1806 1978 1858 2032 id
1886 1980 1968 2034 eis

393 2083 497 2122 non
527 2071 736 2139 propria
758 2070 860 2135 vis,
890 2072 983 2125 sed
1017 2071 1291 2125 hominum
1318 2069 1474 2124 fallax
1498 2070 1737 2125 adnectit
1762 2072 1965 2136 opinio,

394 2172 685 2217 vanescunt
711 2163 873 2230 illico,
906 2177 1027 2217 cum
1050 2162 1116 2217 ad
1142 2177 1238 2218 eos
1264 2163 1533 2229 venerint,
1558 2162 1649 2232 qui
1681 2161 1970 2232 dignitates

2072 521 2346 576 nationes:
2388 520 2529 575 inter
2554 532 2650 574 eos
2676 531 2836 584 vero,
2864 516 3004 586 apud
3033 530 3168 585 quos
3196 525 3331 570 orta:
3356 522 3504 577 sunt,
3529 530 3657 568 num

2071 624 2327 681 perpetuo
2351 612 2641 681 perdurant
2670 611 2731 663 8?
2766 610 2921 681 195
2950 608 3111 677 Atqui
3136 608 3159 639 ⁸
3190 605 3215 644 ιι
3240 616 3506 677 praetura,
3547 620 3654 659 ma-

2069 721 2171 775 gna
2195 706 2322 761 olim
2358 713 2616 774 potestas,
2645 717 2787 758 nunc
2815 703 2975 756 inane
3002 715 3202 755 nomen
3232 708 3336 763 est,
3363 707 3419 753 et
3446 704 3661 752 senato-

2072 797 2135 850 rii
2175 810 2371 850 census
2396 794 2574 865 gravis
2606 792 2621 831 ί
2647 794 2880 848 sarcina.
2937 793 2959 824 ⁸
2988 791 3043 848 Si
3071 792 3191 859 quis
3217 789 3485 860 quondam
3520 799 3533 839 ι
3569 802 3663 857 po-

2073 888 2181 957 puli
2209 896 2453 942 curasset
2482 900 2693 940 annona
2706 900 2781 948 m,
2814 897 3040 950 magnus
3068 882 3367 937 habebatur
3386 918 3403 945 ,
3436 892 3576 932 nunc
3598 891 3661 931 ea

2082 978 2399 1047 prmfectnra
2428 976 2555 1044 quid
2582 975 2881 1043 abiectius?
2914 974 2982 1028 Ut
3004 973 3147 1027 enim
3178 972 3336 1039 paulo
3365 982 3491 1023 ante
3517 968 3662 1022 disi-

2073 1084 2226 1131 mus,
2281 1067 2423 1137 quod
2479 1067 2611 1120 nihil
2664 1066 2823 1120 habet
2852 1065 3056 1135 proprii
3099 1064 3350 1126 decoris,
3408 1060 3665 1132 Opinione

2073 1158 2151 1227 (5)
2183 1158 2443 1212 utentium
2478 1172 2619 1210 nunc
2646 1155 2992 1226 splendorem
3023 1155 3241 1223 accipit,
3268 1169 3410 1207 nunc
3442 1151 3662 1207 amittit.

2073 1249 2130 1303 Si
2164 1250 2324 1318 igitur
2368 1248 2696 1303 reverendos
2734 1248 2913 1302 facere
2955 1256 3235 1316 nequeunt
3259 1244 3586 1314 dignitates,
3617 1244 3664 1299 si

2075 1341 2219 1395 ultro
2259 1340 2629 1409 improborum
2676 1340 2998 1409 contagione
3045 1337 3393 1402 sordescunt,
3418 1337 3465 1391 si
3492 1344 3664 1390 mnta-

2075 1428 2221 1485 tione
2242 1438 2550 1498 temporum
2581 1427 2870 1497 splendere
2894 1427 3169 1492 desinunt,
3194 1426 3238 1480 si
3261 1426 3500 1495 gentium
3522 1425 3665 1479 θεαῖς

2075 1521 2308 1575 matione
2333 1520 2632 1584 vilescunt,
2684 1518 2813 1588 quid
2854 1518 3107 1589 estquod
3155 1517 3209 1572 in
3258 1532 3318 1572 se
3344 1515 3664 1585 expetendas

2076 1610 2499 1681 pulchritudinis
2553 1608 2809 1677 habeant,
2844 1608 3041 1665 nedum
3077 1608 3196 1663 aliis
3224 1606 3526 1677 praestent?

2544 1771 3006 1843 ιθειιιῖτιιυλι
3046 1775 3061 1794 ·
3106 1769 3197 1824 IV.

2078 1905 2471 1959 Ancuues'ruu.
2512 1935 2557 1946 -
2586 1905 2928 1975 Philosophia
2961 1906 3192 1974 exemplo
3239 1900 3411 1975 miseri
3444 1898 3663 1975 Neronis

2146 1975 2419 2043 dignitates
2460 1968 2815 2044 conferentis,
2852 1968 3122 2045 conﬁrmat
3184 1972 3456 2044 dignitates
3505 1968 3664 2023 nemi.

2146 2061 2258 2098 nem
2278 2061 2424 2113 posse
2438 2045 2603 2099 beare.

2218 2164 2475 2230 Quamvis
2502 2180 2560 2220 se
2584 2163 2750 2236 Tyrio
2778 2164 3043 2235 superbus
3067 2172 3240 2229 ostro,

1782 2294 2368 2353 INTERPRETATIO.

466 2422 489 2484 Ρ
532 2412 759 2467 Exhibiti
777 2430 808 2466 a
838 2415 1043 2484 papula.

468 2483 493 2522 δ
535 2484 795 2555 Dignitas.

472 2565 493 2590 ο
537 2555 758 2609 Eadem.

466 2623 491 2660 δ
534 2623 659 2679 Siue
682 2640 849 2692 paena.

469 2704 493 2731 ⁸
536 2695 646 2747 Non
672 2709 820 2748 sane.

473 2763 491 2801 ί
544 2764 759 2833 Ubique.

2153 2425 2180 2463 s
2222 2415 2440 2470 Minime
2486 2430 2634 2469 vero.

2152 2482 2180 2555 ξ·
2224 2486 2462 2555 Dignitas
2484 2486 2732 2552 prwtoris.

2158 2553 2174 2592 ί
2222 2553 2383 2608 (hius.

2157 2625 2170 2672 l
2232 2624 2513 2688 Pra'fectus
2540 2641 2778 2679 annona.

2100 2701 2112 2713 '
2160 2693 2379 2747 Etiamsi
2406 2694 2545 2748 Nero
2572 2708 2625 2747 se
2646 2697 2934 2765 adornaret,
2964 2695 3179 2763 insignis
3208 2712 3435 2765 purpura
3464 2696 3661 2765 Tyria,

2087 2765 2394 2836 gemmisque
2412 2766 2646 2818 candidis
2660 2805 2676 2831 ,
2692 2763 2833 2818 idem
2856 2764 3188 2818 nihilominus
3211 2763 3662 2834 imperatorium

1941 2898 2151 2956 (ΟΤΕ.

398 3013 593 3065 delator
619 3024 746 3064 vero
766 3049 780 3073 ,
820 3007 961 3075 quod
989 3008 1125 3063 alios
1168 3008 1523 3063 calumniatus
1552 3007 1761 3063 occulte
1809 3023 1968 3063 accu-

2145 3010 2167 3042 δ
2206 3010 2440 3065 Prw/um
2481 3020 2666 3081 magna
2692 3012 2814 3065 olim
2858 3012 3411 3079 pot.'stas.nuncinane
3442 3031 3661 3073 nomen.

397 3080 584 3162 saret),
611 3079 876 3162 eiusmodi
922 3079 1080 3160 enim.
1118 3078 1368 3162 homines
1394 3079 1755 3162 puuirijussit
1799 3079 1979 3162 pgtni-
2007 3099 2054 3160 ρ
2087 3080 2358 3162 Prmtores
2399 3078 2724 3162 ltoniani,_.ut
2752 3078 2947 3137 docent
2989 3083 3280 3162 jurisperiti
3308 3124 3322 3143 .
3356 3085 3424 3136 ab
3456 3086 3615 3162 initio
3638 3127 3656 3150 ,

398 3154 593 3205 tianus.
648 3150 913 3217 Princeps,
941 3147 1211 3217 inquiebat
1241 3148 1325 3202 hic
1354 3147 1645 3218 imperator
1673 3148 1815 3211 apud
1839 3149 1977 3203 Sue-

401 3223 603 3275 tonium
621 3262 637 3284 ,
676 3222 761 3286 qui
791 3220 1040 3272 delatores
1068 3235 1171 3271 non
1200 3220 1438 3288 castigat,
1466 3221 1654 3273 irritat.
1688 3219 1979 3286 Propterea

402 3292 615 3344 Boetius
639 3292 909 3344 convictus
931 3289 1294 3353 magistratum
1318 3304 1421 3342 non
1443 3288 1658 3344 efﬁcere
1686 3288 1939 3343 meliores
1959 3330 1976 3355 ,

395 3362 606 3427 adduci,
639 3364 798 3413 etiam
832 3358 1102 3427 periculis,
1129 3374 1228 3411 non
1257 3360 1447 3428 potuit,
1477 3370 1531 3413 ut
1552 3375 1667 3413 cum
1694 3358 1789 3413 illo
1812 3358 1979 3414 Deco-

398 3443 513 3484 rato
565 3432 911 3499 magistratum
939 3439 1152 3499 gereret.

482 3503 496 3530 ί
542 3498 690 3564 Quod
729 3500 849 3571 quia
902 3498 1173 3571 populares
1208 3500 1386 3571 facere
1414 3508 1683 3571 nequeunt_
1715 3498 1977 3571 honores.]

399 3569 465 3623 11.
500 3570 697 3623 Eadem
732 3567 1070 3639 Philosophia
1108 3567 1282 3623 innuit
1305 3608 1320 3632 ,
1367 3567 1626 3623 honorem
1652 3567 1971 3639 dignitatum

398 3641 467 3693 ab
488 3640 736 3707 opinione
765 3639 907 3710 vulgi
931 3636 1194 3710 pendere:
1229 3640 1368 3710 unde
1398 3654 1538 3695 nunc
1556 3636 1784 3710 vocatur
1804 3656 1973 3710 popu-

399 3711 525 3762 laris
553 3711 665 3765 sive
690 3726 719 3764 a
753 3709 948 3778 populo
988 3708 1273 3764 exhibitus.
1309 3709 1524 3764 Scilicet
1552 3709 1723 3764 honor
1745 3708 1976 3765 et'reve-

401 3781 592 3845 rentia,
622 3790 677 3833 ot
699 3780 808 3845 jam
835 3778 1159 3840 monuimus,
1184 3779 1318 3833 nihil
1342 3787 1428 3833 est
1447 3779 1589 3833 aliud
1612 3794 1768 3848 quam
1795 3781 1976 3835 intrin-

398 3850 791 3919 secusquidem
817 3848 1097 3918 cogitatio;
1121 3850 1453 3919 extrinsecus
1478 3863 1606 3903 vero
1632 3861 1754 3903 nota
1772 3850 1973 3919 optima

400 3918 576 3973 meriti
605 3920 792 3974 alieni:
826 3919 968 3973 unde
995 3919 1109 3972 sive
1138 3918 1224 3973 illa
1253 3919 1529 3988 cogitatio,
1559 3919 1674 3973 sive
1706 3918 1822 3975 haec
1846 3930 1969 3975 nota

401 3988 474 4043 ita
520 3989 830 4043 honorantis
858 3997 941 4043 est
965 4028 978 4049 .
1012 3997 1069 4041 ut
1100 3989 1419 4043 honoratum
1470 3998 1697 4057 nequeat
1745 3990 1972 4046 reddere

400 4060 743 4113 honorabilem
770 4069 816 4111 et
859 4059 1186 4113 reverendum
1206 4075 1224 4112 :
1253 4060 1422 4115 solius
1446 4055 1657 4113 virtutis
1685 4068 1768 4113 est
1798 4060 1973 4115 hono-

398 4139 569 4183 ratum
625 4129 850 4183 reddere
909 4128 1312 4183 honorabilem:
1347 4128 1490 4184 unde
1536 4130 1646 4183 sola
1686 4131 1856 4185 virtus
1887 4138 1972 4187 est

398 4200 885 4268 prapriadignilatis
910 4196 1257 4268 pulchritudo.

478 4270 498 4299 ¹
540 4268 886 4331 Despectiores
924 4269 1179 4339 improbos
1200 4269 1423 4338 dignitas
1435 4268 1602 4339 facit.]
1619 4270 1970 4339 Contemptus

397 4338 562 4399 enim,
597 4348 652 4391 ut
681 4348 803 4407 pote
832 4337 1018 4408 honori
1048 4337 1368 4405 contrarius,
1402 4337 1723 4393 intrinsecus
1751 4337 1968 4408 quidem

397 4417 480 4462 est
504 4408 784 4477 cogitatio,
817 4407 1147 4463 extrinsecus
1175 4424 1301 4464 vero
1346 4419 1471 4463 nota
1519 4410 1749 4477 pessima
1774 4407 1964 4464 meriti

2080 3152 2199 3224 jure
2223 3152 2561 3224 magistratus
2588 3151 2759 3224 edicta
2789 3163 2993 3224 tantum
3019 3153 3407 3224 proponebant,
3435 3155 3505 3209 de
3526 3157 3655 3224 qui-

2085 3220 2181 3273 bus
2206 3221 2389 3284 rebus,
2412 3229 2466 3273 et
2495 3221 2762 3289 quomodo
2782 3222 2870 3284 jus
2901 3223 3089 3275 dicturi
3118 3234 3329 3276 essent:
3367 3220 3653 3289 progressu

2080 3301 2259 3343 autem
2288 3291 2566 3357 temporis,
2621 3307 2724 3345 non
2755 3291 3030 3346 obnitente
3061 3293 3254 3359 populo
3275 3333 3290 3355 ,
3346 3295 3447 3346 hoc
3492 3296 3649 3349 simul

2082 3370 2431 3426 usurparunt.
2465 3370 2522 3413 ut
2566 3362 2832 3415 edicendo
2882 3363 3042 3415 etiam
3089 3364 3175 3430 jus
3226 3366 3656 3418 constituerent:

2077 3429 2172 3483 sed
2226 3431 2438 3483 tandem
2493 3430 2603 3483 suis
2654 3430 2954 3493 sumptibus
2999 3429 3268 3486 circenses
3311 3443 3366 3487 et
3411 3433 3660 3489 scenicos

2078 3500 2340 3553 duntaxat
2384 3502 2536 3553 ludos
2588 3501 2956 3556 exhibebant:
3009 3504 3149 3555 unde
3193 3503 3345 3556 inane
3389 3520 3571 3557 nomen
3614 3515 3662 3559 et

2076 3572 2244 3695 gravis
2283 3570 2487 3625 sarcina
2514 3579 2639 3625 tunc
2665 3579 2781 3625 erat
2809 3570 2897 3625 illa
2936 3572 3177 3640 praetoris
3202 3572 3461 3642 dignitas.
3494 3574 3659 3630 Simi-

2098 3650 2202 3695 iter

2098 3650 2202 3695 iter

2147 3712 2168 3742 ⁸
2208 3712 2268 3768 Si
2307 3714 2418 3776 quis
2461 3710 2641 3784 pepuli
2673 3722 2897 3764 curasset
2922 3711 3657 3784 annonam,elc.]l’rmfectus

2075 3795 2303 3852 annome
2331 3791 2508 3836 tantus
2529 3782 2657 3835 olim
2684 3791 2797 3833 erat
2818 3781 2958 3848 apud
2991 3781 3277 3844 Romanos,
3302 3781 3357 3835 ιιί
3384 3786 3654 3852 Augustus

2076 3851 2485 3923 ipseacceptam
2514 3852 2766 3923 apopqu
2812 3866 3041 3923 annona:
3070 3851 3489 3920 praefecturam,
3520 3871 3657 3923 quo-

2075 3921 2140 3975 ad
2164 3922 2315 3988 vixit,
2350 3920 2602 3988 tenuerit,
2633 3931 2720 3990 aut
2751 3930 2896 3975 certe
2922 3920 3082 3990 paulo
3110 3932 3237 3976 ante
3270 3932 3495 3976 mortem
3525 3920 3653 3977 sub-

2075 3991 2308 4046 stituerit
2357 3992 2458 4046 sibi
2510 3990 2574 4045 C.
2623 3988 2980 4053 Turrianum,
3013 3992 3102 4058 qui
3153 3993 3294 4046 inter
3346 3992 3546 4059 primos
3591 3995 3643 4047 in

2073 4061 2235 4115 verba
2267 4061 2465 4133 Tiberii
2502 4060 2712 4133 juravit
2734 4100 2749 4123 ,
2796 4060 2955 4133 quasi
2983 4062 3121 4116 inter
3150 4063 3447 4133 praecipuos
3493 4066 3659 4133 magi-

2073 4140 2299 4187 stratus:
2356 4132 2452 4187 sed
2498 4130 2663 4185 Boetii
2714 4132 3043 4199 temporibus
3096 4130 3380 4199 praefectos
3426 4130 3657 4189 annonae

2073 4201 2274 4255 nullam
2305 4202 2405 4257 nisi
2436 4201 2488 4255 in
2514 4202 2747 4267 pistores
2777 4201 2923 4255 urbis
2960 4201 3424 4270 negotiatoresque
3449 4206 3660 4258 snarios

2072 4284 2354 4325 censuram
2387 4282 2438 4343 et
2468 4271 2985 4343 animadversionem
3014 4272 3277 4327 habebat:
3309 4282 3366 4326 ut
3387 4274 3660 4343 colligitur

2071 4343 2392 4398 exlormula
2423 4340 2579 4405 hu,us
2612 4341 2945 4409 praefectura:
2972 4357 3136 4412 quam
3164 4343 3333 4397 refert
3373 4340 3660 4399 Cassiodo-

2072 4424 2165 4464 rus
2186 4411 2221 4463 Ι.
2258 4428 2305 4464 γι
2340 4412 2570 4466 Variar..
2598 4412 2754 4465 form.
2781 4412 2868 4465 l8.

394 4468 603 4549 alieni:
620 4468 788 4549 quare
808 4493 927 4530 cum
952 4478 1224 4549 improbus
1244 4494 1309 4533 eo
1330 4468 1573 4532 vitiosior
1596 4479 1836 4533 videatur
1860 4495 1967 4549 quo
1997 4468 2046 4527 Ῑ)
2147 4480 2425 4535 Falluntur
2448 4497 2577 4549 ergo
2611 4495 2706 4534 sua
2748 4481 3115 4549 asutmptione
3136 4481 3224 4549 qui
3255 4494 3523 4535 summum
3567 4485 3660 4535 hn-

396 4547 692 4602 snblimiori
741 4548 994 4616 dignitate
1040 4547 1261 4601 affectus
1303 4559 1405 4611 est,
1444 4551 1581 4602 sicut
1631 4549 1828 4603 dictum
1879 4547 1969 4605 est

395 4632 543 4684 pros.
602 4621 653 4681 6,
706 4633 738 4671 ll
786 4618 923 4671 lib.:
979 4628 1258 4687 propterea
1291 4620 1511 4688 dignitas
1539 4620 1797 4686 improbos
1846 4621 1969 4686 facit

393 4689 688 4759 objections
733 4689 1182 4755 despectioresque.
1229 4756 1245 4759 _
1281 4757 1291 4759 _
1327 4758 1343 4759 γ
1400 4720 1417 4759 ς

465 4758 501 4829 ³7
524 4761 684 4821 Atque
734 4768 787 4811 ut
818 4774 1085 4825 agnoscas,
1120 4756 1246 4829 etc]
1281 4757 1364 4814 Ill.
1397 4757 1570 4825 lnqnit
1596 4757 1959 4829 Philosophia,

392 4826 439 4881 si
478 4828 762 4897 dignitates
805 4830 1009 4882 ratione
1038 4829 1118 4881 sui
1149 4826 1325 4896 potius
1354 4843 1511 4895 quam
1545 4828 1687 4897 vulgi
1713 4828 1965 4895 opinione

394 4898 662 4953 hominem
714 4898 998 4953 redderent
1049 4898 1409 4953 honorabiletn
1459 4906 1513 4952 et
1557 4900 1960 4966 venerandum,

391 4970 525 5021 sicut
543 4971 676 5039 ignis
698 4985 895 5034 semper
920 4967 1170 5039 elabique
1190 4977 1439 5039 terrarum
1460 4969 1606 5031 calet,
1636 4969 1712 5021 sic
1737 4969 1961 5037 quicun-

391 5053 493 5105 que
535 5037 877 5108 uigoitatibus
925 5037 1267 5091 afﬁcerentur
1292 5079 1306 5100 ,
1348 5038 1398 5091 bi
1422 5053 1634 5108 semper
1669 5047 1723 5092 et
1764 5038 1961 5106 ubique

390 5118 568 5162 essent
591 5107 948 5162 honorabiles.
975 5108 1080 5162 Sed
1104 5124 1193 5163 res
1212 5123 1315 5162 non
1340 5108 1410 5162 ita
1439 5122 1497 5162 se
1515 5107 1703 5162 habet:
1730 5108 1957 5177 primum

390 5178 530 5248 enim
556 5180 643 5247 qui
673 5180 1018 5246 dignitatibus
1037 5178 1358 5242 afﬁciuntur,
1401 5179 1455 5231 hi
1479 5195 1586 5231 non
1611 5188 1735 5232 sunt
1763 5179 1960 5248 ubique

392 5245 760 5318 honorabiles:
794 5264 913 5302 nam
940 5250 983 5303 si
1020 5248 1134 5315 quis
1163 5249 1430 5317 multiplici
1469 5248 1735 5302 consulatu
1756 5245 1960 5318 functus

389 5317 441 5367 iu
466 5318 702 5371 Iarbaras
726 5320 952 5371 nationes
981 5320 1111 5388 forte
1134 5320 1401 5382 devenerit,
1435 5333 1536 5373 non
1568 5317 1846 5388 propterea
1876 5318 1960 5375 his

391 5388 654 5459 videbitur
676 5389 1002 5442 honorabilis
1025 5406 1039 5443 :
1066 5389 1156 5442 sed
1185 5390 1248 5442 iis
1266 5389 1435 5442 solum
1461 5391 1549 5457 qui
1574 5391 1802 5459 quodam
1827 5406 1960 5453 ιιι-ω-

390 5457 585 5526 iudicio
640 5460 993 5512 consulatum
1063 5463 1264 5512 honore
1330 5460 1547 5526 dignum
1593 5457 1955 5514 existimant.

431 5530 587 5583 emde
630 5530 716 5595 qui
746 5529 1089 5599 dignitatibus
1133 5531 1480 5590 decorentur.
1514 5530 1565 5582 hi
1614 5546 1717 5582 non
1746 5544 1960 5598 semper

387 5598 631 5652 videntur
661 5598 1031 5653 honorabiles:
1058 5599 1101 5651 si
1124 5600 1339 5665 quidem
1367 5599 1505 5667 apud
1528 5600 1742 5653 easdem
1772 5613 1960 5666 gentes

386 5682 502 5739 qua:
544 5682 651 5722 uno
698 5677 937 5734 tempore
980 5671 1177 5739 magni,
1213 5673 1294 5724 ha:
1333 5670 1437 5723 alio
1470 5673 1619 5739 parvi
1652 5670 1958 5739 penduntur

384 5735 697 5806 dignitates:
720 5754 841 5794 nam

2076 4557 2400 4620 num'putant
2417 4552 2617 4606 versari
2644 4552 2695 4604 in
2718 4551 3062 4620 dignitatibus
3090 4549 3206 4604 sive
3232 4552 3660 4618 magistratibus.

2145 4646 2163 4663 '
2200 4640 2427 4696 Carmen
2456 4649 2708 4695 constans
2733 4655 2801 4694 ex
2847 4641 3042 4708 duplici
3069 4656 3269 4708 genere
3295 4657 3544 4695 versuum
3575 4644 3659 4695 al-

2075 4722 2348 4766 lernorum
2370 4753 2384 4775 ,
2417 4727 2641 4780 quorum
2675 4710 2820 4776 prior
2849 4709 3162 4764 Phaleucius
3208 4712 3449 4779 quinque.
3490 4712 3656 4780 pedes

2074 4781 2253 4846 habet,
2280 4797 2472 4849 nempe
2492 4782 2810 4847 spondeum,
2831 4781 3101 4848 dactylum
3148 4792 3200 4833 et
3227 4793 3337 4835 tres
3360 4785 3653 4836 trochaeos:

2073 4854 2336 4922 posterior
2357 4850 2714 4905 Archilochius
2743 4850 2877 4905 duos
2917 4850 3161 4921 dactylos
3186 4851 3515 4921 totidemque
3544 4861 3655 4907 tro-

2071 4923 2273 4978 chzeos.

2143 5038 2193 5092 l.
2234 5037 2391 5107 Tyrio
2419 5036 2665 5107 superbus
2688 5032 2869 5107 ostro]
2899 5035 3112 5090 Ostrum
3135 5034 3205 5091 ab
3230 5048 3412 5103 ostrea,
3431 5038 3651 5094 dicitur.

2074 5104 2310 5182 Ostreun't
2331 5104 2529 5168 autem.
2554 5106 2751 5182 Graecis
2772 5104 3002 5182 ὅσπέρεογ,
3026 5110 3318 5182 generatim
3340 5110 3470 5164 illud
3493 5125 3656 5165 omne

2070 5177 2316 5232 animalis
2353 5191 2522 5245 genus
2553 5176 2815 5242 signiﬁCat
2841 5176 2983 5245 quod
3017 5187 3148 5231 testa
3192 5178 3455 5234 inclusum
3500 5182 3651 5235 latet.

2071 5250 2141 5304 At
2169 5253 2307 5302 inter
2339 5249 2436 5301 ista
2469 5247 2744 5316 conchylia
2777 5261 2939 5301 unum
2970 5258 3089 5311 est,
3124 5248 3294 5315 inquit
3320 5250 3523 5303 Plinius
3545 5291 3560 5310 .
3588 5265 3654 5305 ex

2070 5319 2223 5388 cujus
2244 5317 2444 5371 concha
2469 5318 2632 5388 incisa
2668 5318 2938 5385 colligitur
2966 5332 3160 5373 succus
3188 5319 3453 5388 ﬁngendis
3491 5320 3653 5372 vesti-

2066 5386 2165 5443 bus
2198 5389 2499 5458 expetitus;
2528 5396 2581 5441 et
2612 5386 2712 5439 hoc
2743 5389 2959 5458 proprie
3010 5388 3206 5443 dicitur
3255 5386 3468 5453 ostrum.
3517 5389 3653 5443 llinc

2067 5468 2259 5513 ostrum
2278 5457 2536 5523 accipitur
2560 5472 2664 5511 non
2689 5461 2861 5511 solum
2889 5474 2985 5525 pro
3007 5461 3228 5521 concha,
3259 5460 3349 5512 sed
3375 5459 3534 5513 etiam
3557 5476 3652 5525 pro

2068 5530 2249 5583 colore
2280 5542 2546 5595 purpureo
2566 5569 2581 5592 ,
2614 5529 2701 5590 qui
2730 5544 2795 5582 ex
2825 5528 3046 5581 concha:
3078 5529 3228 5581 istius
3254 5528 3404 5580 sanie
3430 5528 3647 5582 contici-

2070 5609 2178 5661 tur,
2211 5598 2318 5651 imo
2346 5612 2444 5665 pro
2490 5598 2727 5651 vestibus
2749 5641 2761 5655 .
2792 5614 2910 5661 qua:
2963 5598 3061 5651 hoc
3080 5598 3261 5651 colore
3316 5596 3649 5652 imbuuntur.

2070 5670 2242 5739 'l‘yrus
2273 5676 2451 5739 auten
2484 5668 2610 5739 urbs
2640 5667 2929 5739 Phoenicia:
2975 5666 3237 5739 eiusmodi
3250 5668 3541 5739 conchylii
3574 5670 3648 5737 pi-

2073 5737 2221 5794 scatu
2243 5738 2592 5793 celcberritna
2632 5737 2727 5791 fuit
2750 5756 2761 5788 ε
2795 5752 2959 5806 quare
2980 5748 3180 5791 ostrum
3210 5737 3407 5806 dicitur
3431 5737 3645 5807 Tyrium
