4290 6258
380 300 487 357 ηῖιι

1218 296 1305 352 DE
1342 293 1855 352 CUNSOLATIONE
1894 294 2367 353 1³1Ιῶ0501³11ιῶ
2405 297 2531 355 LIB.
2583 298 2669 354 Ill.

3548 306 3652 362 ’ΝΞ

394 418 411 449 ι
436 413 678 486 quamvis
725 411 831 466 late
858 410 1084 463 humana
1106 415 1133 444 ι
1178 410 1463 462 tendantur
1489 405 1734 475 imperia,
1780 406 1965 475 plures
1994 412 2045 469 Α
2068 414 2172 474 ret,
2205 406 2319 476 ipse
2342 406 2461 476 plus
2491 410 2702 474 metuit,
2730 407 2820 478 qui
2853 417 2909 464 ut
2934 416 3124 478 potens
3152 422 3273 467 esse
3303 409 3569 481 videatur,
3596 415 3655 469 in

388 518 609 560 necesse
635 510 719 556 est
748 508 935 570 gentes
974 496 1226 564 relinqui,
1279 496 1472 565 quibus
1516 510 1700 561 regum
1740 496 1966 564 quisque

391 616 493 654 non
522 599 765 666 imperet.
792 595 907 660 Qua
927 605 1056 646 vero
1083 599 1229 656 parte
1258 588 1443 643 beatos
1474 588 1551 658 (5)
1573 587 1778 643 faciens
1825 587 1969 643 desi-

391 691 466 742 nit
508 695 762 757 potestas,
792 685 893 759 hac
920 681 1229 753 impotentia
1276 683 1564 744 subintrat,
1593 696 1710 750 quia
1741 679 1967 735 miseros

391 777 555 833 facit:
600 778 699 829 hoc
738 775 901 845 igitur
932 773 1093 828 modo
1121 770 1376 840 majorem
1404 771 1619 843 regibus
1646 770 1825 826 inesse
1872 785 1967 825 ne-

390 883 543 923 cesse
570 877 651 923 est
693 867 926 921 miseriae
961 865 1280 933 portionem.
1314 865 1335 894 ¹
1366 863 1629 930 Expertus
1656 862 1816 915 sortis
1855 872 1967 914 suae

391 957 749 1028 periculorum
782 965 1039 1026 tyrannus
1068 954 1092 991 δ
1113 999 1127 1021 ,
1175 954 1322 1023 regni
1350 962 1520 1007 metus
1548 951 1828 1022 pendentis
1874 965 1968 1003 su-

394 1063 487 1116 pra
512 1046 765 1100 verticem
803 1054 825 1082 ο
855 1043 1014 1112 gladii
1042 1052 1244 1097 terrore
1270 1041 1559 1095 simulavit.
1602 1039 1731 1105 Quae
1756 1046 1839 1093 est
1865 1038 1968 1108 igi-

393 1149 481 1191 tur
511 1137 623 1191 haec
652 1141 910 1205 potestas,
949 1146 1070 1201 quae
1109 1131 1524 1186 sollicitudinum
1555 1143 1764 1183 morsus
1789 1127 1973 1196 expel-

394 1233 526 1295 lere,
572 1243 691 1299 qnze
726 1226 1067 1281 formidinum
1113 1224 1226 1294 (l0)
1278 1223 1494 1279 aculeos
1531 1221 1697 1274 vitare
1748 1213 1971 1287 nequit?

394 1317 554 1389 Atqui
578 1318 780 1373 vellent
807 1314 906 1384 ipsi
933 1314 1132 1368 vixisse
1157 1313 1355 1377 securi,
1395 1311 1487 1365 sed
1514 1315 1787 1378 nequeunt
1819 1324 1831 1359 :
1874 1305 1966 1359 de-

393 1409 517 1462 hinc
535 1407 603 1462 de
634 1414 894 1473 potestate
917 1403 1235 1473 gloriantur.
1266 1403 1347 1456 An
1380 1409 1433 1454 ιιι
1462 1407 1729 1470 potentem
1751 1410 1964 1461 censes,

390 1514 552 1575 quem
583 1496 766 1553 videas
790 1494 948 1560 velle,
979 1492 1119 1562 quod
1159 1507 1267 1546 non
1296 1492 1465 1561 possit
1495 1489 1748 1545 efficere?
1776 1488 1970 1542 Poten-

393 1600 500 1646 tem
538 1602 747 1652 censes,
781 1587 868 1657 qui
896 1584 1123 1639 satellite
1166 1584 1303 1637 latus
1330 1581 1534 1645 ambit;
1567 1580 1656 1649 qui
1685 1594 1821 1650 quos
1861 1588 1970 1634 ter-

2067 495 2415 551 servientium
2439 512 2597 551 manu
2638 500 2799 554 situm
2824 500 2941 554 est?
2971 502 3131 571 200
3170 501 3301 556 Nam
3328 502 3350 534 ⁸
3394 504 3524 573 quid
3554 520 3655 577 ego

2068 582 2137 637 de
2161 597 2344 653 regum
2376 584 2724 642 familiaribus
2746 587 3007 642 disseram
3024 604 3146 644 cum
3171 605 3333 661 regna
3362 591 3476 660 ipsa
3494 599 3656 648 tanta

2070 670 2451 735 imbecillitatis
2479 675 2631 743 plena
2662 675 3071 731 demonstrem?
3101 694 3234 746 quos
3260 680 3477 749 quidem
3509 683 3653 753 regia

2071 772 2307 833 potestas
2339 780 2482 833 saepe
2512 766 2814 832 incolumis,
2849 782 2994 836 sirpe
3020 779 3197 825 autem
3242 771 3387 839 lapsa
3415 783 3658 842 proster-

2072 850 2193 906 nit?
2232 852 2253 883 ⁵
2281 852 2419 907 Nero
2467 854 2727 909 Senecam
2775 856 3110 923 familiarem,
3159 870 3657 933 praeceptoremque

2076 958 2234 1000 suum
2266 947 2331 1000 ad
2362 946 2624 1018 eligendae
2672 950 2862 1003 mortis
2905 952 3076 1020 coegit
3104 952 3406 1008 arbitrium.
3443 955 3464 985 ⁸
3496 954 3657 1024 Papi-

2073 1038 2291 1091 nianum
2315 1038 2394 1108 (5)
2425 1038 2513 1092 diu
2544 1041 2685 1093 inter
2722 1039 2928 1094 aulicos
2958 1050 3248 1108 potentem,
3287 1042 3514 1098 militum
3547 1044 3662 1115 gla-

2071 1126 2175 1183 diis
2216 1129 2516 1184 Antoninus
2547 1130 2766 1200 objecit.
2799 1130 2961 1201 Atqui
3008 1142 3234 1201 uterque
3264 1135 3517 1203 potentias
3547 1151 3658 1191 suae

2075 1218 2387 1272 renuntiare
2434 1220 2739 1282 voluerunt,
2773 1218 2802 1257 ιι
2829 1236 3058 1289 quorum
3099 1225 3303 1281 Seneca
3341 1237 3472 1292 opes
3498 1226 3657 1281 etiam

2071 1322 2198 1362 suas
2238 1309 2448 1364 tradere
2475 1309 2697 1374 Neroni,
2730 1324 2897 1380 seque
2928 1311 2981 1364 in
3020 1312 3187 1366 otium
3220 1312 3467 1368 conferre
3492 1328 3659 1368 cona-

2074 1405 2160 1451 tus
2201 1406 2304 1450 est.
2338 1400 2495 1469 201
2537 1398 2641 1454 Sed
2683 1399 2807 1453 dum
2838 1402 3075 1456 ruituros
3102 1400 3124 1433 '
3150 1402 3319 1456 moles
3356 1412 3382 1440 ο
3415 1403 3529 1472 ipsa
3552 1413 3661 1457 tra-

2075 1484 2178 1552 hit,
2212 1496 2421 1552 neuter,
2449 1488 2592 1557 quod
2622 1488 2816 1552 voluit,
2849 1489 3045 1545 effecit.
3081 1489 3212 1557 Quae
3237 1498 3322 1546 est
3362 1491 3523 1563 igitur
3553 1490 3652 1547 ista

2077 1579 2309 1647 potentia
2338 1595 2495 1648 quam
2546 1582 2934 1651 pertimescunt
2975 1581 3253 1650 habentes,
3299 1596 3486 1653 quam,
3533 1597 3655 1649 nec,

1739 1714 1804 1769 IN
1821 1713 2310 1770 fERi'RETA'I'lO.

466 1850 492 1878 ι
537 1839 873 1906 Proferantur

464 1910 493 1948 δ
536 1903 807 1976 Dionysius
830 1903 1026 1976 Sicilire
1062 1915 1173 1954 rex.

469 1990 492 2019 ε
535 1972 797 2036 Damhclis
818 1989 882 2030 ex
910 1972 1027 2042 eius
1052 1976 1441 2027 assentatorum
1472 1980 1719 2025 numero.

2148 1822 2175 1861 δ
2216 1824 2358 1878 Inter
2384 1842 2510 1893 quos
2536 1828 2751 1882 aulicos.

2159 1908 2183 1935 ε
2224 1896 2537 1953 Divitiarum
2568 1908 2621 1953 et
2647 1898 2948 1970 potestatis.

1916 2076 2144 2133 ΝΟΤᾸΞ.

396 2207 613 2263 Plautus
639 2201 1054 2256 dixitauctarem
1094 2196 1278 2250 habere
1315 2210 1420 2247 rem
1448 2209 1466 2246 :
1487 2193 1729 2266 quamvis
1749 2191 1969 2266 Servius
2002 2193 2048 2252 Β
2078 2201 2205 2266 tum,
2240 2187 2325 2266 ςειὶ
2344 2201 2541 2266 "mret:
2585 2186 2770 2266 αιίᾳειὶε
2819 2196 2984 2266 terror
3031 2188 3363 2266 impendeat?
3411 2193 3467 2249 ld
3492 2198 3657 2266 respi-

398 2275 549 2332 malit
571 2274 749 2327 dicere
800 2270 1093 2322 auctricem.
1129 2269 1273 2320 llanc
1317 2265 1734 2318 controversiam
1762 2262 1971 2315 videtur

396 2346 650 2400 dirimere
678 2340 920 2394 Valerius
948 2338 1150 2393 Probus
1175 2354 1189 2390 :
1222 2338 1431 2396 Auctor,
1474 2335 1669 2400 inquit,
1701 2335 1744 2385 si
1771 2333 1835 2386 sit
1863 2343 1969 2384 tra-

390 2425 534 2469 ctum
557 2432 587 2463 a
614 2412 759 2465 verbo
787 2425 967 2477 augeo,
991 2407 1195 2460 auctrix
1217 2406 1337 2470 facit
1361 2420 1378 2456 :
1400 2406 1444 2457 si
1471 2420 1569 2456 non
1602 2405 1731 2477 venit
1754 2403 1968 2477 acerbo,

393 2488 484 2539 sed
512 2482 763 2551 significat
781 2473 1079 2549 principem,
1111 2476 1245 2545 quod
1268 2490 1444 2551 nomen
1468 2490 1567 2551 non
1595 2473 1727 2551 venit
1754 2473 1966 2551 averbo.

394 2542 1023 2622 etiam'feminin'oggenere
1070 2542 1246 2599 auctor
1274 2546 1437 2622 facit:
1465 2546 1593 2622 sicut
1638 2542 1883 2622 l’irgilius
1910 2557 1973 2596 ea:

397 2616 617 2694 persona
642 2616 883 2674 lunonis.
940 2619 1129 2694 Auctor
1182 2633 1271 2694 ego
1309 2616 1536 2694 audendi
1570 2617 1842 2694 princeps:
1872 2629 1973 2694 non

392 2683 507 2765 qua:
534 2699 740 2765 augeat,
780 2706 900 2765 nant
928 2687 1365 2765 auctricdiceret:
1412 2684 1627 2738 Scilicet
1656 2683 1844 2765 triplex
1867 2692 1974 2765 _cst

393 2754 655 2820 sententia
699 2762 767 2814 de
810 2760 1011 2826 origine
1058 2758 1212 2823 ltnjns
1244 2756 1406 2816 vocis,
1437 2766 1631 2826 auctor.
1664 2754 1768 2826 Alii
1794 2760 1974 2826 putant

396 2836 535 2889 hanc
562 2831 691 2887 oriri
730 2845 760 2883 a
808 2822 994 2882 Gracco
1041 2822 1213 2892 αὐτὸς,
1244 2834 1300 2879 ιιι
1354 2834 1505 2876 autor
1551 2824 1688 2877 idem
1730 2825 1800 2875 sit
1838 2822 1976 2889 and

400 2908 685 2980 αὐτοῦργᾳς
715 2917 730 2953 :
761 2899 853 2952 alii
883 2897 950 2950 ab
979 2898 1230 2980 inusitato
1256 2896 1447 2980 supino
1475 2894 1624 2980 verbi
1653 2909 1807 2980 aveo;
1839 2893 1981 2980 ..εδδ

396 2964 576 3027 autuni
599 2964 803 3026 dicatur
832 2977 1013 3031 autor;
1040 2968 1178 3021 sicut
1206 2980 1233 3017 a
1251 2975 1450 3018 caulunt
1469 3008 1484 3031 ,
1509 2974 1707 3025 cautor,
1743 2975 1791 3016 et
1820 2978 1847 3015 a
1873 2964 1981 3031 fau-

398 3059 525 3103 tum,
550 3045 721 3109 fautor
752 3037 1058 3108 :quomodo
1085 3044 1236 3109 autor
1265 3037 1307 3089 is
1334 3035 1437 3109 erit
1465 3033 1561 3109 qui
1592 3041 1714 3109 avet
1744 3047 1806 3085 ac
1835 3032 1981 3109 cupit

398 3101 599 3186 aliquid
637 3111 758 3186 fieri
780 3101 893 3186 sive
919 3122 948 3159 a
971 3122 1028 3161 se
1054 3106 1257 3186 siveab
1296 3106 1443 3186 alio;
1473 3104 1564 3156 alii
1589 3101 1981 3186 deni‘que‘arbi-

400 3172 607 3237 traittur
633 3180 761 3234 oriri
787 3179 855 3232 ab
875 3178 1105 3245 augendo
1133 3191 1152 3230 :
1175 3177 1245 3229 ita
1269 3185 1324 3227 nt
1346 3176 1572 3242 primum
1601 3181 1781 3225 auctor
1803 3172 1979 3226 dictus

403 3252 561 3308 fuerit
616 3252 708 3305 ille
737 3250 823 3317 qui
879 3264 990 3301 rem
1047 3250 1114 3299 ab
1169 3246 1276 3298 alio
1332 3254 1561 3313 ereptam
1614 3252 1975 3317 promoveret,

399 3324 598 3378 deinde
648 3312 940 3375 ille-etiam
988 3317 1076 3385 qui
1134 3317 1388 3385 inciperet
1424 3312 1493 3385 ac
1546 3312 1846 3385 suaderet;
1894 3314 1977 3385 cui

403 3394 603 3447 ultima:
680 3390 955 3444 Senlcnlic
1006 3382 1201 3439 favent
1245 3382 1604 3445 antiquiores
1675 3382 1980 3450 inscriptio-

401 3477 533 3523 nes,
579 3463 633 3515 in
686 3460 877 3528 qiubns
926 3471 1033 3510 non
1085 3465 1267 3528 auter.
1329 3453 1423 3506 sed
1475 3462 1652 3505 auctor
1699 3454 1977 3528 scribitur.

402 3530 668 3601 Quidquid
696 3523 766 3583 sit
799 3546 817 3601 :7
845 3536 1076 3601 potestas
1104 3524 1245 3594 regia
1276 3537 1378 3601 non
1409 3531 1580 3601 potest
1607 3523 1982 3601 esse_beatitn-

403 3591 757 3657 diuis'anctor
781 3600 892 3651 sive
932 3596 1117 3649 eflicax
1151 3591 1445 3664 {quoniam
1478 3591 1592 3649 hinc
1622 3593 1783 3647 certis
1808 3592 1981 3646 conti-

406 3682 563 3728 netur
592 3671 784 3723 ﬁnibus
809 3687 821 3720 :
856 3681 977 3720 nam

478 3765 493 3794 ³
537 3762 778 3826 Quamvis
802 3760 930 3821 late,
963 3755 1090 3827 etc.]
1122 3756 1185 3810 ll.
1221 3755 1724 3827 Iiegnumhominis
1752 3756 1979 3810 immen-

404 3848 520 3887 sum
550 3825 653 3884 non
684 3842 785 3893 est,
816 3829 980 3896 quod,
1012 3825 1253 3899 quamvis
1280 3841 1369 3881 res
1399 3825 1481 3879 vel
1509 3828 1770 3899 maximus
1800 3829 1981 3880 multis

404 3903 654 3971 gentibus
701 3903 945 3971 imperet,
1001 3897 1241 3971 pluribus
1294 3906 1663 3971 tamen_non_
1692 3897 1917 3971 imperat
1965 3914 1978 3949 :

404 3966 569 4041 quare
609 3971 653 4025 si
702 3966 1003 4041 felicitatem
1046 3966 1278 4041 imperio,
1304 3966 1560 4041 metiaris,
1615 3966 1733 4036 plus
1783 3967 1836 4021 in
1883 3969 1983 4021 hoc

405 4035 529 4113 rege
559 4043 786 4096 miseriae
816 4040 971 4099 inest,
998 4052 1153 4106 quam
1189 4035 1480 4091 felicitatis.

474 4136 495 4165 ³
539 4131 791 4199 Expertus
814 4130 964 4184 sortis
1003 4127 1151 4197 suasu]
1181 4126 1265 4180 lll.
1308 4126 1547 4196 Regnum
1575 4125 1982 4199 hominissecn-

403 4220 523 4259 rum
555 4197 659 4256 non
684 4215 803 4255 esse
852 4200 982 4253 satis
1033 4200 1227 4252 evincit
1282 4198 1556 4250 notissima
1610 4197 1844 4265 Dionysii
1880 4198 1984 4267 Ty-

404 4274 557 4327 ranni
598 4272 813 4334 historia
846 4288 857 4321 :
893 4269 1053 4331 Nam,
1112 4269 1280 4333 inquit
1329 4268 1515 4321 Cicero
1543 4283 1575 4319 ν
1629 4267 1811 4331 Tnsc.,
1868 4284 1982 4321 cum

403 4344 609 4411 quidam
639 4359 699 4395 ea:
720 4344 829 4406 ejus
864 4338 1280 4411 assentatoribus,
1309 4334 1593 4411 Damocles,
1621 4352 1984 4411 commemora-

404 4408 554 4465 retin
585 4426 813 4464 sermone
832 4409 1002 4477 copias
1032 4411 1161 4477 ejus,
1191 4424 1347 4477 opes,
1373 4408 1713 4476 majestatem,
1747 4409 1983 4461 domina-

405 4492 504 4545 tus,
534 4497 703 4535 rerum
724 4475 1109 4541 abundantiam,
1143 4475 1573 4544 magnificentiam
1600 4478 1786 4529 a'dium
1816 4479 1982 4546 regia-

404 4568 540 4615 rum,
583 4560 881 4619 negaretque
908 4564 1131 4619 unquam
1160 4548 1427 4600 beatiorem
1454 4561 1754 4619 quamquam
1785 4548 1939 4615 fuisse
1963 4564 1981 4600 :

416 4622 565 4675 Visne
592 4616 766 4693 igitur,
798 4621 979 4693 inquit,
1013 4617 1271 4693 Damocle,
1303 4631 1539 4693 quoniam
1571 4617 1675 4667 hu'c
1697 4629 1743 4667 te
1763 4620 1861 4668 vita
1890 4619 1978 4693 def

404 4693 577 4756 lectat,
609 4688 715 4761 ipse
761 4691 987 4761 eamdem
1015 4689 1314 4761 degustare,
1352 4697 1398 4761 et
1446 4688 1701 4761 fortunam
1757 4689 1977 4761 experiri

402 4778 568 4815 meam
594 4755 774 4814 ?'Cnm
830 4775 883 4811 se
921 4758 1007 4810 ille
1034 4755 1216 4823 cupere
1264 4757 1500 4818 dixisset,
1547 4755 1786 4807 collocari
1816 4761 1976 4826 jussit

402 4834 656 4885 hominem
700 4831 753 4882 in
810 4844 961 4880 aureo
1018 4827 1172 4887 lecto,
1223 4836 1382 4878 strato
1420 4826 1757 4892 pulcherrimo
1812 4828 1976 4880 teItili

402 4901 657 4974 stragulo,
704 4899 989 4974 magniﬁcis
1038 4897 1269 4963 aperibus
1317 4897 1448 4974 picto
1481 4911 1499 4947 :
1525 4896 1808 4974 ab_arosque
1824 4912 1973 4974 cani-

403 4964 575 5038 plur'es
609 4964 808 5023 omavii
831 4978 1039 5037 argento
1075 4982 1297 5034 auroque
1318 4964 1526 5018 caelato.
1563 4964 1704 5038 Tum
1731 4965 1798 5016 ad
1820 4970 1974 5019 ‘incn-

402 5036 511 5094 sant
535 5042 721 5094 eximia
745 5036 910 5107 forma
932 5052 1115 5104 pueros
1147 5040 1362 5089 delectos
1378 5038 1533 5105 jussit
1565 5036 1836 5088 consistere
1863 5052 1973 5089 eos-

403 5130 498 5177 que
523 5114 590 5164 ad
635 5106 814 5162 nutum
866 5109 1004 5159 illius
1054 5107 1301 5159 intuentes
1345 5108 1614 5175 diligenter
1662 5106 1972 5161 ministrare.

406 5183 626 5235 Aderant
677 5188 954 5243 unguenta,
1003 5192 1202 5229 corona:
1236 5191 1255 5228 :
1312 5177 1708 5228 incendebantur
1755 5177 1975 5231 odores:

403 5267 589 5304 mensa:
618 5246 1055 5317 conqttisitissimis
1083 5248 1246 5308 epulis
1272 5246 1680 5317 exstruebantur.
1719 5243 1974 5299 Fortuna-

407 5330 483 5374 tus
508 5321 602 5373 sibi
634 5314 900 5371 Damocles
929 5314 1207 5368 videbatur.
1264 5314 1324 5367 In
1367 5316 1463 5368 hoc
1518 5317 1686 5368 medio
1720 5328 1975 5387 apparatu

406 5390 681 5460 fulgentem
722 5391 950 5460 gladium
980 5402 1006 5439 e
1052 5387 1420 5460 lacunarisNa
1472 5389 1975 5460 equinagapnrnsum

403 5455 595 5513 demitti
616 5455 752 5528 jussi
779 5498 795 5518 ,
826 5468 877 5510 ut
898 5457 1207 5528 impenderet
1232 5455 1372 5507 illius
1393 5456 1523 5510 beati
1544 5458 1834 5510 cervicibus.
1861 5459 1973 5510 Ita-

400 5545 497 5599 que
523 5527 877 5599 nec’pulcttros
907 5527 1024 5578 illos
1072 5527 1504 5579 administratores
1554 5528 1850 5599 aspiciebat,
1882 5544 1973 5581 nec

402 5597 605 5665 plenum
630 5597 753 5650 artis
775 5608 1058 5665 argentum,
1093 5612 1183 5648 nec
1211 5611 1417 5652 manum
1440 5597 1726 5665 porrigebat
1756 5599 1806 5650 in
1837 5615 1967 5651 men-

401 5684 509 5721 sam
532 5684 549 5718 :
598 5672 704 5737 jum
752 5668 877 5733 ipsa:
908 5666 1195 5727 deﬂuebant
1222 5682 1422 5732 canona!
1453 5681 1473 5720 :
1501 5672 1712 5735 denique
1746 5670 1972 5722 exoravit

402 5750 673 5807 tyrannum
697 5778 712 5799 ,
748 5749 799 5789 ut
828 5738 965 5789 abire
988 5739 1108 5788 licer
1140 5739 1334 5807 t._quod
1348 5738 1460 5805 jam
1486 5737 1655 5789 beatus
1669 5738 1822 5789 nollet
1844 5755 1968 5792 esse.

404 5805 606 5862 Satisne
632 5809 829 5861 videtur
857 5806 1139 5860 declarasse
1172 5805 1442 5875 Dionysius
1475 5808 1601 5859 nihil
1639 5822 1744 5859 esse
1770 5809 1814 5859 ei
1856 5809 1970 5861 bea-

2070 2258 2221 2314 ciens
2250 2257 2495 2311 lloratius
2525 2256 2561 2309 Ι.
2591 2272 2646 2309 ιιι
2668 2258 2846 2310 Carm.
2867 2296 2884 2324 ,
2917 2258 3007 2312 od.
3040 2256 3305 2323 l,'canit:

2260 2345 2519 2410 Qistrictus
2542 2348 2672 2395 ensis
2689 2348 2764 2395 cui
2786 2360 2938 2409 super
2962 2350 3105 2410 impia

2268 2408 2477 2473 Col-vice
2502 2412 2703 2473 pendet,
2728 2421 2823 2473 non
2846 2408 3205 2473 Siculas'dapes

2325 2468 2532 2532 Dulcem
2558 2469 2876 2532 elaborabunt
2900 2468 3142 2532 saporem,

2385 2530 2491 2579 Non
2513 2531 2674 2578 avium
2693 2530 2993 2593 citharaeque
3011 2530 3182 2583 cantus

2329 2591 2557 2641 Somnum
2581 2594 2840 2641 reducent.

2150 2659 2304 2716 Falsa
2351 2662 2509 2730 igitur
2539 2661 2629 2715 illa
2667 2664 2979 2728 assumptio,
3014 2652 3116 2729 qua
3154 2662 3363 2730 iudicas
3389 2680 3656 2726 summum

2082 2732 2277 2810 bonum
2307 2731 2507 2810 versari
2548 2732 2598 2785 in
2630 2747 2817 2802 regno.
2851 2731 2956 2789 Sed
2988 2732 3194 2789 felicior
3223 2750 3329 2791 non
3363 2747 3447 2794 est
3473 2754 3657 2810 regum

2083 2801 2435 2855 familiaritas.
2703 2801 2729 2869 ’_
3512 2862 3517 2869 ζ

2154 2872 2175 2903 ³
2220 2872 2376 2948 Quid
2396 2871 2458 2923 de
2490 2886 2668 2948 regum
2703 2867 3045 2948 familiaribus
3074 2872 3315 2927 disseram
3337 2912 3353 2938 ,
3381 2867 3517 2948 etc.]
3556 2878 3659 2935 Re.

2081 2956 2204 3011 gum
2235 2942 2520 3014 familiares
2544 2942 2799 3014 majorem
2823 2942 3019 2997 habere
3045 2956 3148 3014 non
3179 2956 3399 3009 possunt
3428 2942 3660 3014 potesta-

2085 3024 2189 3065 tem
2217 3012 2460 3077 adeoque
2491 3011 2794 3065 felicitatem
2837 3027 2995 3079 quant
3036 3012 3069 3065 ii
3098 3026 3327 3079 quorum
3370 3011 3661 3074 familiares

2082 3093 2229 3145 sunt,
2261 3095 2432 3148 reges,
2460 3094 2684 3154 quarum
2717 3083 2917 3154 tanien,
2946 3089 3010 3154 ut
3033 3083 3392 3154 probavimus,
3421 3096 3656 3154 potestas

2086 3154 2294 3204 infirma
2338 3162 2438 3204 est.
2507 3150 2620 3204 lmo
2650 3152 2819 3203 multo
2840 3152 3100 3204 tninor'em
3148 3153 3383 3208 habent:
3416 3150 3496 3209 vel
3520 3159 3662 3214 enim

2085 3225 2227 3286 regia
2281 3230 2513 3288 potestas
2560 3220 2841 3274 incolumis
2864 3226 3214 3287 ,perseverat,
3257 3222 3338 3277 vel
3372 3225 3585 3290 labitur,
3615 3228 3662 3283 si

2086 3291 2312 3349 labatur,
2346 3290 2459 3344 hare
2487 3304 2670 3359 regum
2717 3290 3005 3343 familiares
3052 3306 3144 3343 sna
3187 3306 3367 3346 secum
3394 3299 3546 3350 ruina
3576 3299 3662 3353 in-

2083 3362 2269 3414 volvit.
2301 3359 2357 3437 Si
2386 3373 2515 3437 νει-ο
2542 3361 2878 3437 st_et,headem
2905 3360 3185 3437 praedictqs
3209 3363 3494 3437 familiares
3516 3383 3660 3437 sirpe

2086 3429 2625 3513 prpst_ernit.n'l‘estis
2671 3430 2897 3513 sent-ca,
2925 3431 3491 3513 testisuf’apinianus:
3542 3429 3663 3495 nam

2155 3500 2176 3531 ⁸
2216 3500 2358 3571 Nero
2403 3499 2646 3554 Senecam
2695 3499 3044 3571 familiareni.]
3077 3499 3242 3565 Nero,
3273 3504 3441 3571 inquit
3467 3506 3659 3561 Sueto-

2084 3571 2225 3647 nius,
2255 3569 2501 3624 Senecam
2533 3578 2891 3647 pra’ceptorem
2912 3572 2979 3647 ad
3006 3569 3468 3647 necentiompulit:
3488 3593 3663 3647 quam.

2084 3642 2156 3714 vis
2173 3656 2307 3704 stupe
2336 3650 2668 3693 commeatum
2697 3641 2882 3714 petenti
2911 3641 3157 3714 bonisque
3177 3645 3376 3696 cedenti
3402 3641 3664 3714 persancte

2076 3712 2324 3783 jurasset,
2367 3720 2656 3786 suspectum
2694 3725 2746 3786 se
2796 3712 3003 3779 frustra,
3056 3712 3432 3786 periturumque
3459 3720 3660 3786 potius,

2083 3778 2234 3848 quam
2266 3778 2551 3832 nociturum
2578 3781 2645 3835 ei.
2689 3778 2966 3849 Postquam
2992 3782 3124 3832 enim
3155 3798 3281 3834 unus
3309 3778 3372 3836 ea:
3404 3778 3662 3842 centurio:-

2086 3853 2252 3911 nibus,
2277 3860 2349 3903 ait
2368 3850 2603 3905 Tacitus.
2632 3852 2980 3904 necessitatem
3001 3852 3226 3904 ultimam
3250 3853 3457 3907 Seneca:
3477 3857 3664 3912 denun-

2085 3922 2257 3973 tiasset
2284 3937 2301 3972 :
2328 3937 2489 3993 neque
2509 3921 2650 3972 aliud
2681 3922 2840 3987 inquit
2870 3936 3129 3993 superesse
3158 3936 3267 3993 post
3307 3934 3518 3979 matrem
3550 3930 3661 3993 (ra-

2085 3999 2308 4060 tremque
2334 3992 2645 4065 interfectos,
2675 4006 2827 4059 quam
2863 3991 3217 4065 uteducatoris
3246 3991 3663 4065 praceptorisque

2085 4076 2255 4136 necem
2286 4061 2546 4136 adjiceret,
2594 4072 2703 4129 post
2738 4076 2852 4136 gnat
2896 4062 3091 4136 Seneca
3120 4072 3164 4113 et
3192 4078 3322 4115 uxor
3351 4061 3460 4136 ejus
3488 4061 3663 4121 eodem

2085 4131 2189 4182 ictu
2220 4130 2425 4182 brachia
2455 4131 2587 4198 ferro
2609 4129 2913 4183 exsolvunt:
2954 4131 3147 4185 Scneca
3173 4169 3189 4194 ,
3222 4129 3460 4197 quoniﬂm
3504 4140 3661 4193 senile

2085 4214 2272 4276 corpus
2294 4210 2338 4252 et
2365 4215 2517 4270 parvo
2542 4200 2675 4252 virtu
2710 4211 2989 4261 tenuatum,
3028 4203 3165 4276 lenta
3194 4200 3384 4273 effugia
3427 4209 3664 4276 sanguini

2084 4270 2360 4348 prtebgbat,
2386 4285 2590 4348 crurum
2612 4286 2808 4348 quoque
2829 4282 2875 4321 et
2915 4272 3186 4348 poplitum
3208 4270 3663 4348 venasabruinpit.

2157 4339 2569 4413 '_Papinianum
2619 4340 2951 4413 Antoninus]
3004 4340 3325 4408 Papinianus
3372 4339 3661 4413 legutn'ita

2085 4410 2307 4477 peritus,
2332 4420 2388 4463 ut
2413 4424 2598 4463 omnes
2639 4419 2763 4462 ante
2790 4410 2989 4477 pariter
3022 4421 3076 4463 ct
3121 4421 3239 4479 post
3282 4428 3341 4466 se
3392 4410 3662 4473 Romanos

2081 4479 2491 4555 jurisconsultos
2545 4493 2826 4555 superasse
2868 4480 3105 4555 dicatur1
3158 4480 3254 4533 Hic
3307 4485 3696 4555 prmterqnam'

2086 4550 2223 4615 quod
2256 4550 2528 4612 Scaevolae,
2555 4549 2705 4616 cujus
2749 4549 3038 4616 discipulus
3084 4552 3272 4616 fuerat,
3327 4559 3376 4604 in
3429 4549 3660 4610 advoca-

2088 4620 2229 4671 tione
2259 4620 2371 4672 fisci
2402 4622 2678 4682 successit,
2709 4618 2908 4672 Severo
2932 4622 3234 4686 imperatori
3263 4637 3353 4686 per
3374 4630 3660 4681 secundum

2086 4704 2312 4763 uxorem
2352 4687 2635 4763 aflinis,_et
2663 4689 2837 4763 eidem
2881 4688 3015 4740 adeo
3037 4689 3320 4763 familiaris
3355 4702 3407 4744 et
3433 4700 3658 4763 amicus,

2088 4768 2146 4811 ut
2173 4758 2406 4812 Severus
2434 4758 2669 4811 moriens
2718 4759 2837 4811 huic
2863 4774 2989 4811 suos
3030 4758 3166 4811 filios
3192 4758 3659 4821 t‘Ontmendaverit,

2083 4831 2150 4881 At
2174 4829 2471 4880 Antoninus
2494 4830 2808 4895 cognomine
2830 4829 3122 4891 Cat-acalla,
3151 4830 3239 4895 qtti
3264 4841 3379 4896 post
3404 4834 3658 4893 Severum

2083 4898 2555 4971 tenuit‘imperiutn
2590 4900 2905 4971 Romanum,
2938 4899 3113 4971 occiso
3143 4899 3270 4952 Geta
3305 4902 3484 4966 fratre,
3520 4924 3659 4971 pra:-

2082 4970 2227 5020 dicto
2259 4968 2549 5035 l’apininno
2596 4968 2934 5023 mandavissc
2982 4968 3166 5027 fertur,
3203 4978 3259 5022 ut
3290 4971 3339 5023 in
3379 4968 3564 5030 senatu
3607 4989 3661 5032 et

2082 5039 2220 5106 apud
2255 5042 2501 5111 populum
2526 5039 2752 5111 facinus
2776 5039 3007 5111 d.lncret
3036 5055 3051 5111 :_
3094 5039 3408 5107 Papinianus
3436 5049 3612 5102 renuit
3641 5090 3659 5111 ,

2080 5120 2329 5163 causatus
2351 5109 2689 5177 parricidium
2714 5109 2916 5163 facilius
2943 5109 3075 5173 fieri,
3101 5125 3255 5177 quam
3281 5112 3464 5177 velari,
3490 5109 3661 5173 aliud;

2084 5194 2189 5247 que
2210 5195 2331 5235 esse
2358 5181 2625 5245 parricidii
2651 5195 2841 5249 genus,
2872 5194 3124 5233 accusare
3151 5181 3486 5237 innocentem
3516 5190 3663 5242 oeci-

2084 5264 2200 5302 sum
2235 5266 2248 5302 :
2299 5250 2438 5315 quod
2466 5250 2792 5303 Antoninum
2829 5251 3117 5315 Papiniano
3146 5250 3392 5305 infestum
3421 5254 3557 5309 adeo
3588 5259 3661 5312 ir-

2086 5319 2284 5383 ritavit,
2319 5323 2458 5373 hunc
2484 5330 2541 5373 nt
2572 5322 2658 5374 ille
2687 5334 2715 5373 a
2745 5322 3000 5373 militibus
3040 5320 3214 5373 occidi
3268 5321 3608 5388 imperaverit
3641 5346 3654 5381 :

2084 5390 2328 5457 gladiOne
2355 5406 2422 5443 an
2464 5392 2657 5452 securi,
2691 5390 2844 5458 cujus
2893 5406 3042 5461 pmua
3091 5389 3301 5461 gravior
3342 5394 3659 5461 ignominio-

2086 5474 2305 5527 siorqne
2335 5470 2611 5522 censetur,
2646 5470 2916 5528 peractum
2950 5460 3171 5522 facinus,
3219 5458 3499 5517 incer'tum.
3542 5465 3658 5520 Non

2077 5530 2385 5608 dicitur-llic
2413 5531 2739 5608 interiectus,
2772 5531 2864 5584 sed
2895 5540 3094 5583 tantum
3137 5528 3205 5582 ab
3228 5529 3483 5585 Antonino
3515 5537 3657 5608 obje-

2076 5608 2185 5651 clus
2210 5598 2427 5669 militum
2453 5599 2663 5669 gladis.

2147 5669 2167 5699 ⁸
2206 5668 2387 5744 Moles.
2419 5668 2582 5744 ]_’lloc
2607 5679 2688 5723 est
2737 5669 2920 5736 ingens
2944 5685 3062 5725 cum
3093 5668 3394 5744 divitiarum
3427 5680 3536 5728 tum
3565 5690 3659 5744 po-

2077 5742 2285 5793 [astatis
2313 5740 2542 5802 sarcina,
2574 5754 2692 5808 qua:
2731 5752 2941 5797 ruentes
2987 5755 3081 5794 sua
3125 5740 3273 5794 ruina
3313 5740 3576 5801 Senecam
3602 5758 3657 5804 et

2078 5809 2422 5880 l’apiniannm
2452 5819 2869 5880 prostraverunt.
