4290 6258
425 283 529 339 ’145

945 397 1106 471 204
1142 396 1363 455 PROSA
1404 397 1493 454 ιιι.

425 493 815 549 ABGUIENTUM.
845 520 916 532 —
951 489 1292 555 Philosophia
1329 490 1491 555 addit,
1537 507 1624 545 nec
1667 491 1874 561 falsam,
1921 508 2010 544 nec

494 579 662 617 veram
700 561 941 632 gloriam,
977 563 1200 632 propriis
1229 562 1468 616 alienisve
1506 562 1697 615 meritis
1720 561 2007 631 fundatam,

493 635 779 688 habendam
811 649 917 687 esse
938 650 1188 687 summum
1212 632 1417 685 bonum.

496 730 509 758 ¹
562 727 742 784 Gloria
775 729 949 782 vero‘
996 742 1155 797 quam
1210 725 1368 781 fallax
1414 740 1575 796 saepe,
1627 741 1783 796 quam
1838 726 2009 797 turpis

423 824 539 880 est!
572 821 724 878 Unde
775 836 881 876 non
939 820 1131 889 injuria
1179 821 1411 891 tragicus
1464 831 1490 855 ει
1537 818 1858 875 exclamatb
1890 838 1903 873 :
1940 819 2011 875 Ὠ

432 915 568 980 δόξα,
600 913 739 979 δόξα,
773 916 1000 987 μυρίοισι
1035 910 1097 972 δὴ
1127 912 1354 989 βροτῶν,
1402 910 1541 967 οὐδὲν
1569 921 1787 987 γεγῶσι,
1839 915 2012 984 βίοτον
2052 936 2055 941 ·

425 1009 669 1082 ὧγκωσας
708 1016 882 1080 μέγαν.
930 1004 1115 1060 Plures
1162 1006 1305 1061 enim
1349 1020 1596 1076 magnum
1642 1021 1787 1074 saepe
1816 1021 2011 1063 nomen

424 1101 572 1156 falsis
601 1098 739 1169 vulgi
759 1096 1097 1167 opinionibus
1132 1097 1487 1165 abstulerunt,
1525 1113 1632 1168 quo
1654 1098 1777 1168 quid
1808 1099 2013 1169 turpius

424 1193 711 1264 excogitari
758 1190 965 1262 potest?
993 1192 1072 1261 (5)
1127 1191 1257 1246 Nam
1306 1192 1396 1262 qui
1449 1191 1584 1247 falso
1628 1190 2009 1261 praedicantur.

424 1288 535 1342 suis
589 1286 689 1357 ipsi
730 1300 953 1341 necesse
999 1293 1084 1341 est
1157 1284 1405 1339 laudibus
1458 1284 1799 1340 erubescant.
1853 1286 2011 1359 205

425 1379 446 1411 ³
475 1381 606 1447 Quas
634 1379 680 1434 si
708 1380 869 1434 etiam
902 1378 1106 1433 meritis
1154 1378 1467 1445 conquisitae
1516 1379 1645 1439 sint,
1674 1377 1801 1449 quid
1833 1385 2011 1433 tamen

427 1472 681 1542 sapientis
732 1470 1032 1539 adiecerint
1083 1471 1446 1536 conscientias,
1502 1472 1591 1541 qui
1622 1471 1819 1526 bonum
1857 1486 2011 1526 suum

427 1579 535 1619 non
568 1575 590 1603 ι·
620 1563 859 1634 populari
889 1578 1123 1627 rumore,
1156 1562 1251 1618 sed
1272 1563 1616 1619 conscientia;
1645 1564 1869 1619 veritate
1901 1580 2015 1620 me-

428 1656 595 1711 titur?
623 1654 645 1685 ⁸
670 1654 822 1722 Quod
851 1655 895 1709 si
923 1655 1024 1710 hoc
1069 1656 1241 1725 ipsum
1275 1670 1595 1726 propagasse
1641 1670 1859 1721 nomen,
1889 1657 2011 1727 pul-

427 1749 614 1805 chrum
641 1748 884 1815 videtur;
931 1762 1265 1819 consequens
1309 1758 1408 1814 est,
1444 1754 1502 1802 ut
1544 1746 1743 1803 {indum
1782 1764 1887 1804 non
1920 1765 2014 1805 ex-

429 1843 664 1898 tendisse
687 1840 976 1910 judicetur.
1007 1840 1085 1912 (5)
1111 1840 1217 1896 Sed
1238 1856 1381 1905 eum,
1412 1840 1488 1895 uti
1517 1839 1673 1907 paulo
1694 1849 1818 1895 ante
1840 1840 2011 1896 disse-

429 1935 539 1999 rui,
586 1934 764 2005 plures
811 1941 998 2003 gentes
1052 1947 1173 1988 esse
1203 1946 1425 1987 necesse
1474 1932 1564 1997 sit,
1593 1932 1657 1985 ad
1690 1947 1824 2002 quas
1854 1932 2011 1988 unius

428 2029 564 2081 fama
596 2026 823 2083 hominis
876 2035 1105 2097 nequeat
1154 2026 1456 2095 pervenire.
1518 2023 1597 2093 ﬁt,
1654 2034 1712 2079 ut
1743 2041 1899 2095 quem
1955 2036 2009 2081 tu

428 2122 658 2178 aestimas
703 2121 1013 2191 gloriosum,
1057 2133 1154 2190 pro
1180 2123 1411 2174 maxima
1441 2126 1590 2186 parte
1624 2128 1884 2174 terrarum
1931 2121 2012 2175 vi-

1326 281 1417 340 na
1451 260 1969 342 consummaui:
2008 285 2482 346 PHILOSOPHLE
2552 289 2681 347 LIB.
2725 289 2811 347 ιιι.

3596 288 3703 349 746

2040 408 2094 468 Δ
2121 419 2307 477 deatur
2336 420 2360 458 ιι
2389 422 2669 493 inglorius.
2717 422 2860 478 Inter
2885 423 3000 479 haec
3029 436 3157 479 vero
3189 433 3211 463 ο
3244 424 3555 496 popularem
3581 441 3706 498 gra-

2114 515 2264 578 tiam,
2292 530 2360 569 ne
2385 517 2895 572 commemoratione
2924 516 3137 587 quidem
3164 517 3375 590 dignam
3406 528 3554 590 puto,
3585 535 3706 590 quae

2114 622 2213 662 nec
2241 607 2441 677 judicio
2472 610 2743 677 provenit,
2795 624 2895 664 nec
2940 626 3175 679 unquam
3226 614 3377 665 tirma
3425 611 3701 679 perdurat.

2113 697 2231 753 Jam
2258 714 2386 755 vero
2409 700 2524 771 (10)
2553 717 2710 772 quam
2752 702 2823 756 sit
2852 703 3034 768 inane,
3068 718 3225 773 quam
3262 704 3283 734 ⁸
3330 701 3347 741 ῐ
3376 703 3523 758 futile
3550 702 3707 758 nobi-

2115 789 2280 845 litatis
2311 807 2529 861 nomen,
2564 795 2682 863 quis
2714 809 2820 849 non
2867 795 3082 850 videat?
3112 812 3228 866 qum
3260 806 3284 843 8
3317 797 3361 850 si
3392 797 3455 851 ad
3484 798 3705 853 claritu-

2114 879 2294 937 dinem
2325 883 2577 952 refertur,
2607 884 2779 939 aliena
2808 895 2911 941 est.
2948 887 3170 942 Videtur
3199 902 3429 958 namque
3459 902 3578 944 esse
3608 902 3707 944 no.

2115 974 2314 1042 bilitas,
2344 976 2585 1046 qumdam
2615 976 2679 1031 de
2707 977 2914 1033 meritis
2966 980 3189 1034 veniens
3237 980 3353 1034 laus
3396 990 3703 1048 parentum.

2115 1067 2267 1134 Quod
2313 1068 2357 1123 si
2391 1068 2763 1124 claritudinem
2794 1069 3104 1139 praedicatio
3136 1070 3281 1134 facit,
3311 1070 3389 1125 illi
3439 1071 3546 1125 sint
3571 1071 3705 1126 clari

2115 1174 2340 1215 necesse
2368 1168 2471 1224 est,
2502 1162 2593 1229 qui
2634 1161 3012 1231 prmdicantur.
3048 1163 3223 1229 Quare
3254 1162 3589 1231 splendidum
3626 1172 3701 1230 te,

2116 1253 2161 1307 si
2193 1260 2332 1306 tuam
2364 1268 2469 1306 non
2502 1252 2686 1318 habes,
2709 1253 2883 1307 aliena
2908 1254 3175 1307 claritudo
3222 1268 3327 1307 non
3358 1252 3546 1309 eilicit.
3582 1252 3699 1325 (15)

2116 1343 2266 1411 Quod
2314 1345 2357 1398 si
2389 1343 2516 1415 quid
2547 1352 2630 1399 est
2678 1344 2729 1398 in
2762 1344 3042 1399 nobilitate
3086 1344 3305 1410 bonum,
3341 1344 3390 1398 id
3419 1360 3539 1400 esse
3569 1344 3702 1399 arbi-

2116 1444 2229 1489 tror
2253 1434 2447 1501 solum,
2483 1443 2540 1488 ut
2569 1435 2816 1507 imposita
2850 1435 3118 1490 nobilibus
3147 1436 3487 1492 necessitudo
3516 1435 3699 1491 videa-

2117 1534 2225 1593 tur,
2253 1540 2321 1580 ne
2343 1541 2370 1579 a
2404 1525 2666 1595 majorum
2694 1526 2888 1581 virtute
2916 1526 3261 1596 degenerent.

2569 1661 2732 1732 203
2769 1662 3059 1717 METRUM
3100 1665 3129 1699 ι
3170 1663 3255 1715 vr.

2042 1784 2090 1846 B
2117 1778 2511 1849 Anottusu't‘uu.
2544 1806 2613 1849 τ-
2638 1776 2934 1842 Quicunque
2956 1778 3185 1832 virtutem
3216 1777 3358 1843 colit,
3384 1779 3544 1849 inquit
3570 1771 3697 1832 Plii—

2190 1847 2443 1917 losOphia,
2476 1850 2518 1902 is
2565 1846 2659 1901 Dei
2688 1850 2984 1902 nobilissimi
3012 1853 3231 1917 parentis
3268 1846 3459 1917 proles
3483 1864 3584 1902 non
3618 1849 3704 1901 dr-

2190 1937 2361 1989 gener,
2394 1936 2567 1973 revera
2591 1918 2776 1973 nobilis
2804 1930 2897 1972 est.

2266 2030 2439 2086 Omne
2470 2032 2747 2085 hominum
2780 2046 2946 2100 genus
2972 2032 3025 2086 in
3058 2031 3216 2087 terris

2335 2126 2511 2181 Simili
2544 2125 2713 2195 surgit
2740 2126 2807 2181 ab
2838 2136 2955 2179 ortu
2984 2142 2995 2176 ε

1768 2255 2353 2317 INTERPRETATIO.

500 2386 521 2411 τι
563 2374 837 2444 Euripides
865 2376 919 2428 in
952 2375 1329 2429 Andromacha.

497 2445 524 2485 ιι
565 2446 610 2500 0
632 2447 797 2517 gloria
821 2488 836 2511 ,
878 2447 1070 2515 gloria,
1100 2447 1261 2516 fecisti
1294 2446 1520 2501 millibus
1548 2448 1844 2501 mortalium
1888 2449 2003 2501 nul-

425 2521 523 2576 lius
545 2518 709 2570 meriti
736 2534 973 2587 magnam
1003 2519 1175 2571 vitam.

508 2604 531 2660 ε
568 2587 744 2660 Valgi-

498 2659 529 2699 ά
558 2658 924 2714 Iuhonoratus.

2193 2390 2215 2415 (ε
2266 2380 2440 2448 Vulgi.

2200 2449 2219 2487 τ
2264 2451 2412 2505 Leve.

2196 2532 2219 2567 ις
2262 2522 2539 2577 Nobilitas.

2200 2593 2501 2647 Universum
2545 2611 2703 2664 genus
2733 2599 3017 2650 humanum
3048 2612 3099 2648 in
3132 2596 3278 2651 terris
3327 2595 3485 2650 oritur
3526 2610 3591 2649 ‘ao
3628 2606 3707 2649 eoc

2114 2666 2229 2719 dem
2251 2666 2506 2735 principio
2536 2682 2554 2720 :
2581 2683 2704 2721 nam
2740 2684 2872 2723 unus
2897 2676 2971 2723 est
3024 2683 3210 2737 parens
3258 2683 3427 2720 rerum
3474 2667 3710 2724 omnium

1970 2776 2207 2836 NOT/E.

494 2898 509 2927 ²
543 2891 765 2965 Gloria.]
807 2891 985 2965 Gloria
1012 2900 1095 2946 est
1126 2891 1296 2965 honos
1342 2906 1461 2946 cum
1509 2890 2013 2965 laude“pervagatus

423 2968 720 3023 alienorum
746 2962 763 2965 ⁷
789 2964 1120 3017 meritorum.
1175 2962 1407 3017 Primum
1440 2964 1657 3033 quidem
1708 2962 1879 3033 gloria
1933 2975 2014 3018 est

424 3037 592 3093 honos
622 3054 635 3089 :
668 3034 911 3090 videlicet
936 3034 1193 3105 judicium
1224 3034 1576 3099 significatum
1601 3036 1668 3089 de
1694 3036 2010 3090 excellentia

424 3107 641 3164 alterius
666 3124 680 3160 :
727 3106 942 3161 Summa
969 3108 1102 3159 enim
1123 3116 1169 3159 et
1197 3106 1420 3176 perfecta
1459 3107 1645 3176 gloria,
1692 3108 1858 3175 inquit
1884 3107 2010 3160 'l‘ul-

2122 2907 2227 2946 non
2257 2894 2432 2960 magni
2465 2892 2582 2945 lieri
2615 2906 2645 2945 a
2674 2892 2906 2961 populis,
2936 2892 3110 2947 eidem
3156 2893 3388 2959 sapienti
3434 2908 3552 2948 esse
3596 2911 3710 2949 ma-

2121 2962 2230 3016 lum
2263 2978 2466 3035 :quare
2497 2977 2619 3017 cum
2650 2979 2714 3016 ex
2746 2963 2903 3017 dictis
2926 2963 3082 3031 longe
3112 2964 3294 3031 plures
3317 2965 3425 3019 sint
3447 2964 3712 3035 homines,

2120 3049 2148 3085 a
2182 3034 2373 3102 quibus
2422 3033 2513 3087 ille
2543 3035 2758 3101 sapiens
2794 3036 3090 3103 ignoratur,
3118 3050 3277 3104 quam
3323 3050 3353 3089 a
3385 3036 3576 3104 quibus
3622 3033 3713 3093 co?-

2118 3115 2419 3177 gnoscatur
2452 3105 2741 3177 laudabilis
2797 3104 3256 3175 honorabilisque,
3312 3105 3453 3160 idem
3505 3110 3715 3177 sapiens

423 3179 583 3271 liuscb
610 3178 789 3271 Ollio?
819 3187 1013 3259 constat
1034 3193 1097 3230 ea:
1122 3176 1288 3271 Eribus
1314 3175 1416 3257 liis,
1438 3175 1483 3229 si
1514 3178 1679 3271 diligit
1709 3177 2008 3271 zuultitudo,
2037 3209 2083 3271 C
2122 3175 2241 3271 phis
2259 3175 2488 3271 Ebabebit
2671 3191 2829 3257 quam
2861 3177 3054 3271 summ‘i
3079 3177 3235 3271 ligni;

425 3252 467 3305 si
499 3251 651 3313 ﬁdem
689 3249 856 3312 habet,
880 3249 924 3301 si
948 3265 1060 3300 cum
1082 3247 1424 3300 admiratione
1452 3250 1672 3316 quadam
1705 3248 1893 3301 honore
1919 3266 2010 3301 nos

426 3324 457 3375 ά
478 3338 602 3391 gnos
632 3329 777 3388 putat
805 3335 823 3372 :
854 3321 1201 3387 quamobrem
1230 3328 1401 3391 metro
1416 3318 1477 3391 Δ1,
1511 3332 1559 3370 ν.
1590 3319 1646 3391 _7,
1681 3320 1835 3391 primi
1864 3319 2006 3391 libri,

427 3389 653 3447 diximus
679 3394 935 3444 honorem
962 3406 1083 3444 esse
1108 3404 1275 3458 genus
1293 3389 1477 3457 gloria:
1510 3406 1522 3442 :
1549 3389 1773 3442 videsis.
1807 3390 2010 3445 Deinde

428 3464 612 3524 eadem
643 3463 745 3531 glo:
764 3463 809 3515 ia
840 3472 925 3515 est
950 3461 1119 3531 honos
1143 3477 1264 3514 cum
1295 3460 1450 3514 laude
1476 3459 1793 3529 conjunctus
1826 3477 2007 3531 :rnam

428 3535 605 3605 gloria,
632 3530 801 3601 inquit
821 3531 931 3586 Cic.
965 3548 1027 3605 ιιι
1053 3530 1342 3605 Tusc.,_est
1372 3537 1682 3605 consentiens
1713 3530 2011 3605 laushono-

428 3602 540 3656 rum
568 3606 861 3671 incorrupta
886 3619 984 3656 vox
1011 3604 1132 3656 bene
1154 3602 1500 3673 judicantium
1525 3602 1589 3655 de
1614 3604 1886 3656 excellente
1908 3605 2010 3656 vir-

430 3684 548 3728 tute.
569 3676 740 3742 Atque
768 3675 819 3728 io
855 3676 954 3728 hoc
979 3672 1349 3741 gloria’dill’ert
1376 3672 1442 3726 ab
1466 3674 1667 3728 honore
1696 3674 2011 3739 simpliciter

429 3745 592 3813 dicto,
624 3747 710 3815 qui
738 3761 842 3799 non
867 3756 947 3799 est
974 3759 1188 3813 semper
1214 3758 1333 3815 cum
1365 3744 1463 3797 ista
1489 3743 1645 3798 laude
1670 3744 2006 3815 conjunctus.

430 3814 705 3877 Postremo
734 3816 903 3870 honor
932 3816 1025 3870 ille
1054 3816 1140 3884 qui
1194 3814 1391 3868 dicitur
1441 3815 1630 3883 gloria,
1680 3814 1841 3869 debet
1889 3832 2012 3873 esse

429 3901 549 3941 cum
581 3886 734 3940 laude
767 3898 1082 3956 pervagatus
1107 3886 1175 3939 ita
1198 3896 1261 3957 ut
1293 3885 1456 3957 etiam
1481 3887 1545 3938 ad
1575 3887 1863 3955 optimates
1890 3903 2012 3957 per-

430 3958 642 4011 venerit
674 3975 687 4011 :
722 3957 771 4010 in
800 3973 906 4028 quo
932 3958 1096 4025 gloria
1127 3956 1306 4011 differt
1338 3972 1367 4009 a
1402 3956 1560 4017 fama.
1595 3974 1711 4024 quze
1742 3956 1901 4025 vulgi
1931 3974 2014 4014 so.

429 4028 536 4083 lius
579 4042 699 4083 esse
748 4027 943 4097 potest.
996 4028 1128 4081 llinc
1161 4029 1327 4096 gloria
1359 4027 1458 4079 alia
1483 4037 1567 4081 est
1596 4029 1749 4089 falsa,
1781 4030 1899 4095 q'uze
1929 4042 2013 4085 est

430 4098 788 4160 dissentanea,
818 4100 919 4152 alia
948 4113 1095 4163 vera,
1122 4115 1241 4167 quae
1285 4107 1639 4152 consentanea
1680 4109 1761 4151 est
1807 4100 2013 4155 meritis

429 4170 545 4225 sive
570 4172 798 4237 propriis
828 4170 942 4224 sive
971 4172 1205 4224 externis
1233 4169 1369 4238 ejus,
1418 4170 1504 4239 qui
1537 4170 1871 4235 praedicatur.
1918 4173 2014 4225 At-

431 4242 520 4310 qui
554 4256 725 4307 neque
756 4243 885 4295 falsa
912 4255 1086 4310 neque
1115 4255 1237 4294 vera
1269 4241 1460 4307 gloria,
1503 4255 1617 4294 suve
1648 4242 1759 4294 haec
1784 4243 2015 4309 propriis

430 4314 544 4366 sive
571 4313 808 4367 externis
843 4314 944 4364 tuis
979 4313 1182 4365 meritis
1229 4311 1499 4377 lundetur,
1547 4312 1805 4366 ratiOnem
1856 4313 2016 4369 habet

431 4383 623 4437 summi
656 4385 775 4436 boni
807 4402 819 4435 :
857 4383 991 4436 sicut
1011 4398 1253 4436 seorsum
1278 4383 1608 4451 probandum
1630 4393 1729 4437 est.

503 4455 522 4483 ²
568 4455 733 4517 Quam
781 4455 945 4523 fallax
989 4450 1168 4523 sirpe]
1203 4454 1241 4506 l.
1281 4450 1470 4519 ’Agitur
1515 4454 1581 4506 de
1624 4455 1790 4522 gloria
1837 4453 2010 4510 falsa:

432 4522 548 4595 hinc
598 4522 797 4586 autem,
855 4525 993 4595 quod
1043 4522 1247 4578 meritis
1300 4527 1366 4576 sit
1396 4525 1756 4589 dissentanea,
1808 4534 2011 4581 tantum

2190 3246 2208 3275 ⁵
2251 3245 2297 3298 F
2302 3247 2428 3319 utile
2464 3247 2762 3319 nobilitatis
2813 3244 3038 3317 nomen.]
3078 3247 3163 3301 ΙΙΙ.
3208 3248 3395 3315 Agitur
3440 3248 3507 3303 de
3548 3250 3714 3319 gloria

2116 3330 2244 3390 vera
2303 3317 2509 3390 meritis
2563 3317 2775 3390 alienis,
2832 3333 3027 3385 nempe
3074 3333 3270 3387 genere
3301 3319 3516 3375 fundata
3550 3317 3572 3378 Ξ
3594 3336 3715 3390 quae

2114 3387 2503 3460 vulgodicitur
2544 3387 2830 3460 nobilitas;
2868 3404 3095 3459 quaeque
3126 3405 3265 3443 nunc
3294 3390 3546 3445 delinitur
3577 3387 3711 3460 qure-

2115 3460 2233 3512 dam
2260 3459 2322 3511 de
2352 3460 2544 3512 meritis
2580 3459 2781 3511 veniens
2799 3458 2912 3512 laus
2941 3469 3240 3527 parentum;
3270 3462 3364 3515 sed
3397 3462 3510 3516 haec
3551 3458 3711 3519 inane

2119 3539 2174 3585 et
2199 3528 2351 3603 futile
2383 3544 2577 3603 nomen
2622 3537 2739 3603 est,
2761 3530 3117 3603 nisiquorum
3150 3532 3461 3603 sanguinem
3495 3535 3713 3603 partici-

2117 3600 2490 3725 pasighorum
2548 3601 2777 3655 imiteris
2830 3600 3103 3657 virtutem.
3172 3600 3415 3658 Juvenal.
3470 3600 3573 3659 sat.
3638 3607 3669 3660 8

2119 3687 2175 3725 v.
2322 3689 2334 3725 :

2119 3674 2334 3727 v.19:

2243 3761 2367 3829 Tota
2384 3760 2510 3829 licet_
2523 3770 2986 3829 veteresexornent
3009 3766 3227 3829 undique
3252 3779 3384 3817 cerae

2243 3826 2396 3889 atria,
2424 3823 2648 3889 nobiligas
2671 3825 2773 3874 sola
2797 3833 2873 3889 est
2895 3835 3041 3889 atque
3068 3823 3231 3887 unica,
3257 3831 3427 3880 vii-tus.

2241 3886 2441 3943 Paulus,
2468 3887 2545 3936 vel
2570 3886 2764 3946 Cossus,
2792 3887 2871 3936 vel
2900 3886 3084 3939 Drusus
3108 3886 3326 3939 moribus
3350 3901 3459 3943 esto
3484 3907 3495 3940 :

2246 3948 2346 4013 l_los
2372 3954 2486 4013 ante
2506 3948 2697 4013 etligies
2720 3950 2951 4013 maiorum
2978 3965 3103 4013 pone
3131 3961 3323 4010 tuorum
3353 3968 3364 4001 :

2245 4009 2685 4075 Ergecedantipsas
2708 4011 2773 4059 illi
2798 4019 2849 4060 te
2881 4009 3081 4062 console
3104 4017 3265 4075 virgas
3292 4029 3304 4062 :

2244 4071 2406 4120 Prima
2433 4073 2552 4120 mihi
2575 4071 2733 4121 debes
2752 4076 2895 4122 animi
2922 4076 3043 4124 bona
3070 4089 3080 4123 :
3108 4071 3305 4125 sanctus
3330 4077 3499 4128 haberi

2243 4132 2557 4196 Justitizeque
2583 4142 2729 4183 tenax
2758 4133 2900 4185 factis
2922 4137 3165 4200 dictisdue
3184 4141 3431 4189 mereris?

2195 4221 2208 4239 ‘
2248 4215 2478 4271 Carmen
2509 4226 2759 4272 constans
2790 4235 2852 4273 ex
2882 4220 3081 4288 duplici
3111 4237 3311 4291 genere
3340 4240 3591 4281 versuum
3621 4227 3700 4281 al-

2118 4296 2393 4366 ternorum
2415 4330 2429 4354 ,
2462 4303 2687 4366 quorunn
2728 4291 2892 4366 piior
2914 4294 3241 4347 Alcmanicus
3280 4293 3438 4349 habet
3470 4306 3581 4351 tres
3611 4313 3704 4366 pe-

2116 4358 2216 4412 des
2242 4374 2430 4413 versus
2461 4359 2661 4436 heroici
2690 4375 2811 4414 cum
2844 4363 3027 4436 ultima
3055 4366 3256 4434 syllaba
3288 4358 3702 4436 superstite,'ita

2120 4438 2305 4506 tamen
2330 4441 2394 4506 ut
2412 4446 2514 4506 non
2545 4430 2637 4506 ﬁat
2664 4447 2728 4484 ex
2763 4434 2925 4487 meris
2958 4430 3241 4506 spon‘tleis:
3265 4440 3531 4506 posterior
3563 4430 3707 4494 Phe-

2120 4502 2368 4553 recratius
2384 4500 2546 4576 habet
2566 4503 2727 4554 etiam
2754 4511 2863 4557 tres
2886 4505 3069 4573 pedes,
3090 4521 3209 4559 nem
3219 4500 3282 4574 pe
3299 4511 3596 4576 spondeum
3620 4510 3705 4567 vel

433 4572 585 4649 Ξὶῐῖθέι
600 4572 1731 4651 Finitimi—E5:i.'{oeti{"su}n}n'i'1166f]?
1742 4572 2012 4660 imissa;
2039 4588 2055 4649 ι

2068 4589 2096 4649 )
2125 4581 2481 4638 anaprestum,
2507 4572 2775 4643 dactylum
2808 4585 2860 4628 et
2888 4572 3206 4643 spondeum.

433 4681 584 4720 error
609 4665 846 4736 adeoque
872 4666 1067 4719 malum
1098 4685 1110 4718 :
1147 4666 1284 4719 unde
1314 4681 1413 4737 non
1452 4665 1647 4735 injuria
1677 4675 1826 4733 poeta
1857 4671 2015 4737 tragi-

433 4753 544 4799 cus,
576 4735 781 4809 scilicet
806 4737 1082 4809 Euripides
1122 4740 1188 4789 ab
1219 4735 1479 4809 Archelao
1510 4738 1853 4809 Macedonum
1891 4735 2017 4809 rege

433 4822 644 4861 summo
678 4810 725 4860 in
775 4808 975 4861 honore
1007 4808 1218 4862 lnbitus
1264 4810 1314 4861 in
1364 4807 1736 4861 Andromacha
1780 4807 2011 4863 cecinit:

433 4876 500 4932 Ὠ
516 4879 655 4943 δόξα,
674 4878 816 4943 δόξα,
831 4894 933 4932 etc.
946 4920 960 4941 ,
981 4879 1081 4933 hoc
1100 4889 1200 4945 est,
1221 4895 1250 4931 o
1268 4879 1450 4948 gloria,
1477 4880 1664 4949 gloria,
1688 4880 2015 4951 fecistimilli-

434 4951 524 5003 bus
563 4952 855 5003 mortalium
885 4951 1294 5017 nullius’meriti,
1326 4966 1564 5021 magnam
1592 4952 1764 5005 vitam.

506 5048 528 5078 ³
556 5048 697 5122 Qua:
734 5050 777 5101 si
806 5049 959 5122 etiam
1000 5047 1236 5122 meritis.]
1278 5048 1567 5122 ll._Agitur
1597 5050 1663 5104 de
1695 5050 1859 5121 gloria
1888 5067 2013 5108 vera

433 5120 640 5173 meritis
672 5120 898 5185 propriis
930 5119 1324 5189 fundata,tu
1354 5120 1551 5175 idcirco
1595 5119 1716 5175 non
1731 5122 1887 5177 habet
1931 5140 2016 5177 ra-

434 5190 636 5243 tionem
675 5192 868 5243 summi
919 5191 1061 5253 boni,
1120 5192 1258 5259 qttnd
1315 5190 1445 5258 haec,
1477 5201 1535 5246 ut
1561 5203 1682 5261 pote
1712 5204 1861 5248 extra
1893 5212 2013 5251 eum

434 5263 523 5329 qui
554 5261 862 5326 honoratur,
891 5262 1021 5315 nihil
1050 5261 1402 5331 boniadjiciat
1425 5266 1588 5318 menti
1616 5265 1727 5319 sive
1746 5268 2017 5323 conscien-

436 5333 808 5408 tiarsapientis
833 5348 848 5397 ;
876 5333 970 5408 qui
1000 5340 1210 5408 tamen,
1233 5342 1414 5408 utpote
1440 5336 1645 5408 peritus
1662 5352 1771 5391 sua:
1797 5341 2012 5408 mentis,

435 5402 563 5456 nihil
596 5403 695 5476 sibi
726 5417 844 5476 esse
875 5403 1071 5476 bonum
1128 5404 1416 5467 existimat,
1444 5402 1559 5476 “nisi
1618 5409 1758 5476 quod
1813 5408 1867 5463 in
1920 5402 2015 5466 sua

434 5483 614 5528 mente
647 5472 826 5537 fuerit,
854 5484 908 5529 et
936 5473 1086 5543 cujus
1112 5476 1297 5528 eadem
1327 5490 1477 5529 mens
1502 5475 1571 5531 sit
1597 5472 1833 5533 conscia.

508 5564 565 5647 ι.
594 5565 743 5629 Quod
790 5566 833 5619 εί
883 5582 1190 5647 propagasse
1239 5582 1448 5647 nomen,
1473 5572 1745 5647 pulchrum
1771 5574 2018 5647 videtur.]

438 5634 745 5712 Audemus,
792 5637 931 5712 quod
961 5634 1272 5712 tamennon
1298 5650 1401 5712 est,
1435 5634 1608 5710 inquit
1652 5634 2016 5712 PIIiIOSOphia;

438 5707 541 5777 ipsi
591 5710 748 5762 etiam
800 5708 1027 5777 sapienti
1077 5707 1244 5762 videri
1315 5707 1533 5775 bonum,
1587 5722 1639 5767 et
1688 5707 2020 5771 extrinsecus

438 5776 641 5833 laudari
671 5789 725 5834 et
766 5776 1085 5849 intrinsecus
1116 5780 1292 5847 magni
1324 5779 1437 5834 ﬁeri
1465 5796 1494 5835 a
1534 5786 1763 5852 pupulis,
1798 5801 2018 5841 necesse

440 5852 851 5907 eritsecundum
884 5852 1052 5919 legem
1094 5852 1506 5920 contrariorum,
1562 5869 1665 5910 nou
1720 5857 1925 5918 laudari
1966 5868 2019 5915 ct

759 5946 1030 6037 Partica.
1078 5942 1301 6007 LXIII.

1828 6078 1859 6119 ὸ

2192 4660 2704 4739 l.0mne-Itom_inum
2740 4664 2943 4739 genum]
2984 4667 3154 4739 I'Ittlllo
3187 4682 3291 4720 non
3318 4678 3398 4721 est
3423 4683 3713 4739 corporeus

2119 4731 2319 4795 solum,
2350 4744 2405 4785 ut
2437 4732 2624 4798 heStia,
2654 4731 2825 4803 neque
2848 4731 3021 4790 solum
3055 4738 3423 4804 incorporeus,
3454 4731 3710 4799 ut'bonus

2121 4804 2361 4878 malasve
2388 4807 2577 4872 genius
2597 4804 2735 4878 ;Ased
2762 4807 3093 4861 admirabilis
3133 4812 3376 4878 quasdam
3419 4822 3499 4864 est
3542 4815 3707 4870 animi

2120 4874 2470 4951 corporisque
2510 4874 2919 4951 conjunctorum
2967 4874 3309 4945 compositio,
3339 4898 3457 4951 quae
3484 4885 3534 4935 in
3566 4888 3712 4941 terris

2118 4944 2304 5011 surgit,
2333 4944 2421 4997 ubi
2466 4960 2842 5026 eumcorpore
2873 4949 3040 5026 instar
3075 4944 3594 5026 ettjus'dam'IwSpitii
3621 4971 3712 5026 pa-

2122 5027 2242 5093 rato
2274 5030 2423 5069 mens
2451 5016 2707 5093 divinitus
2746 5018 2917 5093 inlusa
2937 5016 3197 5093 jungitur,
3226 5032 3278 5077 et
3314 5016 3525 5093 quidem
3555 5016 3712 5082 simili

2121 5085 2183 5138 ab
2221 5098 2333 5139 ortu
2360 5102 2379 5139 :
2405 5103 2523 5141 cum
2559 5088 2697 5142 idem
2728 5090 2799 5143 sit
2840 5085 3157 5157 principia":
3183 5085 3287 5147 non
3312 5085 3481 5150 solum
3518 5101 3710 5155 mentis

2120 5163 2177 5239 et
2201 5158 2438 5239 corporis
2467 5159 2637 5239 istius,
2663 5175 2851 5239 verum
2875 5162 3035 5217 etiam
3061 5176 3256 5239 mutua:
3282 5167 3556 5238 utrimque
3578 5186 3707 5224 con—

2117 5231 2433 5307 junctionis.
2467 5231 2629 5307 idem,
2661 5231 3016 5307 inquamnest
3050 5236 3365 5305 principium
3392 5231 3634 5307 corporis
3655 5251 3711 5297 et

2122 5301 2881 5379 mentis__l_iominis,_videlicet
2914 5301 3091 5359 Deus:
3125 5301 3245 5361 cum
3269 5313 3410 5362 enim
3441 5301 3544 5361 ta'in
3572 5313 3709 5379 bmc,

2122 5386 2291 5448 quam
2312 5372 2439 5425 illud
2468 5387 2555 5426 res
2584 5373 2949 5448 sit;_cum_que
2978 5393 3065 5432 res
3093 5395 3197 5432 non
3232 5380 3397 5448 possit
3430 5380 3526 5432 nisi
3550 5395 3578 5431 a
3600 5372 3710 5437 Deo

2123 5444 2324 5524 creari:
2350 5452 2627 5524 prepterea
2664 5444 2802 5524 idem
2837 5445 2976 5501 Deus
3017 5451 3208 5503 mentis
3232 5444 3582 5524 corporisque
3619 5454 3711 5505 ho-

2125 5514 2282 5566 minis
2309 5514 2622 5582 principium
2655 5517 2746 5583 sit,
2782 5532 3003 5574 necesse
3028 5530 3126 5574 est.
3165 5525 3231 5574 At
3264 5514 3400 5573 Deus
3431 5514 3590 5575 etiam
3624 5534 3707 5580 est

2125 5585 2438 5665 principium
2473 5595 2667 5665 mutum
2708 5590 2901 5644 mentis
2932 5592 3277 5665 corpotisque
3306 5590 3449 5645 illius
3481 5594 3711 5665 conjun-

2123 5655 2316 5729 ctionis
2346 5673 2358 5707 :
2391 5656 2735 5729 quodrneque
2764 5674 2961 5729 corpus
2990 5655 3040 5713 in
3068 5655 3324 5726 mentem,
3367 5678 3538 5729 neque
3562 5655 3709 5719 mens

2124 5724 2176 5777 in
2200 5740 2413 5802 corpus,
2448 5727 2549 5779 nisi
2592 5724 2702 5802 Deo
2732 5724 2912 5797 dante,
2964 5746 3103 5801 agat.
3156 5724 3331 5802 Atque
3384 5724 3497 5790 haec
3528 5736 3703 5790 oninia
3752 5768 3755 5771 <

2123 5798 2746 5881 speciatimnunedicet
2778 5798 3144 5881 Philosophia,
3176 5798 3452 5875 postquam
3486 5822 3703 5881 genera-

2123 5870 2216 5930 tim
2243 5870 2435 5924 dixerit
2454 5872 2632 5929 omnia
2659 5886 2780 5930 esse
2805 5888 2835 5929 a
2860 5875 2990 5932 Deo.

3236 5966 3313 6031 2’s
