4290 6258
568 294 669 351 ’717

716 409 871 466 Unus
884 412 1027 465 enim
1058 423 1236 467 rerum
1269 416 1423 481 pater
1447 419 1551 480 est,

793 503 937 559 Unus
959 514 1153 559 cuncta
1173 503 1469 560 ministrat.

571 596 607 653 5
679 598 839 670 207
870 597 964 653 llle
992 598 1143 655 dedit
1166 596 1374 653 thbo
1396 597 1601 668 radios,

787 690 948 745 Dedit
974 699 1027 744 et
1052 705 1254 745 cornua
1286 691 1450 747 lunae.

714 780 808 836 llle
833 780 1079 836 homines
1103 782 1266 836 etiam
1298 783 1458 836 terris

785 872 970 937 Dedit,
998 883 1051 927 et
1081 872 1257 929 sidera
1286 873 1450 930 casio.

714 962 812 1021 llic
832 965 1026 1020 clausit
1051 966 1308 1021 membris
1337 965 1552 1023 animos

569 1057 641 1115 i0
783 1056 935 1115 Celsa
965 1059 1097 1116 sede
1133 1060 1353 1130 petitos.

1802 284 1913 354 ΑΝ.
1955 283 2164 353 haud.
2194 278 2360 352 ξεν.
2401 276 2632 350 comit

2188 414 2244 476 Δ

3781 271 3807 323 7

3815 270 3839 326 4

3847 272 3879 325 8

2415 413 2578 483 208
2600 408 2853 466 Mortales
2880 410 3042 483 igitur
3068 413 3299 467 cunctos

2493 498 2614 557 Edit
2644 504 2825 559 nobile
2853 516 3092 574 germen.

2418 596 2555 662 Quid
2592 611 2778 666 genus,
2808 606 2864 652 et
2895 611 3128 667 proavos
3152 592 3421 665 strepitis?

2487 688 2544 745 Si
2575 689 2868 758 primordia
2901 698 3101 756 vestra,

2276 772 2343 837 15
2417 782 2821 851 Auctoremque
2852 781 3019 853 Deum
3043 789 3278 852 spectes,

2490 872 2678 929 Nullus
2704 871 2940 945 degener
2966 881 3161 939 exstat,

2419 962 2483 1021 Ni
2516 964 2659 1017 vitiis
2689 964 2869 1032 pejora
2894 961 3081 1018 fovens

2493 1052 2775 1127 Proprium
2789 1053 3005 1110 deserat
3025 1064 3223 1111 ortum.

1981 1189 2278 1247 INTERPB
2290 1188 2565 1244 ETA'I‘IO.

568 1311 731 1366 Deus.
759 1323 890 1362 unus
919 1304 1369 1377 gubernatomnia.
1394 1303 1499 1358 Hic
1524 1304 1663 1358 dedit
1686 1303 2010 1377 splendorem
2034 1301 2155 1377 soli,

568 1391 618 1436 et
639 1384 775 1435 lunae
802 1374 995 1432 vultum
1025 1379 1293 1430 crescentis
1318 1375 1776 1435 decrescentisque.
1805 1374 1907 1427 Hic
1955 1374 2155 1443 quoque

570 1452 715 1507 dedit
738 1451 965 1503 homines
1001 1448 1171 1512 terris,
1210 1456 1257 1500 et
1279 1457 1422 1499 asIra
1444 1449 1590 1503 caelo.
1630 1446 1725 1500 Hic
1752 1447 1959 1499 inclusit
1982 1461 2164 1504 corpo-

570 1525 708 1579 ribus
758 1522 1003 1574 humanis
1036 1532 1230 1574 mentes
1277 1530 1417 1572 ortas
1461 1534 1528 1574 ex
1561 1520 1671 1573 loco
1720 1519 1945 1573 sublimi.
1979 1514 2169 1569 Nobile

570 1612 687 1667 ergo
707 1610 877 1648 semen
903 1592 1085 1645 emittit
1125 1606 1298 1644 omnes
1337 1590 1590 1645 homines.
1627 1592 1801 1656 Quare
1832 1588 2044 1661 jactatis
2065 1586 2173 1640 ori-

2270 1304 2438 1374 ginem
2461 1301 2780 1371 majorcsque
2803 1309 3010 1355 vestros
3040 1303 3334 1358 mortales?
3355 1307 3402 1358 si
3432 1309 3759 1366 consideratis
3779 1329 3871 1367 ve-

2270 1384 2443 1427 strum
2478 1374 2792 1442 principium
2835 1380 2882 1425 et
2906 1384 3143 1428 vesnum
3176 1378 3487 1431 conditorem
3518 1379 3693 1441 Deum,
3727 1400 3871 1435 nemo

2273 1456 2392 1526 ante
2411 1445 2709 1515 degenerat,
2732 1460 2887 1513 quam
2917 1445 3179 1513 peccando
3201 1450 3403 1504 recedat
3429 1468 3460 1503 ιι
3481 1450 3594 1507 Deo
3619 1468 3710 1506 suo
3732 1458 3872 1522 prim

2280 1532 2433 1588 ctpto.

2105 1724 2338 1782 NOTAE.

644 1850 696 1905 5.
727 1848 872 1930 Unus
912 1864 1083 1930 rerum
1109 1856 1255 1930 pater
1291 1846 1480 1930 est.]_l.
1522 1846 1829 1903 Generatim
1861 1844 2052 1926 omnis
2094 1846 2167 1896 ita
2196 1842 2248 1902 B
2285 1912 2320 1930 ἢ
2345 1840 2401 1895 9.
2436 1840 2540 1894 Hic
2570 1842 2752 1897 clausit
2792 1844 3031 1930 memoris
3050 1844 3295 1928 animos]
3328 1844 3413 1901 Ill.
3464 1846 3607 1929 idem
3649 1850 3809 1907 homo
3843 1872 3872 1916 a

573 1931 697 1980 sunt
722 1938 749 1973 a
788 1922 915 1983 Deo,
942 1930 999 1973 ut
1030 1917 1171 1973 Deus
1195 1922 1263 1973 sit
1291 1917 1529 1972 omnium
1556 1928 1707 1987 pater
1737 1935 1750 1970 :
1785 1927 1935 1985 pater
1964 1917 2165 1984 quippe

573 1995 714 2049 idem
744 2002 826 2045 est
855 1992 995 2059 quod
1026 2005 1184 2044 causa
1207 2006 1309 2044 non
1333 1991 1505 2043 solum
1538 1990 1859 2055 producens,
1885 1988 1978 2042 sed
2002 1990 2165 2041 etiam

574 2078 911 2121 conservans
941 2080 953 2115 ε
981 2063 1119 2115 Deus
1146 2076 1272 2115 vero
1298 2072 1379 2116 est
1418 2065 1657 2115 omnium
1686 2075 1841 2112 causa
1871 2059 2167 2128 producens

574 2148 630 2193 et
658 2148 1004 2188 conservans.
1034 2134 1167 2186 llinc
1199 2133 1337 2185 Dens
1368 2140 1584 2185 vocatur
1622 2131 1780 2185 Pater
1830 2146 1859 2183 a
1904 2130 2170 2183 Christia-

576 2210 683 2270 nis,
714 2205 933 2269 ludatis,
958 2214 1010 2257 et
1053 2206 1181 2273 ipsis
1204 2206 1363 2257 etiam
1395 2204 1627 2257 ethnicis
1653 2222 1665 2254 :
1708 2200 1996 2273 Christiani
2023 2202 2168 2256 enim

575 2276 780 2333 orando
808 2276 1013 2339 dicunt,
1049 2274 1203 2327 Pater
1224 2286 1392 2327 noster
1413 2276 1496 2343 qui
1524 2290 1574 2327 es
1600 2275 1651 2326 in
1682 2274 1841 2335 cazlis,
1866 2272 2054 2325 Matth.
2088 2286 2166 2323 vr.

577 2350 781 2407 Judmis
810 2346 1003 2401 dicitur
1040 2345 1331 2399 Deuteron.
1380 2361 1525 2398 xxxii
1569 2361 1583 2399 :
1621 2344 1872 2411 Nunquid
1918 2359 2020 2395 non
2060 2343 2171 2405 ipse

576 2431 649 2476 est
673 2419 826 2472 Pater
850 2427 986 2478 tuus,
1010 2418 1095 2485 qui
1122 2417 1341 2483 possedit
1372 2426 1441 2479 te,
1470 2425 1517 2468 et
1540 2416 1658 2480 fecit
1692 2426 1739 2469 et
1758 2413 1942 2467 creavit
1966 2422 2031 2468 te.
2066 2412 2170 2465 De-

577 2494 739 2559 nique
772 2490 1019 2543 Horatius
1066 2488 1168 2559 ait:
1210 2486 1388 2540 Gentis
1418 2486 1659 2559 humana:
1696 2496 1853 2559 pater
1885 2492 2035 2559 atque
2080 2499 2168 2534 cu-

576 2555 682 2617 stos
708 2578 727 2617 :
768 2571 822 2615 et
854 2559 1024 2628 Virg.,
1074 2558 1231 2613 Pater
1270 2560 1379 2627 ipse
1409 2558 1610 2612 colendi
1658 2557 1795 2611 haud
1828 2555 2033 2626 facilem
2060 2570 2169 2609 esse

577 2636 713 2689 viam
739 2631 919 2684 voluit.

652 2705 706 2759 5.
752 2703 851 2755 Ille
880 2701 1049 2755 dedit
1095 2696 1288 2753 Pluebo
1334 2696 1690 2769 ταῶσι]ὧοί
1743 2698 1915 2765 poetis
1947 2706 2169 2750 vocatur

579 2774 803 2829 Phazbus
832 2788 861 2825 a
892 2772 1072 2845 specie
1102 2781 1155 2845 et
1178 2779 1355 2845 nitore
1386 2788 1398 2823 :
1447 2772 1620 2845 φοζϐος
1666 2772 1808 2825 enim
1855 2769 2171 2845 adjectivum

579 2858 661 2901 est
690 2845 1013 2912 splendidus,
1046 2842 1268 2907 lucidus,
1297 2839 1474 2907 purus".
1501 2843 1611 2896 Soli
1642 2848 1818 2895 autem
1854 2839 1991 2894 Deus
2019 2839 2168 2912 dedit

578 2909 761 2972 radius
793 2932 804 2967 :
842 2914 1084 2983 quamvis
1113 2913 1255 2969 enim
1283 2928 1314 2966 a
1344 2914 1659 2982 corporibus
1682 2913 1856 2965 obviis
1879 2909 2166 2983 solvidea-

581 2998 667 3043 tur
692 2980 908 3049 habere,
944 2984 1086 3051 quod
1119 2985 1217 3036 hoc
1246 2984 1325 3039 vel
1358 2980 1456 3036 illo
1480 2983 1638 3037 modo
1682 2983 1879 3046 luceat,
1922 2980 2063 3035 idem
2091 2989 2171 3035 ta-

581 3075 703 3114 men
735 3074 763 3110 a
792 3060 907 3111 solo
944 3055 1050 3109 Deo
1081 3054 1268 3121 habet,
1297 3055 1434 3121 quod
1470 3054 1661 3108 luceat.
1697 3054 1915 3108 Scilicet
1935 3053 2041 3107 duo
2070 3052 2168 3106 ob-

582 3129 786 3184 servari
819 3138 1040 3196 possunt
1074 3128 1128 3180 in
1174 3124 1373 3179 mundo
1396 3124 1706 3179 effectarum
1736 3140 1978 3196 genera:
2006 3138 2169 3196 gene-

583 3201 714 3256 ralia
742 3194 984 3268 quicdam
1006 3213 1021 3262 ;
1045 3196 1169 3261 alia,
1194 3207 1251 3251 ut
1280 3196 1505 3250 barbare
1529 3194 1815 3266 loquuntur
1839 3194 2165 3268 philosophi,

583 3267 917 3343 particular-ia
949 3286 966 3321 :
1020 3270 1260 3337 priorum
1308 3269 1601 3343 generalis,
1651 3267 2007 3343 posteriorum
2044 3279 2176 3320 vero

584 3338 871 3411 peculiaris
893 3353 1054 3411 causa
1085 3339 1371 3408 quaerenda
1401 3349 1502 3391 est.
1550 3338 1639 3394 Sic
1668 3338 1925 3404 quaerenti
1954 3352 2050 3411 cur
2088 3352 2177 3391 me

586 3408 836 3480 loquente
862 3410 1075 3464 auditor
1104 3422 1397 3474 moveatur,
1429 3425 1536 3462 non
1566 3410 1859 3479 generalis,
1889 3408 1985 3463 sed
2015 3422 2176 3480 pecu-

585 3479 737 3538 liaris
765 3495 923 3535 causa
955 3480 1244 3544 aiierenda,
1279 3489 1333 3531 ut
1374 3482 1514 3548 quod
1542 3495 1635 3535 aer
1661 3495 1689 3531 a
1737 3494 1857 3533 meo
1881 3493 1973 3533 ore
1998 3480 2063 3532 ad
2097 3479 2166 3532 il-

587 3554 690 3607 lius
718 3568 874 3606 aures
901 3552 1246 3604 continuatus
1275 3551 1406 3603 meis
1430 3551 1789 3617 pulmonibus,
1814 3550 2014 3621 lingua,
2044 3549 2178 3621 den-

588 3626 753 3688 tibus,
782 3631 836 3677 et
878 3621 1042 3675 labris
1091 3622 1170 3673 sic
1199 3629 1496 3683 moveatur,
1548 3632 1604 3674 ut
1638 3622 1825 3674 eodem
1847 3636 2005 3675 aures
2031 3620 2177 3674 audi-

587 3696 721 3749 toris
752 3701 1214 3748 commoveantur.
1246 3690 1314 3744 At
1342 3694 1602 3760 quaerenti
1633 3707 1728 3744 (ιιι-
1774 3701 2043 3746 commoto
2081 3707 2178 3745 au-

590 3765 780 3821 ditoris
828 3762 1056 3818 cerebro
1114 3762 1464 3830 cogitationes
1520 3763 1575 3816 in
1624 3761 1864 3831 ejusdem
1919 3762 2178 3815 auditoris

588 3846 771 3891 mente
792 3838 1110 3889 excitentur:
1148 3848 1251 3902 non
1277 3834 1579 3901 peculiaris,
1610 3836 1703 3887 sed
1727 3834 1993 3902 generalis
2017 3847 2176 3887 causa

588 3906 902 3975 reSponderi
933 3906 1112 3959 debet.
1164 3895 1418 3959 Similiter
1447 3895 1845 3972 qumrenti'cur
1899 3906 1989 3958 iris
2032 3904 2177 3959 mille

589 3980 767 4033 trahat
792 3978 968 4029 varios
995 3975 1222 4029 adverso
1254 3978 1365 4029 sole
1400 3976 1629 4041 colores,
1662 3991 1823 4031 causa
1867 3976 2173 4043 peculiaris,

589 4063 786 4116 nempe
813 4047 989 4116 pluvia
1013 4046 1211 4100 cadens
1239 4046 1592 4114 respondetur
1625 4067 1636 4097 :
1667 4048 1761 4100 sed
1791 4048 2049 4115 quaerenti
2082 4060 2179 4100 cur

590 4120 672 4173 sol
701 4118 877 4173 radios
905 4119 1099 4176 mittat.
1128 4131 1289 4170 causa
1319 4118 1603 4184 generalis,
1633 4117 1886 4172 nimirum
1920 4117 2061 4172 Deus
2090 4132 2179 4185 ορ·

590 4192 720 4246 time
750 4190 1009 4243 redditur.
1040 4189 1125 4241 Sis
1155 4188 1294 4240 Deus

665 4263 719 4317 6.
738 4259 889 4313 Dedit
915 4269 959 4312 et
980 4274 1169 4312 cornua
1194 4256 1375 4330 lunae]
1392 4258 1557 4324 Luna,
1583 4259 1724 4330 quod
1749 4259 1863 4314 [nec
1888 4258 1958 4315 sit
1981 4274 2178 4327 corpus

591 4348 839 4403 opacum,
870 4330 1047 4403 lumen
1078 4345 1105 4403 ει
1131 4329 1244 4384 sole
1265 4339 1543 4398 acceptum
1556 4329 1640 4403 ita
1664 4333 1908 4399 remittit,
1940 4340 1998 4403 ut
2020 4331 2179 4386 modo

590 4400 865 4468 crescens,
894 4401 1055 4455 modo
1074 4400 1416 4465 decrescens,
1446 4401 1607 4455 modo
1625 4403 1813 4465 silens,
1842 4402 2000 4458 modo
2026 4404 2179 4470 plena

591 4476 877 4530 videatur:
910 4474 1022 4526 sive
1052 4483 1107 4525 ut
1136 4472 1210 4525 ait
1252 4471 1477 4535 Plinius,
1524 4475 1674 4526 modo
1711 4483 1920 4527 curvata
1971 4474 2026 4527 in
2075 4488 2181 4526 cor-

591 4563 725 4611 nua,
780 4544 931 4597 modo
961 4559 1107 4613 a'qua
1132 4543 1361 4610 portione
1389 4544 1575 4609 divisa,
1606 4543 1758 4598 modo
1787 4545 1989 4598 sinuata
2017 4546 2069 4597 in
2098 4561 2181 4597 or-

591 4606 723 4683 bem,
775 4606 1037 4669 maculosa
1077 4606 1351 4682 eademque
1387 4606 1569 4667 subito
1611 4616 1882 4684 praenitens
1930 4618 2176 4669 immensa
2206 4606 2262 4674 Β

590 4688 709 4741 orbe
739 4688 890 4757 pleno
918 4702 979 4739 ac
1007 4694 1212 4751 repente
1232 4685 1397 4739 nulla.
1427 4684 1572 4755 Virg.
1607 4701 1661 4739 ιιι
1688 4683 1841 4752 Em,
1874 4698 1923 4739 v.
1958 4687 2062 4742 645
2087 4705 2099 4739 :

712 4777 879 4826 Tertia
895 4778 993 4838 jam
1018 4774 1147 4825 lunae
1166 4787 1222 4824 se
1250 4787 1430 4825 cornua
1455 4775 1640 4825 lumine
1663 4776 1926 4839 complent.

589 4860 793 4918 Verum
815 4859 957 4931 quod
987 4874 1181 4931 corpus
1204 4858 1334 4913 illud
1357 4874 1578 4931 opacum
1604 4860 1781 4915 lumen
1812 4861 1893 4916 sic
1916 4863 2177 4928 remittat,

589 4932 692 4988 hoc
739 4943 791 4986 ut
819 4929 941 5000 pote
970 4929 1217 4985 effectum
1253 4930 1511 5002 generale
1547 4932 1657 4985 Deo
1700 4943 1951 5002 tanquam
2000 4948 2178 4988 causae

593 5002 832 5073 generali
863 5012 1141 5073 acceptum
1181 5000 1370 5073 referri
1402 5000 1588 5073 debet.

668 5075 722 5129 7.
749 5071 852 5125 Ille
882 5072 1109 5124 homines
1137 5072 1283 5124 terris
1303 5143 1308 5144 ν
1330 5071 1519 5144 ἀπίει]
1539 5073 1603 5127 ll.
1641 5072 1932 5142 Speciatim
1966 5074 2177 5131 homoa

589 5145 703 5199 Deo
727 5151 976 5209 tanquam
1000 5156 1031 5213 a
1061 5152 1210 5209 patre
1235 5143 1427 5206 oritur,
1474 5143 1702 5211 primum
1733 5144 1946 5213 quidem
1971 5147 2180 5202 ratione

587 5214 854 5279 corporis,
888 5210 1029 5279 quod
1059 5226 1127 5266 ex
1165 5220 1306 5266 terra
1350 5210 1635 5269 formatum
1684 5215 1735 5269 in
1752 5210 1926 5269 'terris
1956 5218 2183 5272 colloca»

586 5286 665 5339 vit
696 5285 835 5339 Deus
866 5280 1121 5354 (Genes.t
1152 5298 1167 5335 :
1199 5280 1465 5338 Formavit
1491 5285 1738 5341 Dominus
1761 5285 1901 5339 Deus
1924 5287 2178 5342 hominem

585 5358 648 5411 de
677 5357 797 5409 limo
826 5352 1021 5423 terra),
1073 5367 1178 5406 non
1222 5368 1377 5409 secus
1404 5370 1468 5423 ac
1495 5358 1673 5412 sidera
1700 5373 1765 5412 ex
1793 5360 1930 5414 caelo
1952 5359 2173 5413 formata

584 5430 640 5483 in
672 5428 810 5482 cmlo
835 5421 1009 5495 posuit
1036 5441 1050 5476 :
1082 5424 1322 5480 Genes.t
1353 5421 1631 5496 :Fecitque
1655 5428 1791 5482 Deus
1815 5433 1919 5483 duo
1951 5432 2176 5484 luminar-

586 5500 666 5552 ria
691 5513 900 5565 magna,
924 5496 1175 5550 luminare
1203 5498 1390 5569 majus,
1422 5510 1478 5551 ut
1511 5511 1743 5569 praesset
1778 5502 1877 5555 diei
1898 5543 1915 5567 ,
1948 5515 1995 5555 et
2025 5502 2179 5556 lums'.

586 5585 708 5623 nare
734 5570 927 5641 minus,
954 5576 1009 5620 ut
1057 5582 1295 5641 praesset
1325 5570 1481 5631 nocti,
1533 5585 1579 5623 et
1629 5571 1827 5627 stellas.
1875 5573 2009 5626 Hine
2040 5573 2177 5641 psal.

587 5652 713 5713 cxtu
744 5657 757 5691 :
793 5637 1125 5713 Caelumcugli
1174 5639 1417 5713 Doiizino,
1465 5647 1651 5693 terram
1682 5651 1851 5696 autem
1892 5637 2181 5713 dedit/iliis

587 5708 872 5763 hominum.
896 5710 1033 5776 Quin
1064 5709 1179 5778 ipse
1209 5709 1502 5776 Tullius,.tt
1534 5714 1601 5765 de
1631 5713 1748 5765 Nat.
1781 5714 2027 5778 deorum,
2057 5708 2179 5769 Ho-

588 5783 771 5851 mines,
800 5781 993 5850 inquit,
1036 5779 1191 5834 humo
1233 5780 1440 5836 excitati
1467 5783 1617 5851 quasi
1646 5787 1865 5841 cultores
1887 5795 2035 5840 terra
2065 5803 2182 5841 con-

590 5850 758 5909 stituti
798 5857 919 5905 sunt
1480 5850 1483 5851 ⁷
2165 5866 2172 5878 ·

2283 1912 2392 1994 Deo
2416 1926 2664 1981 tanquam
2694 1930 2724 1968 a
2752 1922 2925 1997 patre.
2948 1918 3133 1997 oritur
3171 1912 3332 1997 etiam
3390 1920 3600 1997 ratione
3637 1912 3873 1997 mentis,

2277 1984 2475 2056 quippe
2493 2000 2633 2053 quae,
2672 2000 2793 2039 cum
2836 1986 2997 2056 hujus
3026 1989 3168 2043 nulla
3205 1990 3297 2051 sit,
3349 1991 3451 2045 nisi
3480 1993 3716 2048 exterior
3744 1984 3872 2054 can-3

2279 2070 2335 2109 sa
2358 2100 2371 2123 ,
2397 2055 2603 2125 judicio
2629 2056 3066 2125 philosomiorum
3099 2070 3299 2114 creatur
3325 2077 3345 2115 :
3371 2062 3538 2117 solius
3560 2075 3739 2121 autem
3776 2071 3871 2126 Dei

2280 2135 2365 2180 est
2390 2142 2565 2181 creare
2592 2144 2611 2182 :
2642 2129 2767 2183 hinc
2803 2127 3146 2198 Philosophia
3180 2146 3321 2187 nunc
3349 2132 3478 2186 dicit
3506 2137 3704 2190 animos
3739 2140 3873 2200 celsa

2276 2200 2395 2276 sede
2415 2201 2614 2276 petitos.
2648 2200 3218 2276 Nequeverocorpus
3256 2214 3310 2256 et
3358 2220 3510 2258 mens
3564 2207 3792 2265 humana
3842 2231 3872 2270 a

2280 2270 2391 2350 Deo
2420 2270 2597 2350 solum
2623 2270 2894 2350 creantur,
2919 2273 3015 2326 sed
3040 2288 3069 2325 a
3118 2273 3229 2327 Deo
3252 2276 3414 2350 veluti
3462 2291 3675 2350 acansa
3705 2297 3872 2350 gene-

2276 2341 2374 2414 rali
2404 2342 3058 2414 mutuoicoujunguntur:
3107 2348 3371 2414 quaerenti
3421 2348 3565 2401 enim
3595 2341 3871 2412 curiuens

2278 2412 2512 2466 humana
2536 2412 2839 2493 aliquando
2876 2424 2931 2469 et
2953 2412 3267 2493 aliquandiu
3322 2432 3442 2493 cum
3494 2433 3721 2493 corpore
3770 2427 3871 2482 hu.

2278 2498 2439 2537 manu
2461 2487 2840 2564 conj-ungatur,
2876 2488 3021 2564 nulla
3047 2487 3152 2564 alia
3187 2490 3453 2564 generalis
3486 2487 3664 2546 afferri
3698 2508 3871 2564 potest

2277 2570 2461 2637 causa,
2494 2557 2600 2637 nisi
2625 2557 2871 2637 voluntas
2895 2557 3010 2623 Dei,
3033 2558 3324 2637 quiomnia
3342 2576 3659 2637 quiscunque
3686 2557 3867 2637 uoluit,

2278 2626 2398 2707 fecit
2422 2626 2699 2708 inraloet
2729 2629 2782 2681 in
2811 2636 2987 2708 terra,
3018 2630 3333 2708 psal._c‘xm.
3354 2626 3505 2708 :Hinc
3531 2626 3691 2708 Deus,
3719 2626 3868 2708 judi;

2275 2699 2361 2777 cio
2384 2697 2758 2777 philosophias,
2802 2698 2988 2777 clausit
3011 2702 3243 2777 membris
3288 2703 3502 2758 animos.
3535 2697 3867 2777 Lactantius,

2277 2768 2314 2822 l.
2349 2770 2504 2848 iDiv.
2538 2770 2742 2848 lustit...
2771 2785 2889 2848 cap.
2923 2771 2985 2848 2|
3007 2788 3038 2848 _:
3084 2770 3458 2848 Corpusculum
3509 2776 3625 2839 hoc,
3662 2768 3866 2848 inquit,

2273 2856 2373 2963 zuo
2394 2840 2560 2893 induti
2587 2856 2805 2924 sumust
2823 2841 3043 2895 hominis
3065 2840 3445 2911 receptaculum
3469 2859 3560 2901 est.
3604 2840 3746 2906 Nam
3764 2840 3871 2919 ipse

2314 2925 2427 2962 omo
2462 2928 2622 2963 neque
2662 2922 2805 2963 tamn
2850 2954 2865 2963 .
2897 2930 3058 2963 neque
3092 2916 3273 2963 amici-
3318 2934 3475 2963 ηέιιηρ
3512 2928 3869 2963 εηηιητριιρηάε

2314 2925 2427 2962 omo
2462 2914 2805 2987 neq_ue_tang_i
2850 2954 2865 2977 ,
2897 2930 3058 2987 neque
3092 2916 3274 2985 aspici,
3318 2934 3475 2987 neque
3512 2914 3869 2986 comprehendi

2273 2991 2455 3053 potest,
2480 2984 2597 3051 quia
2629 2985 2747 3037 latet
2773 2985 2914 3037 intra
2939 2986 3034 3039 hoc
3062 2987 3196 3053 quod
3221 2984 3439 3042 videtur.
3470 2984 3748 3048 Claudian.
3779 3001 3814 3048 l.
3848 3013 3867 3053 ι

2276 3054 2344 3125 de
2403 3053 2574 3120 Raplu
2628 3053 2906 3125 Proserp.,
2947 3071 2997 3109 v.
3049 3055 3141 3124 55,
3204 3060 3407 3115 inducit
3462 3058 3738 3118 Lachesin:
3787 3067 3866 3124 sic

2272 3124 2587 3196 loquentem
2621 3142 2634 3177 :

2992 3284 3033 3335 Ο
3057 3288 3272 3339 maxime
3296 3290 3448 3339 noctis

2373 3346 2594 3411 arbiter,
2621 3347 3005 3411 umbrarumque
3029 3357 3225 3411 potens,
3248 3353 3327 3401 cui
3353 3361 3510 3402 nostra
3535 3353 3755 3409 laborant

2373 3408 2616 3480 §taminaj
2640 3410 2723 3471 qui
2746 3409 2889 3480 linem
2914 3408 3103 3480 cunctis
3129 3418 3183 3460 et
3204 3408 3393 3462 semina
3415 3417 3628 3480 praebes,

2374 3470 2878 3541 gascendiquevices
2902 3470 3089 3541 alterna
3122 3484 3278 3522 morte
3300 3470 3558 3541 rependis;

2372 3532 2464 3606 Qui
2487 3533 2631 3606 vitam
2650 3532 2942 3606 lethumqne
2970 3536 3105 3606 regis
3133 3550 3144 3583 :
3166 3550 3275 3606 nam
3292 3532 3531 3601 quidquid
3547 3532 3707 3606 'ubiqu

2373 3594 2547 3663 gignit
2570 3596 2826 3663 materies,
2856 3594 2945 3644 hoc
2969 3604 3025 3663 te
3036 3594 3256 3647 donante
3280 3594 3498 3663 creator,

2373 3655 2703 3724 De’neturque
2725 3658 2833 3718 tibi,
2858 3661 3424 3724 certisqueamhagihus
3446 3655 3539 3713 δέ’νί

2372 3717 2561 3768 Rursus
2580 3732 2847 3781 corporeos
2869 3717 3045 3770 animae
3069 3717 3333 3773 mittuntur
3356 3728 3402 3774 in
3424 3733 3574 3777 artus.

2353 3870 2441 3924 11.
2503 3868 2752 3951 Mortales
2798 3878 3006 3951 cunctos
3044 3871 3153 3951 edit
3192 3872 3359 3927 nobile
3402 3877 3651 3951 gemam]
3716 3879 3866 3946 Quod

2281 3956 2501 4012 germen
2526 3942 2597 3995 sit
2617 3952 2671 4012 et
2700 3942 2988 4005 prteenntis
3009 3942 3279 4005 elfectuin,
3309 3953 3365 3998 et
3395 3942 3676 4003 subeuntis
3704 3942 3862 4011 causa

2282 4011 2546 4088 corporis,
2588 4011 2786 4088 idcirco
2814 4013 2973 4088 video
3018 4014 3287 4088 duplicem
3326 4029 3447 4088 esse
3495 4017 3652 4088 hujus
3686 4032 3867 4078 textus

2282 4083 2802 4163 interpretationem.
2841 4084 3021 4163 _Prima
3053 4093 3136 4163 est
3161 4084 3436 4163 Theodori
3464 4083 3721 4146 Sitimani
3741 4136 3754 4153 .
3776 4096 3865 4163 qui

2281 4156 2570 4209 arbitratus
2592 4168 2811 4223 germen
2841 4152 2940 4208 hoc
2960 4155 3267 4223 signiﬁcare
3288 4158 3549 4223 sobolem,
3586 4164 3660 4216 ait
3690 4152 3868 4221 nobile

2280 4240 2501 4299 germen
2527 4240 2647 4279 esse
2683 4226 3097 4299 appositionein,
3139 4237 3200 4281 ut
3235 4227 3568 4299 signiﬁcetur
3600 4234 3755 4299 Deus,
3800 4238 3867 4292 de

2283 4312 2391 4365 quo
2419 4297 2473 4368 in
2518 4296 3150 4368 superioribusversibus
3205 4296 3399 4368 agitur,
3446 4303 3608 4357 edere
3661 4296 3868 4362 cunctos

2282 4366 2553 4447 mortales,
2572 4368 2660 4435 qui
2708 4367 2963 4447 mortales
2990 4366 3313 4447 sunt_nobile
3341 4386 3569 4441 germen,
3602 4379 3742 4446 quod
3773 4394 3869 4447 ρο..

2285 4448 2390 4518 test
2418 4438 2725 4518 conﬁrmari
2777 4451 2844 4491 ex
2884 4452 2957 4518 eo_
3003 4439 3145 4517 quod
3176 4438 3380 4518 germen
3418 4438 3568 4511 quasi
3610 4438 3863 4518 penim'en,

2284 4510 2493 4587 dicatur
2516 4510 2569 4563 id
2588 4508 2728 4578 quod
2744 4524 2809 4562 ex
2826 4508 3030 4587 semine
3049 4516 3145 4587 gen
3167 4508 3272 4587 iur.
3306 4508 3483 4569 Altera
3507 4527 3589 4569 est
3610 4508 3858 4587 aliorum,

2286 4583 2375 4652 qui
2404 4590 2648 4647 putantes
2692 4594 2912 4656 germen
2955 4581 3371 4653 hicsignilicare
3426 4587 3740 4656 principium
3776 4581 3863 4645 di;

2284 4662 2417 4707 cunt
2444 4666 2564 4705 esse
2614 4653 2896 4721 syntacim,
2931 4668 3090 4722 quam
3127 4656 3460 4722 grammatici
3498 4653 3679 4714 dicunt
3708 4664 3866 4716 nomi-

2284 4725 2441 4798 nativi
2470 4732 2516 4775 et
2560 4724 2714 4798 uerbi,
2745 4732 2802 4777 ut
2845 4724 3176 4798 signiﬁcetur
3218 4727 3413 4798 nobilis
3458 4729 3609 4798 origo
3665 4746 3866 4787 morta-

2285 4796 2413 4850 lium
2443 4811 2457 4848 :
2485 4794 2625 4874 quod
2656 4804 2830 4875 potest
2854 4796 3159 4875 c_«_mlirmari
3190 4796 3358 4875 etiam
3382 4812 3447 4875 ei:
3476 4794 3718 4872 eo'quod
3760 4820 3868 4875 ger,

2283 4866 2568 4943 menquasi
2593 4866 2816 4943 gerimen
2856 4864 3069 4943 dicatur
3100 4866 3241 4935 quod
3277 4867 3519 4943 sobolem
3561 4864 3703 4943 gerit
3732 4864 3867 4930 (sed

2284 4936 2541 5015 quidquid
2571 4944 2640 4990 sit
2675 4937 2990 5015 deutraqne
3031 4936 3130 5015 hac
3156 4938 3397 5015 nominis
3419 4936 3589 5015 hujus
3604 4944 3867 5015 interpre-

2285 5012 2509 5075 tatione,
2557 5008 2823 5076 posterior
2850 5008 3117 5063 sententia
3166 5009 3319 5063 nobis
3349 5008 3559 5067 videtur
3588 5008 3786 5071 rectius
3814 5026 3867 5072 et

2282 5078 2532 5134 concludi
2562 5094 2626 5134 ex
2647 5077 2910 5150 dictis,4et
2950 5083 3106 5150 statui
3134 5094 3255 5150 Apro
3284 5082 3547 5150 principio
3585 5091 3765 5141 statim
3794 5088 3867 5142 di-

2282 5094 2532 5134 conctuai
2562 5094 2626 5134 ex
2653 5094 2831 5144 uicus,
2857 5094 2910 5132 et
2950 5094 3106 5133 statui
3196 5095 3255 5134 ro
3284 5095 3547 5150 principio
3585 5094 3765 5141 statim
3794 5094 3866 5142 di-

2282 5152 2598 5205 cendorum.
2632 5147 2795 5231 Quasi
2823 5148 3019 5204 dixerit
3049 5094 3394 5231 Philgs0phia
3426 5169 3439 5206 :
3464 5155 3599 5209 Cum
3624 5158 3866 5214 homines

2282 5234 2470 5275 omnes
2496 5235 2618 5276 cum
2665 5221 2873 5293 ratione
2902 5221 3143 5289 corporis
3172 5224 3499 5293 mentisque,
3542 5234 3653 5280 tuin
3706 5231 3865 5284 etiam

2281 5293 2487 5346 ratione
2524 5301 2720 5344 mutuae
2763 5291 2949 5346 harum
2994 5293 3222 5361 partium
3253 5291 3652 5362 coniunctionis
3694 5314 3725 5353 a
3756 5300 3866 5354 Deo

2280 5364 2842 5437 oriantur,_propterea
2868 5362 3109 5437 homines
3137 5379 3325 5419 omnes
3350 5380 3379 5419 a
3413 5367 3747 5424 nobilissimo
3780 5386 3866 5437 pa~

2280 5444 2432 5488 rente
2472 5433 2718 5487 oriuntur
2740 5452 2764 5510 _:
2796 5448 2962 5504 quare
3014 5433 3175 5510 iidem
3229 5438 3493 5510 homines,
3545 5433 3865 5510 contemptis

2286 5520 2468 5575 genere
2494 5512 2549 5557 et
2574 5505 2776 5572 proavis
2817 5505 3179 5573 terrestribus,
3232 5507 3552 5563 nobilissimi
3585 5522 3730 5575 sunt,
3764 5505 3865 5572 nisi

2286 5576 2420 5652 uitiis
2439 5575 2705 5652 proprium
2756 5576 2990 5652 deserant
3038 5590 3226 5631 ortum.
3286 5577 3437 5652 Falsa
3488 5596 3619 5652 ergo
3658 5597 3865 5639 assum.

2289 5649 2473 5717 ptione
2513 5647 2788 5712 falluntur,
2820 5648 2910 5719 qui
2946 5662 3102 5715 quam
3154 5653 3347 5704 summi
3393 5650 3514 5707 boni
3555 5647 3864 5713 naturaliter

2290 5728 2491 5773 norunt
2518 5719 3283 5796 app_etuiitqu‘e,__nobil_itatem,
3314 5722 3448 5796 hanc
3471 5724 3522 5777 in
3550 5726 3669 5780 sola
3700 5726 3863 5796 majo-

2292 5806 2410 5874 rum
2441 5792 2743 5874 mortalium
2778 5789 3034 5870 nobilium
3053 5792 3193 5846 serie
3217 5792 3422 5849 versari
3444 5804 3665 5869 putant;
3690 5789 3859 5874 super.

2294 5872 2417 5918 sunt
2446 5862 2744 5939 voluptates
2773 5862 3033 5937 corporis.
