4290 6258
387 383 488 438 749

899 495 1321 571 ΞοθίΡΒΟΞΔ
1365 493 1471 548 vu.

388 594 779 650 ABGUIIBNTUI.
800 618 870 631 —
906 589 1197 659 Voluptates
1241 585 1497 655 corporis,
1522 581 1971 659 inqui_t_1_’ltitoso-

456 664 607 734 phia,
640 663 778 734 quod
802 662 1011 734 e/fijctus
1032 654 1256 734 Altabeant
1286 654 1627 724 paznt'tendos,
1655 654 1847 709 idcirco
1885 671 1971 707 ra-

460 732 853 789 tionem‘summi
879 733 997 787 boni
1019 732 1203 785 habere
1226 745 1326 782 non
1355 735 1586 796 possunt.

462 832 478 863 ¹
510 828 649 899 Quid
697 838 873 885 autem
932 829 1001 884 de
1051 824 1293 897 corporis
1354 823 1718 893 voluptatibus
1765 822 1972 889 loquar,

390 925 410 955 ’
439 938 663 994 quarum
696 930 720 958 ι
744 921 1048 991 appetentia
1078 918 1293 989 quidem
1324 919 1477 988 plena
1509 924 1591 971 est
1615 914 1645 953 δ
1668 913 1972 979 anxietatis,

393 1024 415 1051 ο
448 1012 668 1067 satietas
697 1026 824 1065 vero
863 1008 1225 1081 poenitentiae?
1264 1009 1503 1077 Quantos
1533 1008 1637 1062 illae
1677 1000 1705 1042 ἀ
1735 1003 1973 1069 morbos,

388 1122 548 1177 quam
575 1105 942 1162 intolerabiles
963 1106 1203 1171 dolores,
1232 1102 1383 1175 quasi
1414 1100 1701 1173 quemdam
1745 1100 1977 1153 fructum

388 1202 642 1272 nequitia:
687 1201 972 1257 fruentium
1001 1202 1177 1255 solent
1208 1198 1411 1254 referre
1456 1195 1803 1264 corporibus!
1847 1207 1979 1263 qua-

388 1309 505 1347 rum
556 1300 734 1348 motus
782 1292 861 1364 (5)
920 1290 1045 1362 quid
1093 1291 1287 1345 habeat
1326 1287 1709 1358 jucunditatis,
1764 1285 1974 1355 ignoro.

388 1383 588 1439 Tristes
620 1398 748 1439 vero
776 1398 897 1439 esse
924 1384 1254 1450 voluptatum
1300 1382 1505 1444 exitus,
1535 1378 1776 1448 quisquis
1812 1377 1976 1431 remi-

390 1477 522 1532 nisci
568 1477 849 1531 libidinum
882 1492 1099 1531 suarum
1136 1476 1307 1539 volet,
1340 1474 1623 1543 intelliget.
1657 1471 1818 1542 210
1847 1471 1977 1537 Quae

390 1570 432 1625 si
465 1573 648 1625 beatos
678 1580 701 1609 ο
727 1570 1000 1641 explicare
1031 1577 1273 1638 possunt,
1308 1568 1327 1599 ³
1360 1567 1490 1622 nihil
1520 1581 1695 1620 causa:
1739 1574 1821 1619 est
1849 1562 1975 1632 quin

390 1661 623 1732 pecudes
651 1677 863 1732 quoque
892 1662 1064 1716 beata:
1104 1676 1222 1715 esse
1251 1660 1517 1724 dicantur,
1549 1670 1770 1726 quarum
1803 1652 1980 1709 omnis

392 1755 454 1809 ad
499 1754 815 1824 explendam
844 1754 1178 1823 corporalem
1212 1750 1235 1790 τ
1268 1753 1511 1807 lacunam
1559 1748 1773 1803 festinat
1802 1747 1979 1800 inten-

396 1851 482 1905 tio.
514 1850 535 1881 ⁸
559 1850 945 1907 Honestissima
968 1849 1183 1921 quidem
1204 1844 1448 1919 conjugis
1471 1846 1628 1913 foret,
1658 1846 1978 1900 liberorum-

1300 383 1390 439 ne
1427 378 1943 437 CONSOLATIONE
1984 334 2458 435 entLosopnia
2497 378 2714 437 L'tBJll.

1999 494 2051 557 Α
2078 508 2179 562 que
2207 493 2544 561 iucunditas,
2588 492 2683 546 sed
2729 500 2755 538 ε
2804 490 2962 546 nimis
3011 504 3041 545 e
3084 496 3274 545 natura
3318 489 3517 546 dictum
3556 501 3664 561 est,

3549 373 3661 432 750

2080 585 2263 637 nescio
2293 599 2453 652 quem
2502 582 2637 637 ﬁlios
2667 582 2746 652 (5)
2777 582 3041 637 invenisse
3073 590 3303 636 tortores
3333 598 3347 634 :
3378 597 3605 650 quorum
3635 579 3666 620 ιι

2076 688 2233 744 quam
2266 674 2334 729 sit
2363 675 2585 729 mordax
2625 687 2956 743 quaecunque
2996 672 3269 736 conditio,
3312 688 3487 742 neque
3533 674 3667 730 alias

2076 776 2357 836 expertum
2386 777 2457 829 te,
2507 782 2677 835 neque
2708 780 2849 819 nunc
2877 765 3092 819 anxium
3124 779 3347 820 necesse
3370 776 3454 820 est
3484 766 3670 820 admo-

2079 873 2227 912 nere.
2256 858 2311 911 ln
2340 872 2449 926 quo
2480 858 2498 886 ⁵
2530 854 2801 926 Euripidis
2831 852 2847 891 ί
2884 855 2987 909 mei
3012 855 3332 911 sententiam
3364 856 3552 924 probo,
3576 856 3670 928 qui

2078 958 2349 1004 carentem
2382 949 2567 1003 liberis
2596 949 2894 1003 infortunio
2924 948 3061 1003 dixit
3089 964 3211 1005 esse
3240 951 3469 1006 felicem.

2518 1087 2675 1156 211
2717 1083 3006 1139 METRUM
3046 1084 3067 1107 ·
3111 1083 3221 1140 vu.

2080 1196 2461 1268 Aacuujsugruu.
2490 1227 2558 1234 —
2588 1197 2837 1266 Votuptns
2870 1199 3035 1251 omnis
3055 1242 3069 1264 ,
3100 1198 3264 1267 inquit
3294 1196 3629 1268 PhilosOphia
3648 1238 3665 1267 ,

2186 1266 2274 1335 api
2297 1266 2509 1320 similis:
2535 1284 2658 1332 quos
2681 1269 2829 1320 melle
2858 1270 3015 1335 pavit,
3044 1273 3136 1322 llos
3163 1269 3340 1323 aculeo
3363 1266 3560 1341 pungit.

2364 1376 2533 1433 Habet
2571 1378 2745 1432 omnis
2776 1378 2876 1433 hoc
2906 1382 3172 1448 voluptas,

2371 1470 2613 1526 Stimulis
2635 1469 2744 1540 agit
2772 1470 3053 1535 fruenteis,

2366 1561 2670 1631 Apiumque
2700 1577 2794 1630 par
2821 1562 3097 1617 volantum
3115 1602 3132 1627 ,

2377 1654 2474 1710 Ubi
2501 1663 2649 1723 grata
2683 1654 2841 1707 mella
2875 1653 3030 1721 fudit,

2258 1748 2293 1803 ὃ
2381 1748 2563 1818 Fugit,
2595 1755 2649 1802 et
2675 1748 2833 1801 nimis
2861 1746 3039 1803 tenaci

2373 1840 2519 1896 Ferit
2550 1840 2652 1895 icta
2682 1840 2844 1894 corda
2870 1853 3070 1895 morsu.

1750 1996 2331 2053 INTERPBETATIO.

463 2150 487 2176 η
522 2140 797 2211 Αρρειὶιὶο.
1266 2138 1273 2151 ’
2008 2134 2055 2192 Β
2160 2128 2191 2211 bV
2221 2130 2453 2211 Quorum
2482 2128 2759 2184 liberorum
2790 2130 3015 2185 conditio
3049 2140 3269 2203 quantas
3294 2133 3477 2188 excitet
3503 2150 3556 2189 tn
3584 2146 3677 2207 ραι·

463 2202 754 2280 δζΑὶιζιοι-ἰε.
2084 2202 2318 2280 νεῃιιιζιξε⁸
2331 2217 2510 2280 curas.

468 2271 684 2335 (Usus.
2166 2272 2179 2308 ί
2221 2271 2544 2342 PhilosOphi.

460 2348 485 2388 ἀ
518 2352 854 2420 Voluptates.

466 2432 488 2459 θ
522 2422 902 2476 Demonstrare.

464 2492 485 2531 ί
523 2493 885 2564 indigentiam.

460 2572 487 2611 ι
515 2557 848 2633 Expéricntia
876 2578 1045 2617 rerum
1073 2559 1391 2614 naturalium
1421 2561 1571 2613 nimis
1602 2557 1804 2628 probat.

2166 2342 2610 2419 Votum-osamnis
2633 2342 2688 2396 id
2718 2343 2927 2419 obtinet,
2954 2342 3096 2419 quod
3125 2345 3309 2419 pungit
3341 2346 3532 2419 aculeis
3560 2362 3679 2419 eos,

2088 2414 2175 2483 qui
2204 2412 2323 2465 huic
2345 2412 2641 2483 indulgent,
2673 2423 2718 2467 et
2754 2413 2935 2466 similis
2964 2412 3143 2484 apibus
3181 2414 3511 2481 abeuntibus,
3540 2412 3679 2483 post."

2084 2500 2237 2551 quant
2275 2484 2440 2537 emisit
2470 2485 2626 2538 mella
2654 2485 2909 2552 iucunda,
2950 2485 3148 2552 evolat,
3181 2493 3230 2539 et
3256 2487 3405 2541 dente
3429 2487 3679 2547 tenaciort

2085 2554 2277 2609 lacerat
2304 2565 2530 2625 pectora,
2558 2572 2675 2626 qua:
2703 2556 2887 2626 tetigit.

1914 2690 2145 2748 ΝΟΤᾸΞ.

465 2817 482 2847 ¹
518 2814 655 2880 Quid
680 2816 744 2869 de
767 2815 992 2885 corporis
1019 2812 1410 2885 voluptatibus]
1444 2812 1807 2885 Voluptas_est
1831 2807 1980 2874 cogi-

394 2888 544 2951 tatio,
572 2886 723 2954 cujus
746 2880 900 2939 mens
940 2891 1183 2949 conseia,
1224 2880 1557 2952 jucunditate
1585 2880 1816 2954 quadam
1854 2896 1978 2949 per-

393 2951 669 3012 funditur}
706 2954 771 3009 In
798 2972 855 3009 eo
886 2956 1053 3019 enim,
1101 2951 1272 3024 inquit
1308 2956 1514 3008 Tullius
1537 2969 1573 3006 tt
1605 2954 1670 3006 de
1712 2951 1853 3013 Fin.,
1892 2967 1985 3004 vo-.

394 3029 561 3100 luptas
598 3028 827 3083 omnium
856 3026 1036 3080 Latine
1065 3025 1381 3100 loquentium
1421 3041 1559 3078 more
1602 3024 1827 3100 ponitur,
1848 3039 1981 3100 cum

394 3096 669 3171 percipitur
697 3116 775 3163 ea,
805 3116 921 3169 qua:
944 3114 1147 3152 sensum
1168 3097 1391 3171 aliquem
1417 3105 1632 3171 moveat,
1653 3096 1979 3171 jucumlitas.

396 3166 567 3239 Quare
594 3171 736 3240 quod
765 3166 916 3225 mens
943 3181 1123 3224 nostra
1153 3179 1207 3223 et
1231 3168 1480 3223 effectum
1530 3167 1623 3240 Dei
1641 3207 1667 3240 ,Α
1706 3170 1761 3220 et
1809 3166 1979 3240 forma

395 3236 559 3296 uestri
583 3236 845 3311 corporis.
868 3241 1158 3309 jucundam
1183 3238 1787 3311 cogitationeni_babere
1810 3236 1980 3303 possit

395 3309 695 3381 dupliciter;
746 3314 973 3380 primum
1021 3312 1234 3379 quidem
1285 3310 1353 3363 ab
1398 3312 1515 3381 ipso
1560 3309 1690 3370 Deo,
1736 3322 1763 3359 a
1794 3322 1899 3374 quo
1926 3316 1980 3360 et

396 3380 611 3455 prapter
658 3399 816 3453 quem
868 3382 1078 3437 condita
1112 3391 1225 3446 est;
1277 3380 1470 3455 deinde
1501 3396 1546 3455 a-
1574 3393 1821 3455 corpore,
1854 3392 1977 3431 cum

396 3449 509 3524 qno'
528 3449 891 3525 coniungitur,
924 3466 1208 3525 propterea
1236 3449 1746 3525 voluptasiduplicis
1777 3458 1857 3502 est
1886 3462 1981 3515 ge-

396 3520 562 3580 neris.
598 3526 713 3581 Una
733 3520 939 3586 animi;
958 3520 1155 3591 de'qua
1188 3522 1273 3577 hic
1300 3540 1405 3576 non
1431 3524 1633 3591 agitur;
1663 3520 1828 3573 altera
1859 3534 1983 3591 cor-

396 3596 568 3664 poris,
603 3598 653 3650 in
685 3613 785 3664 qua
820 3590 1081 3650 rationem
1111 3595 1305 3647 summi
1359 3590 1485 3647 boni
1530 3608 1633 3645 non
1655 3591 1865 3664 versari
1902 3590 1981 3647 sic

397 3660 733 3736 Philosophia
763 3667 975 3721 videtur
1008 3666 1255 3733 probare.
1295 3664 1423 3736 liter:
1454 3662 1696 3736 corporis
1735 3660 1980 3729 voluptas

395 3739 475 3791 vel
501 3732 626 3808 lege
645 3737 976 3808 prohibetur,
1009 3732 1091 3790 vel
1124 3750 1251 3789 non.
1284 3734 1337 3808 Si
1366 3737 1499 3808 lege
1526 3732 1893 3802 prohibeatur.
1924 3741 1982 3808 et

397 3805 676 3863 desideriis
703 3808 1165 3870 antecedentibus,
1199 3816 1253 3861 et
1293 3806 1567 3858 doloribus
1597 3805 1979 3870 c0nseqnenti-

397 3876 494 3933 bus
521 3880 591 3933 ita
622 3878 1084 3943 circumfunditur,
1119 3889 1172 3928 ut
1201 3878 1319 3946 plus
1355 3877 1521 3931 amari
1577 3890 1732 3944 quam
1758 3872 1979 3946 jucundi

396 3950 681 4003 admistum
735 3950 948 4004 habeat.
993 3949 1047 4003 Si
1092 3945 1220 4003 vero
1264 3949 1380 4018 lege
1425 3950 1788 4018 permittatur,
1819 3945 1981 4018 hujus

396 4019 600 4075 fructus
634 4021 786 4074 liberi
819 4020 1127 4090 parentibus
1165 4016 1480 4086 stepe‘adeo
1506 4016 1855 4090 Suntinfensi
1877 4058 1892 4080 ,
1923 4025 1983 4072 ut

397 4106 583 4146 carens
630 4088 833 4146 liberis'
868 4106 966 4145 suo
1022 4090 1263 4144 videatur
1310 4092 1597 4143 infortunio
1640 4088 1762 4143 felix
1802 4105 1815 4139 :
1859 4102 1982 4156 qua:

397 4164 570 4216 omnia
603 4178 841 4216 seorsum
874 4176 1013 4215 nunc
1036 4170 1393 4231 exponentur.

465 4234 485 4263 ³
521 4234 751 4299 Quarum
775 4228 1118 4302 appetentia.]’
1140 4231 1178 4284 l.
1210 4232 1394 4300 Agitur
1423 4230 1491 4284 de
1516 4229 1702 4302 illicita
1730 4228 1982 4302 corporis

398 4297 685 4371 voluptate,
714 4297 861 4368 cujus
887 4303 1076 4356 futura:
1091 4297 1396 4370 concipitur
1415 4301 1747 4368 appetentia:
1778 4297 1984 4368 Duplex

398 4375 550 4433 enim,
572 4374 741 4441 inquit
760 4374 966 4428 Tullius
985 4389 999 4425 I
1023 4372 1201 4437 (Νῆα,
1225 4382 1297 4426 est
1318 4372 1602 4425 animorum
1628 4372 1701 4441 vis
1723 4379 1873 4441 atque
1890 4385 1982 4421 na.

397 4456 532 4498 tura.
551 4438 663 4500 Una
677 4462 792 4513 pars
811 4446 865 4498 in
885 4445 1111 4514 appetitu
1127 4445 1291 4509 posita
1309 4454 1530 4516 est,_quaz_
1544 4451 1617 4516 est
1630 4440 1759 4516 ὁρμή
1781 4438 1979 4516 Graece,

396 4531 508 4585 quia
544 4511 796 4570 hominem
827 4511 929 4568 huc
956 4511 1109 4583 atque
1144 4516 1269 4568 illuc
1303 4514 1458 4576 rapit.
1497 4511 1672 4585 Alterd
1694 4511 1982 4585 inratione

396 4581 510 4653 qua!
548 4588 692 4641 docet
731 4598 777 4641 et
812 4581 1055 4651 explanat
1082 4586 1204 4653 quid
1234 4584 1519 4653 faciendum
1560 4581 1979 4653 fugiendumque.

396 4650 489 4711 illa
516 4667 693 4712 autem
720 4658 1009 4723 voluptatis
1035 4650 1242 4709 illicitae
1261 4650 1699 4720 appetentia'plus
1724 4652 1846 4703 mali
1878 4650 1975 4703 ad-
2012 4662 2061 4723 υ

395 4730 613 4783 mistum
648 4728 805 4781 habet
831 4743 988 4796 quam
1021 4727 1147 4781 boni
1175 4744 1186 4777 :
1222 4739 1470 4793 quoniam
1508 4724 1658 4791 plena
1689 4730 1761 4774 est
1799 4724 1982 4796 ιιηιζὲετ

395 4800 549 4863 tatis,
595 4799 738 4852 illius
779 4792 1031 4852 nimirum
1079 4792 1451 4865 cogitationis,
1486 4808 1585 4858 qua
1633 4806 1783 4847 mens
1814 4792 1981 4865 veluti

396 4884 705 4937 compressa
737 4870 949 4936 angitur
973 4888 985 4921 :
1011 4863 1397 4939 sicuti'ejusdem
1423 4866 1631 4919 satietas
1654 4863 1978 4939 paenitentiw.

396 4936 715 4995 Pmnitentia
737 4941 877 4994 enim
903 4955 933 4992 a
957 4936 1248 5009 paenitendo
1268 4938 1428 4999 dicta,
1454 4945 1541 5009 est
1562 4936 1811 5001 cogitatio
1834 4948 1984 5009 men-

399 5014 495 5076 tis,
528 5028 590 5067 ea
617 5028 737 5081 quin
763 5026 860 5066 suo
889 5004 1114 5064 consilio
1150 5019 1205 5063 et
1234 5009 1507 5081 voluntate
1528 5008 1663 5081 facta
1682 5016 1819 5081 sunt
1840 5045 1854 5067 ,
1885 5004 1983 5057 do-

398 5082 558 5135 lentis
586 5100 600 5136 :
634 5077 752 5149 qua:
777 5081 991 5151 quidem
1022 5081 1189 5136 tristis
1218 5079 1466 5151 cogitatio
1495 5077 1765 5151 individua
1788 5083 1870 5128 est
1888 5090 1984 5151 vo-

397 5152 618 5220 luptatis
644 5145 843 5207 illicitae
870 5168 1052 5207 comes
1070 5192 1086 5216 ,
1119 5150 1261 5221 quod
1290 5145 1439 5203 Deus
1467 5157 1592 5221 tum
1613 5146 1878 5221 hominem
1909 5145 1978 5201 de

399 5217 620 5292 peccato
646 5226 934 5279 commisso
960 5217 1192 5275 moneat.
1216 5220 1396 5289 Neque
1427 5234 1556 5292 vero
1580 5219 1630 5271 in
1658 5217 1768 5272 sola
1800 5224 1979 5292 mente

399 5287 686 5348 versantur
712 5294 1006 5364 ptenitendi
1037 5294 1194 5361 hujus
1223 5287 1506 5364 voluptatis
1534 5289 1769 5364 fructus;
1801 5287 1893 5364 sed
1923 5287 1976 5342 in

400 5377 597 5432 corpus
639 5359 798 5421 etiam
846 5359 1266 5419 diffunduntur:
1312 5359 1435 5415 hinc
1480 5359 1679 5423 morbi,
1732 5360 1976 5426 dolores,

400 5446 627 5495 mortes.
657 5445 712 5491 et
729 5446 920 5491 caetera
950 5435 1003 5489 id
1023 5449 1212 5503 genus.

472 5504 496 5537 ⁸
525 5504 673 5560 Nihil
702 5522 871 5560 causa:
898 5518 973 5560 est
997 5500 1117 5574 quin
1147 5503 1403 5575 pecudes.]
1436 5503 1701 5575 Praeterea
1728 5500 1874 5575 beari
1908 5502 1979 5575 ita

400 5575 612 5632 videtur
636 5581 908 5647 proprium
954 5571 1212 5638 hominis,
1242 5586 1299 5629 ut
1326 5571 1483 5647 ueiuo
1512 5582 1659 5643 putet
1688 5571 1974 5647 beatitudio

401 5661 526 5702 nem
554 5644 757 5702 versari
802 5650 856 5702 in
898 5663 964 5701 eo
992 5650 1132 5714 quod
1166 5647 1349 5700 bestiis
1379 5646 1538 5699 etiam
1570 5644 1857 5698 convenire
1887 5657 1980 5708 po-

404 5726 506 5772 test
534 5736 548 5771 :
579 5733 775 5774 vacare
795 5729 970 5772 autem
1003 5718 1068 5773 iis
1097 5718 1236 5771 unde
1261 5718 1559 5783 voluptates
1583 5715 1823 5782 corporis
1851 5726 1977 5767 nas-

401 5799 618 5855 cuntur,
660 5788 857 5845 homini
889 5801 942 5842 et
973 5789 1260 5858 pecudibus
1286 5802 1566 5858 commune.
1596 5794 1709 5845 est,
1742 5784 1980 5858 quando-

402 5859 617 5929 quidem
644 5859 747 5915 huc
766 5875 952 5914 omnes
973 5855 1235 5926 pecudum
1264 5869 1440 5929 motus
1466 5856 1708 5909 videnlur
1736 5855 1976 5929 tendere,

404 5926 467 5986 tit
489 5932 815 5989 satisfaciant
842 5930 1086 5997 corpori;
1114 5930 1254 5997 quod
1286 5927 1483 5983 idcirco
1497 5940 1653 6004 nunc
1680 5926 1977 5995 appellatur

2091 2806 2297 2885 lacuna,
2325 2807 2950 2885 quia,__quemadmodum
2981 2808 3169 2885 lacuna
3194 2823 3387 2885 aquam
3414 2812 3680 2885 continet.

2087 2879 2165 2931 sic
2196 2894 2389 2947 corpus
2422 2878 2561 2931 nihil
2588 2878 2730 2932 aliud
2775 2880 2845 2932 sit
2887 2894 3044 2949 quam
3089 2881 3374 2949 plurimum
3405 2897 3498 2937 vas
3522 2878 3671 2946 δυωιί

2087 2949 2367 3017 quodlibet
2400 2950 2657 3018 liquorem
2677 2950 2980 3004 continens.
3008 2950 3119 3005 Nisi
3146 2950 3297 3006 dicas
3317 2948 3560 3007 lacunam
3589 2955 3674 3015 hia

2086 3034 2207 3075 esse
2236 3021 2599 3089 indigentiam,
2650 3020 2870 3092 utapud
2899 3021 3128 3073 Tullium
3154 3021 3189 3075 4
3218 3022 3272 3075 in
3302 3022 3480 3092 Verr.,
3514 3033 3569 3079 ut
3608 3026 3679 3080 il.

2087 3092 2187 3162 lam
2218 3092 2456 3162 lacunam
2480 3091 2554 3162 rei
2584 3090 2859 3160 familiaris
2889 3092 3167 3162 explerent.

2159 3160 2181 3191 ⁸⁵
2212 3160 2580 3215 llonestissima
2607 3163 2844 3231 conjugis
2865 3205 2878 3226 ,
2912 3160 3043 3232 etc.]
3090 3161 3152 3215 ΙΙ.
3186 3162 3374 3230 Agitur
3420 3164 3486 3219 de
3531 3165 3674 3227 licita

2088 3233 2332 3300 corporis
2352 3232 2645 3299 voluptate,
2672 3232 2921 3285 nimirum
2943 3232 3175 3302 conjugii
3203 3252 3213 3285 :
3248 3233 3362 3288 haec
3382 3246 3559 3291 autem
3584 3240 3674 3291 Ιιος

2086 3304 2369 3379 nestissima
2416 3302 2633 3367 dicitur,
2675 3314 2939 3379 quatenus
2962 3304 3502 3379 _voluntate_divina,
3556 3325 3680 3379 quas

2087 3384 2168 3428 est
2200 3374 2363 3438 prima
2395 3373 3107 3445 morum_regula,_capitur:
3146 3371 3373 3429 Pertinet
3394 3371 3588 3445 quippe
3608 3379 3676 3435 ad

2088 3444 2283 3521 uirtutis
2315 3446 2565 3521 ofﬁcium,
2618 3443 2787 3521 inquit
2833 3443 2890 3498 S.
2923 3448 3057 3513 Aug.
3095 3446 3133 3499 l.
3170 3459 3276 3521 x1x_
3296 3446 3363 3501 de
3397 3443 3675 3521 Civ—{Deh

2085 3530 2204 3583 cap.
2240 3514 2286 3576 1,
2314 3526 2361 3567 et
2392 3519 2550 3567 vivere
2578 3516 2761 3582 pati-ite
2800 3524 2847 3567 et
2872 3526 3096 3589 propter
3141 3517 3363 3581 patriant
3392 3519 3529 3586 ﬁlios
3560 3514 3676 3589 pro;

2085 3600 2282 3649 creare;
2313 3602 2533 3654 quorum
2574 3592 2815 3657 neutrum
2853 3584 2964 3654 ﬁeri
2992 3595 3153 3655 potest
3195 3591 3306 3640 sine
3335 3584 3570 3657 corporis
3587 3608 3675 3646 vo~

2086 3657 2302 3724 luptote.
2350 3658 2438 3710 Illa
2484 3666 2659 3710 tamen
2692 3656 2935 3723 voluptas
2978 3659 3172 3719 sapius
3219 3657 3378 3713 etiam
3426 3656 3676 3719 tristifica

2084 3737 2164 3781 est
2194 3746 2206 3781 :
2239 3728 2669 3799 quandoquidem
2715 3728 2864 3799 liberi
2908 3742 3010 3779 non
3064 3742 3186 3781 raro
3226 3740 3350 3782 sunt
3392 3740 3676 3799 parentum

2085 3808 2333 3859 tortores;
2360 3798 2406 3851 si
2439 3814 2541 3852 non
2565 3797 2736 3867 quoad
2759 3806 2962 3865 spectat
2990 3812 3202 3867 corpus,
3222 3797 3675 3868 quemadmodum

2084 3870 2232 3921 aiunt
2262 3869 2527 3942 (Ellipum
2577 3877 2689 3921 orta
2724 3868 3199 3942 interPhocenses
3229 3870 3493 3926 seditione
3521 3872 3677 3942 igna-

2085 3955 2201 4013 rum
2235 3939 2499 3996 occidisse
2549 3948 2751 4013 patrem
2801 3938 2984 3993 Laium
3029 3939 3408 3997 Thebanorum
3456 3938 3637 4013 regem

2084 4012 2172 4077 qui
2220 4014 2503 4065 tumultum
2549 3985 2843 4064 bonabatur
2884 3992 3207 4078 reprimere;
3257 3985 3675 4082 Saltem-baud“

2085 4092 2320 4136 mentem
2354 4082 2578 4153 attinet,
2627 4090 2889 4153 quatenus
2930 4091 3174 4150 parentes
3207 4094 3423 4153 propter
3468 4084 3675 4144 liberos

2086 4156 2359 4221 perpetuis
2403 4151 2712 4206 cruciantur
2757 4152 2923 4224 curis,
2970 4153 3162 4221 quibus
3208 4151 3319 4207 cett
3355 4155 3674 4224 quibusdam

2084 4225 2306 4276 canibus
2349 4223 2595 4277 videntur
2644 4221 2876 4275 morderi
2917 4238 2931 4275 :
2985 4224 3124 4277 unde
3168 4221 3387 4279 mordaai
3447 4228 3674 4283 conditio

2084 4306 2224 4347 nunc
2253 4295 2570 4361 appellatur.
2600 4292 2731 4346 Hinc
2754 4293 2894 4361 apud
2929 4292 3269 4348 Plutarchum
3297 4314 3311 4350 ε

2205 4381 2419 4433 Tristitia
2445 4398 2508 4433 ex
2530 4391 2643 4433 nato
2663 4389 2860 4446 tempus
2876 4384 2925 4432 in
2948 4395 3093 4433 omne
3117 4388 3256 4446 patri.

2154 4464 2175 4495 ⁸
2204 4466 2471 4540 Euripidis
2492 4467 2590 4521 mei
2613 4467 2911 4540 sententiam
2938 4465 3141 4538 probo.J
3176 4467 3479 4537 Euripides,
3515 4479 3671 4540 poeta

2085 4534 2239 4603 licet,
2272 4536 2372 4589 I'uit
2415 4547 2591 4591 tamen
2624 4534 3008 4606 philosophus.
3044 4534 3180 4593 teste
3210 4534 3418 4606 Tullio,
3451 4534 3670 4596 Λήθη-ι

2087 4621 2230 4674 gora:
2274 4606 2571 4675 discipulus
2610 4626 2623 4660 :
2671 4608 2812 4680 unde
2859 4608 3281 4680 nonimmerito
3326 4610 3673 4680 Philosophia

2088 4693 2229 4749 nunc
2250 4693 2403 4749 suum,
2431 4686 2604 4741 voeat,
2635 4677 2859 4749 ejusque
2886 4678 3072 4744 probat
3093 4682 3408 4733 sententiam
3433 4677 3591 4749 quam
3616 4683 3674 4739 in

2084 4748 2460 4821 Andromacha
2483 4744 2723 4821 exponit,
2750 4744 2956 4821 scilicet
2979 4757 3228 4821 carentem
3257 4751 3426 4821 liberis
3451 4744 3675 4821 infortu-

2088 4820 2170 4899 nio
2200 4834 2306 4870 esse
2336 4818 2535 4899 felicem
2558 4834 2577 4871 :
2605 4819 2725 4899 quia
2742 4859 2761 4898 ,.
2792 4819 2983 4888 inquit,
3032 4818 3229 4873 habere
3274 4820 3474 4876 liberos
3508 4818 3675 4881 dulce

2085 4890 2401 4956 inexpertis,
2434 4891 2669 4957 expertis
2702 4892 2874 4943 triste.

2159 4982 2177 5001 “
2207 4979 2357 5046 Quod
2385 4979 2582 5035 dicitur
2609 4980 3023 5034 Anacreontium.
3067 4981 3162 5036 Est
3186 4996 3403 5038 carmen
3424 4995 3678 5042 constans

2086 5067 2149 5106 ex
2197 5066 2303 5106 uno
2344 5066 2541 5122 genere
2578 5063 2865 5117 versuum,
2898 5066 3127 5122 quorum
3174 5054 3400 5123 quilibet
3432 5056 3677 5113 trimeter

2086 5132 2209 5200 ante
2262 5125 2476 5200 tertium
2529 5124 2716 5200 pedem
2765 5122 3029 5188 iambum,
3076 5122 3246 5200 quem
3282 5128 3522 5197 sequitur
3568 5128 3678 5200 syl-

2086 5193 2205 5319 {abba
2226 5195 2572 5319 tredundans,
2620 5195 2791 5264 primo
2816 5206 3146 5264 anapaestum
3169 5242 3184 5266 ,
3218 5193 3409 5254 deinde
3438 5193 3679 5255 iambum

2103 5280 2152 5319 ta
2193 5282 2221 5319 e
2251 5307 2264 5319 .

2103 5273 2264 5321 labet.

2169 5358 2533 5413 Pulcherrima
2580 5356 2695 5430 haec
2732 5357 3017 5424 allegoria,
3052 5359 3104 5414 in
3131 5376 3235 5430 qua
3265 5362 3674 5418 similitudinem

2088 5428 2254 5483 habes
2271 5444 2404 5502 cum
2431 5428 3184 5502 t_ran_slatione_conjunctam:
3215 5448 3336 5485 nam
3359 5442 3412 5485 et
3434 5434 3677 5502 voluptap

2088 5508 2171 5574 trs
2201 5498 2387 5567 apibus
2416 5498 2619 5574 similes
2650 5498 3019 5574 perhibentur,
3050 5512 3103 5555 et
3133 5517 3294 5556 voces
3321 5504 3509 5571 apibus
3542 5498 3673 5574 pro-

2090 5571 2219 5637 prias
2269 5568 2660 5641 transferuntur
2701 5570 2767 5623 ad
2819 5572 3117 5640 voluptates
3160 5590 3173 5624 :
3222 5568 3675 5641 quemadmodum

2087 5640 2331 5716 Qicerotti
2376 5655 2472 5708 pro
2517 5639 2654 5716 Mur.
2688 5641 2873 5716 _r_najor
2909 5639 3104 5716 dicitur
3157 5639 3478 5697 coriu'tioruut
3520 5661 3676 5716 quam

2092 5710 2274 5778 Euripi
2296 5710 2657 5784 inconstantia.
2688 5711 3003 5781 Voluptates
3025 5753 3039 5778 ,
3076 5714 3324 5783 inquam,
3361 5710 3550 5784 apibus
3591 5716 3676 5772 αῖ-

2086 5782 2514 5856 cunturdsimiles
2546 5781 2599 5835 in
2630 5782 2748 5856 hoc,
2783 5784 2924 5852 quod
2954 5786 3094 5856 sicut
3116 5781 3245 5856 apes
3266 5786 3344 5839 sic
3371 5781 3675 5856 voluptates

2083 5851 2467 5919 jncunditatem
2516 5864 2569 5906 et
2615 5851 2884 5907 trisutiam
2935 5854 3107 5908 eidem
3159 5854 3361 5911 homini
3424 5851 3670 5918 aderant.

2090 5923 2258 5978 Voces
2287 5938 2413 5979 vero
2443 5925 2628 5994 apibus
2661 5926 2907 5995 propriae,
2941 5925 3190 5981 videlicet
3219 5928 3463 5995 stimulis,
3495 5932 3673 5986 volan-
