  <div class='ocr_page' id='page_1' title='image "/cluster/home/n/w/nwhite01/storage/ocr_20150623/63/hvd.32044073498792/385.png"; bbox 0 0 4290 6258; ppageno 0'>
   <div class='ocr_carea' id='block_1_1' title="bbox 589 464 689 517">
    <p class='ocr_par' dir='ltr' id='par_1_1' title="bbox 589 464 689 517">
     <span class='ocr_line' id='line_1_1' title="bbox 589 464 689 517; baseline 0 0"><span class='ocrx_word' id='word_1_1' title='bbox 589 464 689 517; x_wconf 78' lang='grc'><strong>759</strong></span> 
     </span>
    </p>
   </div>
   <div class='ocr_carea' id='block_1_2' title="bbox 726 579 2249 655">
    <p class='ocr_par' dir='ltr' id='par_1_2' title="bbox 726 579 2249 655">
     <span class='ocr_line' id='line_1_2' title="bbox 726 579 2249 655; baseline 0.003 -21"><span class='ocrx_word' id='word_1_2' title='bbox 726 579 973 635; x_wconf 70' lang='grc' dir='ltr'><strong>Μυηαιιιη</strong></span> <span class='ocrx_word' id='word_1_3' title='bbox 1025 592 1201 637; x_wconf 87' lang='lat' dir='ltr'><strong>mente</strong></span> <span class='ocrx_word' id='word_1_4' title='bbox 1257 594 1473 649; x_wconf 86' lang='lat' dir='ltr'><strong>gerens,</strong></span> <span class='ocrx_word' id='word_1_5' title='bbox 1508 582 1772 653; x_wconf 85' lang='lat' dir='ltr'><strong>similique</strong></span> <span class='ocrx_word' id='word_1_6' title='bbox 1803 584 2033 655; x_wconf 84' lang='lat' dir='ltr'><strong>imagine</strong></span> <span class='ocrx_word' id='word_1_7' title='bbox 2064 584 2172 639; x_wconf 82' lang='lat' dir='ltr'><strong>for—</strong></span> <span class='ocrx_word' id='word_1_8' title='bbox 2195 586 2249 648; x_wconf 83' lang='grc' dir='ltr'>Α</span> 
     </span>
    </p>
   </div>
   <div class='ocr_carea' id='block_1_3' title="bbox 1906 677 2099 749">
    <p class='ocr_par' dir='ltr' id='par_1_3' title="bbox 1906 677 2099 749">
     <span class='ocr_line' id='line_1_3' title="bbox 1906 677 2099 749; baseline 0.062 -18"><span class='ocrx_word' id='word_1_9' title='bbox 1906 677 2099 749; x_wconf 59' lang='lat' dir='ltr'><strong>[mansa</strong></span> 
     </span>
    </p>
   </div>
   <div class='ocr_carea' id='block_1_4' title="bbox 726 767 2169 839">
    <p class='ocr_par' dir='ltr' id='par_1_4' title="bbox 726 767 2169 839">
     <span class='ocr_line' id='line_1_4' title="bbox 726 767 2169 839; baseline 0.002 -16"><span class='ocrx_word' id='word_1_10' title='bbox 726 769 882 837; x_wconf 87' lang='lat'><strong>222</strong></span> <span class='ocrx_word' id='word_1_11' title='bbox 925 767 1298 837; x_wconf 79' lang='lat' dir='ltr'><strong>Perfectasque</strong></span> <span class='ocrx_word' id='word_1_12' title='bbox 1326 768 1515 838; x_wconf 87' lang='lat' dir='ltr'><strong>jubens</strong></span> <span class='ocrx_word' id='word_1_13' title='bbox 1543 768 1838 839; x_wconf 79' lang='lat' dir='ltr'><strong>perfectum</strong></span> <span class='ocrx_word' id='word_1_14' title='bbox 1887 770 2169 826; x_wconf 82' lang='lat' dir='ltr'><strong>absolvere</strong></span> 
     </span>
    </p>
   </div>
   <div class='ocr_carea' id='block_1_5' title="bbox 1872 859 2092 933">
    <p class='ocr_par' dir='ltr' id='par_1_5' title="bbox 1872 859 2092 933">
     <span class='ocr_line' id='line_1_5' title="bbox 1872 859 2092 933; baseline 0.005 -20"><span class='ocrx_word' id='word_1_15' title='bbox 1872 859 2092 933; x_wconf 90' lang='lat' dir='ltr'><strong>[partes.</strong></span> 
     </span>
    </p>
   </div>
   <div class='ocr_carea' id='block_1_6' title="bbox 584 950 2053 1025">
    <p class='ocr_par' dir='ltr' id='par_1_6' title="bbox 584 950 2053 1025">
     <span class='ocr_line' id='line_1_6' title="bbox 584 950 2053 1025; baseline 0.006 -24"><span class='ocrx_word' id='word_1_16' title='bbox 584 951 648 1003; x_wconf 78' lang='lat' dir='ltr'><strong>lO</strong></span> <span class='ocrx_word' id='word_1_17' title='bbox 687 950 727 1002; x_wconf 82' lang='grc' dir='ltr'>Τ</span> <span class='ocrx_word' id='word_1_18' title='bbox 734 968 761 1002; x_wconf 92' lang='lat' dir='ltr'><strong>u</strong></span> <span class='ocrx_word' id='word_1_19' title='bbox 790 953 1023 1006; x_wconf 83' lang='lat' dir='ltr'><strong>numeris</strong></span> <span class='ocrx_word' id='word_1_20' title='bbox 1044 953 1307 1008; x_wconf 87' lang='lat' dir='ltr'><strong>elementa</strong></span> <span class='ocrx_word' id='word_1_21' title='bbox 1329 955 1480 1025; x_wconf 81' lang='lat' dir='ltr'><strong>ligas,</strong></span> <span class='ocrx_word' id='word_1_22' title='bbox 1508 955 1777 1025; x_wconf 81' lang='lat' dir='ltr'><strong>utfrigora</strong></span> <span class='ocrx_word' id='word_1_23' title='bbox 1801 955 2053 1023; x_wconf 84' lang='lat' dir='ltr'><strong>ﬂammis,</strong></span> 
     </span>
    </p>
   </div>
   <div class='ocr_carea' id='block_1_7' title="bbox 724 1040 1985 1117">
    <p class='ocr_par' dir='ltr' id='par_1_7' title="bbox 724 1040 1985 1117">
     <span class='ocr_line' id='line_1_7' title="bbox 724 1040 1985 1117; baseline 0.006 -24"><span class='ocrx_word' id='word_1_24' title='bbox 724 1040 883 1097; x_wconf 86' lang='lat' dir='ltr'><strong>Arida</strong></span> <span class='ocrx_word' id='word_1_25' title='bbox 912 1046 1232 1100; x_wconf 90' lang='lat' dir='ltr'><strong>conveniant</strong></span> <span class='ocrx_word' id='word_1_26' title='bbox 1260 1046 1505 1117; x_wconf 86' lang='lat' dir='ltr'><strong>liquidis:</strong></span> <span class='ocrx_word' id='word_1_27' title='bbox 1538 1061 1606 1102; x_wconf 90' lang='lat' dir='ltr'><strong>ne</strong></span> <span class='ocrx_word' id='word_1_28' title='bbox 1635 1047 1817 1116; x_wconf 90' lang='lat' dir='ltr'><strong>purior</strong></span> <span class='ocrx_word' id='word_1_29' title='bbox 1846 1046 1985 1116; x_wconf 91' lang='lat' dir='ltr'><strong>ignis</strong></span> 
     </span>
    </p>
   </div>
   <div class='ocr_carea' id='block_1_8' title="bbox 1816 468 2631 529">
    <p class='ocr_par' dir='ltr' id='par_1_8' title="bbox 1816 468 2631 529">
     <span class='ocr_line' id='line_1_8' title="bbox 1816 468 2631 529; baseline 0 -5"><span class='ocrx_word' id='word_1_30' title='bbox 1816 469 1925 525; x_wconf 81' lang='lat' dir='ltr'><strong>AN.</strong></span> <span class='ocrx_word' id='word_1_31' title='bbox 1965 468 2170 526; x_wconf 80' lang='lat' dir='ltr'><strong>MANL.</strong></span> <span class='ocrx_word' id='word_1_32' title='bbox 2215 470 2365 528; x_wconf 85' lang='lat' dir='ltr'><strong>SEV.</strong></span> <span class='ocrx_word' id='word_1_33' title='bbox 2410 470 2631 529; x_wconf 82' lang='grc' dir='ltr'><strong>ΒΟΕΤΙΙ</strong></span> 
     </span>
    </p>
   </div>
   <div class='ocr_carea' id='block_1_9' title="bbox 3752 470 3855 526">
    <p class='ocr_par' dir='ltr' id='par_1_9' title="bbox 3752 470 3855 526">
     <span class='ocr_line' id='line_1_9' title="bbox 3752 470 3855 526; baseline 0.029 -3"><span class='ocrx_word' id='word_1_34' title='bbox 3752 470 3855 526; x_wconf 75' lang='grc' dir='ltr'><strong>’7ϋο</strong></span> 
     </span>
    </p>
   </div>
   <div class='ocr_carea' id='block_1_10' title="bbox 2417 577 3755 648">
    <p class='ocr_par' dir='ltr' id='par_1_10' title="bbox 2417 577 3755 648">
     <span class='ocr_line' id='line_1_10' title="bbox 2417 577 3755 648; baseline -0.002 -10"><span class='ocrx_word' id='word_1_35' title='bbox 2417 583 2629 647; x_wconf 81' lang='lat' dir='ltr'><strong>Evolet,</strong></span> <span class='ocrx_word' id='word_1_36' title='bbox 2663 589 2753 635; x_wconf 89' lang='lat' dir='ltr'><strong>aut</strong></span> <span class='ocrx_word' id='word_1_37' title='bbox 2782 593 2985 635; x_wconf 87' lang='lat' dir='ltr'><strong>mersas</strong></span> <span class='ocrx_word' id='word_1_38' title='bbox 3008 577 3270 634; x_wconf 84' lang='lat' dir='ltr'><strong>deducam</strong></span> <span class='ocrx_word' id='word_1_39' title='bbox 3296 578 3532 648; x_wconf 86' lang='lat' dir='ltr'><strong>pondera</strong></span> <span class='ocrx_word' id='word_1_40' title='bbox 3565 588 3755 635; x_wconf 87' lang='lat' dir='ltr'><strong>terras.</strong></span> 
     </span>
    </p>
   </div>
   <div class='ocr_carea' id='block_1_11' title="bbox 2421 670 3864 746">
    <p class='ocr_par' dir='ltr' id='par_1_11' title="bbox 2421 670 3864 746">
     <span class='ocr_line' id='line_1_11' title="bbox 2421 670 3864 746; baseline 0.003 -19"><span class='ocrx_word' id='word_1_41' title='bbox 2421 674 2579 746; x_wconf 76' lang='lat'><strong>223</strong></span> <span class='ocrx_word' id='word_1_42' title='bbox 2608 673 2689 728; x_wconf 90' lang='lat' dir='ltr'><strong>Tu</strong></span> <span class='ocrx_word' id='word_1_43' title='bbox 2712 670 2939 744; x_wconf 78' lang='lat' dir='ltr'><strong>triplicis</strong></span> <span class='ocrx_word' id='word_1_44' title='bbox 2968 671 3193 727; x_wconf 90' lang='lat' dir='ltr'><strong>mediam</strong></span> <span class='ocrx_word' id='word_1_45' title='bbox 3207 680 3408 728; x_wconf 69' lang='lat' dir='ltr'><strong>natura:</strong></span> <span class='ocrx_word' id='word_1_46' title='bbox 3428 681 3619 729; x_wconf 85' lang='lat' dir='ltr'><strong>cuncta</strong></span> <span class='ocrx_word' id='word_1_47' title='bbox 3648 688 3864 742; x_wconf 53' lang='lat' dir='ltr'><strong>movens</strong></span> 
     </span>
    </p>
   </div>
   <div class='ocr_carea' id='block_1_12' title="bbox 3662 770 3791 842">
    <p class='ocr_par' dir='ltr' id='par_1_12' title="bbox 3662 770 3791 842">
     <span class='ocr_line' id='line_1_12' title="bbox 3662 770 3791 842; baseline 0.016 -17"><span class='ocrx_word' id='word_1_48' title='bbox 3662 770 3791 842; x_wconf 82' lang='lat' dir='ltr'><strong>[tem</strong></span> 
     </span>
    </p>
   </div>
   <div class='ocr_carea' id='block_1_13' title="bbox 2417 861 3860 933">
    <p class='ocr_par' dir='ltr' id='par_1_13' title="bbox 2417 861 3860 933">
     <span class='ocr_line' id='line_1_13' title="bbox 2417 861 3860 933; baseline 0.003 -17"><span class='ocrx_word' id='word_1_49' title='bbox 2417 863 2753 917; x_wconf 82' lang='lat' dir='ltr'><strong>Connectens</strong></span> <span class='ocrx_word' id='word_1_50' title='bbox 2765 861 2995 916; x_wconf 83' lang='lat' dir='ltr'><strong>animam</strong></span> <span class='ocrx_word' id='word_1_51' title='bbox 3010 876 3108 933; x_wconf 88' lang='lat' dir='ltr'><strong>per</strong></span> <span class='ocrx_word' id='word_1_52' title='bbox 3117 876 3349 918; x_wconf 90' lang='lat' dir='ltr'><strong>consona</strong></span> <span class='ocrx_word' id='word_1_53' title='bbox 3365 862 3603 918; x_wconf 91' lang='lat' dir='ltr'><strong>membra</strong></span> <span class='ocrx_word' id='word_1_54' title='bbox 3620 865 3860 929; x_wconf 86' lang='lat' dir='ltr'><strong>resolvis;</strong></span> 
     </span>
    </p>
   </div>
   <div class='ocr_carea' id='block_1_14' title="bbox 2272 951 3858 1027">
    <p class='ocr_par' dir='ltr' id='par_1_14' title="bbox 2272 951 3858 1027">
     <span class='ocr_line' id='line_1_14' title="bbox 2272 951 3858 1027; baseline 0.004 -21"><span class='ocrx_word' id='word_1_55' title='bbox 2272 951 2341 1007; x_wconf 78' lang='grc'><strong>15</strong></span> <span class='ocrx_word' id='word_1_56' title='bbox 2415 952 2543 1019; x_wconf 72' lang='lat' dir='ltr'><strong>Qua:</strong></span> <span class='ocrx_word' id='word_1_57' title='bbox 2567 967 2687 1007; x_wconf 88' lang='lat' dir='ltr'><strong>cum</strong></span> <span class='ocrx_word' id='word_1_58' title='bbox 2709 962 2856 1008; x_wconf 87' lang='lat' dir='ltr'><strong>secta</strong></span> <span class='ocrx_word' id='word_1_59' title='bbox 2877 953 3013 1008; x_wconf 89' lang='lat' dir='ltr'><strong>duos</strong></span> <span class='ocrx_word' id='word_1_60' title='bbox 3040 962 3239 1007; x_wconf 91' lang='lat' dir='ltr'><strong>motum</strong></span> <span class='ocrx_word' id='word_1_61' title='bbox 3262 955 3579 1025; x_wconf 75' lang='lat' dir='ltr'><strong>glomeravit</strong></span> <span class='ocrx_word' id='word_1_62' title='bbox 3606 956 3657 1010; x_wconf 90' lang='lat' dir='ltr'><strong>in</strong></span> <span class='ocrx_word' id='word_1_63' title='bbox 3680 957 3858 1027; x_wconf 85' lang='lat' dir='ltr'><strong>orbes,</strong></span> 
     </span>
    </p>
   </div>
   <div class='ocr_carea' id='block_1_15' title="bbox 2416 1045 3825 1118">
    <p class='ocr_par' dir='ltr' id='par_1_15' title="bbox 2416 1045 3825 1118">
     <span class='ocr_line' id='line_1_15' title="bbox 2416 1045 3825 1118; baseline 0.003 -18"><span class='ocrx_word' id='word_1_64' title='bbox 2416 1045 2474 1100; x_wconf 91' lang='lat' dir='ltr'><strong>In</strong></span> <span class='ocrx_word' id='word_1_65' title='bbox 2504 1055 2678 1102; x_wconf 90' lang='lat' dir='ltr'><strong>semet</strong></span> <span class='ocrx_word' id='word_1_66' title='bbox 2704 1046 2940 1102; x_wconf 87' lang='lat' dir='ltr'><strong>reditura</strong></span> <span class='ocrx_word' id='word_1_67' title='bbox 2969 1056 3481 1118; x_wconf 87' lang='lat' dir='ltr'><strong>meat,mentemque</strong></span> <span class='ocrx_word' id='word_1_68' title='bbox 3509 1048 3825 1117; x_wconf 84' lang='lat' dir='ltr'><strong>profundam</strong></span> 
     </span>
    </p>
   </div>
   <div class='ocr_carea' id='block_1_16' title="bbox 1932 1178 2518 1236">
    <p class='ocr_par' dir='ltr' id='par_1_16' title="bbox 1932 1178 2518 1236">
     <span class='ocr_line' id='line_1_16' title="bbox 1932 1178 2518 1236; baseline -0.002 0"><span class='ocrx_word' id='word_1_69' title='bbox 1932 1178 2518 1236; x_wconf 82' lang='lat' dir='ltr'><strong>INTERPRETATIO.</strong></span> 
     </span>
    </p>
   </div>
   <div class='ocr_carea' id='block_1_17' title="bbox 579 1294 2165 1367">
    <p class='ocr_par' dir='ltr' id='par_1_17' title="bbox 579 1294 2165 1367">
     <span class='ocr_line' id='line_1_17' title="bbox 579 1294 2165 1367; baseline 0.004 -24"><span class='ocrx_word' id='word_1_70' title='bbox 579 1294 669 1345; x_wconf 75' lang='lat' dir='ltr'><strong>ria:</strong></span> <span class='ocrx_word' id='word_1_71' title='bbox 697 1303 875 1367; x_wconf 66' lang='lat' dir='ltr'><strong>motae,</strong></span> <span class='ocrx_word' id='word_1_72' title='bbox 904 1294 997 1367; x_wconf 76' lang='lat' dir='ltr'><strong>sed</strong></span> <span class='ocrx_word' id='word_1_73' title='bbox 1036 1296 1209 1365; x_wconf 77' lang='lat' dir='ltr'><strong>potius</strong></span> <span class='ocrx_word' id='word_1_74' title='bbox 1239 1298 1425 1367; x_wconf 76' lang='lat' dir='ltr'><strong>species</strong></span> <span class='ocrx_word' id='word_1_75' title='bbox 1467 1297 1559 1351; x_wconf 90' lang='lat' dir='ltr'><strong>tibi</strong></span> <span class='ocrx_word' id='word_1_76' title='bbox 1590 1298 1745 1351; x_wconf 86' lang='lat' dir='ltr'><strong>insita</strong></span> <span class='ocrx_word' id='word_1_77' title='bbox 1793 1297 1975 1350; x_wconf 84' lang='lat' dir='ltr'><strong>sumini</strong></span> <span class='ocrx_word' id='word_1_78' title='bbox 2010 1297 2127 1350; x_wconf 89' lang='lat' dir='ltr'><strong>boni</strong></span> <span class='ocrx_word' id='word_1_79' title='bbox 2150 1338 2165 1363; x_wconf 91' lang='lat'><strong>,</strong></span> 
     </span>
    </p>
   </div>
   <div class='ocr_carea' id='block_1_18' title="bbox 579 1364 2166 1435">
    <p class='ocr_par' dir='ltr' id='par_1_18' title="bbox 579 1364 2166 1435">
     <span class='ocr_line' id='line_1_18' title="bbox 579 1364 2166 1435; baseline 0.004 -20"><span class='ocrx_word' id='word_1_80' title='bbox 579 1380 757 1435; x_wconf 76' lang='lat' dir='ltr'><strong>expers</strong></span> <span class='ocrx_word' id='word_1_81' title='bbox 780 1364 1013 1419; x_wconf 78' lang='lat' dir='ltr'><strong>invidiw:</strong></span> <span class='ocrx_word' id='word_1_82' title='bbox 1040 1364 1092 1419; x_wconf 87' lang='lat' dir='ltr'><strong>tu</strong></span> <span class='ocrx_word' id='word_1_83' title='bbox 1118 1364 1350 1434; x_wconf 85' lang='lat' dir='ltr'><strong>producis</strong></span> <span class='ocrx_word' id='word_1_84' title='bbox 1369 1370 1536 1420; x_wconf 84' lang='lat' dir='ltr'><strong>omnia</strong></span> <span class='ocrx_word' id='word_1_85' title='bbox 1558 1369 1619 1420; x_wconf 91' lang='lat' dir='ltr'><strong>ab</strong></span> <span class='ocrx_word' id='word_1_86' title='bbox 1635 1369 1911 1435; x_wconf 72' lang='lat' dir='ltr'><strong>exemplari</strong></span> <span class='ocrx_word' id='word_1_87' title='bbox 1932 1384 2127 1422; x_wconf 86' lang='lat' dir='ltr'><strong>summo</strong></span> <span class='ocrx_word' id='word_1_88' title='bbox 2150 1410 2166 1433; x_wconf 90' lang='lat'><strong>,</strong></span> 
     </span>
    </p>
   </div>
   <div class='ocr_carea' id='block_1_19' title="bbox 579 1434 2164 1510">
    <p class='ocr_par' dir='ltr' id='par_1_19' title="bbox 579 1434 2164 1510">
     <span class='ocr_line' id='line_1_19' title="bbox 579 1434 2164 1510; baseline 0.004 -24"><span class='ocrx_word' id='word_1_89' title='bbox 579 1434 764 1488; x_wconf 79' lang='lat' dir='ltr'><strong>habens</strong></span> <span class='ocrx_word' id='word_1_90' title='bbox 780 1437 831 1487; x_wconf 87' lang='lat' dir='ltr'><strong>in</strong></span> <span class='ocrx_word' id='word_1_91' title='bbox 846 1447 1007 1510; x_wconf 79' lang='lat' dir='ltr'><strong>mente</strong></span> <span class='ocrx_word' id='word_1_92' title='bbox 1027 1439 1272 1510; x_wconf 84' lang='lat' dir='ltr'><strong>mundum</strong></span> <span class='ocrx_word' id='word_1_93' title='bbox 1286 1443 1589 1507; x_wconf 66' lang='lat' dir='ltr'><strong>praeclarum</strong></span> <span class='ocrx_word' id='word_1_94' title='bbox 1601 1440 1705 1506; x_wconf 89' lang='lat' dir='ltr'><strong>ipse</strong></span> <span class='ocrx_word' id='word_1_95' title='bbox 1722 1434 2164 1510; x_wconf 73' lang='lat' dir='ltr'><strong>prteclarissimus,</strong></span> 
     </span>
    </p>
   </div>
   <div class='ocr_carea' id='block_1_20' title="bbox 579 1508 2167 1580">
    <p class='ocr_par' dir='ltr' id='par_1_20' title="bbox 579 1508 2167 1580">
     <span class='ocr_line' id='line_1_20' title="bbox 579 1508 2167 1580; baseline 0.004 -23"><span class='ocrx_word' id='word_1_96' title='bbox 579 1520 734 1580; x_wconf 82' lang='lat' dir='ltr'><strong>quem</strong></span> <span class='ocrx_word' id='word_1_97' title='bbox 765 1508 1016 1580; x_wconf 86' lang='lat' dir='ltr'><strong>mundum</strong></span> <span class='ocrx_word' id='word_1_98' title='bbox 1038 1509 1426 1579; x_wconf 81' lang='lat' dir='ltr'><strong>similiimagiue</strong></span> <span class='ocrx_word' id='word_1_99' title='bbox 1450 1511 1660 1580; x_wconf 75' lang='lat' dir='ltr'><strong>formas,</strong></span> <span class='ocrx_word' id='word_1_100' title='bbox 1687 1508 1732 1563; x_wconf 81' lang='lat' dir='ltr'><strong>et</strong></span> <span class='ocrx_word' id='word_1_101' title='bbox 1756 1511 1988 1577; x_wconf 65' lang='lat' dir='ltr'><strong>praecipis</strong></span> <span class='ocrx_word' id='word_1_102' title='bbox 2019 1524 2167 1563; x_wconf 85' lang='lat' dir='ltr'><strong>eum-</strong></span> 
     </span>
    </p>
   </div>
   <div class='ocr_carea' id='block_1_21' title="bbox 580 1575 2165 1651">
    <p class='ocr_par' dir='ltr' id='par_1_21' title="bbox 580 1575 2165 1651">
     <span class='ocr_line' id='line_1_21' title="bbox 580 1575 2165 1651; baseline 0.003 -22"><span class='ocrx_word' id='word_1_103' title='bbox 580 1575 696 1629; x_wconf 87' lang='lat' dir='ltr'><strong>dem</strong></span> <span class='ocrx_word' id='word_1_104' title='bbox 738 1596 771 1648; x_wconf 88' lang='lat' dir='ltr'><strong>p</strong></span> <span class='ocrx_word' id='word_1_105' title='bbox 802 1579 1017 1651; x_wconf 77' lang='lat' dir='ltr'><strong>rl&#39;ectum</strong></span> <span class='ocrx_word' id='word_1_106' title='bbox 1048 1581 1285 1647; x_wconf 69' lang='lat' dir='ltr'><strong>perﬁcere</strong></span> <span class='ocrx_word' id='word_1_107' title='bbox 1315 1575 1656 1651; x_wconf 44' lang='lat' dir='ltr'><strong>suas&#39;partes.</strong></span> <span class='ocrx_word' id='word_1_108' title='bbox 1688 1575 1763 1633; x_wconf 84' lang='lat' dir='ltr'><strong>Tu</strong></span> <span class='ocrx_word' id='word_1_109' title='bbox 1784 1575 2024 1633; x_wconf 77' lang='lat' dir='ltr'><strong>concilias</strong></span> <span class='ocrx_word' id='word_1_110' title='bbox 2063 1585 2165 1633; x_wconf 86' lang='lat' dir='ltr'><strong>ele-</strong></span> 
     </span>
    </p>
   </div>
   <div class='ocr_carea' id='block_1_22' title="bbox 580 1649 2163 1722">
    <p class='ocr_par' dir='ltr' id='par_1_22' title="bbox 580 1649 2163 1722">
     <span class='ocr_line' id='line_1_22' title="bbox 580 1649 2163 1722; baseline 0.002 -21"><span class='ocrx_word' id='word_1_111' title='bbox 580 1657 743 1701; x_wconf 87' lang='lat' dir='ltr'><strong>menta</strong></span> <span class='ocrx_word' id='word_1_112' title='bbox 781 1649 970 1703; x_wconf 84' lang='lat' dir='ltr'><strong>talibus</strong></span> <span class='ocrx_word' id='word_1_113' title='bbox 996 1652 1192 1719; x_wconf 86' lang='lat' dir='ltr'><strong>modis,</strong></span> <span class='ocrx_word' id='word_1_114' title='bbox 1226 1660 1278 1704; x_wconf 91' lang='lat' dir='ltr'><strong>ut</strong></span> <span class='ocrx_word' id='word_1_115' title='bbox 1306 1649 1497 1722; x_wconf 79' lang='lat' dir='ltr'><strong>frigida</strong></span> <span class='ocrx_word' id='word_1_116' title='bbox 1544 1667 1658 1706; x_wconf 90' lang='lat' dir='ltr'><strong>cum</strong></span> <span class='ocrx_word' id='word_1_117' title='bbox 1696 1653 1908 1719; x_wconf 78' lang='lat' dir='ltr'><strong>calidis,</strong></span> <span class='ocrx_word' id='word_1_118' title='bbox 1957 1661 2005 1705; x_wconf 86' lang='lat' dir='ltr'><strong>et</strong></span> <span class='ocrx_word' id='word_1_119' title='bbox 2031 1652 2163 1705; x_wconf 88' lang='lat' dir='ltr'><strong>sicca</strong></span> 
     </span>
    </p>
   </div>
   <div class='ocr_carea' id='block_1_23' title="bbox 2278 1296 3856 1373">
    <p class='ocr_par' dir='ltr' id='par_1_23' title="bbox 2278 1296 3856 1373">
     <span class='ocr_line' id='line_1_23' title="bbox 2278 1296 3856 1373; baseline 0.001 -23"><span class='ocrx_word' id='word_1_120' title='bbox 2278 1314 2395 1350; x_wconf 87' lang='lat' dir='ltr'><strong>cum</strong></span> <span class='ocrx_word' id='word_1_121' title='bbox 2426 1296 2632 1364; x_wconf 82' lang='lat' dir='ltr'><strong>liquidis</strong></span> <span class='ocrx_word' id='word_1_122' title='bbox 2651 1298 2946 1373; x_wconf 83' lang='lat' dir='ltr'><strong>conveniant</strong></span> <span class='ocrx_word' id='word_1_123' title='bbox 2965 1336 2980 1359; x_wconf 90' lang='lat'><strong>,</strong></span> <span class='ocrx_word' id='word_1_124' title='bbox 3012 1313 3072 1351; x_wconf 89' lang='lat' dir='ltr'><strong>ne</strong></span> <span class='ocrx_word' id='word_1_125' title='bbox 3095 1298 3229 1367; x_wconf 81' lang='lat' dir='ltr'><strong>ignis</strong></span> <span class='ocrx_word' id='word_1_126' title='bbox 3255 1298 3433 1373; x_wconf 82' lang='lat' dir='ltr'><strong>purior</strong></span> <span class='ocrx_word' id='word_1_127' title='bbox 3456 1314 3665 1373; x_wconf 55' lang='lat' dir='ltr'><strong>sursunt</strong></span> <span class='ocrx_word' id='word_1_128' title='bbox 3680 1300 3856 1373; x_wconf 61' lang='lat' dir='ltr'><strong>abeat},</strong></span> 
     </span>
    </p>
   </div>
   <div class='ocr_carea' id='block_1_24' title="bbox 2283 1369 3862 1440">
    <p class='ocr_par' dir='ltr' id='par_1_24' title="bbox 2283 1369 3862 1440">
     <span class='ocr_line' id='line_1_24' title="bbox 2283 1369 3862 1440; baseline 0.003 -20"><span class='ocrx_word' id='word_1_129' title='bbox 2283 1376 2375 1420; x_wconf 89' lang='lat' dir='ltr'><strong>aut</strong></span> <span class='ocrx_word' id='word_1_130' title='bbox 2396 1371 2619 1438; x_wconf 85' lang='lat' dir='ltr'><strong>gravitas</strong></span> <span class='ocrx_word' id='word_1_131' title='bbox 2650 1372 2778 1436; x_wconf 82' lang='lat' dir='ltr'><strong>ferat</strong></span> <span class='ocrx_word' id='word_1_132' title='bbox 2800 1369 3051 1440; x_wconf 80' lang='lat' dir='ltr'><strong>deorsum</strong></span> <span class='ocrx_word' id='word_1_133' title='bbox 3072 1377 3258 1421; x_wconf 87' lang='lat' dir='ltr'><strong>terram</strong></span> <span class='ocrx_word' id='word_1_134' title='bbox 3284 1370 3593 1440; x_wconf 72' lang='lat' dir='ltr'><strong>depressam.</strong></span> <span class='ocrx_word' id='word_1_135' title='bbox 3625 1370 3703 1424; x_wconf 83' lang='lat' dir='ltr'><strong>Tu</strong></span> <span class='ocrx_word' id='word_1_136' title='bbox 3736 1369 3862 1426; x_wconf 78' lang='lat' dir='ltr'><strong>con-</strong></span> 
     </span>
    </p>
   </div>
   <div class='ocr_carea' id='block_1_25' title="bbox 2263 1438 3860 1512">
    <p class='ocr_par' dir='ltr' id='par_1_25' title="bbox 2263 1438 3860 1512">
     <span class='ocr_line' id='line_1_25' title="bbox 2263 1438 3860 1512; baseline 0.004 -22"><span class='ocrx_word' id='word_1_137' title='bbox 2263 1440 2492 1512; x_wconf 83' lang='lat' dir='ltr'><strong>jungens</strong></span> <span class='ocrx_word' id='word_1_138' title='bbox 2530 1440 2757 1512; x_wconf 83' lang='lat' dir='ltr'><strong>animam</strong></span> <span class='ocrx_word' id='word_1_139' title='bbox 2797 1438 2940 1493; x_wconf 88' lang='lat' dir='ltr'><strong>inter</strong></span> <span class='ocrx_word' id='word_1_140' title='bbox 2973 1448 3179 1492; x_wconf 85' lang='lat' dir='ltr'><strong>mentes</strong></span> <span class='ocrx_word' id='word_1_141' title='bbox 3225 1438 3505 1495; x_wconf 84' lang='lat' dir='ltr'><strong>insensiles</strong></span> <span class='ocrx_word' id='word_1_142' title='bbox 3537 1451 3591 1495; x_wconf 91' lang='lat' dir='ltr'><strong>et</strong></span> <span class='ocrx_word' id='word_1_143' title='bbox 3632 1456 3860 1512; x_wconf 82' lang='lat' dir='ltr'><strong>corpora</strong></span> 
     </span>
    </p>
   </div>
   <div class='ocr_carea' id='block_1_26' title="bbox 2276 1510 3862 1579">
    <p class='ocr_par' dir='ltr' id='par_1_26' title="bbox 2276 1510 3862 1579">
     <span class='ocr_line' id='line_1_26' title="bbox 2276 1510 3862 1579; baseline 0.003 -16"><span class='ocrx_word' id='word_1_144' title='bbox 2276 1510 2495 1563; x_wconf 84' lang='lat' dir='ltr'><strong>sensilia</strong></span> <span class='ocrx_word' id='word_1_145' title='bbox 2527 1511 2764 1573; x_wconf 85' lang='lat' dir='ltr'><strong>mediam,</strong></span> <span class='ocrx_word' id='word_1_146' title='bbox 2798 1522 3170 1579; x_wconf 82' lang='lat' dir='ltr'><strong>moventemque</strong></span> <span class='ocrx_word' id='word_1_147' title='bbox 3207 1512 3410 1576; x_wconf 89' lang='lat' dir='ltr'><strong>onmia,</strong></span> <span class='ocrx_word' id='word_1_148' title='bbox 3435 1512 3690 1565; x_wconf 84' lang='lat' dir='ltr'><strong>distribuis</strong></span> <span class='ocrx_word' id='word_1_149' title='bbox 3717 1510 3862 1567; x_wconf 73' lang='lat' dir='ltr'><strong>eant-</strong></span> 
     </span>
    </p>
   </div>
   <div class='ocr_carea' id='block_1_27' title="bbox 2272 1581 3859 1650">
    <p class='ocr_par' dir='ltr' id='par_1_27' title="bbox 2272 1581 3859 1650">
     <span class='ocr_line' id='line_1_27' title="bbox 2272 1581 3859 1650; baseline 0.002 -17"><span class='ocrx_word' id='word_1_150' title='bbox 2272 1581 2392 1633; x_wconf 91' lang='lat' dir='ltr'><strong>dem</strong></span> <span class='ocrx_word' id='word_1_151' title='bbox 2418 1596 2506 1645; x_wconf 89' lang='lat' dir='ltr'><strong>per</strong></span> <span class='ocrx_word' id='word_1_152' title='bbox 2528 1582 2749 1632; x_wconf 87' lang='lat' dir='ltr'><strong>membra</strong></span> <span class='ocrx_word' id='word_1_153' title='bbox 2769 1590 3126 1644; x_wconf 75' lang='lat' dir='ltr'><strong>consentanea,</strong></span> <span class='ocrx_word' id='word_1_154' title='bbox 3146 1597 3258 1648; x_wconf 68' lang='lat' dir='ltr'><strong>quis</strong></span> <span class='ocrx_word' id='word_1_155' title='bbox 3278 1584 3451 1635; x_wconf 88' lang='lat' dir='ltr'><strong>anima</strong></span> <span class='ocrx_word' id='word_1_156' title='bbox 3479 1584 3646 1637; x_wconf 76' lang='lat' dir='ltr'><strong>inStar</strong></span> <span class='ocrx_word' id='word_1_157' title='bbox 3668 1599 3859 1650; x_wconf 88' lang='lat' dir='ltr'><strong>corpo-</strong></span> 
     </span>
    </p>
   </div>
   <div class='ocr_carea' id='block_1_28' title="bbox 2270 1650 3858 1725">
    <p class='ocr_par' dir='ltr' id='par_1_28' title="bbox 2270 1650 3858 1725">
     <span class='ocr_line' id='line_1_28' title="bbox 2270 1650 3858 1725; baseline 0.003 -20"><span class='ocrx_word' id='word_1_158' title='bbox 2270 1652 2344 1706; x_wconf 91' lang='lat' dir='ltr'><strong>ris</strong></span> <span class='ocrx_word' id='word_1_159' title='bbox 2376 1650 2561 1720; x_wconf 85' lang='lat' dir='ltr'><strong>liquidi</strong></span> <span class='ocrx_word' id='word_1_160' title='bbox 2582 1651 2747 1705; x_wconf 85' lang='lat' dir='ltr'><strong>divisa</strong></span> <span class='ocrx_word' id='word_1_161' title='bbox 2778 1652 2832 1705; x_wconf 89' lang='lat' dir='ltr'><strong>in</strong></span> <span class='ocrx_word' id='word_1_162' title='bbox 2866 1652 3099 1706; x_wconf 88' lang='lat' dir='ltr'><strong>minutas</strong></span> <span class='ocrx_word' id='word_1_163' title='bbox 3130 1662 3327 1721; x_wconf 81' lang='lat' dir='ltr'><strong>partes,</strong></span> <span class='ocrx_word' id='word_1_164' title='bbox 3354 1662 3621 1724; x_wconf 85' lang='lat' dir='ltr'><strong>postquam</strong></span> <span class='ocrx_word' id='word_1_165' title='bbox 3650 1656 3858 1725; x_wconf 78' lang='lat' dir='ltr'><strong>perfecit</strong></span> 
     </span>
    </p>
   </div>
   <div class='ocr_carea' id='block_1_29' title="bbox 2105 1786 2336 1843">
    <p class='ocr_par' dir='ltr' id='par_1_29' title="bbox 2105 1786 2336 1843">
     <span class='ocr_line' id='line_1_29' title="bbox 2105 1786 2336 1843; baseline -0.009 0"><span class='ocrx_word' id='word_1_166' title='bbox 2105 1786 2312 1843; x_wconf 67' lang='lat' dir='ltr'><strong>NOTAE}</strong></span> <span class='ocrx_word' id='word_1_167' title='bbox 2323 1827 2336 1841; x_wconf 97' lang='lat'><strong>.</strong></span> 
     </span>
    </p>
   </div>
   <div class='ocr_carea' id='block_1_30' title="bbox 580 1906 2162 1976">
    <p class='ocr_par' dir='ltr' id='par_1_30' title="bbox 580 1906 2162 1976">
     <span class='ocr_line' id='line_1_30' title="bbox 580 1906 2162 1976; baseline 0 -15"><span class='ocrx_word' id='word_1_168' title='bbox 580 1914 665 1961; x_wconf 86' lang='lat' dir='ltr'><strong>est</strong></span> <span class='ocrx_word' id='word_1_169' title='bbox 690 1921 885 1974; x_wconf 79' lang='lat' dir='ltr'><strong>expers</strong></span> <span class='ocrx_word' id='word_1_170' title='bbox 911 1908 1157 1975; x_wconf 87' lang='lat' dir='ltr'><strong>partium,</strong></span> <span class='ocrx_word' id='word_1_171' title='bbox 1192 1907 1358 1961; x_wconf 92' lang='lat' dir='ltr'><strong>inslar</strong></span> <span class='ocrx_word' id='word_1_172' title='bbox 1382 1906 1668 1976; x_wconf 87' lang='lat' dir='ltr'><strong>cujuslibet</strong></span> <span class='ocrx_word' id='word_1_173' title='bbox 1696 1909 1917 1963; x_wconf 90' lang='lat' dir='ltr'><strong>alterius</strong></span> <span class='ocrx_word' id='word_1_174' title='bbox 1948 1907 2162 1970; x_wconf 90' lang='lat' dir='ltr'><strong>mentis,</strong></span> 
     </span>
    </p>
   </div>
   <div class='ocr_carea' id='block_1_31' title="bbox 2270 1902 3858 1972">
    <p class='ocr_par' dir='ltr' id='par_1_31' title="bbox 2270 1902 3858 1972">
     <span class='ocr_line' id='line_1_31' title="bbox 2270 1902 3858 1972; baseline 0.003 -14"><span class='ocrx_word' id='word_1_175' title='bbox 2270 1911 2629 1972; x_wconf 88' lang='lat' dir='ltr'><strong>separentur:</strong></span> <span class='ocrx_word' id='word_1_176' title='bbox 2663 1904 2751 1957; x_wconf 91' lang='lat' dir='ltr'><strong>ubi</strong></span> <span class='ocrx_word' id='word_1_177' title='bbox 2782 1902 3125 1972; x_wconf 86' lang='lat' dir='ltr'><strong>Philosophia</strong></span> <span class='ocrx_word' id='word_1_178' title='bbox 3160 1904 3380 1960; x_wconf 91' lang='lat' dir='ltr'><strong>videtur</strong></span> <span class='ocrx_word' id='word_1_179' title='bbox 3418 1906 3592 1963; x_wconf 78' lang='lat' dir='ltr'><strong>facere</strong></span> <span class='ocrx_word' id='word_1_180' title='bbox 3625 1908 3858 1963; x_wconf 85' lang='lat' dir='ltr'><strong>mentio-</strong></span> 
     </span>
    </p>
   </div>
   <div class='ocr_carea' id='block_1_32' title="bbox 578 1976 3856 2067">
    <p class='ocr_par' dir='ltr' id='par_1_32' title="bbox 578 1976 3856 2067">
     <span class='ocr_line' id='line_1_32' title="bbox 578 1976 3856 2067; baseline 0.001 -37"><span class='ocrx_word' id='word_1_181' title='bbox 578 1978 677 2067; x_wconf 54' lang='lat' dir='ltr'><strong>seld</strong></span> <span class='ocrx_word' id='word_1_182' title='bbox 696 1979 854 2031; x_wconf 87' lang='lat' dir='ltr'><strong>etiam</strong></span> <span class='ocrx_word' id='word_1_183' title='bbox 878 1988 1144 2067; x_wconf 55' lang='grc' dir='ltr'><strong>Ι(ιιιεῃρηιιε</strong></span> <span class='ocrx_word' id='word_1_184' title='bbox 1164 1994 1233 2067; x_wconf 66' lang='lat' dir='ltr'><strong>pe</strong></span> <span class='ocrx_word' id='word_1_185' title='bbox 1257 1979 1498 2059; x_wconf 83' lang='lat' dir='ltr'><strong>pluribus</strong></span> <span class='ocrx_word' id='word_1_186' title='bbox 1512 1980 1728 2047; x_wconf 77' lang='lat' dir='ltr'><strong>quidem</strong></span> <span class='ocrx_word' id='word_1_187' title='bbox 1749 1978 2164 2067; x_wconf 75' lang='lat' dir='ltr'><strong>cogitationibus</strong></span> <span class='ocrx_word' id='word_1_188' title='bbox 2194 2006 2242 2067; x_wconf 78' lang='grc' dir='ltr'><strong>Β</strong></span> <span class='ocrx_word' id='word_1_189' title='bbox 2272 1990 2394 2067; x_wconf 71' lang='lat' dir='ltr'><strong>nem</strong></span> <span class='ocrx_word' id='word_1_190' title='bbox 2423 1976 2759 2067; x_wconf 76' lang='lat' dir='ltr'><strong>qualitatum,</strong></span> <span class='ocrx_word' id='word_1_191' title='bbox 2802 1990 2939 2056; x_wconf 79' lang='lat' dir='ltr'><strong>quas</strong></span> <span class='ocrx_word' id='word_1_192' title='bbox 2963 1976 3263 2067; x_wconf 54' lang='lat' dir='ltr'><strong>pliil&#39;osopbi</strong></span> <span class='ocrx_word' id='word_1_193' title='bbox 3301 1978 3775 2067; x_wconf 38' lang='lat' dir='ltr'><strong>vulgo‘ag‘noscunt</strong></span> <span class='ocrx_word' id='word_1_194' title='bbox 3801 1980 3856 2067; x_wconf 71' lang='lat' dir='ltr'><strong>in</strong></span> 
     </span>
    </p>
   </div>
   <div class='ocr_carea' id='block_1_33' title="bbox 578 2048 2163 2113">
    <p class='ocr_par' dir='ltr' id='par_1_33' title="bbox 578 2048 2163 2113">
     <span class='ocr_line' id='line_1_33' title="bbox 578 2048 2163 2113; baseline 0.003 -12"><span class='ocrx_word' id='word_1_195' title='bbox 578 2048 678 2101; x_wconf 84' lang='lat' dir='ltr'><strong>sibi</strong></span> <span class='ocrx_word' id='word_1_196' title='bbox 702 2048 1103 2102; x_wconf 81' lang='lat' dir='ltr'><strong>succedentibus</strong></span> <span class='ocrx_word' id='word_1_197' title='bbox 1128 2048 1378 2113; x_wconf 83' lang='lat' dir='ltr'><strong>al‘licitur,</strong></span> <span class='ocrx_word' id='word_1_198' title='bbox 1410 2065 1561 2103; x_wconf 87' lang='lat' dir='ltr'><strong>mens</strong></span> <span class='ocrx_word' id='word_1_199' title='bbox 1585 2059 1761 2109; x_wconf 85' lang='lat' dir='ltr'><strong>tamen</strong></span> <span class='ocrx_word' id='word_1_200' title='bbox 1790 2051 2018 2105; x_wconf 88' lang='lat' dir='ltr'><strong>humana</strong></span> <span class='ocrx_word' id='word_1_201' title='bbox 2046 2091 2060 2113; x_wconf 90' lang='lat'><strong>,</strong></span> <span class='ocrx_word' id='word_1_202' title='bbox 2106 2059 2163 2105; x_wconf 88' lang='lat' dir='ltr'><strong>ut</strong></span> 
     </span>
    </p>
   </div>
   <div class='ocr_carea' id='block_1_34' title="bbox 581 2119 2163 2189">
    <p class='ocr_par' dir='ltr' id='par_1_34' title="bbox 581 2119 2163 2189">
     <span class='ocr_line' id='line_1_34' title="bbox 581 2119 2163 2189; baseline 0.005 -19"><span class='ocrx_word' id='word_1_203' title='bbox 581 2130 702 2184; x_wconf 89' lang='lat' dir='ltr'><strong>pote</strong></span> <span class='ocrx_word' id='word_1_204' title='bbox 749 2119 857 2173; x_wconf 91' lang='lat' dir='ltr'><strong>Deo</strong></span> <span class='ocrx_word' id='word_1_205' title='bbox 883 2119 1384 2187; x_wconf 74' lang='lat' dir='ltr'><strong>rornpreliendendo</strong></span> <span class='ocrx_word' id='word_1_206' title='bbox 1416 2121 1616 2187; x_wconf 80' lang='lat' dir='ltr'><strong>impar,</strong></span> <span class='ocrx_word' id='word_1_207' title='bbox 1652 2122 1818 2175; x_wconf 75' lang='lat' dir='ltr'><strong>Deum</strong></span> <span class='ocrx_word' id='word_1_208' title='bbox 1850 2122 2015 2175; x_wconf 85' lang='lat' dir='ltr'><strong>veluti</strong></span> <span class='ocrx_word' id='word_1_209' title='bbox 2043 2124 2163 2189; x_wconf 88' lang='lat' dir='ltr'><strong>qui-</strong></span> 
     </span>
    </p>
   </div>
   <div class='ocr_carea' id='block_1_35' title="bbox 576 2189 2157 2261">
    <p class='ocr_par' dir='ltr' id='par_1_35' title="bbox 576 2189 2157 2261">
     <span class='ocr_line' id='line_1_35' title="bbox 576 2189 2157 2261; baseline 0.003 -16"><span class='ocrx_word' id='word_1_210' title='bbox 576 2190 799 2245; x_wconf 72' lang='lat' dir='ltr'><strong>bn~daiu</strong></span> <span class='ocrx_word' id='word_1_211' title='bbox 831 2189 1074 2244; x_wconf 78' lang='lat' dir='ltr'><strong>affectum</strong></span> <span class='ocrx_word' id='word_1_212' title='bbox 1100 2191 1508 2259; x_wconf 85' lang='lat' dir='ltr'><strong>cogitationibus</strong></span> <span class='ocrx_word' id='word_1_213' title='bbox 1535 2193 1773 2261; x_wconf 84' lang='lat' dir='ltr'><strong>adeoque</strong></span> <span class='ocrx_word' id='word_1_214' title='bbox 1800 2192 2007 2251; x_wconf 83' lang='lat' dir='ltr'><strong>formis.</strong></span> <span class='ocrx_word' id='word_1_215' title='bbox 2040 2191 2157 2250; x_wconf 88' lang='lat' dir='ltr'><strong>idea</strong></span> 
     </span>
    </p>
   </div>
   <div class='ocr_carea' id='block_1_36' title="bbox 578 2262 2161 2330">
    <p class='ocr_par' dir='ltr' id='par_1_36' title="bbox 578 2262 2161 2330">
     <span class='ocr_line' id='line_1_36' title="bbox 578 2262 2161 2330; baseline 0.004 -16"><span class='ocrx_word' id='word_1_216' title='bbox 578 2262 824 2314; x_wconf 85' lang='lat' dir='ltr'><strong>nimirum</strong></span> <span class='ocrx_word' id='word_1_217' title='bbox 857 2272 909 2313; x_wconf 84' lang='lat' dir='ltr'><strong>et</strong></span> <span class='ocrx_word' id='word_1_218' title='bbox 949 2262 1217 2315; x_wconf 78' lang='lat' dir='ltr'><strong>voluntate</strong></span> <span class='ocrx_word' id='word_1_219' title='bbox 1254 2264 1481 2330; x_wconf 84' lang='lat' dir='ltr'><strong>cogitat:</strong></span> <span class='ocrx_word' id='word_1_220' title='bbox 1510 2264 1645 2318; x_wconf 86' lang='lat' dir='ltr'><strong>adeo</strong></span> <span class='ocrx_word' id='word_1_221' title='bbox 1675 2276 1731 2317; x_wconf 92' lang='lat' dir='ltr'><strong>ut</strong></span> <span class='ocrx_word' id='word_1_222' title='bbox 1759 2263 1903 2317; x_wconf 92' lang='lat' dir='ltr'><strong>nulla</strong></span> <span class='ocrx_word' id='word_1_223' title='bbox 1946 2262 2051 2316; x_wconf 87' lang='lat' dir='ltr'><strong>alia</strong></span> <span class='ocrx_word' id='word_1_224' title='bbox 2089 2266 2161 2321; x_wconf 87' lang='lat' dir='ltr'><strong>sit</strong></span> 
     </span>
    </p>
   </div>
   <div class='ocr_carea' id='block_1_37' title="bbox 578 2332 2159 2401">
    <p class='ocr_par' dir='ltr' id='par_1_37' title="bbox 578 2332 2159 2401">
     <span class='ocr_line' id='line_1_37' title="bbox 578 2332 2159 2401; baseline 0.004 -16"><span class='ocrx_word' id='word_1_225' title='bbox 578 2346 735 2385; x_wconf 87' lang='lat' dir='ltr'><strong>eausa</strong></span> <span class='ocrx_word' id='word_1_226' title='bbox 764 2332 989 2385; x_wconf 78' lang='lat' dir='ltr'><strong>materiw</strong></span> <span class='ocrx_word' id='word_1_227' title='bbox 1020 2332 1291 2399; x_wconf 81' lang='lat' dir='ltr'><strong>ﬂuitantis,</strong></span> <span class='ocrx_word' id='word_1_228' title='bbox 1320 2342 1516 2401; x_wconf 65' lang='lat' dir='ltr'><strong>praeter</strong></span> <span class='ocrx_word' id='word_1_229' title='bbox 1548 2334 1719 2388; x_wconf 89' lang='lat' dir='ltr'><strong>ideam</strong></span> <span class='ocrx_word' id='word_1_230' title='bbox 1750 2345 1804 2389; x_wconf 90' lang='lat' dir='ltr'><strong>et</strong></span> <span class='ocrx_word' id='word_1_231' title='bbox 1832 2335 2159 2391; x_wconf 85' lang='lat' dir='ltr'><strong>voluntatem</strong></span> 
     </span>
    </p>
   </div>
   <div class='ocr_carea' id='block_1_38' title="bbox 578 2402 2159 2465">
    <p class='ocr_par' dir='ltr' id='par_1_38' title="bbox 578 2402 2159 2465">
     <span class='ocr_line' id='line_1_38' title="bbox 578 2402 2159 2465; baseline 0.003 -8"><span class='ocrx_word' id='word_1_232' title='bbox 578 2402 671 2457; x_wconf 91' lang='lat' dir='ltr'><strong>Dei</strong></span> <span class='ocrx_word' id='word_1_233' title='bbox 698 2420 712 2456; x_wconf 91' lang='lat'><strong>:</strong></span> <span class='ocrx_word' id='word_1_234' title='bbox 768 2406 879 2456; x_wconf 60' lang='lat' dir='ltr'><strong>haec</strong></span> <span class='ocrx_word' id='word_1_235' title='bbox 909 2404 1171 2456; x_wconf 80' lang='lat' dir='ltr'><strong>rationem</strong></span> <span class='ocrx_word' id='word_1_236' title='bbox 1204 2404 1400 2459; x_wconf 86' lang='lat' dir='ltr'><strong>habent</strong></span> <span class='ocrx_word' id='word_1_237' title='bbox 1437 2420 1544 2457; x_wconf 89' lang='lat' dir='ltr'><strong>non</strong></span> <span class='ocrx_word' id='word_1_238' title='bbox 1571 2407 1742 2460; x_wconf 90' lang='lat' dir='ltr'><strong>solum</strong></span> <span class='ocrx_word' id='word_1_239' title='bbox 1774 2406 1921 2465; x_wconf 88' lang='lat' dir='ltr'><strong>linis.</strong></span> <span class='ocrx_word' id='word_1_240' title='bbox 1954 2414 2007 2458; x_wconf 83' lang='lat' dir='ltr'><strong>et</strong></span> <span class='ocrx_word' id='word_1_241' title='bbox 2035 2408 2159 2461; x_wconf 82' lang='lat' dir='ltr'><strong>elli-</strong></span> 
     </span>
    </p>
   </div>
   <div class='ocr_carea' id='block_1_39' title="bbox 580 2475 2154 2546">
    <p class='ocr_par' dir='ltr' id='par_1_39' title="bbox 580 2475 2154 2546">
     <span class='ocr_line' id='line_1_39' title="bbox 580 2475 2154 2546; baseline 0.004 -20"><span class='ocrx_word' id='word_1_242' title='bbox 580 2475 792 2537; x_wconf 86' lang='lat' dir='ltr'><strong>cientis,</strong></span> <span class='ocrx_word' id='word_1_243' title='bbox 817 2475 1195 2546; x_wconf 6' lang='lat' dir='ltr'><strong>iverumgetiam</strong></span> <span class='ocrx_word' id='word_1_244' title='bbox 1229 2476 1552 2544; x_wconf 76' lang='lat' dir='ltr'><strong>exemplaris</strong></span> <span class='ocrx_word' id='word_1_245' title='bbox 1579 2491 1775 2531; x_wconf 67' lang='lat' dir='ltr'><strong>causae.</strong></span> <span class='ocrx_word' id='word_1_246' title='bbox 1808 2478 1866 2531; x_wconf 91' lang='lat' dir='ltr'><strong>S.</strong></span> <span class='ocrx_word' id='word_1_247' title='bbox 1897 2477 2154 2546; x_wconf 86' lang='lat' dir='ltr'><strong>Thomas,</strong></span> 
     </span>
    </p>
   </div>
   <div class='ocr_carea' id='block_1_40' title="bbox 578 2544 2155 2617">
    <p class='ocr_par' dir='ltr' id='par_1_40' title="bbox 578 2544 2155 2617">
     <span class='ocr_line' id='line_1_40' title="bbox 578 2544 2155 2617; baseline 0.003 -20"><span class='ocrx_word' id='word_1_248' title='bbox 578 2546 603 2597; x_wconf 77' lang='grc'>1</span> <span class='ocrx_word' id='word_1_249' title='bbox 641 2560 692 2617; x_wconf 80' lang='lat' dir='ltr'><strong>p,</strong></span> <span class='ocrx_word' id='word_1_250' title='bbox 718 2560 770 2613; x_wconf 89' lang='lat' dir='ltr'><strong>q.</strong></span> <span class='ocrx_word' id='word_1_251' title='bbox 808 2545 894 2609; x_wconf 72' lang='lat'><strong>13,</strong></span> <span class='ocrx_word' id='word_1_252' title='bbox 922 2560 972 2596; x_wconf 93' lang='lat' dir='ltr'><strong>a.</strong></span> <span class='ocrx_word' id='word_1_253' title='bbox 1006 2544 1053 2617; x_wconf 17' lang='lat' dir='ltr'><strong>li.</strong></span> <span class='ocrx_word' id='word_1_254' title='bbox 1088 2544 1333 2610; x_wconf 83' lang='lat' dir='ltr'><strong>Mundus,</strong></span> <span class='ocrx_word' id='word_1_255' title='bbox 1358 2547 1548 2615; x_wconf 88' lang='lat' dir='ltr'><strong>inquit,</strong></span> <span class='ocrx_word' id='word_1_256' title='bbox 1579 2564 1679 2601; x_wconf 87' lang='lat' dir='ltr'><strong>non</strong></span> <span class='ocrx_word' id='word_1_257' title='bbox 1711 2558 1783 2601; x_wconf 86' lang='lat' dir='ltr'><strong>est</strong></span> <span class='ocrx_word' id='word_1_258' title='bbox 1810 2564 1931 2601; x_wconf 89' lang='lat' dir='ltr'><strong>casu</strong></span> <span class='ocrx_word' id='word_1_259' title='bbox 1953 2544 2155 2617; x_wconf 76' lang='lat' dir='ltr'><strong>factus,</strong></span> 
     </span>
    </p>
   </div>
   <div class='ocr_carea' id='block_1_41' title="bbox 576 2615 2159 2689">
    <p class='ocr_par' dir='ltr' id='par_1_41' title="bbox 576 2615 2159 2689">
     <span class='ocr_line' id='line_1_41' title="bbox 576 2615 2159 2689; baseline 0.006 -22"><span class='ocrx_word' id='word_1_260' title='bbox 576 2615 665 2667; x_wconf 89' lang='lat' dir='ltr'><strong>sed</strong></span> <span class='ocrx_word' id='word_1_261' title='bbox 686 2625 759 2668; x_wconf 87' lang='lat' dir='ltr'><strong>est</strong></span> <span class='ocrx_word' id='word_1_262' title='bbox 781 2618 945 2689; x_wconf 76' lang='lat' dir='ltr'><strong>factus</strong></span> <span class='ocrx_word' id='word_1_263' title='bbox 961 2633 991 2667; x_wconf 92' lang='lat' dir='ltr'><strong>a</strong></span> <span class='ocrx_word' id='word_1_264' title='bbox 1015 2616 1121 2668; x_wconf 88' lang='lat' dir='ltr'><strong>Deo</strong></span> <span class='ocrx_word' id='word_1_265' title='bbox 1138 2633 1224 2689; x_wconf 83' lang='lat' dir='ltr'><strong>per</strong></span> <span class='ocrx_word' id='word_1_266' title='bbox 1244 2616 1561 2689; x_wconf 87' lang='lat' dir='ltr'><strong>intellectum</strong></span> <span class='ocrx_word' id='word_1_267' title='bbox 1583 2629 1782 2689; x_wconf 85' lang='lat' dir='ltr'><strong>agente,</strong></span> <span class='ocrx_word' id='word_1_268' title='bbox 1807 2621 1940 2673; x_wconf 86' lang='lat' dir='ltr'><strong>unde</strong></span> <span class='ocrx_word' id='word_1_269' title='bbox 1961 2615 2159 2675; x_wconf 79' lang='lat' dir='ltr'><strong>necesse</strong></span> 
     </span>
    </p>
   </div>
   <div class='ocr_carea' id='block_1_42' title="bbox 574 2686 2158 2754">
    <p class='ocr_par' dir='ltr' id='par_1_42' title="bbox 574 2686 2158 2754">
     <span class='ocr_line' id='line_1_42' title="bbox 574 2686 2158 2754; baseline 0.007 -17"><span class='ocrx_word' id='word_1_270' title='bbox 574 2695 649 2738; x_wconf 88' lang='lat' dir='ltr'><strong>est</strong></span> <span class='ocrx_word' id='word_1_271' title='bbox 696 2686 832 2753; x_wconf 81' lang='lat' dir='ltr'><strong>quod</strong></span> <span class='ocrx_word' id='word_1_272' title='bbox 859 2688 909 2737; x_wconf 90' lang='lat' dir='ltr'><strong>in</strong></span> <span class='ocrx_word' id='word_1_273' title='bbox 941 2697 1103 2739; x_wconf 86' lang='lat' dir='ltr'><strong>mente</strong></span> <span class='ocrx_word' id='word_1_274' title='bbox 1148 2688 1319 2740; x_wconf 85' lang='lat' dir='ltr'><strong>divina</strong></span> <span class='ocrx_word' id='word_1_275' title='bbox 1364 2690 1429 2741; x_wconf 88' lang='lat' dir='ltr'><strong>sit</strong></span> <span class='ocrx_word' id='word_1_276' title='bbox 1460 2686 1649 2754; x_wconf 74' lang='lat' dir='ltr'><strong>forma,</strong></span> <span class='ocrx_word' id='word_1_277' title='bbox 1674 2691 1741 2743; x_wconf 86' lang='lat' dir='ltr'><strong>ad</strong></span> <span class='ocrx_word' id='word_1_278' title='bbox 1768 2691 2158 2747; x_wconf 85' lang='lat' dir='ltr'><strong>similitudinem</strong></span> 
     </span>
    </p>
   </div>
   <div class='ocr_carea' id='block_1_43' title="bbox 575 2758 2154 2827">
    <p class='ocr_par' dir='ltr' id='par_1_43' title="bbox 575 2758 2154 2827">
     <span class='ocr_line' id='line_1_43' title="bbox 575 2758 2154 2827; baseline 0.008 -20"><span class='ocrx_word' id='word_1_279' title='bbox 575 2758 723 2827; x_wconf 69' lang='lat' dir='ltr'><strong>cujus</strong></span> <span class='ocrx_word' id='word_1_280' title='bbox 747 2759 962 2810; x_wconf 86' lang='lat' dir='ltr'><strong>mundus</strong></span> <span class='ocrx_word' id='word_1_281' title='bbox 985 2767 1056 2811; x_wconf 87' lang='lat' dir='ltr'><strong>est</strong></span> <span class='ocrx_word' id='word_1_282' title='bbox 1084 2758 1243 2827; x_wconf 77' lang='lat' dir='ltr'><strong>[actus</strong></span> <span class='ocrx_word' id='word_1_283' title='bbox 1262 2800 1275 2821; x_wconf 89' lang='lat'><strong>,</strong></span> <span class='ocrx_word' id='word_1_284' title='bbox 1301 2767 1345 2811; x_wconf 90' lang='lat' dir='ltr'><strong>et</strong></span> <span class='ocrx_word' id='word_1_285' title='bbox 1361 2761 1409 2812; x_wconf 88' lang='lat' dir='ltr'><strong>in</strong></span> <span class='ocrx_word' id='word_1_286' title='bbox 1440 2761 1536 2812; x_wconf 79' lang='lat' dir='ltr'><strong>hoc</strong></span> <span class='ocrx_word' id='word_1_287' title='bbox 1555 2762 1778 2814; x_wconf 81' lang='lat' dir='ltr'><strong>consistit</strong></span> <span class='ocrx_word' id='word_1_288' title='bbox 1804 2762 1936 2813; x_wconf 89' lang='lat' dir='ltr'><strong>ratio</strong></span> <span class='ocrx_word' id='word_1_289' title='bbox 1957 2763 2154 2819; x_wconf 67' lang='lat' dir='ltr'><strong>idem...</strong></span> 
     </span>
    </p>
   </div>
   <div class='ocr_carea' id='block_1_44' title="bbox 574 2825 2159 2889">
    <p class='ocr_par' dir='ltr' id='par_1_44' title="bbox 574 2825 2159 2889">
     <span class='ocr_line' id='line_1_44' title="bbox 574 2825 2159 2889; baseline 0.007 -12"><span class='ocrx_word' id='word_1_290' title='bbox 574 2825 713 2881; x_wconf 80' lang='lat' dir='ltr'><strong>Deus</strong></span> <span class='ocrx_word' id='word_1_291' title='bbox 733 2828 1009 2881; x_wconf 85' lang='lat' dir='ltr'><strong>secundum</strong></span> <span class='ocrx_word' id='word_1_292' title='bbox 1049 2825 1319 2882; x_wconf 80' lang='lat' dir='ltr'><strong>essentiam</strong></span> <span class='ocrx_word' id='word_1_293' title='bbox 1348 2845 1494 2882; x_wconf 89' lang='lat' dir='ltr'><strong>suam</strong></span> <span class='ocrx_word' id='word_1_294' title='bbox 1521 2842 1593 2884; x_wconf 89' lang='lat' dir='ltr'><strong>est</strong></span> <span class='ocrx_word' id='word_1_295' title='bbox 1622 2832 1903 2885; x_wconf 85' lang='lat' dir='ltr'><strong>similitudo</strong></span> <span class='ocrx_word' id='word_1_296' title='bbox 1932 2835 2159 2889; x_wconf 88' lang='lat' dir='ltr'><strong>omnium</strong></span> 
     </span>
    </p>
   </div>
   <div class='ocr_carea' id='block_1_45' title="bbox 574 2898 2158 2971">
    <p class='ocr_par' dir='ltr' id='par_1_45' title="bbox 574 2898 2158 2971">
     <span class='ocr_line' id='line_1_45' title="bbox 574 2898 2158 2971; baseline 0.008 -22"><span class='ocrx_word' id='word_1_297' title='bbox 574 2912 771 2971; x_wconf 84' lang='lat' dir='ltr'><strong>rerum:</strong></span> <span class='ocrx_word' id='word_1_298' title='bbox 800 2900 930 2952; x_wconf 84' lang='lat' dir='ltr'><strong>unde</strong></span> <span class='ocrx_word' id='word_1_299' title='bbox 950 2900 1064 2952; x_wconf 88' lang='lat' dir='ltr'><strong>idea</strong></span> <span class='ocrx_word' id='word_1_300' title='bbox 1085 2902 1136 2953; x_wconf 88' lang='lat' dir='ltr'><strong>in</strong></span> <span class='ocrx_word' id='word_1_301' title='bbox 1160 2898 1265 2953; x_wconf 89' lang='lat' dir='ltr'><strong>Deo</strong></span> <span class='ocrx_word' id='word_1_302' title='bbox 1287 2900 1414 2954; x_wconf 84' lang='lat' dir='ltr'><strong>nihil</strong></span> <span class='ocrx_word' id='word_1_303' title='bbox 1438 2910 1509 2954; x_wconf 86' lang='lat' dir='ltr'><strong>est</strong></span> <span class='ocrx_word' id='word_1_304' title='bbox 1535 2901 1678 2954; x_wconf 88' lang='lat' dir='ltr'><strong>aliud</strong></span> <span class='ocrx_word' id='word_1_305' title='bbox 1691 2920 1844 2971; x_wconf 87' lang='lat' dir='ltr'><strong>quam</strong></span> <span class='ocrx_word' id='word_1_306' title='bbox 1875 2904 1965 2958; x_wconf 85' lang='lat' dir='ltr'><strong>Dei</strong></span> <span class='ocrx_word' id='word_1_307' title='bbox 1986 2922 2158 2961; x_wconf 87' lang='lat' dir='ltr'><strong>essen-</strong></span> 
     </span>
    </p>
   </div>
   <div class='ocr_carea' id='block_1_46' title="bbox 574 2969 2157 3039">
    <p class='ocr_par' dir='ltr' id='par_1_46' title="bbox 574 2969 2157 3039">
     <span class='ocr_line' id='line_1_46' title="bbox 574 2969 2157 3039; baseline 0.007 -18"><span class='ocrx_word' id='word_1_308' title='bbox 574 2969 664 3023; x_wconf 88' lang='lat' dir='ltr'><strong>tia.</strong></span> <span class='ocrx_word' id='word_1_309' title='bbox 695 2970 848 3035; x_wconf 80' lang='lat' dir='ltr'><strong>Quod</strong></span> <span class='ocrx_word' id='word_1_310' title='bbox 878 2983 1057 3023; x_wconf 90' lang='lat' dir='ltr'><strong>autem</strong></span> <span class='ocrx_word' id='word_1_311' title='bbox 1105 2972 1289 3037; x_wconf 86' lang='lat' dir='ltr'><strong>Deum,</strong></span> <span class='ocrx_word' id='word_1_312' title='bbox 1319 2971 1385 3026; x_wconf 87' lang='lat' dir='ltr'><strong>ad</strong></span> <span class='ocrx_word' id='word_1_313' title='bbox 1411 2969 1709 3028; x_wconf 85' lang='lat' dir='ltr'><strong>creandum</strong></span> <span class='ocrx_word' id='word_1_314' title='bbox 1745 2975 1996 3029; x_wconf 91' lang='lat' dir='ltr'><strong>mundum</strong></span> <span class='ocrx_word' id='word_1_315' title='bbox 2020 3018 2033 3039; x_wconf 88' lang='lat'><strong>,</strong></span> <span class='ocrx_word' id='word_1_316' title='bbox 2066 2996 2157 3032; x_wconf 76' lang='lat' dir='ltr'><strong>e1:-</strong></span> 
     </span>
    </p>
   </div>
   <div class='ocr_carea' id='block_1_47' title="bbox 575 3044 2160 3118">
    <p class='ocr_par' dir='ltr' id='par_1_47' title="bbox 575 3044 2160 3118">
     <span class='ocr_line' id='line_1_47' title="bbox 575 3044 2160 3118; baseline 0.006 -27"><span class='ocrx_word' id='word_1_317' title='bbox 575 3050 855 3118; x_wconf 58' lang='lat' dir='ltr'><strong>terna’non</strong></span> <span class='ocrx_word' id='word_1_318' title='bbox 886 3044 1183 3118; x_wconf 46' lang='lat' dir='ltr'><strong>pepuleiunt</strong></span> <span class='ocrx_word' id='word_1_319' title='bbox 1204 3058 1391 3118; x_wconf 72' lang='lat' dir='ltr'><strong>causw,</strong></span> <span class='ocrx_word' id='word_1_320' title='bbox 1409 3044 1499 3118; x_wconf 82' lang='lat' dir='ltr'><strong>sed</strong></span> <span class='ocrx_word' id='word_1_321' title='bbox 1526 3046 1678 3118; x_wconf 88' lang='lat' dir='ltr'><strong>insita</strong></span> <span class='ocrx_word' id='word_1_322' title='bbox 1706 3048 1889 3099; x_wconf 89' lang='lat' dir='ltr'><strong>summi</strong></span> <span class='ocrx_word' id='word_1_323' title='bbox 1919 3049 2034 3100; x_wconf 87' lang='lat' dir='ltr'><strong>boni</strong></span> <span class='ocrx_word' id='word_1_324' title='bbox 2058 3051 2160 3118; x_wconf 82' lang='lat' dir='ltr'><strong>for-</strong></span> 
     </span>
    </p>
   </div>
   <div class='ocr_carea' id='block_1_48' title="bbox 574 3112 2157 3186">
    <p class='ocr_par' dir='ltr' id='par_1_48' title="bbox 574 3112 2157 3186">
     <span class='ocr_line' id='line_1_48' title="bbox 574 3112 2157 3186; baseline 0.008 -24"><span class='ocrx_word' id='word_1_325' title='bbox 574 3126 678 3177; x_wconf 88' lang='lat' dir='ltr'><strong>ma,</strong></span> <span class='ocrx_word' id='word_1_326' title='bbox 707 3112 819 3186; x_wconf 58' lang='lat' dir='ltr'><strong>sige</strong></span> <span class='ocrx_word' id='word_1_327' title='bbox 841 3113 1045 3186; x_wconf 81' lang='lat' dir='ltr'><strong>inﬁnita</strong></span> <span class='ocrx_word' id='word_1_328' title='bbox 1073 3113 1172 3186; x_wconf 83' lang='lat' dir='ltr'><strong>Dei</strong></span> <span class='ocrx_word' id='word_1_329' title='bbox 1185 3114 1453 3186; x_wconf 84' lang='lat' dir='ltr'><strong>sapientia</strong></span> <span class='ocrx_word' id='word_1_330' title='bbox 1490 3125 1544 3169; x_wconf 89' lang='lat' dir='ltr'><strong>et</strong></span> <span class='ocrx_word' id='word_1_331' title='bbox 1578 3117 1842 3180; x_wconf 89' lang='lat' dir='ltr'><strong>voluntas,</strong></span> <span class='ocrx_word' id='word_1_332' title='bbox 1872 3112 2157 3186; x_wconf 50' lang='lat' dir='ltr'><strong>pr0pte&#39;rea</strong></span> 
     </span>
    </p>
   </div>
   <div class='ocr_carea' id='block_1_49' title="bbox 575 3182 2157 3253">
    <p class='ocr_par' dir='ltr' id='par_1_49' title="bbox 575 3182 2157 3253">
     <span class='ocr_line' id='line_1_49' title="bbox 575 3182 2157 3253; baseline 0.008 -21"><span class='ocrx_word' id='word_1_333' title='bbox 575 3193 720 3237; x_wconf 90' lang='lat' dir='ltr'><strong>recte</strong></span> <span class='ocrx_word' id='word_1_334' title='bbox 750 3182 889 3237; x_wconf 93' lang='lat' dir='ltr'><strong>Deus</strong></span> <span class='ocrx_word' id='word_1_335' title='bbox 933 3184 1126 3237; x_wconf 90' lang='lat' dir='ltr'><strong>dicitur</strong></span> <span class='ocrx_word' id='word_1_336' title='bbox 1155 3184 1312 3237; x_wconf 86' lang='lat' dir='ltr'><strong>livore</strong></span> <span class='ocrx_word' id='word_1_337' title='bbox 1340 3202 1515 3239; x_wconf 84' lang='lat' dir='ltr'><strong>carens</strong></span> <span class='ocrx_word' id='word_1_338' title='bbox 1540 3203 1559 3240; x_wconf 92' lang='lat'><strong>:</strong></span> <span class='ocrx_word' id='word_1_339' title='bbox 1590 3203 1712 3242; x_wconf 92' lang='lat' dir='ltr'><strong>cum</strong></span> <span class='ocrx_word' id='word_1_340' title='bbox 1759 3182 1935 3253; x_wconf 78' lang='lat' dir='ltr'><strong>enim,</strong></span> <span class='ocrx_word' id='word_1_341' title='bbox 1960 3182 2157 3245; x_wconf 79' lang='lat' dir='ltr'><strong>ell&#39;ectu</strong></span> 
     </span>
    </p>
   </div>
   <div class='ocr_carea' id='block_1_50' title="bbox 574 3254 2155 3329">
    <p class='ocr_par' dir='ltr' id='par_1_50' title="bbox 574 3254 2155 3329">
     <span class='ocr_line' id='line_1_50' title="bbox 574 3254 2155 3329; baseline 0.007 -25"><span class='ocrx_word' id='word_1_342' title='bbox 574 3267 673 3329; x_wconf 81' lang='lat' dir='ltr'><strong>pro</strong></span> <span class='ocrx_word' id='word_1_343' title='bbox 695 3268 860 3329; x_wconf 78' lang='lat' dir='ltr'><strong>causa</strong></span> <span class='ocrx_word' id='word_1_344' title='bbox 892 3254 1100 3329; x_wconf 68' lang='lat' dir='ltr'><strong>posito,</strong></span> <span class='ocrx_word' id='word_1_345' title='bbox 1117 3256 1279 3329; x_wconf 75' lang='lat' dir='ltr'><strong>livor</strong></span> <span class='ocrx_word' id='word_1_346' title='bbox 1300 3256 1385 3310; x_wconf 90' lang='lat' dir='ltr'><strong>hic</strong></span> <span class='ocrx_word' id='word_1_347' title='bbox 1409 3258 1540 3310; x_wconf 88' lang='lat' dir='ltr'><strong>nihil</strong></span> <span class='ocrx_word' id='word_1_348' title='bbox 1565 3258 1631 3312; x_wconf 87' lang='lat' dir='ltr'><strong>sit</strong></span> <span class='ocrx_word' id='word_1_349' title='bbox 1656 3259 1799 3313; x_wconf 90' lang='lat' dir='ltr'><strong>aliud</strong></span> <span class='ocrx_word' id='word_1_350' title='bbox 1822 3275 1980 3329; x_wconf 86' lang='lat' dir='ltr'><strong>quam</strong></span> <span class='ocrx_word' id='word_1_351' title='bbox 2016 3263 2155 3315; x_wconf 87' lang='lat' dir='ltr'><strong>invi—</strong></span> 
     </span>
    </p>
   </div>
   <div class='ocr_carea' id='block_1_51' title="bbox 572 3323 2154 3399">
    <p class='ocr_par' dir='ltr' id='par_1_51' title="bbox 572 3323 2154 3399">
     <span class='ocr_line' id='line_1_51' title="bbox 572 3323 2154 3399; baseline 0.007 -24"><span class='ocrx_word' id='word_1_352' title='bbox 572 3323 696 3399; x_wconf 35' lang='lat' dir='ltr'><strong>dia,‘</strong></span> <span class='ocrx_word' id='word_1_353' title='bbox 720 3324 995 3399; x_wconf 74' lang='lat' dir='ltr'><strong>illcrecte.</strong></span> <span class='ocrx_word' id='word_1_354' title='bbox 1026 3324 1221 3399; x_wconf 77' lang='lat' dir='ltr'><strong>dicitur</strong></span> <span class='ocrx_word' id='word_1_355' title='bbox 1250 3327 1416 3381; x_wconf 87' lang='lat' dir='ltr'><strong>livore</strong></span> <span class='ocrx_word' id='word_1_356' title='bbox 1438 3342 1624 3383; x_wconf 87' lang='lat' dir='ltr'><strong>carere</strong></span> <span class='ocrx_word' id='word_1_357' title='bbox 1644 3370 1659 3395; x_wconf 91' lang='lat'><strong>,</strong></span> <span class='ocrx_word' id='word_1_358' title='bbox 1694 3330 1784 3397; x_wconf 88' lang='lat' dir='ltr'><strong>qui</strong></span> <span class='ocrx_word' id='word_1_359' title='bbox 1817 3323 1919 3383; x_wconf 80' lang='lat' dir='ltr'><strong>rion</strong></span> <span class='ocrx_word' id='word_1_360' title='bbox 1955 3332 2154 3399; x_wconf 90' lang='lat' dir='ltr'><strong>habet,</strong></span> 
     </span>
    </p>
   </div>
   <div class='ocr_carea' id='block_1_52' title="bbox 2267 2046 3857 2115">
    <p class='ocr_par' dir='ltr' id='par_1_52' title="bbox 2267 2046 3857 2115">
     <span class='ocr_line' id='line_1_52' title="bbox 2267 2046 3857 2115; baseline 0.003 -16"><span class='ocrx_word' id='word_1_361' title='bbox 2267 2047 2575 2110; x_wconf 89' lang='lat' dir='ltr'><strong>elementis,</strong></span> <span class='ocrx_word' id='word_1_362' title='bbox 2607 2061 2845 2115; x_wconf 86' lang='lat' dir='ltr'><strong>quasque</strong></span> <span class='ocrx_word' id='word_1_363' title='bbox 2872 2046 3047 2099; x_wconf 89' lang='lat' dir='ltr'><strong>minus</strong></span> <span class='ocrx_word' id='word_1_364' title='bbox 3065 2046 3253 2101; x_wconf 78' lang='lat' dir='ltr'><strong>Latine</strong></span> <span class='ocrx_word' id='word_1_365' title='bbox 3283 2058 3475 2102; x_wconf 88' lang='lat' dir='ltr'><strong>vocant</strong></span> <span class='ocrx_word' id='word_1_366' title='bbox 3494 2046 3782 2103; x_wconf 81' lang='lat' dir='ltr'><strong>ulterativas</strong></span> <span class='ocrx_word' id='word_1_367' title='bbox 3805 2060 3857 2104; x_wconf 85' lang='lat' dir='ltr'><strong>et</strong></span> 
     </span>
    </p>
   </div>
   <div class='ocr_carea' id='block_1_53' title="bbox 2266 2117 3855 2188">
    <p class='ocr_par' dir='ltr' id='par_1_53' title="bbox 2266 2117 3855 2188">
     <span class='ocr_line' id='line_1_53' title="bbox 2266 2117 3855 2188; baseline 0.003 -19"><span class='ocrx_word' id='word_1_368' title='bbox 2266 2118 2520 2171; x_wconf 79' lang='lat' dir='ltr'><strong>matrices.</strong></span> <span class='ocrx_word' id='word_1_369' title='bbox 2546 2117 2859 2179; x_wconf 71' lang='lat' dir='ltr'><strong>Alterativa&#39;,</strong></span> <span class='ocrx_word' id='word_1_370' title='bbox 2884 2117 3285 2185; x_wconf 88' lang='lat' dir='ltr'><strong>inquiunt,sunt</strong></span> <span class='ocrx_word' id='word_1_371' title='bbox 3304 2120 3445 2172; x_wconf 87' lang='lat' dir='ltr'><strong>calor</strong></span> <span class='ocrx_word' id='word_1_372' title='bbox 3473 2130 3518 2172; x_wconf 89' lang='lat' dir='ltr'><strong>et</strong></span> <span class='ocrx_word' id='word_1_373' title='bbox 3546 2120 3728 2188; x_wconf 75' lang='lat' dir='ltr'><strong>frigus,</strong></span> <span class='ocrx_word' id='word_1_374' title='bbox 3758 2122 3855 2173; x_wconf 87' lang='lat' dir='ltr'><strong>sic-</strong></span> 
     </span>
    </p>
   </div>
   <div class='ocr_carea' id='block_1_54' title="bbox 2265 2188 3856 2262">
    <p class='ocr_par' dir='ltr' id='par_1_54' title="bbox 2265 2188 3856 2262">
     <span class='ocr_line' id='line_1_54' title="bbox 2265 2188 3856 2262; baseline -0.001 -21"><span class='ocrx_word' id='word_1_375' title='bbox 2265 2188 2396 2241; x_wconf 84' lang='lat' dir='ltr'><strong>citas</strong></span> <span class='ocrx_word' id='word_1_376' title='bbox 2420 2199 2468 2262; x_wconf 84' lang='lat' dir='ltr'><strong>et</strong></span> <span class='ocrx_word' id='word_1_377' title='bbox 2499 2188 2951 2262; x_wconf 17' lang='lat' dir='ltr'><strong>liumiditas,‘qu:e</strong></span> <span class='ocrx_word' id='word_1_378' title='bbox 2968 2188 3335 2262; x_wconf 79' lang='lat' dir='ltr'><strong>signiﬁcantur</strong></span> <span class='ocrx_word' id='word_1_379' title='bbox 3364 2189 3446 2262; x_wconf 87' lang='lat' dir='ltr'><strong>his</strong></span> <span class='ocrx_word' id='word_1_380' title='bbox 3470 2191 3669 2262; x_wconf 78' lang='lat' dir='ltr'><strong>verbis,</strong></span> <span class='ocrx_word' id='word_1_381' title='bbox 3688 2201 3743 2244; x_wconf 91' lang='lat' dir='ltr'><strong>ut</strong></span> <span class='ocrx_word' id='word_1_382' title='bbox 3763 2195 3856 2262; x_wconf 64' lang='grc' dir='ltr'><strong>[τίς</strong></span> 
     </span>
    </p>
   </div>
   <div class='ocr_carea' id='block_1_55' title="bbox 2265 2258 3851 2330">
    <p class='ocr_par' dir='ltr' id='par_1_55' title="bbox 2265 2258 3851 2330">
     <span class='ocr_line' id='line_1_55' title="bbox 2265 2258 3851 2330; baseline 0.003 -19"><span class='ocrx_word' id='word_1_383' title='bbox 2265 2275 2391 2329; x_wconf 91' lang='lat' dir='ltr'><strong>gora</strong></span> <span class='ocrx_word' id='word_1_384' title='bbox 2420 2260 2641 2327; x_wconf 83' lang='lat' dir='ltr'><strong>ﬂammis</strong></span> <span class='ocrx_word' id='word_1_385' title='bbox 2662 2299 2677 2323; x_wconf 87' lang='lat'><strong>,</strong></span> <span class='ocrx_word' id='word_1_386' title='bbox 2707 2258 2859 2311; x_wconf 86' lang='lat' dir='ltr'><strong>arida</strong></span> <span class='ocrx_word' id='word_1_387' title='bbox 2882 2264 3179 2313; x_wconf 81' lang='lat' dir='ltr'><strong>conveniant</strong></span> <span class='ocrx_word' id='word_1_388' title='bbox 3208 2260 3436 2330; x_wconf 88' lang='lat' dir='ltr'><strong>liquidis.</strong></span> <span class='ocrx_word' id='word_1_389' title='bbox 3476 2260 3717 2315; x_wconf 68' lang='lat' dir='ltr'><strong>dlotrices</strong></span> <span class='ocrx_word' id='word_1_390' title='bbox 3738 2258 3851 2316; x_wconf 71' lang='lat' dir='ltr'><strong>vero</strong></span> 
     </span>
    </p>
   </div>
   <div class='ocr_carea' id='block_1_56' title="bbox 2264 2329 3853 2401">
    <p class='ocr_par' dir='ltr' id='par_1_56' title="bbox 2264 2329 3853 2401">
     <span class='ocr_line' id='line_1_56' title="bbox 2264 2329 3853 2401; baseline 0.006 -20"><span class='ocrx_word' id='word_1_391' title='bbox 2264 2329 2570 2383; x_wconf 76' lang='lat' dir='ltr'><strong>suntleoitas</strong></span> <span class='ocrx_word' id='word_1_392' title='bbox 2586 2340 2632 2383; x_wconf 90' lang='lat' dir='ltr'><strong>et</strong></span> <span class='ocrx_word' id='word_1_393' title='bbox 2658 2331 3150 2401; x_wconf 82' lang='lat' dir='ltr'><strong>gravitas,quarum</strong></span> <span class='ocrx_word' id='word_1_394' title='bbox 3178 2330 3365 2385; x_wconf 81' lang='lat' dir='ltr'><strong>elTecta</strong></span> <span class='ocrx_word' id='word_1_395' title='bbox 3390 2333 3579 2386; x_wconf 83' lang='lat' dir='ltr'><strong>merito</strong></span> <span class='ocrx_word' id='word_1_396' title='bbox 3597 2333 3679 2387; x_wconf 91' lang='lat' dir='ltr'><strong>hic</strong></span> <span class='ocrx_word' id='word_1_397' title='bbox 3703 2335 3853 2390; x_wconf 89' lang='lat' dir='ltr'><strong>time-</strong></span> 
     </span>
    </p>
   </div>
   <div class='ocr_carea' id='block_1_57' title="bbox 2265 2401 3853 2471">
    <p class='ocr_par' dir='ltr' id='par_1_57' title="bbox 2265 2401 3853 2471">
     <span class='ocr_line' id='line_1_57' title="bbox 2265 2401 3853 2471; baseline 0.004 -18"><span class='ocrx_word' id='word_1_398' title='bbox 2265 2410 2468 2465; x_wconf 90' lang='lat' dir='ltr'><strong>rentur,</strong></span> <span class='ocrx_word' id='word_1_399' title='bbox 2506 2402 2605 2455; x_wconf 91' lang='lat' dir='ltr'><strong>nisi</strong></span> <span class='ocrx_word' id='word_1_400' title='bbox 2637 2404 2898 2456; x_wconf 88' lang='lat' dir='ltr'><strong>elementa</strong></span> <span class='ocrx_word' id='word_1_401' title='bbox 2924 2401 3061 2455; x_wconf 90' lang='lat' dir='ltr'><strong>miro</strong></span> <span class='ocrx_word' id='word_1_402' title='bbox 3081 2403 3309 2471; x_wconf 85' lang='lat' dir='ltr'><strong>quodam</strong></span> <span class='ocrx_word' id='word_1_403' title='bbox 3332 2404 3489 2457; x_wconf 90' lang='lat' dir='ltr'><strong>modo</strong></span> <span class='ocrx_word' id='word_1_404' title='bbox 3510 2418 3538 2455; x_wconf 91' lang='lat' dir='ltr'><strong>a</strong></span> <span class='ocrx_word' id='word_1_405' title='bbox 3562 2403 3673 2457; x_wconf 93' lang='lat' dir='ltr'><strong>Deo</strong></span> <span class='ocrx_word' id='word_1_406' title='bbox 3693 2407 3853 2459; x_wconf 86' lang='lat' dir='ltr'><strong>certis</strong></span> 
     </span>
    </p>
   </div>
   <div class='ocr_carea' id='block_1_58' title="bbox 2267 2471 3852 2543">
    <p class='ocr_par' dir='ltr' id='par_1_58' title="bbox 2267 2471 3852 2543">
     <span class='ocr_line' id='line_1_58' title="bbox 2267 2471 3852 2543; baseline 0.004 -20"><span class='ocrx_word' id='word_1_407' title='bbox 2267 2471 2403 2525; x_wconf 92' lang='lat' dir='ltr'><strong>locis</strong></span> <span class='ocrx_word' id='word_1_408' title='bbox 2431 2473 2869 2537; x_wconf 89' lang='lat' dir='ltr'><strong>continerentur;</strong></span> <span class='ocrx_word' id='word_1_409' title='bbox 2901 2477 3195 2540; x_wconf 66' lang='lat' dir='ltr'><strong>pric~ertiiti</strong></span> <span class='ocrx_word' id='word_1_410' title='bbox 3222 2474 3375 2543; x_wconf 81' lang='lat' dir='ltr'><strong>juxta</strong></span> <span class='ocrx_word' id='word_1_411' title='bbox 3400 2475 3667 2541; x_wconf 84' lang='lat' dir='ltr'><strong>vulgatam</strong></span> <span class='ocrx_word' id='word_1_412' title='bbox 3705 2475 3852 2529; x_wconf 84' lang='lat' dir='ltr'><strong>Peri-</strong></span> 
     </span>
    </p>
   </div>
   <div class='ocr_carea' id='block_1_59' title="bbox 2265 2543 3853 2615">
    <p class='ocr_par' dir='ltr' id='par_1_59' title="bbox 2265 2543 3853 2615">
     <span class='ocr_line' id='line_1_59' title="bbox 2265 2543 3853 2615; baseline 0.003 -20"><span class='ocrx_word' id='word_1_413' title='bbox 2265 2546 2619 2609; x_wconf 89' lang='lat' dir='ltr'><strong>pateticorum</strong></span> <span class='ocrx_word' id='word_1_414' title='bbox 2652 2543 2978 2615; x_wconf 87' lang='lat' dir='ltr'><strong>opinionem.</strong></span> <span class='ocrx_word' id='word_1_415' title='bbox 3012 2544 3067 2599; x_wconf 89' lang='lat' dir='ltr'><strong>Si</strong></span> <span class='ocrx_word' id='word_1_416' title='bbox 3096 2546 3237 2599; x_wconf 89' lang='lat' dir='ltr'><strong>enim</strong></span> <span class='ocrx_word' id='word_1_417' title='bbox 3260 2587 3274 2609; x_wconf 93' lang='lat'><strong>,</strong></span> <span class='ocrx_word' id='word_1_418' title='bbox 3313 2553 3367 2599; x_wconf 93' lang='lat' dir='ltr'><strong>ut</strong></span> <span class='ocrx_word' id='word_1_419' title='bbox 3396 2544 3732 2615; x_wconf 88' lang='lat' dir='ltr'><strong>Peripatetici</strong></span> <span class='ocrx_word' id='word_1_420' title='bbox 3757 2547 3853 2615; x_wconf 72' lang='lat' dir='ltr'><strong>op!</strong></span> 
     </span>
    </p>
   </div>
   <div class='ocr_carea' id='block_1_60' title="bbox 2264 2613 3849 2685">
    <p class='ocr_par' dir='ltr' id='par_1_60' title="bbox 2264 2613 3849 2685">
     <span class='ocr_line' id='line_1_60' title="bbox 2264 2613 3849 2685; baseline 0.002 -19"><span class='ocrx_word' id='word_1_421' title='bbox 2264 2621 2411 2677; x_wconf 89' lang='lat' dir='ltr'><strong>tant,</strong></span> <span class='ocrx_word' id='word_1_422' title='bbox 2436 2623 2660 2683; x_wconf 89' lang='lat' dir='ltr'><strong>quatuor</strong></span> <span class='ocrx_word' id='word_1_423' title='bbox 2678 2613 2791 2668; x_wconf 61' lang='lat' dir='ltr'><strong>haec</strong></span> <span class='ocrx_word' id='word_1_424' title='bbox 2804 2616 3087 2683; x_wconf 90' lang='lat' dir='ltr'><strong>elementa,</strong></span> <span class='ocrx_word' id='word_1_425' title='bbox 3110 2616 3359 2669; x_wconf 89' lang='lat' dir='ltr'><strong>nimirum</strong></span> <span class='ocrx_word' id='word_1_426' title='bbox 3379 2613 3534 2683; x_wconf 73' lang='lat' dir='ltr'><strong>ignis,</strong></span> <span class='ocrx_word' id='word_1_427' title='bbox 3562 2631 3673 2681; x_wconf 87' lang='lat' dir='ltr'><strong>aer,</strong></span> <span class='ocrx_word' id='word_1_428' title='bbox 3694 2613 3849 2685; x_wconf 83' lang='lat' dir='ltr'><strong>aqua,</strong></span> 
     </span>
    </p>
   </div>
   <div class='ocr_carea' id='block_1_61' title="bbox 2265 2686 3851 2756">
    <p class='ocr_par' dir='ltr' id='par_1_61' title="bbox 2265 2686 3851 2756">
     <span class='ocr_line' id='line_1_61' title="bbox 2265 2686 3851 2756; baseline 0.004 -19"><span class='ocrx_word' id='word_1_429' title='bbox 2265 2694 2321 2737; x_wconf 89' lang='lat' dir='ltr'><strong>et</strong></span> <span class='ocrx_word' id='word_1_430' title='bbox 2350 2694 2514 2750; x_wconf 90' lang='lat' dir='ltr'><strong>terra,</strong></span> <span class='ocrx_word' id='word_1_431' title='bbox 2542 2686 2661 2740; x_wconf 83' lang='lat' dir='ltr'><strong>sive</strong></span> <span class='ocrx_word' id='word_1_432' title='bbox 2701 2687 2959 2753; x_wconf 86' lang='lat' dir='ltr'><strong>appetitu,</strong></span> <span class='ocrx_word' id='word_1_433' title='bbox 2992 2686 3106 2741; x_wconf 86' lang='lat' dir='ltr'><strong>sive</strong></span> <span class='ocrx_word' id='word_1_434' title='bbox 3130 2687 3471 2740; x_wconf 81' lang='lat' dir='ltr'><strong>inclinatione</strong></span> <span class='ocrx_word' id='word_1_435' title='bbox 3497 2726 3514 2751; x_wconf 88' lang='lat'><strong>,</strong></span> <span class='ocrx_word' id='word_1_436' title='bbox 3543 2687 3658 2742; x_wconf 89' lang='lat' dir='ltr'><strong>sive</strong></span> <span class='ocrx_word' id='word_1_437' title='bbox 3682 2689 3851 2756; x_wconf 81' lang='lat' dir='ltr'><strong>quali—</strong></span> 
     </span>
    </p>
   </div>
   <div class='ocr_carea' id='block_1_62' title="bbox 2264 2755 3850 2826">
    <p class='ocr_par' dir='ltr' id='par_1_62' title="bbox 2264 2755 3850 2826">
     <span class='ocr_line' id='line_1_62' title="bbox 2264 2755 3850 2826; baseline 0.004 -19"><span class='ocrx_word' id='word_1_438' title='bbox 2264 2761 2371 2809; x_wconf 86' lang='lat' dir='ltr'><strong>tate</strong></span> <span class='ocrx_word' id='word_1_439' title='bbox 2400 2756 2626 2810; x_wconf 86' lang='lat' dir='ltr'><strong>naturali</strong></span> <span class='ocrx_word' id='word_1_440' title='bbox 2656 2757 2723 2809; x_wconf 90' lang='lat' dir='ltr'><strong>ita</strong></span> <span class='ocrx_word' id='word_1_441' title='bbox 2748 2755 3077 2820; x_wconf 86' lang='lat' dir='ltr'><strong>alticiantur,</strong></span> <span class='ocrx_word' id='word_1_442' title='bbox 3101 2766 3159 2810; x_wconf 93' lang='lat' dir='ltr'><strong>ut</strong></span> <span class='ocrx_word' id='word_1_443' title='bbox 3182 2769 3273 2811; x_wconf 91' lang='lat' dir='ltr'><strong>aer</strong></span> <span class='ocrx_word' id='word_1_444' title='bbox 3296 2764 3351 2809; x_wconf 88' lang='lat' dir='ltr'><strong>et</strong></span> <span class='ocrx_word' id='word_1_445' title='bbox 3371 2757 3507 2826; x_wconf 88' lang='lat' dir='ltr'><strong>ignis</strong></span> <span class='ocrx_word' id='word_1_446' title='bbox 3532 2755 3740 2812; x_wconf 87' lang='lat' dir='ltr'><strong>sursum</strong></span> <span class='ocrx_word' id='word_1_447' title='bbox 3757 2774 3850 2814; x_wconf 79' lang='lat' dir='ltr'><strong>sua</strong></span> 
     </span>
    </p>
   </div>
   <div class='ocr_carea' id='block_1_63' title="bbox 2262 2826 3845 2895">
    <p class='ocr_par' dir='ltr' id='par_1_63' title="bbox 2262 2826 3845 2895">
     <span class='ocr_line' id='line_1_63' title="bbox 2262 2826 3845 2895; baseline 0.003 -16"><span class='ocrx_word' id='word_1_448' title='bbox 2262 2826 2510 2882; x_wconf 87' lang='lat' dir='ltr'><strong>levitate:</strong></span> <span class='ocrx_word' id='word_1_449' title='bbox 2543 2834 2747 2895; x_wconf 88' lang='lat' dir='ltr'><strong>aquaet</strong></span> <span class='ocrx_word' id='word_1_450' title='bbox 2771 2837 2910 2880; x_wconf 90' lang='lat' dir='ltr'><strong>terra</strong></span> <span class='ocrx_word' id='word_1_451' title='bbox 2934 2828 3183 2881; x_wconf 68' lang='lat' dir='ltr'><strong>deorsum</strong></span> <span class='ocrx_word' id='word_1_452' title='bbox 3199 2843 3296 2882; x_wconf 90' lang='lat' dir='ltr'><strong>sua</strong></span> <span class='ocrx_word' id='word_1_453' title='bbox 3322 2839 3580 2895; x_wconf 67' lang='lat' dir='ltr'><strong>gravitate</strong></span> <span class='ocrx_word' id='word_1_454' title='bbox 3609 2830 3845 2895; x_wconf 91' lang='lat' dir='ltr'><strong>tendant,</strong></span> 
     </span>
    </p>
   </div>
   <div class='ocr_carea' id='block_1_64' title="bbox 2262 2896 3844 2967">
    <p class='ocr_par' dir='ltr' id='par_1_64' title="bbox 2262 2896 3844 2967">
     <span class='ocr_line' id='line_1_64' title="bbox 2262 2896 3844 2967; baseline 0.003 -18"><span class='ocrx_word' id='word_1_455' title='bbox 2262 2898 2388 2963; x_wconf 88' lang='lat' dir='ltr'><strong>quid</strong></span> <span class='ocrx_word' id='word_1_456' title='bbox 2432 2899 2642 2961; x_wconf 91' lang='lat' dir='ltr'><strong>obstat,</strong></span> <span class='ocrx_word' id='word_1_457' title='bbox 2677 2898 2777 2951; x_wconf 90' lang='lat' dir='ltr'><strong>nisi</strong></span> <span class='ocrx_word' id='word_1_458' title='bbox 2806 2896 2945 2951; x_wconf 90' lang='lat' dir='ltr'><strong>Deus</strong></span> <span class='ocrx_word' id='word_1_459' title='bbox 2978 2910 3234 2967; x_wconf 91' lang='lat' dir='ltr'><strong>perpetuo</strong></span> <span class='ocrx_word' id='word_1_460' title='bbox 3278 2899 3508 2966; x_wconf 88' lang='lat' dir='ltr'><strong>quodam</strong></span> <span class='ocrx_word' id='word_1_461' title='bbox 3551 2901 3844 2965; x_wconf 89' lang='lat' dir='ltr'><strong>miraculo,</strong></span> 
     </span>
    </p>
   </div>
   <div class='ocr_carea' id='block_1_65' title="bbox 2262 2968 3844 3039">
    <p class='ocr_par' dir='ltr' id='par_1_65' title="bbox 2262 2968 3844 3039">
     <span class='ocr_line' id='line_1_65' title="bbox 2262 2968 3844 3039; baseline 0.003 -19"><span class='ocrx_word' id='word_1_462' title='bbox 2262 2968 2387 3039; x_wconf 86' lang='lat' dir='ltr'><strong>quin</strong></span> <span class='ocrx_word' id='word_1_463' title='bbox 2418 2980 2645 3039; x_wconf 90' lang='lat' dir='ltr'><strong>quatuor</strong></span> <span class='ocrx_word' id='word_1_464' title='bbox 2676 2968 2790 3022; x_wconf 70' lang='lat' dir='ltr'><strong>haze</strong></span> <span class='ocrx_word' id='word_1_465' title='bbox 2818 2969 3079 3023; x_wconf 87' lang='lat' dir='ltr'><strong>elementa</strong></span> <span class='ocrx_word' id='word_1_466' title='bbox 3105 3012 3119 3031; x_wconf 86' lang='lat'><strong>,</strong></span> <span class='ocrx_word' id='word_1_467' title='bbox 3149 2971 3540 3039; x_wconf 89' lang='lat' dir='ltr'><strong>quantumlibet</strong></span> <span class='ocrx_word' id='word_1_468' title='bbox 3569 2973 3844 3037; x_wconf 80' lang='lat' dir='ltr'><strong>pennista,</strong></span> 
     </span>
    </p>
   </div>
   <div class='ocr_carea' id='block_1_66' title="bbox 2264 3038 3845 3108">
    <p class='ocr_par' dir='ltr' id='par_1_66' title="bbox 2264 3038 3845 3108">
     <span class='ocr_line' id='line_1_66' title="bbox 2264 3038 3845 3108; baseline 0.003 -18"><span class='ocrx_word' id='word_1_469' title='bbox 2264 3038 2477 3092; x_wconf 89' lang='lat' dir='ltr'><strong>tandem</strong></span> <span class='ocrx_word' id='word_1_470' title='bbox 2510 3038 2798 3108; x_wconf 89' lang='lat' dir='ltr'><strong>aliquando</strong></span> <span class='ocrx_word' id='word_1_471' title='bbox 2840 3055 2868 3092; x_wconf 90' lang='lat' dir='ltr'><strong>a</strong></span> <span class='ocrx_word' id='word_1_472' title='bbox 2900 3054 2957 3093; x_wconf 89' lang='lat' dir='ltr'><strong>se</strong></span> <span class='ocrx_word' id='word_1_473' title='bbox 3000 3038 3224 3095; x_wconf 84' lang='lat' dir='ltr'><strong>invicem</strong></span> <span class='ocrx_word' id='word_1_474' title='bbox 3258 3041 3478 3095; x_wconf 89' lang='lat' dir='ltr'><strong>liberata</strong></span> <span class='ocrx_word' id='word_1_475' title='bbox 3503 3081 3516 3104; x_wconf 93' lang='lat'><strong>,</strong></span> <span class='ocrx_word' id='word_1_476' title='bbox 3552 3042 3595 3094; x_wconf 91' lang='lat' dir='ltr'><strong>si</strong></span> <span class='ocrx_word' id='word_1_477' title='bbox 3627 3056 3731 3095; x_wconf 93' lang='lat' dir='ltr'><strong>non</strong></span> <span class='ocrx_word' id='word_1_478' title='bbox 3764 3044 3845 3095; x_wconf 84' lang='lat' dir='ltr'><strong>in-</strong></span> 
     </span>
    </p>
   </div>
   <div class='ocr_carea' id='block_1_67' title="bbox 2263 3110 3843 3181">
    <p class='ocr_par' dir='ltr' id='par_1_67' title="bbox 2263 3110 3843 3181">
     <span class='ocr_line' id='line_1_67' title="bbox 2263 3110 3843 3181; baseline 0.003 -20"><span class='ocrx_word' id='word_1_479' title='bbox 2263 3117 2501 3181; x_wconf 82' lang='lat' dir='ltr'><strong>tercepto</strong></span> <span class='ocrx_word' id='word_1_480' title='bbox 2524 3110 2751 3177; x_wconf 89' lang='lat' dir='ltr'><strong>quodam</strong></span> <span class='ocrx_word' id='word_1_481' title='bbox 2783 3110 2925 3164; x_wconf 91' lang='lat' dir='ltr'><strong>inani</strong></span> <span class='ocrx_word' id='word_1_482' title='bbox 2959 3111 3134 3177; x_wconf 89' lang='lat' dir='ltr'><strong>hiatu,</strong></span> <span class='ocrx_word' id='word_1_483' title='bbox 3166 3111 3353 3165; x_wconf 89' lang='lat' dir='ltr'><strong>saltem</strong></span> <span class='ocrx_word' id='word_1_484' title='bbox 3382 3111 3491 3165; x_wconf 88' lang='lat' dir='ltr'><strong>suis</strong></span> <span class='ocrx_word' id='word_1_485' title='bbox 3519 3127 3737 3181; x_wconf 66' lang='lat' dir='ltr'><strong>qumque</strong></span> <span class='ocrx_word' id='word_1_486' title='bbox 3766 3112 3843 3166; x_wconf 67' lang='grc' dir='ltr'><strong>Ιοδ</strong></span> 
     </span>
    </p>
   </div>
   <div class='ocr_carea' id='block_1_68' title="bbox 2264 3179 3838 3252">
    <p class='ocr_par' dir='ltr' id='par_1_68' title="bbox 2264 3179 3838 3252">
     <span class='ocr_line' id='line_1_68' title="bbox 2264 3179 3838 3252; baseline 0.001 -19"><span class='ocrx_word' id='word_1_487' title='bbox 2264 3179 2343 3233; x_wconf 91' lang='lat' dir='ltr'><strong>cis</strong></span> <span class='ocrx_word' id='word_1_488' title='bbox 2396 3182 2809 3235; x_wconf 87' lang='lat' dir='ltr'><strong>contineantur:</strong></span> <span class='ocrx_word' id='word_1_489' title='bbox 2853 3182 3301 3252; x_wconf 80' lang='lat' dir='ltr'><strong>quemadmodum</strong></span> <span class='ocrx_word' id='word_1_490' title='bbox 3349 3197 3481 3251; x_wconf 87' lang='lat' dir='ltr'><strong>aqua</strong></span> <span class='ocrx_word' id='word_1_491' title='bbox 3529 3179 3579 3236; x_wconf 86' lang='lat' dir='ltr'><strong>et</strong></span> <span class='ocrx_word' id='word_1_492' title='bbox 3623 3182 3838 3249; x_wconf 88' lang='lat' dir='ltr'><strong>oleum,</strong></span> 
     </span>
    </p>
   </div>
   <div class='ocr_carea' id='block_1_69' title="bbox 2262 3252 3835 3319">
    <p class='ocr_par' dir='ltr' id='par_1_69' title="bbox 2262 3252 3835 3319">
     <span class='ocr_line' id='line_1_69' title="bbox 2262 3252 3835 3319; baseline 0.003 -16"><span class='ocrx_word' id='word_1_493' title='bbox 2262 3252 2653 3319; x_wconf 89' lang='lat' dir='ltr'><strong>quantumlibet</strong></span> <span class='ocrx_word' id='word_1_494' title='bbox 2682 3252 2931 3319; x_wconf 88' lang='lat' dir='ltr'><strong>permista</strong></span> <span class='ocrx_word' id='word_1_495' title='bbox 2964 3252 3033 3307; x_wconf 89' lang='lat' dir='ltr'><strong>ita</strong></span> <span class='ocrx_word' id='word_1_496' title='bbox 3062 3268 3091 3307; x_wconf 91' lang='lat' dir='ltr'><strong>a</strong></span> <span class='ocrx_word' id='word_1_497' title='bbox 3118 3266 3237 3307; x_wconf 86' lang='lat' dir='ltr'><strong>Sese</strong></span> <span class='ocrx_word' id='word_1_498' title='bbox 3265 3253 3491 3306; x_wconf 90' lang='lat' dir='ltr'><strong>invicem</strong></span> <span class='ocrx_word' id='word_1_499' title='bbox 3524 3252 3835 3317; x_wconf 87' lang='lat' dir='ltr'><strong>liberantur,</strong></span> 
     </span>
    </p>
   </div>
   <div class='ocr_carea' id='block_1_70' title="bbox 2266 3322 3843 3392">
    <p class='ocr_par' dir='ltr' id='par_1_70' title="bbox 2266 3322 3843 3392">
     <span class='ocr_line' id='line_1_70' title="bbox 2266 3322 3843 3392; baseline 0.002 -18"><span class='ocrx_word' id='word_1_500' title='bbox 2266 3331 2323 3375; x_wconf 94' lang='lat' dir='ltr'><strong>ut</strong></span> <span class='ocrx_word' id='word_1_501' title='bbox 2339 3337 2478 3391; x_wconf 89' lang='lat' dir='ltr'><strong>aqua</strong></span> <span class='ocrx_word' id='word_1_502' title='bbox 2495 3322 2742 3377; x_wconf 91' lang='lat' dir='ltr'><strong>deorsum</strong></span> <span class='ocrx_word' id='word_1_503' title='bbox 2770 3324 3081 3392; x_wconf 78' lang='lat' dir='ltr'><strong>subjiciatur</strong></span> <span class='ocrx_word' id='word_1_504' title='bbox 3102 3366 3116 3389; x_wconf 91' lang='lat'><strong>,</strong></span> <span class='ocrx_word' id='word_1_505' title='bbox 3136 3324 3311 3377; x_wconf 90' lang='lat' dir='ltr'><strong>oleum</strong></span> <span class='ocrx_word' id='word_1_506' title='bbox 3334 3337 3461 3378; x_wconf 90' lang='lat' dir='ltr'><strong>vero</strong></span> <span class='ocrx_word' id='word_1_507' title='bbox 3479 3340 3687 3377; x_wconf 89' lang='lat' dir='ltr'><strong>sursum</strong></span> <span class='ocrx_word' id='word_1_508' title='bbox 3711 3324 3843 3378; x_wconf 80' lang='lat' dir='ltr'><strong>emi-</strong></span> 
     </span>
    </p>
   </div>
   <div class='ocr_carea' id='block_1_71' title="bbox 572 3382 3845 3468">
    <p class='ocr_par' dir='ltr' id='par_1_71' title="bbox 572 3382 3845 3468">
     <span class='ocr_line' id='line_1_71' title="bbox 572 3382 3845 3468; baseline 0.005 -21"><span class='ocrx_word' id='word_1_509' title='bbox 572 3382 922 3468; x_wconf 20' lang='lat' dir='ltr'><strong>cuivinvitlere</strong></span> <span class='ocrx_word' id='word_1_510' title='bbox 948 3400 1131 3462; x_wconf 85' lang='lat' dir='ltr'><strong>possit:</strong></span> <span class='ocrx_word' id='word_1_511' title='bbox 1170 3397 1307 3450; x_wconf 92' lang='lat' dir='ltr'><strong>Deus</strong></span> <span class='ocrx_word' id='word_1_512' title='bbox 1332 3408 1510 3452; x_wconf 89' lang='lat' dir='ltr'><strong>autem</strong></span> <span class='ocrx_word' id='word_1_513' title='bbox 1538 3382 1755 3468; x_wconf 71' lang='lat' dir='ltr'><strong>(utpole</strong></span> <span class='ocrx_word' id='word_1_514' title='bbox 1771 3382 2051 3455; x_wconf 32' lang='lat' dir='ltr'><strong>summu-in—</strong></span> <span class='ocrx_word' id='word_1_515' title='bbox 2067 3382 2162 3457; x_wconf 61' lang='lat' dir='ltr'><strong>ibi</strong></span> <span class='ocrx_word' id='word_1_516' title='bbox 2188 3382 2234 3444; x_wconf 69' lang='grc' dir='ltr'>ο</span> <span class='ocrx_word' id='word_1_517' title='bbox 2267 3382 2422 3468; x_wconf 55' lang='grc' dir='ltr'><strong>ειθειέτ</strong></span> <span class='ocrx_word' id='word_1_518' title='bbox 2454 3395 2797 3468; x_wconf 62' lang='grc' dir='ltr'><strong>[Ιηέληιοῦτθῐη</strong></span> <span class='ocrx_word' id='word_1_519' title='bbox 2830 3382 3338 3468; x_wconf 52' lang='grc' dir='ltr'><strong>νέοιςιῖιιὶῖοεονιιὶθ</strong></span> <span class='ocrx_word' id='word_1_520' title='bbox 3363 3395 3540 3468; x_wconf 53' lang='lat' dir='ltr'><strong>add&quot;:</strong></span> <span class='ocrx_word' id='word_1_521' title='bbox 3578 3394 3845 3465; x_wconf 69' lang='grc' dir='ltr'><strong>Νερυνίον</strong></span> 
     </span>
    </p>
   </div>
   <div class='ocr_carea' id='block_1_72' title="bbox 574 3466 2160 3537">
    <p class='ocr_par' dir='ltr' id='par_1_72' title="bbox 574 3466 2160 3537">
     <span class='ocr_line' id='line_1_72' title="bbox 574 3466 2160 3537; baseline 0.009 -22"><span class='ocrx_word' id='word_1_522' title='bbox 574 3466 743 3537; x_wconf 81' lang='lat' dir='ltr'><strong>num),</strong></span> <span class='ocrx_word' id='word_1_523' title='bbox 771 3480 799 3517; x_wconf 88' lang='lat' dir='ltr'><strong>a</strong></span> <span class='ocrx_word' id='word_1_524' title='bbox 824 3480 928 3537; x_wconf 90' lang='lat' dir='ltr'><strong>quo</strong></span> <span class='ocrx_word' id='word_1_525' title='bbox 960 3475 1013 3537; x_wconf 81' lang='lat' dir='ltr'><strong>et</strong></span> <span class='ocrx_word' id='word_1_526' title='bbox 1039 3474 1255 3533; x_wconf 86' lang='lat' dir='ltr'><strong>pr0pter</strong></span> <span class='ocrx_word' id='word_1_527' title='bbox 1279 3483 1437 3534; x_wconf 90' lang='lat' dir='ltr'><strong>quem</strong></span> <span class='ocrx_word' id='word_1_528' title='bbox 1467 3466 1699 3523; x_wconf 83' lang='lat' dir='ltr'><strong>mundus</strong></span> <span class='ocrx_word' id='word_1_529' title='bbox 1726 3471 1893 3524; x_wconf 79' lang='lat' dir='ltr'><strong>laetus</strong></span> <span class='ocrx_word' id='word_1_530' title='bbox 1914 3483 2022 3537; x_wconf 90' lang='lat' dir='ltr'><strong>est,</strong></span> <span class='ocrx_word' id='word_1_531' title='bbox 2055 3490 2160 3530; x_wconf 90' lang='lat' dir='ltr'><strong>non</strong></span> 
     </span>
    </p>
   </div>
   <div class='ocr_carea' id='block_1_73' title="bbox 576 3534 2162 3608">
    <p class='ocr_par' dir='ltr' id='par_1_73' title="bbox 576 3534 2162 3608">
     <span class='ocr_line' id='line_1_73' title="bbox 576 3534 2162 3608; baseline 0.01 -23"><span class='ocrx_word' id='word_1_532' title='bbox 576 3534 758 3608; x_wconf 82' lang='lat' dir='ltr'><strong>habet,</strong></span> <span class='ocrx_word' id='word_1_533' title='bbox 772 3540 855 3608; x_wconf 79' lang='lat' dir='ltr'><strong>cui</strong></span> <span class='ocrx_word' id='word_1_534' title='bbox 872 3535 1111 3608; x_wconf 81' lang='lat' dir='ltr'><strong>invidere</strong></span> <span class='ocrx_word' id='word_1_535' title='bbox 1127 3538 1319 3608; x_wconf 88' lang='lat' dir='ltr'><strong>possit:</strong></span> <span class='ocrx_word' id='word_1_536' title='bbox 1344 3540 1775 3608; x_wconf 87' lang='lat' dir='ltr'><strong>quandoquidem</strong></span> <span class='ocrx_word' id='word_1_537' title='bbox 1791 3534 2162 3601; x_wconf 27' lang='lat' dir='ltr'><strong>summo-bono</strong></span> 
     </span>
    </p>
   </div>
   <div class='ocr_carea' id='block_1_74' title="bbox 574 3604 2163 3675">
    <p class='ocr_par' dir='ltr' id='par_1_74' title="bbox 574 3604 2163 3675">
     <span class='ocr_line' id='line_1_74' title="bbox 574 3604 2163 3675; baseline 0.01 -20"><span class='ocrx_word' id='word_1_538' title='bbox 574 3604 764 3657; x_wconf 78' lang='lat' dir='ltr'><strong>melius</strong></span> <span class='ocrx_word' id='word_1_539' title='bbox 787 3606 917 3658; x_wconf 90' lang='lat' dir='ltr'><strong>nihil</strong></span> <span class='ocrx_word' id='word_1_540' title='bbox 945 3607 1235 3675; x_wconf 73' lang='lat' dir='ltr'><strong>excogitari</strong></span> <span class='ocrx_word' id='word_1_541' title='bbox 1263 3604 1455 3672; x_wconf 73' lang='lat' dir='ltr'><strong>potest.</strong></span> <span class='ocrx_word' id='word_1_542' title='bbox 1478 3604 1610 3663; x_wconf 82' lang='lat' dir='ltr'><strong>Hinc</strong></span> <span class='ocrx_word' id='word_1_543' title='bbox 1629 3613 1790 3665; x_wconf 86' lang='lat' dir='ltr'><strong>etiam</strong></span> <span class='ocrx_word' id='word_1_544' title='bbox 1815 3612 1957 3667; x_wconf 90' lang='lat' dir='ltr'><strong>Deus</strong></span> <span class='ocrx_word' id='word_1_545' title='bbox 1979 3628 2163 3671; x_wconf 89' lang='lat' dir='ltr'><strong>cuncta</strong></span> 
     </span>
    </p>
   </div>
   <div class='ocr_carea' id='block_1_75' title="bbox 572 3676 2159 3743">
    <p class='ocr_par' dir='ltr' id='par_1_75' title="bbox 572 3676 2159 3743">
     <span class='ocr_line' id='line_1_75' title="bbox 572 3676 2159 3743; baseline 0.009 -17"><span class='ocrx_word' id='word_1_546' title='bbox 572 3690 792 3742; x_wconf 87' lang='lat' dir='ltr'><strong>superno</strong></span> <span class='ocrx_word' id='word_1_547' title='bbox 821 3676 956 3728; x_wconf 87' lang='lat' dir='ltr'><strong>ducit</strong></span> <span class='ocrx_word' id='word_1_548' title='bbox 978 3678 1038 3729; x_wconf 90' lang='lat' dir='ltr'><strong>ab</strong></span> <span class='ocrx_word' id='word_1_549' title='bbox 1065 3679 1293 3743; x_wconf 74' lang='lat' dir='ltr'><strong>exemplo</strong></span> <span class='ocrx_word' id='word_1_550' title='bbox 1320 3679 1566 3734; x_wconf 83' lang='lat' dir='ltr'><strong>videlicet</strong></span> <span class='ocrx_word' id='word_1_551' title='bbox 1586 3695 1615 3733; x_wconf 89' lang='lat' dir='ltr'><strong>a</strong></span> <span class='ocrx_word' id='word_1_552' title='bbox 1636 3680 1816 3735; x_wconf 88' lang='lat' dir='ltr'><strong>divina</strong></span> <span class='ocrx_word' id='word_1_553' title='bbox 1834 3684 1951 3737; x_wconf 91' lang='lat' dir='ltr'><strong>idea</strong></span> <span class='ocrx_word' id='word_1_554' title='bbox 1981 3696 2036 3739; x_wconf 89' lang='lat' dir='ltr'><strong>et</strong></span> <span class='ocrx_word' id='word_1_555' title='bbox 2060 3702 2159 3740; x_wconf 82' lang='lat' dir='ltr'><strong>vo-</strong></span> 
     </span>
    </p>
   </div>
   <div class='ocr_carea' id='block_1_76' title="bbox 575 3744 2162 3819">
    <p class='ocr_par' dir='ltr' id='par_1_76' title="bbox 575 3744 2162 3819">
     <span class='ocr_line' id='line_1_76' title="bbox 575 3744 2162 3819; baseline 0.012 -24"><span class='ocrx_word' id='word_1_556' title='bbox 575 3744 1107 3819; x_wconf 22' lang='lat' dir='ltr'><strong>luntatetqumicum</strong></span> <span class='ocrx_word' id='word_1_557' title='bbox 1151 3748 1220 3800; x_wconf 91' lang='lat' dir='ltr'><strong>sit</strong></span> <span class='ocrx_word' id='word_1_558' title='bbox 1255 3749 1413 3810; x_wconf 87' lang='lat' dir='ltr'><strong>Deus.</strong></span> <span class='ocrx_word' id='word_1_559' title='bbox 1458 3752 1557 3805; x_wconf 89' lang='lat' dir='ltr'><strong>hac</strong></span> <span class='ocrx_word' id='word_1_560' title='bbox 1588 3751 1718 3805; x_wconf 89' lang='lat' dir='ltr'><strong>nihil</strong></span> <span class='ocrx_word' id='word_1_561' title='bbox 1766 3756 2012 3819; x_wconf 86' lang='lat' dir='ltr'><strong>superius</strong></span> <span class='ocrx_word' id='word_1_562' title='bbox 2041 3772 2162 3814; x_wconf 86' lang='lat' dir='ltr'><strong>esse</strong></span> 
     </span>
    </p>
   </div>
   <div class='ocr_carea' id='block_1_77' title="bbox 574 3816 2160 3895">
    <p class='ocr_par' dir='ltr' id='par_1_77' title="bbox 574 3816 2160 3895">
     <span class='ocr_line' id='line_1_77' title="bbox 574 3816 2160 3895; baseline 0.01 -29"><span class='ocrx_word' id='word_1_563' title='bbox 574 3825 768 3895; x_wconf 75' lang='lat' dir='ltr'><strong>potest.</strong></span> <span class='ocrx_word' id='word_1_564' title='bbox 800 3816 930 3870; x_wconf 88' lang='lat' dir='ltr'><strong>lliuc</strong></span> <span class='ocrx_word' id='word_1_565' title='bbox 958 3818 1101 3895; x_wconf 82' lang='lat' dir='ltr'><strong>Deus</strong></span> <span class='ocrx_word' id='word_1_566' title='bbox 1122 3820 1372 3895; x_wconf 69' lang='lat' dir='ltr'><strong>mundum</strong></span> <span class='ocrx_word' id='word_1_567' title='bbox 1394 3830 1558 3874; x_wconf 88' lang='lat' dir='ltr'><strong>mente</strong></span> <span class='ocrx_word' id='word_1_568' title='bbox 1570 3825 1720 3895; x_wconf 84' lang='lat' dir='ltr'><strong>gerit,</strong></span> <span class='ocrx_word' id='word_1_569' title='bbox 1745 3816 1998 3895; x_wconf 78' lang='lat' dir='ltr'><strong>similique</strong></span> <span class='ocrx_word' id='word_1_570' title='bbox 2025 3829 2160 3881; x_wconf 88' lang='lat' dir='ltr'><strong>ima-</strong></span> 
     </span>
    </p>
   </div>
   <div class='ocr_carea' id='block_1_78' title="bbox 573 3886 2156 3965">
    <p class='ocr_par' dir='ltr' id='par_1_78' title="bbox 573 3886 2156 3965">
     <span class='ocr_line' id='line_1_78' title="bbox 573 3886 2156 3965; baseline 0.011 -29"><span class='ocrx_word' id='word_1_571' title='bbox 573 3886 687 3965; x_wconf 65' lang='lat' dir='ltr'><strong>gine</strong></span> <span class='ocrx_word' id='word_1_572' title='bbox 714 3890 920 3965; x_wconf 72' lang='lat' dir='ltr'><strong>format.</strong></span> <span class='ocrx_word' id='word_1_573' title='bbox 955 3890 1013 3965; x_wconf 73' lang='lat' dir='ltr'><strong>S.</strong></span> <span class='ocrx_word' id='word_1_574' title='bbox 1063 3894 1283 3957; x_wconf 86' lang='lat' dir='ltr'><strong>August.</strong></span> <span class='ocrx_word' id='word_1_575' title='bbox 1320 3891 1414 3946; x_wconf 92' lang='lat' dir='ltr'><strong>lib.</strong></span> <span class='ocrx_word' id='word_1_576' title='bbox 1446 3886 1644 3965; x_wconf 57' lang='lat' dir='ltr'><strong>Lxxx&#39;ut</strong></span> <span class='ocrx_word' id='word_1_577' title='bbox 1690 3886 1923 3965; x_wconf 66' lang='lat' dir='ltr'><strong>Quaest.,</strong></span> <span class='ocrx_word' id='word_1_578' title='bbox 1945 3914 1998 3965; x_wconf 87' lang='lat' dir='ltr'><strong>q.</strong></span> <span class='ocrx_word' id='word_1_579' title='bbox 2041 3897 2111 3953; x_wconf 71' lang='grc'><strong>46</strong></span> <span class='ocrx_word' id='word_1_580' title='bbox 2141 3916 2156 3953; x_wconf 92' lang='lat'><strong>:</strong></span> 
     </span>
    </p>
   </div>
   <div class='ocr_carea' id='block_1_79' title="bbox 573 3956 2158 4028">
    <p class='ocr_par' dir='ltr' id='par_1_79' title="bbox 573 3956 2158 4028">
     <span class='ocr_line' id='line_1_79' title="bbox 573 3956 2158 4028; baseline 0.008 -19"><span class='ocrx_word' id='word_1_581' title='bbox 573 3956 794 4023; x_wconf 78' lang='lat' dir='ltr'><strong>Singula</strong></span> <span class='ocrx_word' id='word_1_582' title='bbox 821 3961 1040 4028; x_wconf 87' lang='lat' dir='ltr'><strong>propriis</strong></span> <span class='ocrx_word' id='word_1_583' title='bbox 1068 3956 1183 4012; x_wconf 81' lang='lat' dir='ltr'><strong>sunt</strong></span> <span class='ocrx_word' id='word_1_584' title='bbox 1207 3970 1377 4013; x_wconf 85' lang='lat' dir='ltr'><strong>creata</strong></span> <span class='ocrx_word' id='word_1_585' title='bbox 1405 3956 1849 4018; x_wconf 41' lang='lat' dir='ltr'><strong>rationibusfHas</strong></span> <span class='ocrx_word' id='word_1_586' title='bbox 1874 3956 2045 4021; x_wconf 73' lang='lat' dir='ltr'><strong>autem</strong></span> <span class='ocrx_word' id='word_1_587' title='bbox 2068 3985 2158 4021; x_wconf 89' lang='lat' dir='ltr'><strong>ra-</strong></span> 
     </span>
    </p>
   </div>
   <div class='ocr_carea' id='block_1_80' title="bbox 573 4029 2160 4104">
    <p class='ocr_par' dir='ltr' id='par_1_80' title="bbox 573 4029 2160 4104">
     <span class='ocr_line' id='line_1_80' title="bbox 573 4029 2160 4104; baseline 0.011 -26"><span class='ocrx_word' id='word_1_588' title='bbox 573 4029 864 4104; x_wconf 78' lang='lat' dir='ltr'><strong>tiones,_ubi</strong></span> <span class='ocrx_word' id='word_1_589' title='bbox 891 4031 1246 4104; x_wconf 69' lang='lat' dir='ltr'><strong>arbitrandum</strong></span> <span class='ocrx_word' id='word_1_590' title='bbox 1270 4042 1342 4085; x_wconf 87' lang='lat' dir='ltr'><strong>est</strong></span> <span class='ocrx_word' id='word_1_591' title='bbox 1370 4048 1474 4085; x_wconf 85' lang='lat' dir='ltr'><strong>esse</strong></span> <span class='ocrx_word' id='word_1_592' title='bbox 1501 4035 1600 4087; x_wconf 88' lang='lat' dir='ltr'><strong>nisi</strong></span> <span class='ocrx_word' id='word_1_593' title='bbox 1620 4035 1673 4086; x_wconf 87' lang='lat' dir='ltr'><strong>in</strong></span> <span class='ocrx_word' id='word_1_594' title='bbox 1696 4036 1809 4104; x_wconf 85' lang='lat' dir='ltr'><strong>ipsa</strong></span> <span class='ocrx_word' id='word_1_595' title='bbox 1841 4051 2160 4095; x_wconf 86' lang='lat' dir='ltr'><strong>mentecrea-</strong></span> 
     </span>
    </p>
   </div>
   <div class='ocr_carea' id='block_1_81' title="bbox 574 4098 2155 4178">
    <p class='ocr_par' dir='ltr' id='par_1_81' title="bbox 574 4098 2155 4178">
     <span class='ocr_line' id='line_1_81' title="bbox 574 4098 2155 4178; baseline 0.009 -28"><span class='ocrx_word' id='word_1_596' title='bbox 574 4098 718 4152; x_wconf 86' lang='lat' dir='ltr'><strong>toris.</strong></span> <span class='ocrx_word' id='word_1_597' title='bbox 748 4098 866 4178; x_wconf 77' lang='lat' dir='ltr'><strong>Non</strong></span> <span class='ocrx_word' id='word_1_598' title='bbox 893 4102 1026 4178; x_wconf 82' lang='lat' dir='ltr'><strong>enim</strong></span> <span class='ocrx_word' id='word_1_599' title='bbox 1046 4111 1193 4178; x_wconf 73' lang='lat' dir='ltr'><strong>extra</strong></span> <span class='ocrx_word' id='word_1_600' title='bbox 1214 4117 1267 4155; x_wconf 89' lang='lat' dir='ltr'><strong>se</strong></span> <span class='ocrx_word' id='word_1_601' title='bbox 1288 4104 1565 4178; x_wconf 87' lang='lat' dir='ltr'><strong>quidquam</strong></span> <span class='ocrx_word' id='word_1_602' title='bbox 1595 4098 1815 4173; x_wconf 83' lang='lat' dir='ltr'><strong>positum</strong></span> <span class='ocrx_word' id='word_1_603' title='bbox 1841 4109 2155 4178; x_wconf 83' lang='lat' dir='ltr'><strong>intuebatur,</strong></span> 
     </span>
    </p>
   </div>
   <div class='ocr_carea' id='block_1_82' title="bbox 572 4171 2162 4241">
    <p class='ocr_par' dir='ltr' id='par_1_82' title="bbox 572 4171 2162 4241">
     <span class='ocr_line' id='line_1_82' title="bbox 572 4171 2162 4241; baseline 0.01 -21"><span class='ocrx_word' id='word_1_604' title='bbox 572 4177 627 4220; x_wconf 86' lang='lat' dir='ltr'><strong>ut</strong></span> <span class='ocrx_word' id='word_1_605' title='bbox 650 4171 928 4222; x_wconf 83' lang='lat' dir='ltr'><strong>secundum</strong></span> <span class='ocrx_word' id='word_1_606' title='bbox 947 4174 999 4223; x_wconf 83' lang='lat' dir='ltr'><strong>id</strong></span> <span class='ocrx_word' id='word_1_607' title='bbox 1025 4174 1350 4226; x_wconf 80' lang='lat' dir='ltr'><strong>constitueret</strong></span> <span class='ocrx_word' id='word_1_608' title='bbox 1378 4177 1512 4241; x_wconf 85' lang='lat' dir='ltr'><strong>quod</strong></span> <span class='ocrx_word' id='word_1_609' title='bbox 1538 4171 1893 4240; x_wconf 84' lang='lat' dir='ltr'><strong>constituebat,</strong></span> <span class='ocrx_word' id='word_1_610' title='bbox 1916 4196 2034 4233; x_wconf 88' lang='lat' dir='ltr'><strong>nam</strong></span> <span class='ocrx_word' id='word_1_611' title='bbox 2063 4171 2162 4237; x_wconf 72' lang='lat' dir='ltr'><strong>hoc</strong></span> 
     </span>
    </p>
   </div>
   <div class='ocr_carea' id='block_1_83' title="bbox 572 4242 2158 4320">
    <p class='ocr_par' dir='ltr' id='par_1_83' title="bbox 572 4242 2158 4320">
     <span class='ocr_line' id='line_1_83' title="bbox 572 4242 2158 4320; baseline 0.011 -28"><span class='ocrx_word' id='word_1_612' title='bbox 572 4242 773 4320; x_wconf 60' lang='lat' dir='ltr'><strong>Opinari</strong></span> <span class='ocrx_word' id='word_1_613' title='bbox 802 4242 1103 4320; x_wconf 74' lang='lat' dir='ltr'><strong>sacrilegum</strong></span> <span class='ocrx_word' id='word_1_614' title='bbox 1136 4255 1227 4296; x_wconf 86' lang='lat' dir='ltr'><strong>est.</strong></span> <span class='ocrx_word' id='word_1_615' title='bbox 1268 4244 1517 4299; x_wconf 82' lang='lat' dir='ltr'><strong>Nonnulli</strong></span> <span class='ocrx_word' id='word_1_616' title='bbox 1548 4256 1730 4320; x_wconf 80' lang='lat' dir='ltr'><strong>putant</strong></span> <span class='ocrx_word' id='word_1_617' title='bbox 1758 4249 1845 4304; x_wconf 90' lang='lat' dir='ltr'><strong>hic</strong></span> <span class='ocrx_word' id='word_1_618' title='bbox 1870 4250 2158 4320; x_wconf 84' lang='lat' dir='ltr'><strong>legendum</strong></span> 
     </span>
    </p>
   </div>
   <div class='ocr_carea' id='block_1_84' title="bbox 570 4311 2159 4389">
    <p class='ocr_par' dir='ltr' id='par_1_84' title="bbox 570 4311 2159 4389">
     <span class='ocr_line' id='line_1_84' title="bbox 570 4311 2159 4389; baseline 0.012 -28"><span class='ocrx_word' id='word_1_619' title='bbox 570 4311 825 4389; x_wconf 76' lang='lat' dir='ltr'><strong>similique</strong></span> <span class='ocrx_word' id='word_1_620' title='bbox 853 4328 903 4364; x_wconf 84' lang='lat' dir='ltr'><strong>tn</strong></span> <span class='ocrx_word' id='word_1_621' title='bbox 926 4311 1147 4389; x_wconf 79' lang='lat' dir='ltr'><strong>imagine</strong></span> <span class='ocrx_word' id='word_1_622' title='bbox 1179 4311 1662 4389; x_wconf 69' lang='lat' dir='ltr'><strong>propter-versum.</strong></span> <span class='ocrx_word' id='word_1_623' title='bbox 1696 4318 1800 4374; x_wconf 84' lang='lat' dir='ltr'><strong>Sed</strong></span> <span class='ocrx_word' id='word_1_624' title='bbox 1843 4336 1871 4374; x_wconf 89' lang='lat' dir='ltr'><strong>a</strong></span> <span class='ocrx_word' id='word_1_625' title='bbox 1914 4311 2159 4389; x_wconf 72' lang='lat' dir='ltr'><strong>pluribus</strong></span> 
     </span>
    </p>
   </div>
   <div class='ocr_carea' id='block_1_85' title="bbox 571 4383 2153 4463">
    <p class='ocr_par' dir='ltr' id='par_1_85' title="bbox 571 4383 2153 4463">
     <span class='ocr_line' id='line_1_85' title="bbox 571 4383 2153 4463; baseline 0.01 -30"><span class='ocrx_word' id='word_1_626' title='bbox 571 4383 837 4463; x_wconf 76' lang='lat' dir='ltr'><strong>omittitur</strong></span> <span class='ocrx_word' id='word_1_627' title='bbox 862 4397 961 4436; x_wconf 72' lang='lat' dir='ltr'><strong>Vox</strong></span> <span class='ocrx_word' id='word_1_628' title='bbox 987 4384 1281 4463; x_wconf 78' lang='lat' dir='ltr'><strong>illain,qua</strong></span> <span class='ocrx_word' id='word_1_629' title='bbox 1303 4387 1508 4463; x_wconf 75' lang='lat' dir='ltr'><strong>sublata</strong></span> <span class='ocrx_word' id='word_1_630' title='bbox 1535 4390 1732 4463; x_wconf 84' lang='lat' dir='ltr'><strong>rectius</strong></span> <span class='ocrx_word' id='word_1_631' title='bbox 1746 4383 2153 4463; x_wconf 76' lang='lat' dir='ltr'><strong>signiﬁcabitur,</strong></span> 
     </span>
    </p>
   </div>
   <div class='ocr_carea' id='block_1_86' title="bbox 572 4450 2160 4529">
    <p class='ocr_par' dir='ltr' id='par_1_86' title="bbox 572 4450 2160 4529">
     <span class='ocr_line' id='line_1_86' title="bbox 572 4450 2160 4529; baseline 0.012 -26"><span class='ocrx_word' id='word_1_632' title='bbox 572 4450 743 4529; x_wconf 69' lang='lat' dir='ltr'><strong>idenm</strong></span> <span class='ocrx_word' id='word_1_633' title='bbox 781 4467 899 4507; x_wconf 89' lang='lat' dir='ltr'><strong>esse</strong></span> <span class='ocrx_word' id='word_1_634' title='bbox 936 4450 1210 4529; x_wconf 30' lang='lat' dir='ltr'><strong>modum;</strong></span> <span class='ocrx_word' id='word_1_635' title='bbox 1243 4471 1352 4529; x_wconf 64' lang='lat' dir='ltr'><strong>quo</strong></span> <span class='ocrx_word' id='word_1_636' title='bbox 1377 4450 1821 4529; x_wconf 12' lang='lat' dir='ltr'><strong>ADeusimundumv</strong></span> <span class='ocrx_word' id='word_1_637' title='bbox 1842 4463 2067 4529; x_wconf 89' lang='lat' dir='ltr'><strong>t‘ormat,</strong></span> <span class='ocrx_word' id='word_1_638' title='bbox 2101 4450 2160 4521; x_wconf 63' lang='lat' dir='ltr'><strong>et</strong></span> 
     </span>
    </p>
   </div>
   <div class='ocr_carea' id='block_1_87' title="bbox 568 4521 2009 4599">
    <p class='ocr_par' dir='ltr' id='par_1_87' title="bbox 568 4521 2009 4599">
     <span class='ocr_line' id='line_1_87' title="bbox 568 4521 2009 4599; baseline 0.01 -25"><span class='ocrx_word' id='word_1_639' title='bbox 568 4521 730 4576; x_wconf 88' lang='lat' dir='ltr'><strong>stabit</strong></span> <span class='ocrx_word' id='word_1_640' title='bbox 760 4539 965 4589; x_wconf 89' lang='lat' dir='ltr'><strong>versus,</strong></span> <span class='ocrx_word' id='word_1_641' title='bbox 1000 4526 1214 4594; x_wconf 91' lang='lat' dir='ltr'><strong>utapud</strong></span> <span class='ocrx_word' id='word_1_642' title='bbox 1243 4526 1432 4597; x_wconf 83' lang='lat' dir='ltr'><strong>Virgil.</strong></span> <span class='ocrx_word' id='word_1_643' title='bbox 1467 4544 1483 4583; x_wconf 91' lang='lat' dir='ltr'><strong>t</strong></span> <span class='ocrx_word' id='word_1_644' title='bbox 1512 4528 1745 4599; x_wconf 68' lang='lat' dir='ltr'><strong>Georg,</strong></span> <span class='ocrx_word' id='word_1_645' title='bbox 1779 4548 1831 4586; x_wconf 94' lang='lat' dir='ltr'><strong>v.</strong></span> <span class='ocrx_word' id='word_1_646' title='bbox 1864 4532 1961 4588; x_wconf 74' lang='grc'><strong>281</strong></span> <span class='ocrx_word' id='word_1_647' title='bbox 1996 4553 2009 4589; x_wconf 93' lang='lat'><strong>:</strong></span> 
     </span>
    </p>
   </div>
   <div class='ocr_carea' id='block_1_88' title="bbox 753 4634 1805 4701">
    <p class='ocr_par' dir='ltr' id='par_1_88' title="bbox 753 4634 1805 4701">
     <span class='ocr_line' id='line_1_88' title="bbox 753 4634 1805 4701; baseline 0.01 -18"><span class='ocrx_word' id='word_1_648' title='bbox 753 4634 850 4684; x_wconf 87' lang='lat' dir='ltr'><strong>Ter</strong></span> <span class='ocrx_word' id='word_1_649' title='bbox 872 4642 985 4686; x_wconf 88' lang='lat' dir='ltr'><strong>sunt</strong></span> <span class='ocrx_word' id='word_1_650' title='bbox 1004 4640 1162 4687; x_wconf 89' lang='lat' dir='ltr'><strong>conati</strong></span> <span class='ocrx_word' id='word_1_651' title='bbox 1187 4652 1440 4701; x_wconf 84' lang='lat' dir='ltr'><strong>imponere</strong></span> <span class='ocrx_word' id='word_1_652' title='bbox 1464 4642 1603 4691; x_wconf 90' lang='lat' dir='ltr'><strong>Pelio</strong></span> <span class='ocrx_word' id='word_1_653' title='bbox 1622 4646 1805 4694; x_wconf 79' lang='lat' dir='ltr'><strong>Ossam.</strong></span> 
     </span>
    </p>
   </div>
   <div class='ocr_carea' id='block_1_89' title="bbox 2267 3462 3665 3533">
    <p class='ocr_par' dir='ltr' id='par_1_89' title="bbox 2267 3462 3665 3533">
     <span class='ocr_line' id='line_1_89' title="bbox 2267 3462 3665 3533; baseline 0.002 -19"><span class='ocrx_word' id='word_1_654' title='bbox 2267 3462 2399 3533; x_wconf 84' lang='lat' dir='ltr'><strong>ignis</strong></span> <span class='ocrx_word' id='word_1_655' title='bbox 2424 3464 2603 3529; x_wconf 86' lang='lat' dir='ltr'><strong>evolet,</strong></span> <span class='ocrx_word' id='word_1_656' title='bbox 2626 3473 2713 3517; x_wconf 89' lang='lat' dir='ltr'><strong>aut</strong></span> <span class='ocrx_word' id='word_1_657' title='bbox 2738 3481 2927 3518; x_wconf 89' lang='lat' dir='ltr'><strong>mersas</strong></span> <span class='ocrx_word' id='word_1_658' title='bbox 2955 3465 3206 3518; x_wconf 59' lang='lat' dir='ltr'><strong>deducant</strong></span> <span class='ocrx_word' id='word_1_659' title='bbox 3236 3466 3460 3533; x_wconf 82' lang='lat' dir='ltr'><strong>pondera</strong></span> <span class='ocrx_word' id='word_1_660' title='bbox 3489 3476 3665 3519; x_wconf 87' lang='lat' dir='ltr'><strong>terras.</strong></span> 
     </span>
    </p>
   </div>
   <div class='ocr_carea' id='block_1_90' title="bbox 2341 3534 3845 3606">
    <p class='ocr_par' dir='ltr' id='par_1_90' title="bbox 2341 3534 3845 3606">
     <span class='ocr_line' id='line_1_90' title="bbox 2341 3534 3845 3606; baseline 0.003 -19"><span class='ocrx_word' id='word_1_661' title='bbox 2341 3536 2428 3606; x_wconf 74' lang='grc'><strong>15.</strong></span> <span class='ocrx_word' id='word_1_662' title='bbox 2470 3534 2543 3606; x_wconf 69' lang='lat' dir='ltr'><strong>Tu</strong></span> <span class='ocrx_word' id='word_1_663' title='bbox 2572 3535 2791 3606; x_wconf 85' lang='lat' dir='ltr'><strong>triplicis</strong></span> <span class='ocrx_word' id='word_1_664' title='bbox 2825 3537 3040 3589; x_wconf 86' lang='lat' dir='ltr'><strong>mediam</strong></span> <span class='ocrx_word' id='word_1_665' title='bbox 3068 3547 3284 3596; x_wconf 67' lang='lat' dir='ltr'><strong>naturae.</strong></span> <span class='ocrx_word' id='word_1_666' title='bbox 3316 3534 3444 3606; x_wconf 86' lang='lat' dir='ltr'><strong>elc.]</strong></span> <span class='ocrx_word' id='word_1_667' title='bbox 3479 3536 3539 3589; x_wconf 91' lang='lat' dir='ltr'><strong>ll.</strong></span> <span class='ocrx_word' id='word_1_668' title='bbox 3564 3536 3750 3606; x_wconf 85' lang='lat' dir='ltr'><strong>Agitur</strong></span> <span class='ocrx_word' id='word_1_669' title='bbox 3776 3536 3845 3591; x_wconf 88' lang='lat' dir='ltr'><strong>de</strong></span> 
     </span>
    </p>
   </div>
   <div class='ocr_carea' id='block_1_91' title="bbox 2266 3604 3843 3677">
    <p class='ocr_par' dir='ltr' id='par_1_91' title="bbox 2266 3604 3843 3677">
     <span class='ocr_line' id='line_1_91' title="bbox 2266 3604 3843 3677; baseline 0.003 -20"><span class='ocrx_word' id='word_1_670' title='bbox 2266 3604 2455 3677; x_wconf 88' lang='lat' dir='ltr'><strong>spiritu</strong></span> <span class='ocrx_word' id='word_1_671' title='bbox 2481 3605 2749 3677; x_wconf 83' lang='lat' dir='ltr'><strong>Universi,</strong></span> <span class='ocrx_word' id='word_1_672' title='bbox 2781 3606 2869 3675; x_wconf 93' lang='lat' dir='ltr'><strong>qui</strong></span> <span class='ocrx_word' id='word_1_673' title='bbox 2894 3609 3087 3677; x_wconf 85' lang='lat' dir='ltr'><strong>positis</strong></span> <span class='ocrx_word' id='word_1_674' title='bbox 3113 3608 3239 3676; x_wconf 90' lang='lat' dir='ltr'><strong>ipsis</strong></span> <span class='ocrx_word' id='word_1_675' title='bbox 3271 3604 3475 3660; x_wconf 69' lang='lat' dir='ltr'><strong>natura:</strong></span> <span class='ocrx_word' id='word_1_676' title='bbox 3499 3604 3720 3677; x_wconf 78' lang='lat' dir='ltr'><strong>legibus,</strong></span> <span class='ocrx_word' id='word_1_677' title='bbox 3738 3616 3843 3661; x_wconf 88' lang='lat' dir='ltr'><strong>sta-</strong></span> 
     </span>
    </p>
   </div>
   <div class='ocr_carea' id='block_1_92' title="bbox 2268 3676 3844 3745">
    <p class='ocr_par' dir='ltr' id='par_1_92' title="bbox 2268 3676 3844 3745">
     <span class='ocr_line' id='line_1_92' title="bbox 2268 3676 3844 3745; baseline 0.004 -18"><span class='ocrx_word' id='word_1_678' title='bbox 2268 3676 2360 3728; x_wconf 91' lang='lat' dir='ltr'><strong>tim</strong></span> <span class='ocrx_word' id='word_1_679' title='bbox 2394 3688 2513 3745; x_wconf 91' lang='lat' dir='ltr'><strong>post</strong></span> <span class='ocrx_word' id='word_1_680' title='bbox 2549 3676 2802 3744; x_wconf 80' lang='lat' dir='ltr'><strong>producta</strong></span> <span class='ocrx_word' id='word_1_681' title='bbox 2832 3676 3015 3731; x_wconf 86' lang='lat' dir='ltr'><strong>mundi</strong></span> <span class='ocrx_word' id='word_1_682' title='bbox 3047 3676 3311 3731; x_wconf 88' lang='lat' dir='ltr'><strong>elementa</strong></span> <span class='ocrx_word' id='word_1_683' title='bbox 3357 3677 3499 3731; x_wconf 85' lang='lat' dir='ltr'><strong>nasci</strong></span> <span class='ocrx_word' id='word_1_684' title='bbox 3530 3676 3708 3731; x_wconf 83' lang='lat' dir='ltr'><strong>debet.</strong></span> <span class='ocrx_word' id='word_1_685' title='bbox 3749 3678 3844 3733; x_wconf 89' lang='lat' dir='ltr'><strong>Hic</strong></span> 
     </span>
    </p>
   </div>
   <div class='ocr_carea' id='block_1_93' title="bbox 2266 3747 3844 3818">
    <p class='ocr_par' dir='ltr' id='par_1_93' title="bbox 2266 3747 3844 3818">
     <span class='ocr_line' id='line_1_93' title="bbox 2266 3747 3844 3818; baseline 0.003 -19"><span class='ocrx_word' id='word_1_686' title='bbox 2266 3756 2445 3818; x_wconf 87' lang='lat' dir='ltr'><strong>autem</strong></span> <span class='ocrx_word' id='word_1_687' title='bbox 2460 3748 2699 3815; x_wconf 90' lang='lat' dir='ltr'><strong>spiritus,</strong></span> <span class='ocrx_word' id='word_1_688' title='bbox 2716 3747 2785 3801; x_wconf 87' lang='lat' dir='ltr'><strong>de</strong></span> <span class='ocrx_word' id='word_1_689' title='bbox 2806 3762 2913 3815; x_wconf 85' lang='lat' dir='ltr'><strong>quo</strong></span> <span class='ocrx_word' id='word_1_690' title='bbox 2944 3750 3090 3815; x_wconf 86' lang='lat' dir='ltr'><strong>plura</strong></span> <span class='ocrx_word' id='word_1_691' title='bbox 3123 3749 3358 3802; x_wconf 89' lang='lat' dir='ltr'><strong>diximus</strong></span> <span class='ocrx_word' id='word_1_692' title='bbox 3383 3748 3435 3801; x_wconf 90' lang='lat' dir='ltr'><strong>in</strong></span> <span class='ocrx_word' id='word_1_693' title='bbox 3468 3748 3707 3818; x_wconf 74' lang='lat' dir='ltr'><strong>physica,</strong></span> <span class='ocrx_word' id='word_1_694' title='bbox 3732 3764 3844 3803; x_wconf 86' lang='lat' dir='ltr'><strong>me-</strong></span> 
     </span>
    </p>
   </div>
   <div class='ocr_carea' id='block_1_94' title="bbox 2265 3816 3840 3886">
    <p class='ocr_par' dir='ltr' id='par_1_94' title="bbox 2265 3816 3840 3886">
     <span class='ocr_line' id='line_1_94' title="bbox 2265 3816 3840 3886; baseline 0.002 -18"><span class='ocrx_word' id='word_1_695' title='bbox 2265 3816 2371 3886; x_wconf 85' lang='lat' dir='ltr'><strong>rito</strong></span> <span class='ocrx_word' id='word_1_696' title='bbox 2409 3818 2492 3869; x_wconf 91' lang='lat' dir='ltr'><strong>hic</strong></span> <span class='ocrx_word' id='word_1_697' title='bbox 2523 3818 2738 3882; x_wconf 88' lang='lat' dir='ltr'><strong>dicitur,</strong></span> <span class='ocrx_word' id='word_1_698' title='bbox 2770 3818 3021 3871; x_wconf 80' lang='lat' dir='ltr'><strong>|°anima</strong></span> <span class='ocrx_word' id='word_1_699' title='bbox 3083 3818 3140 3872; x_wconf 74' lang='lat'><strong>2°</strong></span> <span class='ocrx_word' id='word_1_700' title='bbox 3163 3819 3376 3886; x_wconf 85' lang='lat' dir='ltr'><strong>triplicis</strong></span> <span class='ocrx_word' id='word_1_701' title='bbox 3417 3816 3614 3872; x_wconf 70' lang='lat' dir='ltr'><strong>naturae</strong></span> <span class='ocrx_word' id='word_1_702' title='bbox 3652 3820 3840 3883; x_wconf 83' lang='lat' dir='ltr'><strong>media,</strong></span> 
     </span>
    </p>
   </div>
   <div class='ocr_carea' id='block_1_95' title="bbox 2266 3885 3842 3960">
    <p class='ocr_par' dir='ltr' id='par_1_95' title="bbox 2266 3885 3842 3960">
     <span class='ocr_line' id='line_1_95' title="bbox 2266 3885 3842 3960; baseline 0.002 -21"><span class='ocrx_word' id='word_1_703' title='bbox 2266 3885 2323 3939; x_wconf 74' lang='lat'><strong>3°</strong></span> <span class='ocrx_word' id='word_1_704' title='bbox 2354 3896 2533 3939; x_wconf 87' lang='lat' dir='ltr'><strong>cuncta</strong></span> <span class='ocrx_word' id='word_1_705' title='bbox 2579 3903 2791 3949; x_wconf 81' lang='lat' dir='ltr'><strong>movere,</strong></span> <span class='ocrx_word' id='word_1_706' title='bbox 2835 3888 2902 3941; x_wconf 65' lang='grc'><strong>4⁸</strong></span> <span class='ocrx_word' id='word_1_707' title='bbox 2924 3906 2953 3941; x_wconf 91' lang='lat' dir='ltr'><strong>a</strong></span> <span class='ocrx_word' id='word_1_708' title='bbox 2995 3887 3103 3942; x_wconf 90' lang='lat' dir='ltr'><strong>Deo</strong></span> <span class='ocrx_word' id='word_1_709' title='bbox 3126 3885 3380 3953; x_wconf 81' lang='lat' dir='ltr'><strong>connecti,</strong></span> <span class='ocrx_word' id='word_1_710' title='bbox 3413 3890 3471 3943; x_wconf 83' lang='lat'>5°</span> <span class='ocrx_word' id='word_1_711' title='bbox 3500 3906 3587 3960; x_wconf 88' lang='lat' dir='ltr'><strong>per</strong></span> <span class='ocrx_word' id='word_1_712' title='bbox 3622 3906 3842 3943; x_wconf 87' lang='lat' dir='ltr'><strong>consona</strong></span> 
     </span>
    </p>
   </div>
   <div class='ocr_carea' id='block_1_96' title="bbox 2264 3960 3842 4029">
    <p class='ocr_par' dir='ltr' id='par_1_96' title="bbox 2264 3960 3842 4029">
     <span class='ocr_line' id='line_1_96' title="bbox 2264 3960 3842 4029; baseline 0.003 -20"><span class='ocrx_word' id='word_1_713' title='bbox 2264 3960 2486 4010; x_wconf 84' lang='lat' dir='ltr'><strong>membra</strong></span> <span class='ocrx_word' id='word_1_714' title='bbox 2506 3960 2710 4022; x_wconf 68' lang='lat' dir='ltr'><strong>resolvi,</strong></span> <span class='ocrx_word' id='word_1_715' title='bbox 2745 3960 2798 4012; x_wconf 80' lang='lat' dir='ltr'><strong>b°</strong></span> <span class='ocrx_word' id='word_1_716' title='bbox 2826 3970 2960 4013; x_wconf 88' lang='lat' dir='ltr'><strong>secta</strong></span> <span class='ocrx_word' id='word_1_717' title='bbox 2989 3960 3224 4026; x_wconf 87' lang='lat' dir='ltr'><strong>circuire,</strong></span> <span class='ocrx_word' id='word_1_718' title='bbox 3258 3960 3481 4028; x_wconf 87' lang='lat' dir='ltr'><strong>primum</strong></span> <span class='ocrx_word' id='word_1_719' title='bbox 3512 3962 3724 4029; x_wconf 88' lang='lat' dir='ltr'><strong>quidem</strong></span> <span class='ocrx_word' id='word_1_720' title='bbox 3748 3976 3842 4029; x_wconf 85' lang='lat' dir='ltr'><strong>per</strong></span> 
     </span>
    </p>
   </div>
   <div class='ocr_carea' id='block_1_97' title="bbox 2264 4028 3841 4099">
    <p class='ocr_par' dir='ltr' id='par_1_97' title="bbox 2264 4028 3841 4099">
     <span class='ocr_line' id='line_1_97' title="bbox 2264 4028 3841 4099; baseline 0.004 -20"><span class='ocrx_word' id='word_1_721' title='bbox 2264 4028 2520 4099; x_wconf 83' lang='lat' dir='ltr'><strong>majores,</strong></span> <span class='ocrx_word' id='word_1_722' title='bbox 2548 4030 2742 4085; x_wconf 90' lang='lat' dir='ltr'><strong>deinde</strong></span> <span class='ocrx_word' id='word_1_723' title='bbox 2769 4045 2863 4099; x_wconf 85' lang='lat' dir='ltr'><strong>per</strong></span> <span class='ocrx_word' id='word_1_724' title='bbox 2891 4032 3122 4086; x_wconf 89' lang='lat' dir='ltr'><strong>minores</strong></span> <span class='ocrx_word' id='word_1_725' title='bbox 3154 4032 3332 4085; x_wconf 90' lang='lat' dir='ltr'><strong>mundi</strong></span> <span class='ocrx_word' id='word_1_726' title='bbox 3362 4032 3611 4099; x_wconf 90' lang='lat' dir='ltr'><strong>vortices,</strong></span> <span class='ocrx_word' id='word_1_727' title='bbox 3643 4039 3697 4086; x_wconf 87' lang='lat' dir='ltr'><strong>e’t</strong></span> <span class='ocrx_word' id='word_1_728' title='bbox 3726 4028 3841 4085; x_wconf 84' lang='lat' dir='ltr'><strong>tau-</strong></span> 
     </span>
    </p>
   </div>
   <div class='ocr_carea' id='block_1_98' title="bbox 2265 4098 3842 4171">
    <p class='ocr_par' dir='ltr' id='par_1_98' title="bbox 2265 4098 3842 4171">
     <span class='ocr_line' id='line_1_98' title="bbox 2265 4098 3842 4171; baseline 0.003 -19"><span class='ocrx_word' id='word_1_729' title='bbox 2265 4098 2387 4153; x_wconf 91' lang='lat' dir='ltr'><strong>dem</strong></span> <span class='ocrx_word' id='word_1_730' title='bbox 2410 4100 2475 4152; x_wconf 91' lang='lat' dir='ltr'><strong>ad</strong></span> <span class='ocrx_word' id='word_1_731' title='bbox 2505 4115 2660 4153; x_wconf 92' lang='lat' dir='ltr'><strong>suum</strong></span> <span class='ocrx_word' id='word_1_732' title='bbox 2694 4098 2889 4155; x_wconf 82' lang='lat' dir='ltr'><strong>reverti</strong></span> <span class='ocrx_word' id='word_1_733' title='bbox 2920 4103 3327 4171; x_wconf 86' lang='lat' dir='ltr'><strong>principium,ut</strong></span> <span class='ocrx_word' id='word_1_734' title='bbox 3356 4102 3455 4156; x_wconf 92' lang='lat' dir='ltr'><strong>hoc</strong></span> <span class='ocrx_word' id='word_1_735' title='bbox 3483 4098 3729 4171; x_wconf 86' lang='lat' dir='ltr'><strong>exemplo</strong></span> <span class='ocrx_word' id='word_1_736' title='bbox 3750 4104 3842 4156; x_wconf 86' lang='lat' dir='ltr'><strong>de-</strong></span> 
     </span>
    </p>
   </div>
   <div class='ocr_carea' id='block_1_99' title="bbox 2269 4172 3841 4240">
    <p class='ocr_par' dir='ltr' id='par_1_99' title="bbox 2269 4172 3841 4240">
     <span class='ocr_line' id='line_1_99' title="bbox 2269 4172 3841 4240; baseline 0.003 -18"><span class='ocrx_word' id='word_1_737' title='bbox 2269 4179 2618 4237; x_wconf 89' lang='lat' dir='ltr'><strong>monstretur,</strong></span> <span class='ocrx_word' id='word_1_738' title='bbox 2653 4172 2946 4238; x_wconf 88' lang='lat' dir='ltr'><strong>hominem,</strong></span> <span class='ocrx_word' id='word_1_739' title='bbox 2978 4175 3120 4239; x_wconf 86' lang='lat' dir='ltr'><strong>quia</strong></span> <span class='ocrx_word' id='word_1_740' title='bbox 3154 4174 3262 4227; x_wconf 92' lang='lat' dir='ltr'><strong>Deo</strong></span> <span class='ocrx_word' id='word_1_741' title='bbox 3301 4181 3551 4240; x_wconf 90' lang='lat' dir='ltr'><strong>tanquam</strong></span> <span class='ocrx_word' id='word_1_742' title='bbox 3584 4188 3611 4225; x_wconf 91' lang='lat' dir='ltr'><strong>a</strong></span> <span class='ocrx_word' id='word_1_743' title='bbox 3651 4174 3841 4238; x_wconf 80' lang='lat' dir='ltr'><strong>princi-</strong></span> 
     </span>
    </p>
   </div>
   <div class='ocr_carea' id='block_1_100' title="bbox 2265 4241 3840 4314">
    <p class='ocr_par' dir='ltr' id='par_1_100' title="bbox 2265 4241 3840 4314">
     <span class='ocr_line' id='line_1_100' title="bbox 2265 4241 3840 4314; baseline 0.001 -18"><span class='ocrx_word' id='word_1_744' title='bbox 2265 4241 2354 4314; x_wconf 77' lang='lat' dir='ltr'><strong>pio</strong></span> <span class='ocrx_word' id='word_1_745' title='bbox 2381 4246 2661 4314; x_wconf 79' lang='lat' dir='ltr'><strong>processit,</strong></span> <span class='ocrx_word' id='word_1_746' title='bbox 2694 4242 2761 4295; x_wconf 88' lang='lat' dir='ltr'><strong>ad</strong></span> <span class='ocrx_word' id='word_1_747' title='bbox 2789 4244 2951 4303; x_wconf 84' lang='lat' dir='ltr'><strong>Deum</strong></span> <span class='ocrx_word' id='word_1_748' title='bbox 2984 4252 3230 4309; x_wconf 87' lang='lat' dir='ltr'><strong>tanquam</strong></span> <span class='ocrx_word' id='word_1_749' title='bbox 3251 4244 3315 4296; x_wconf 92' lang='lat' dir='ltr'><strong>ad</strong></span> <span class='ocrx_word' id='word_1_750' title='bbox 3342 4242 3524 4307; x_wconf 85' lang='lat' dir='ltr'><strong>linem,</strong></span> <span class='ocrx_word' id='word_1_751' title='bbox 3551 4243 3690 4298; x_wconf 85' lang='lat' dir='ltr'><strong>t&#39;acto</strong></span> <span class='ocrx_word' id='word_1_752' title='bbox 3711 4260 3840 4314; x_wconf 83' lang='lat' dir='ltr'><strong>quo-</strong></span> 
     </span>
    </p>
   </div>
   <div class='ocr_carea' id='block_1_101' title="bbox 2264 4308 3840 4384">
    <p class='ocr_par' dir='ltr' id='par_1_101' title="bbox 2264 4308 3840 4384">
     <span class='ocr_line' id='line_1_101' title="bbox 2264 4308 3840 4384; baseline 0.004 -22"><span class='ocrx_word' id='word_1_753' title='bbox 2264 4308 2394 4363; x_wconf 29' lang='lat' dir='ltr'><strong>dam‘</strong></span> <span class='ocrx_word' id='word_1_754' title='bbox 2411 4312 3029 4384; x_wconf 83' lang='lat' dir='ltr'><strong>circuitu,revocaudum</strong></span> <span class='ocrx_word' id='word_1_755' title='bbox 3052 4308 3203 4368; x_wconf 78' lang='lat' dir='ltr'><strong>eSse:</strong></span> <span class='ocrx_word' id='word_1_756' title='bbox 3230 4330 3348 4383; x_wconf 72' lang='lat' dir='ltr'><strong>quae</strong></span> <span class='ocrx_word' id='word_1_757' title='bbox 3371 4314 3546 4368; x_wconf 92' lang='lat' dir='ltr'><strong>omnia</strong></span> <span class='ocrx_word' id='word_1_758' title='bbox 3563 4308 3840 4384; x_wconf 83' lang='lat' dir='ltr'><strong>postquam</strong></span> 
     </span>
    </p>
   </div>
   <div class='ocr_carea' id='block_1_102' title="bbox 2264 4383 3836 4454">
    <p class='ocr_par' dir='ltr' id='par_1_102' title="bbox 2264 4383 3836 4454">
     <span class='ocr_line' id='line_1_102' title="bbox 2264 4383 3836 4454; baseline 0.003 -19"><span class='ocrx_word' id='word_1_759' title='bbox 2264 4387 2503 4454; x_wconf 71' lang='lat' dir='ltr'><strong>exposita</strong></span> <span class='ocrx_word' id='word_1_760' title='bbox 2536 4383 2765 4448; x_wconf 85' lang='lat' dir='ltr'><strong>fuerint,</strong></span> <span class='ocrx_word' id='word_1_761' title='bbox 2800 4384 2894 4437; x_wconf 82' lang='lat' dir='ltr'><strong>illa</strong></span> <span class='ocrx_word' id='word_1_762' title='bbox 2940 4386 3156 4451; x_wconf 86' lang='lat' dir='ltr'><strong>suscepti</strong></span> <span class='ocrx_word' id='word_1_763' title='bbox 3185 4385 3353 4453; x_wconf 87' lang='lat' dir='ltr'><strong>operis</strong></span> <span class='ocrx_word' id='word_1_764' title='bbox 3401 4401 3543 4454; x_wconf 88' lang='lat' dir='ltr'><strong>pars,</strong></span> <span class='ocrx_word' id='word_1_765' title='bbox 3575 4400 3679 4439; x_wconf 92' lang='lat' dir='ltr'><strong>non</strong></span> <span class='ocrx_word' id='word_1_766' title='bbox 3702 4383 3836 4453; x_wconf 79' lang='lat' dir='ltr'><strong>erit,</strong></span> 
     </span>
    </p>
   </div>
   <div class='ocr_carea' id='block_1_103' title="bbox 2263 4452 3232 4524">
    <p class='ocr_par' dir='ltr' id='par_1_103' title="bbox 2263 4452 3232 4524">
     <span class='ocr_line' id='line_1_103' title="bbox 2263 4452 3232 4524; baseline 0.003 -18"><span class='ocrx_word' id='word_1_767' title='bbox 2263 4452 2636 4524; x_wconf 73' lang='lat' dir='ltr'><strong>sicutValliuo</strong></span> <span class='ocrx_word' id='word_1_768' title='bbox 2658 4455 2885 4519; x_wconf 89' lang='lat' dir='ltr'><strong>videtur,</strong></span> <span class='ocrx_word' id='word_1_769' title='bbox 2917 4452 3232 4524; x_wconf 76' lang='lat' dir='ltr'><strong>difﬁcillima.</strong></span> 
     </span>
    </p>
   </div>
   <div class='ocr_carea' id='block_1_104' title="bbox 2335 4521 3839 4597">
    <p class='ocr_par' dir='ltr' id='par_1_104' title="bbox 2335 4521 3839 4597">
     <span class='ocr_line' id='line_1_104' title="bbox 2335 4521 3839 4597; baseline 0.003 -21"><span class='ocrx_word' id='word_1_770' title='bbox 2335 4521 2574 4597; x_wconf 81' lang='lat' dir='ltr'><strong>Primum</strong></span> <span class='ocrx_word' id='word_1_771' title='bbox 2617 4525 2835 4597; x_wconf 89' lang='lat' dir='ltr'><strong>quidem</strong></span> <span class='ocrx_word' id='word_1_772' title='bbox 2863 4521 3080 4592; x_wconf 81' lang='lat' dir='ltr'><strong>spiritus</strong></span> <span class='ocrx_word' id='word_1_773' title='bbox 3124 4526 3213 4584; x_wconf 62' lang='lat' dir='ltr'><strong>itte</strong></span> <span class='ocrx_word' id='word_1_774' title='bbox 3258 4525 3504 4597; x_wconf 82' lang='lat' dir='ltr'><strong>Universi</strong></span> <span class='ocrx_word' id='word_1_775' title='bbox 3532 4525 3839 4597; x_wconf 88' lang='lat' dir='ltr'><strong>agnoscitur</strong></span> 
     </span>
    </p>
   </div>
   <div class='ocr_carea' id='block_1_105' title="bbox 2262 4594 3838 4661">
    <p class='ocr_par' dir='ltr' id='par_1_105' title="bbox 2262 4594 3838 4661">
     <span class='ocr_line' id='line_1_105' title="bbox 2262 4594 3838 4661; baseline 0.003 -16"><span class='ocrx_word' id='word_1_776' title='bbox 2262 4606 2367 4646; x_wconf 91' lang='lat' dir='ltr'><strong>non</strong></span> <span class='ocrx_word' id='word_1_777' title='bbox 2396 4594 2565 4648; x_wconf 87' lang='lat' dir='ltr'><strong>solum</strong></span> <span class='ocrx_word' id='word_1_778' title='bbox 2597 4609 2627 4647; x_wconf 91' lang='lat' dir='ltr'><strong>a</strong></span> <span class='ocrx_word' id='word_1_779' title='bbox 2650 4596 2812 4650; x_wconf 87' lang='lat' dir='ltr'><strong>sacris</strong></span> <span class='ocrx_word' id='word_1_780' title='bbox 2840 4598 3143 4650; x_wconf 87' lang='lat' dir='ltr'><strong>auctoribus</strong></span> <span class='ocrx_word' id='word_1_781' title='bbox 3176 4596 3509 4651; x_wconf 77' lang='lat' dir='ltr'><strong>Ecclesiasta:</strong></span> <span class='ocrx_word' id='word_1_782' title='bbox 3534 4594 3838 4661; x_wconf 54' lang='lat' dir='ltr'><strong>i,&#39;Lustrans</strong></span> 
     </span>
    </p>
   </div>
   <div class='ocr_carea' id='block_1_106' title="bbox 2262 4663 3838 4736">
    <p class='ocr_par' dir='ltr' id='par_1_106' title="bbox 2262 4663 3838 4736">
     <span class='ocr_line' id='line_1_106' title="bbox 2262 4663 3838 4736; baseline 0.004 -21"><span class='ocrx_word' id='word_1_783' title='bbox 2262 4663 2495 4718; x_wconf 87' lang='lat' dir='ltr'><strong>universa</strong></span> <span class='ocrx_word' id='word_1_784' title='bbox 2511 4667 2561 4717; x_wconf 91' lang='lat' dir='ltr'><strong>in</strong></span> <span class='ocrx_word' id='word_1_785' title='bbox 2586 4667 2799 4718; x_wconf 89' lang='lat' dir='ltr'><strong>circuitu</strong></span> <span class='ocrx_word' id='word_1_786' title='bbox 2828 4669 2988 4736; x_wconf 87' lang='lat' dir='ltr'><strong>pergit</strong></span> <span class='ocrx_word' id='word_1_787' title='bbox 3009 4667 3217 4735; x_wconf 86' lang='lat' dir='ltr'><strong>spiritus</strong></span> <span class='ocrx_word' id='word_1_788' title='bbox 3238 4679 3285 4721; x_wconf 85' lang='lat' dir='ltr'><strong>et</strong></span> <span class='ocrx_word' id='word_1_789' title='bbox 3305 4669 3357 4720; x_wconf 88' lang='lat' dir='ltr'><strong>in</strong></span> <span class='ocrx_word' id='word_1_790' title='bbox 3384 4669 3597 4721; x_wconf 83' lang='lat' dir='ltr'><strong>circulos</strong></span> <span class='ocrx_word' id='word_1_791' title='bbox 3625 4684 3740 4722; x_wconf 88' lang='lat' dir='ltr'><strong>suas</strong></span> <span class='ocrx_word' id='word_1_792' title='bbox 3762 4684 3838 4723; x_wconf 82' lang='lat' dir='ltr'><strong>re-</strong></span> 
     </span>
    </p>
   </div>
   <div class='ocr_carea' id='block_1_107' title="bbox 634 4716 3833 4825">
    <p class='ocr_par' dir='ltr' id='par_1_107' title="bbox 634 4716 3833 4825">
     <span class='ocr_line' id='line_1_107' title="bbox 634 4716 3833 4825; baseline 0.007 -54"><span class='ocrx_word' id='word_1_793' title='bbox 634 4721 708 4825; x_wconf 46' lang='lat' dir='ltr'><strong>ll.“</strong></span> <span class='ocrx_word' id='word_1_794' title='bbox 730 4716 1087 4825; x_wconf 50' lang='lat' dir='ltr'><strong>li’erfetftasque</strong></span> <span class='ocrx_word' id='word_1_795' title='bbox 1121 4722 1313 4825; x_wconf 50' lang='grc' dir='ltr'><em>ξιιρρηῇ</em></span> <span class='ocrx_word' id='word_1_796' title='bbox 1335 4727 1613 4825; x_wconf 50' lang='lat' dir='ltr'><strong>perfectum</strong></span> <span class='ocrx_word' id='word_1_797' title='bbox 1653 4728 1910 4825; x_wconf 62' lang='lat' dir='ltr'><strong>absolvere</strong></span> <span class='ocrx_word' id='word_1_798' title='bbox 1936 4731 2153 4805; x_wconf 85' lang='lat' dir='ltr'><strong>partes.]</strong></span> <span class='ocrx_word' id='word_1_799' title='bbox 2184 4716 2631 4825; x_wconf 16' lang='lat' dir='ltr'><strong>Dmertitur‘ned</strong></span> <span class='ocrx_word' id='word_1_800' title='bbox 2649 4716 2809 4825; x_wconf 59' lang='lat' dir='ltr'><strong>etiam</strong></span> <span class='ocrx_word' id='word_1_801' title='bbox 2823 4716 3833 4825; x_wconf 36' lang='lat' dir='ltr'><strong>hirquini;</strong></span> 
     </span>
    </p>
   </div>
   <div class='ocr_carea' id='block_1_108' title="bbox 566 4787 2157 4867">
    <p class='ocr_par' dir='ltr' id='par_1_108' title="bbox 566 4787 2157 4867">
     <span class='ocr_line' id='line_1_108' title="bbox 566 4787 2157 4867; baseline 0.012 -26"><span class='ocrx_word' id='word_1_802' title='bbox 566 4787 634 4867; x_wconf 62' lang='lat' dir='ltr'><strong>[lt</strong></span> <span class='ocrx_word' id='word_1_803' title='bbox 678 4787 841 4867; x_wconf 81' lang='lat' dir='ltr'><strong>enim</strong></span> <span class='ocrx_word' id='word_1_804' title='bbox 866 4787 1050 4867; x_wconf 76' lang='lat' dir='ltr'><strong>divina</strong></span> <span class='ocrx_word' id='word_1_805' title='bbox 1089 4787 1369 4867; x_wconf 68' lang='lat' dir='ltr'><strong>sapientia,</strong></span> <span class='ocrx_word' id='word_1_806' title='bbox 1402 4787 1687 4867; x_wconf 85' lang='lat' dir='ltr'><strong>divinaque</strong></span> <span class='ocrx_word' id='word_1_807' title='bbox 1718 4787 1985 4859; x_wconf 75' lang='lat' dir='ltr'><strong>voluntaie</strong></span> <span class='ocrx_word' id='word_1_808' title='bbox 2002 4787 2157 4859; x_wconf 46' lang='lat' dir='ltr'><strong>muni</strong></span> 
     </span>
    </p>
   </div>
   <div class='ocr_carea' id='block_1_109' title="bbox 562 4860 2156 4941">
    <p class='ocr_par' dir='ltr' id='par_1_109' title="bbox 562 4860 2156 4941">
     <span class='ocr_line' id='line_1_109' title="bbox 562 4860 2156 4941; baseline 0.013 -30"><span class='ocrx_word' id='word_1_809' title='bbox 562 4860 661 4941; x_wconf 81' lang='lat' dir='ltr'><strong>dus</strong></span> <span class='ocrx_word' id='word_1_810' title='bbox 677 4861 844 4941; x_wconf 82' lang='lat' dir='ltr'><strong>primo</strong></span> <span class='ocrx_word' id='word_1_811' title='bbox 862 4860 1118 4941; x_wconf 79' lang='lat' dir='ltr'><strong>l‘nrinatus</strong></span> <span class='ocrx_word' id='word_1_812' title='bbox 1136 4860 1250 4941; x_wconf 64' lang='lat' dir='ltr'><strong>est;</strong></span> <span class='ocrx_word' id='word_1_813' title='bbox 1280 4865 1358 4918; x_wconf 91' lang='lat' dir='ltr'><strong>sic</strong></span> <span class='ocrx_word' id='word_1_814' title='bbox 1381 4869 1566 4920; x_wconf 89' lang='lat' dir='ltr'><strong>eadem</strong></span> <span class='ocrx_word' id='word_1_815' title='bbox 1589 4860 1765 4923; x_wconf 75' lang='lat' dir='ltr'><strong>divina</strong></span> <span class='ocrx_word' id='word_1_816' title='bbox 1792 4877 2071 4941; x_wconf 87' lang='lat' dir='ltr'><strong>sapientia,</strong></span> <span class='ocrx_word' id='word_1_817' title='bbox 2096 4887 2156 4932; x_wconf 91' lang='lat' dir='ltr'><strong>et</strong></span> 
     </span>
    </p>
   </div>
   <div class='ocr_carea' id='block_1_110' title="bbox 562 4931 2150 5010">
    <p class='ocr_par' dir='ltr' id='par_1_110' title="bbox 562 4931 2150 5010">
     <span class='ocr_line' id='line_1_110' title="bbox 562 4931 2150 5010; baseline 0.013 -30"><span class='ocrx_word' id='word_1_818' title='bbox 562 4931 833 5010; x_wconf 65' lang='lat' dir='ltr'><strong>voluntate</strong></span> <span class='ocrx_word' id='word_1_819' title='bbox 855 4934 1082 5010; x_wconf 81' lang='lat' dir='ltr'><strong>mundus</strong></span> <span class='ocrx_word' id='word_1_820' title='bbox 1110 4935 1393 5010; x_wconf 80' lang='lat' dir='ltr'><strong>perfectus,</strong></span> <span class='ocrx_word' id='word_1_821' title='bbox 1415 4951 1544 5010; x_wconf 86' lang='lat' dir='ltr'><strong>suas</strong></span> <span class='ocrx_word' id='word_1_822' title='bbox 1572 4949 1752 5007; x_wconf 84' lang='lat' dir='ltr'><strong>partes</strong></span> <span class='ocrx_word' id='word_1_823' title='bbox 1784 4931 2150 5010; x_wconf 48' lang='lat' dir='ltr'><strong>perfectas&#39;viQ</strong></span> 
     </span>
    </p>
   </div>
   <div class='ocr_carea' id='block_1_111' title="bbox 559 5000 2153 5084">
    <p class='ocr_par' dir='ltr' id='par_1_111' title="bbox 559 5000 2153 5084">
     <span class='ocr_line' id='line_1_111' title="bbox 559 5000 2153 5084; baseline 0.013 -34"><span class='ocrx_word' id='word_1_824' title='bbox 559 5001 713 5051; x_wconf 89' lang='lat' dir='ltr'><strong>detur</strong></span> <span class='ocrx_word' id='word_1_825' title='bbox 741 5000 1063 5084; x_wconf 70' lang='lat' dir='ltr'><strong>absolvere,</strong></span> <span class='ocrx_word' id='word_1_826' title='bbox 1096 5008 1323 5084; x_wconf 77' lang='lat' dir='ltr'><strong>servatis</strong></span> <span class='ocrx_word' id='word_1_827' title='bbox 1350 5000 1911 5084; x_wconf 49' lang='lat' dir='ltr'><strong>scilicet-quibusdam</strong></span> <span class='ocrx_word' id='word_1_828' title='bbox 1944 5014 2153 5084; x_wconf 81' lang='lat' dir='ltr'><strong>legibus</strong></span> 
     </span>
    </p>
   </div>
   <div class='ocr_carea' id='block_1_112' title="bbox 558 5072 2153 5151">
    <p class='ocr_par' dir='ltr' id='par_1_112' title="bbox 558 5072 2153 5151">
     <span class='ocr_line' id='line_1_112' title="bbox 558 5072 2153 5151; baseline 0.013 -30"><span class='ocrx_word' id='word_1_829' title='bbox 558 5084 843 5150; x_wconf 76' lang='lat' dir='ltr'><strong>corporum</strong></span> <span class='ocrx_word' id='word_1_830' title='bbox 874 5072 1127 5126; x_wconf 87' lang='lat' dir='ltr'><strong>divinitus</strong></span> <span class='ocrx_word' id='word_1_831' title='bbox 1155 5076 1477 5151; x_wconf 85' lang='lat' dir='ltr'><strong>constitutis.</strong></span> <span class='ocrx_word' id='word_1_832' title='bbox 1512 5072 1693 5135; x_wconf 52' lang='lat' dir='ltr'><strong>Sic&#39;ex</strong></span> <span class='ocrx_word' id='word_1_833' title='bbox 1719 5096 1785 5135; x_wconf 86' lang='lat' dir='ltr'><strong>eo</strong></span> <span class='ocrx_word' id='word_1_834' title='bbox 1814 5085 1955 5151; x_wconf 85' lang='lat' dir='ltr'><strong>quod</strong></span> <span class='ocrx_word' id='word_1_835' title='bbox 1980 5072 2153 5141; x_wconf 68' lang='lat' dir='ltr'><strong>mate-</strong></span> 
     </span>
    </p>
   </div>
   <div class='ocr_carea' id='block_1_113' title="bbox 558 5139 2145 5213">
    <p class='ocr_par' dir='ltr' id='par_1_113' title="bbox 558 5139 2145 5213">
     <span class='ocr_line' id='line_1_113' title="bbox 558 5139 2145 5213; baseline 0.013 -22"><span class='ocrx_word' id='word_1_836' title='bbox 558 5139 658 5213; x_wconf 83' lang='lat' dir='ltr'><strong>ria,</strong></span> <span class='ocrx_word' id='word_1_837' title='bbox 690 5150 892 5193; x_wconf 83' lang='lat' dir='ltr'><strong>ratione</strong></span> <span class='ocrx_word' id='word_1_838' title='bbox 942 5148 1289 5211; x_wconf 90' lang='lat' dir='ltr'><strong>quarumdam</strong></span> <span class='ocrx_word' id='word_1_839' title='bbox 1332 5150 1577 5213; x_wconf 89' lang='lat' dir='ltr'><strong>partium.</strong></span> <span class='ocrx_word' id='word_1_840' title='bbox 1610 5151 1677 5203; x_wconf 89' lang='lat' dir='ltr'><strong>ab</strong></span> <span class='ocrx_word' id='word_1_841' title='bbox 1706 5139 1857 5205; x_wconf 78' lang='lat' dir='ltr'><strong>initio</strong></span> <span class='ocrx_word' id='word_1_842' title='bbox 1900 5154 2062 5210; x_wconf 79' lang='lat' dir='ltr'><strong>fuerit</strong></span> <span class='ocrx_word' id='word_1_843' title='bbox 2093 5139 2145 5211; x_wconf 80' lang='lat' dir='ltr'><strong>in</strong></span> 
     </span>
    </p>
   </div>
   <div class='ocr_carea' id='block_1_114' title="bbox 557 5210 2147 5291">
    <p class='ocr_par' dir='ltr' id='par_1_114' title="bbox 557 5210 2147 5291">
     <span class='ocr_line' id='line_1_114' title="bbox 557 5210 2147 5291; baseline 0.013 -30"><span class='ocrx_word' id='word_1_844' title='bbox 557 5210 741 5291; x_wconf 86' lang='lat' dir='ltr'><strong>orbein</strong></span> <span class='ocrx_word' id='word_1_845' title='bbox 775 5222 939 5291; x_wconf 74' lang='lat' dir='ltr'><strong>mota,</strong></span> <span class='ocrx_word' id='word_1_846' title='bbox 972 5215 1203 5291; x_wconf 86' lang='lat' dir='ltr'><strong>servatis</strong></span> <span class='ocrx_word' id='word_1_847' title='bbox 1220 5210 1533 5283; x_wconf 85' lang='lat' dir='ltr'><strong>quihusdam</strong></span> <span class='ocrx_word' id='word_1_848' title='bbox 1566 5221 1768 5289; x_wconf 88' lang='lat' dir='ltr'><strong>legibus</strong></span> <span class='ocrx_word' id='word_1_849' title='bbox 1798 5234 1992 5291; x_wconf 90' lang='lat' dir='ltr'><strong>motus,</strong></span> <span class='ocrx_word' id='word_1_850' title='bbox 2016 5210 2147 5283; x_wconf 82' lang='lat' dir='ltr'><strong>oriri</strong></span> 
     </span>
    </p>
   </div>
   <div class='ocr_carea' id='block_1_115' title="bbox 557 5283 2146 5365">
    <p class='ocr_par' dir='ltr' id='par_1_115' title="bbox 557 5283 2146 5365">
     <span class='ocr_line' id='line_1_115' title="bbox 557 5283 2146 5365; baseline 0.013 -34"><span class='ocrx_word' id='word_1_851' title='bbox 557 5289 840 5365; x_wconf 80' lang='lat' dir='ltr'><strong>potuerunt</strong></span> <span class='ocrx_word' id='word_1_852' title='bbox 866 5283 1089 5364; x_wconf 70' lang='lat' dir='ltr'><strong>primum</strong></span> <span class='ocrx_word' id='word_1_853' title='bbox 1118 5288 1330 5365; x_wconf 77' lang='lat' dir='ltr'><strong>quidem</strong></span> <span class='ocrx_word' id='word_1_854' title='bbox 1353 5283 1641 5355; x_wconf 58' lang='lat' dir='ltr'><strong>elementa;</strong></span> <span class='ocrx_word' id='word_1_855' title='bbox 1659 5292 1852 5365; x_wconf 84' lang='lat' dir='ltr'><strong>deinde</strong></span> <span class='ocrx_word' id='word_1_856' title='bbox 1878 5283 2146 5365; x_wconf 78' lang='lat' dir='ltr'><strong>generalis</strong></span> 
     </span>
    </p>
   </div>
   <div class='ocr_carea' id='block_1_116' title="bbox 553 5354 2145 5435">
    <p class='ocr_par' dir='ltr' id='par_1_116' title="bbox 553 5354 2145 5435">
     <span class='ocr_line' id='line_1_116' title="bbox 553 5354 2145 5435; baseline 0.014 -34"><span class='ocrx_word' id='word_1_857' title='bbox 553 5354 794 5433; x_wconf 65' lang='lat' dir='ltr'><strong>qun-datu</strong></span> <span class='ocrx_word' id='word_1_858' title='bbox 844 5354 1018 5406; x_wconf 86' lang='lat' dir='ltr'><strong>anima</strong></span> <span class='ocrx_word' id='word_1_859' title='bbox 1042 5359 1310 5435; x_wconf 74' lang='lat' dir='ltr'><strong>_uniu_ersi,</strong></span> <span class='ocrx_word' id='word_1_860' title='bbox 1358 5371 1536 5435; x_wconf 83' lang='lat' dir='ltr'><strong>postea</strong></span> <span class='ocrx_word' id='word_1_861' title='bbox 1567 5354 2145 5435; x_wconf 28' lang='lat' dir='ltr'><strong>‘peculiarequuzedam</strong></span> 
     </span>
    </p>
   </div>
   <div class='ocr_carea' id='block_1_117' title="bbox 552 5423 2143 5502">
    <p class='ocr_par' dir='ltr' id='par_1_117' title="bbox 552 5423 2143 5502">
     <span class='ocr_line' id='line_1_117' title="bbox 552 5423 2143 5502; baseline 0.014 -29"><span class='ocrx_word' id='word_1_862' title='bbox 552 5423 735 5502; x_wconf 67' lang='lat' dir='ltr'><strong>animle</strong></span> <span class='ocrx_word' id='word_1_863' title='bbox 746 5426 1282 5502; x_wconf 52' lang='lat' dir='ltr'><strong>cmorporete,d_equi_bus</strong></span> <span class='ocrx_word' id='word_1_864' title='bbox 1294 5423 1537 5484; x_wconf 78' lang='lat' dir='ltr'><strong>omnibus</strong></span> <span class='ocrx_word' id='word_1_865' title='bbox 1548 5423 1797 5502; x_wconf 78' lang='lat' dir='ltr'><strong>deinceps</strong></span> <span class='ocrx_word' id='word_1_866' title='bbox 1812 5423 2143 5497; x_wconf 69' lang='lat' dir='ltr'><strong>tractabitur.</strong></span> 
     </span>
    </p>
   </div>
   <div class='ocr_carea' id='block_1_118' title="bbox 624 5493 2147 5575">
    <p class='ocr_par' dir='ltr' id='par_1_118' title="bbox 624 5493 2147 5575">
     <span class='ocr_line' id='line_1_118' title="bbox 624 5493 2147 5575; baseline 0.014 -31"><span class='ocrx_word' id='word_1_867' title='bbox 757 5493 831 5546; x_wconf 88' lang='lat' dir='ltr'><strong>Tu</strong></span> <span class='ocrx_word' id='word_1_868' title='bbox 864 5498 1087 5575; x_wconf 74' lang='lat' dir='ltr'><strong>numeris</strong></span> <span class='ocrx_word' id='word_1_869' title='bbox 1111 5493 1383 5552; x_wconf 48' lang='lat' dir='ltr'><strong>&#39;elementa</strong></span> <span class='ocrx_word' id='word_1_870' title='bbox 1430 5503 1558 5571; x_wconf 88' lang='lat' dir='ltr'><strong>ligas</strong></span> <span class='ocrx_word' id='word_1_871' title='bbox 1586 5500 1601 5574; x_wconf 92' lang='lat'><strong>]</strong></span> <span class='ocrx_word' id='word_1_872' title='bbox 1635 5503 1674 5558; x_wconf 93' lang='grc' dir='ltr'><strong>Ι.</strong></span> <span class='ocrx_word' id='word_1_873' title='bbox 1719 5493 1904 5575; x_wconf 57' lang='lat' dir='ltr'><strong>Agitur</strong></span> <span class='ocrx_word' id='word_1_874' title='bbox 1939 5510 2005 5563; x_wconf 86' lang='lat' dir='ltr'><strong>de</strong></span> <span class='ocrx_word' id='word_1_875' title='bbox 2033 5493 2147 5566; x_wconf 61' lang='lat' dir='ltr'><strong>ele;</strong></span> 
     </span>
    </p>
   </div>
   <div class='ocr_carea' id='block_1_119' title="bbox 553 5567 2138 5647">
    <p class='ocr_par' dir='ltr' id='par_1_119' title="bbox 553 5567 2138 5647">
     <span class='ocr_line' id='line_1_119' title="bbox 553 5567 2138 5647; baseline 0.015 -34"><span class='ocrx_word' id='word_1_876' title='bbox 553 5567 747 5643; x_wconf 82' lang='lat' dir='ltr'><strong>tuentis</strong></span> <span class='ocrx_word' id='word_1_877' title='bbox 770 5581 782 5617; x_wconf 94' lang='lat'><strong>:</strong></span> <span class='ocrx_word' id='word_1_878' title='bbox 809 5581 925 5647; x_wconf 70' lang='lat' dir='ltr'><strong>qua:</strong></span> <span class='ocrx_word' id='word_1_879' title='bbox 939 5569 1079 5621; x_wconf 89' lang='lat' dir='ltr'><strong>enim</strong></span> <span class='ocrx_word' id='word_1_880' title='bbox 1100 5583 1323 5647; x_wconf 83' lang='lat' dir='ltr'><strong>corpora</strong></span> <span class='ocrx_word' id='word_1_881' title='bbox 1340 5587 1404 5624; x_wconf 75' lang='lat' dir='ltr'><strong>ex</strong></span> <span class='ocrx_word' id='word_1_882' title='bbox 1424 5567 1637 5627; x_wconf 73' lang='lat' dir='ltr'><strong>materia</strong></span> <span class='ocrx_word' id='word_1_883' title='bbox 1661 5567 1895 5640; x_wconf 50' lang='lat' dir='ltr'><strong>ﬂuitvante</strong></span> <span class='ocrx_word' id='word_1_884' title='bbox 1910 5582 2138 5647; x_wconf 90' lang='lat' dir='ltr'><strong>primum</strong></span> 
     </span>
    </p>
   </div>
   <div class='ocr_carea' id='block_1_120' title="bbox 552 5637 2133 5715">
    <p class='ocr_par' dir='ltr' id='par_1_120' title="bbox 552 5637 2133 5715">
     <span class='ocr_line' id='line_1_120' title="bbox 552 5637 2133 5715; baseline 0.015 -32"><span class='ocrx_word' id='word_1_885' title='bbox 552 5637 824 5715; x_wconf 71' lang='lat' dir='ltr'><strong>oriuntur,</strong></span> <span class='ocrx_word' id='word_1_886' title='bbox 859 5637 973 5690; x_wconf 65' lang='lat' dir='ltr'><strong>bare</strong></span> <span class='ocrx_word' id='word_1_887' title='bbox 996 5637 1249 5695; x_wconf 81' lang='lat' dir='ltr'><strong>vocantur</strong></span> <span class='ocrx_word' id='word_1_888' title='bbox 1271 5643 1557 5708; x_wconf 81' lang='lat' dir='ltr'><strong>elementa,</strong></span> <span class='ocrx_word' id='word_1_889' title='bbox 1586 5637 1833 5713; x_wconf 86' lang='lat' dir='ltr'><strong>quoniam</strong></span> <span class='ocrx_word' id='word_1_890' title='bbox 1853 5637 1923 5703; x_wconf 47' lang='lat' dir='ltr'><strong>ex-</strong></span> <span class='ocrx_word' id='word_1_891' title='bbox 1943 5651 2026 5705; x_wconf 92' lang='lat' dir='ltr'><strong>ltis</strong></span> <span class='ocrx_word' id='word_1_892' title='bbox 2048 5652 2133 5706; x_wconf 88' lang='lat' dir='ltr'><strong>iit-</strong></span> 
     </span>
    </p>
   </div>
   <div class='ocr_carea' id='block_1_121' title="bbox 553 5708 2127 5789">
    <p class='ocr_par' dir='ltr' id='par_1_121' title="bbox 553 5708 2127 5789">
     <span class='ocr_line' id='line_1_121' title="bbox 553 5708 2127 5789; baseline 0.015 -37"><span class='ocrx_word' id='word_1_893' title='bbox 553 5708 896 5789; x_wconf 24' lang='lat' dir='ltr'><strong>sitisAreliqua</strong></span> <span class='ocrx_word' id='word_1_894' title='bbox 928 5722 1171 5789; x_wconf 76' lang='lat' dir='ltr'><strong>corpora,</strong></span> <span class='ocrx_word' id='word_1_895' title='bbox 1202 5728 1319 5781; x_wconf 77' lang='lat' dir='ltr'><strong>qua:</strong></span> <span class='ocrx_word' id='word_1_896' title='bbox 1360 5708 1639 5789; x_wconf 47' lang='lat' dir='ltr'><strong>prOptere&#39;a</strong></span> <span class='ocrx_word' id='word_1_897' title='bbox 1681 5718 1928 5774; x_wconf 84' lang='lat' dir='ltr'><strong>dicuntur</strong></span> <span class='ocrx_word' id='word_1_898' title='bbox 1958 5724 2127 5789; x_wconf 88' lang='lat' dir='ltr'><strong>mista,</strong></span> 
     </span>
    </p>
   </div>
   <div class='ocr_carea' id='block_1_122' title="bbox 552 5781 2123 5861">
    <p class='ocr_par' dir='ltr' id='par_1_122' title="bbox 552 5781 2123 5861">
     <span class='ocr_line' id='line_1_122' title="bbox 552 5781 2123 5861; baseline 0.018 -41"><span class='ocrx_word' id='word_1_899' title='bbox 552 5786 939 5861; x_wconf 73' lang='lat' dir='ltr'><strong>componuntur</strong></span> <span class='ocrx_word' id='word_1_900' title='bbox 964 5781 1322 5861; x_wconf 42' lang='lat' dir='ltr'><strong>:lliteeautetn</strong></span> <span class='ocrx_word' id='word_1_901' title='bbox 1350 5781 1609 5861; x_wconf 24' lang='lat' dir='ltr'><strong>elen‘ienta</strong></span> <span class='ocrx_word' id='word_1_902' title='bbox 1633 5802 1751 5861; x_wconf 88' lang='lat' dir='ltr'><strong>cum</strong></span> <span class='ocrx_word' id='word_1_903' title='bbox 1770 5781 2123 5861; x_wconf 71' lang='lat' dir='ltr'><strong>multitudine,</strong></span> 
     </span>
    </p>
   </div>
   <div class='ocr_carea' id='block_1_123' title="bbox 556 5850 2125 5929">
    <p class='ocr_par' dir='ltr' id='par_1_123' title="bbox 556 5850 2125 5929">
     <span class='ocr_line' id='line_1_123' title="bbox 556 5850 2125 5929; baseline 0.018 -39"><span class='ocrx_word' id='word_1_904' title='bbox 556 5852 663 5929; x_wconf 73' lang='lat' dir='ltr'><strong>tum</strong></span> <span class='ocrx_word' id='word_1_905' title='bbox 693 5850 861 5929; x_wconf 75' lang='lat' dir='ltr'><strong>etiam</strong></span> <span class='ocrx_word' id='word_1_906' title='bbox 879 5850 1218 5929; x_wconf 78' lang='lat' dir='ltr'><strong>qualitatibus</strong></span> <span class='ocrx_word' id='word_1_907' title='bbox 1246 5853 1361 5929; x_wconf 75' lang='lat' dir='ltr'><strong>sive</strong></span> <span class='ocrx_word' id='word_1_908' title='bbox 1385 5857 1561 5929; x_wconf 78' lang='lat' dir='ltr'><strong>modis</strong></span> <span class='ocrx_word' id='word_1_909' title='bbox 1592 5860 1662 5929; x_wconf 87' lang='lat' dir='ltr'><strong>ita</strong></span> <span class='ocrx_word' id='word_1_910' title='bbox 1693 5860 1830 5913; x_wconf 91' lang='lat' dir='ltr'><strong>inter</strong></span> <span class='ocrx_word' id='word_1_911' title='bbox 1852 5875 1910 5915; x_wconf 91' lang='lat' dir='ltr'><strong>se</strong></span> <span class='ocrx_word' id='word_1_912' title='bbox 1934 5850 2125 5929; x_wconf 53' lang='lat' dir='ltr'><strong>aptari;</strong></span> 
     </span>
    </p>
   </div>
   <div class='ocr_carea' id='block_1_124' title="bbox 556 5917 2127 5999">
    <p class='ocr_par' dir='ltr' id='par_1_124' title="bbox 556 5917 2127 5999">
     <span class='ocr_line' id='line_1_124' title="bbox 556 5917 2127 5999; baseline 0.015 -37"><span class='ocrx_word' id='word_1_913' title='bbox 556 5920 770 5999; x_wconf 18' lang='lat' dir='ltr'><strong>turlgut</strong></span> <span class='ocrx_word' id='word_1_914' title='bbox 811 5925 867 5999; x_wconf 83' lang='lat' dir='ltr'><strong>et</strong></span> <span class='ocrx_word' id='word_1_915' title='bbox 903 5917 1089 5999; x_wconf 73' lang='lat' dir='ltr'><strong>frigida</strong></span> <span class='ocrx_word' id='word_1_916' title='bbox 1116 5936 1235 5999; x_wconf 79' lang='lat' dir='ltr'><strong>eum</strong></span> <span class='ocrx_word' id='word_1_917' title='bbox 1265 5924 1480 5999; x_wconf 70' lang='lat' dir='ltr'><strong>calidis,</strong></span> <span class='ocrx_word' id='word_1_918' title='bbox 1511 5934 1566 5980; x_wconf 88' lang='lat' dir='ltr'><strong>et</strong></span> <span class='ocrx_word' id='word_1_919' title='bbox 1602 5928 1733 5981; x_wconf 87' lang='lat' dir='ltr'><strong>dura</strong></span> <span class='ocrx_word' id='word_1_920' title='bbox 1762 5945 1881 5982; x_wconf 92' lang='lat' dir='ltr'><strong>cum</strong></span> <span class='ocrx_word' id='word_1_921' title='bbox 1912 5917 2127 5999; x_wconf 69' lang='lat' dir='ltr'><strong>liquidis</strong></span> 
     </span>
    </p>
   </div>
   <div class='ocr_carea' id='block_1_125' title="bbox 557 5987 2126 6067">
    <p class='ocr_par' dir='ltr' id='par_1_125' title="bbox 557 5987 2126 6067">
     <span class='ocr_line' id='line_1_125' title="bbox 557 5987 2126 6067; baseline 0.015 -33"><span class='ocrx_word' id='word_1_922' title='bbox 557 5987 829 6046; x_wconf 84' lang='lat' dir='ltr'><strong>inveniant</strong></span> <span class='ocrx_word' id='word_1_923' title='bbox 854 6023 869 6053; x_wconf 90' lang='lat'><strong>,</strong></span> <span class='ocrx_word' id='word_1_924' title='bbox 901 6000 997 6042; x_wconf 82' lang='lat' dir='ltr'><strong>nec</strong></span> <span class='ocrx_word' id='word_1_925' title='bbox 1032 5987 1169 6046; x_wconf 84' lang='lat' dir='ltr'><strong>levia</strong></span> <span class='ocrx_word' id='word_1_926' title='bbox 1198 6007 1228 6048; x_wconf 88' lang='lat' dir='ltr'><strong>a</strong></span> <span class='ocrx_word' id='word_1_927' title='bbox 1258 5987 1509 6064; x_wconf 83' lang='lat' dir='ltr'><strong>gravibus</strong></span> <span class='ocrx_word' id='word_1_928' title='bbox 1539 5999 1682 6051; x_wconf 86' lang='lat' dir='ltr'><strong>inani</strong></span> <span class='ocrx_word' id='word_1_929' title='bbox 1713 6000 1941 6067; x_wconf 88' lang='lat' dir='ltr'><strong>quodam</strong></span> <span class='ocrx_word' id='word_1_930' title='bbox 1969 5987 2126 6063; x_wconf 68' lang='lat' dir='ltr'><strong>hiaui-</strong></span> 
     </span>
    </p>
   </div>
   <div class='ocr_carea' id='block_1_126' title="bbox 2262 4804 3837 4880">
    <p class='ocr_par' dir='ltr' id='par_1_126' title="bbox 2262 4804 3837 4880">
     <span class='ocr_line' id='line_1_126' title="bbox 2262 4804 3837 4880; baseline 0.004 -23"><span class='ocrx_word' id='word_1_931' title='bbox 2262 4804 2800 4880; x_wconf 47' lang='lat' dir='ltr'><strong>pluribusquejliis.</strong></span> <span class='ocrx_word' id='word_1_932' title='bbox 2853 4805 3041 4863; x_wconf 84' lang='lat' dir='ltr'><strong>Citabo</strong></span> <span class='ocrx_word' id='word_1_933' title='bbox 3093 4824 3253 4863; x_wconf 88' lang='lat' dir='ltr'><strong>unum</strong></span> <span class='ocrx_word' id='word_1_934' title='bbox 3307 4809 3598 4879; x_wconf 71' lang='lat' dir='ltr'><strong>Virgilium,</strong></span> <span class='ocrx_word' id='word_1_935' title='bbox 3649 4810 3737 4880; x_wconf 92' lang='lat' dir='ltr'><strong>qui</strong></span> <span class='ocrx_word' id='word_1_936' title='bbox 3788 4826 3837 4863; x_wconf 77' lang='lat' dir='ltr'><strong>vr</strong></span> 
     </span>
    </p>
   </div>
   <div class='ocr_carea' id='block_1_127' title="bbox 2263 4875 2952 4941">
    <p class='ocr_par' dir='ltr' id='par_1_127' title="bbox 2263 4875 2952 4941">
     <span class='ocr_line' id='line_1_127' title="bbox 2263 4875 2952 4941; baseline 0.006 -13"><span class='ocrx_word' id='word_1_937' title='bbox 2263 4875 2510 4941; x_wconf 64' lang='lat' dir='ltr'><strong>rEneid.,</strong></span> <span class='ocrx_word' id='word_1_938' title='bbox 2529 4875 2594 4931; x_wconf 29' lang='lat' dir='ltr'><strong>’v.</strong></span> <span class='ocrx_word' id='word_1_939' title='bbox 2621 4876 2744 4941; x_wconf 68' lang='grc'><strong>724,</strong></span> <span class='ocrx_word' id='word_1_940' title='bbox 2773 4880 2952 4933; x_wconf 90' lang='lat' dir='ltr'><strong>canit:</strong></span> 
     </span>
    </p>
   </div>
   <div class='ocr_carea' id='block_1_128' title="bbox 2320 4965 3663 5037">
    <p class='ocr_par' dir='ltr' id='par_1_128' title="bbox 2320 4965 3663 5037">
     <span class='ocr_line' id='line_1_128' title="bbox 2320 4965 3663 5037; baseline 0.006 -22"><span class='ocrx_word' id='word_1_941' title='bbox 2320 4965 2565 5037; x_wconf 56' lang='lat' dir='ltr'><strong>yrincipio</strong></span> <span class='ocrx_word' id='word_1_942' title='bbox 2589 4970 2783 5037; x_wconf 72' lang='lat' dir='ltr'><strong>caelum,</strong></span> <span class='ocrx_word' id='word_1_943' title='bbox 2799 4982 2860 5037; x_wconf 86' lang='lat' dir='ltr'><strong>_ac</strong></span> <span class='ocrx_word' id='word_1_944' title='bbox 2884 4977 3060 5037; x_wconf 90' lang='lat' dir='ltr'><strong>te_rras,</strong></span> <span class='ocrx_word' id='word_1_945' title='bbox 3086 4984 3377 5037; x_wconf 63' lang='lat' dir='ltr'><strong>camposque</strong></span> <span class='ocrx_word' id='word_1_946' title='bbox 3399 4972 3663 5037; x_wconf 84' lang='lat' dir='ltr'><strong>liquentes,</strong></span> 
     </span>
    </p>
   </div>
   <div class='ocr_carea' id='block_1_129' title="bbox 2322 5028 3545 5140">
    <p class='ocr_par' dir='ltr' id='par_1_129' title="bbox 2322 5028 3545 5140">
     <span class='ocr_line' id='line_1_129' title="bbox 2322 5028 3545 5140; baseline 0.009 -65"><span class='ocrx_word' id='word_1_947' title='bbox 2322 5028 2690 5093; x_wconf 81' lang='lat' dir='ltr'><strong>Lucentemque</strong></span> <span class='ocrx_word' id='word_1_948' title='bbox 2714 5028 2910 5140; x_wconf 67' lang='lat' dir='ltr'><strong>glebum</strong></span> <span class='ocrx_word' id='word_1_949' title='bbox 2933 5028 3077 5095; x_wconf 60' lang='lat' dir='ltr'><strong>luna},</strong></span> <span class='ocrx_word' id='word_1_950' title='bbox 3105 5028 3395 5095; x_wconf 72' lang='lat' dir='ltr'><strong>Titaniaque</strong></span> <span class='ocrx_word' id='word_1_951' title='bbox 3420 5028 3545 5085; x_wconf 70' lang='lat' dir='ltr'><strong>astra</strong></span> 
     </span>
     <span class='ocr_line' id='line_1_130' title="bbox 2322 5090 3530 5140; baseline 0.002 -2"><span class='ocrx_word' id='word_1_952' title='bbox 2322 5090 2533 5140; x_wconf 82' lang='lat' dir='ltr'><strong>Spiritus</strong></span> <span class='ocrx_word' id='word_1_953' title='bbox 2557 5094 2685 5140; x_wconf 81' lang='lat' dir='ltr'><strong>intus</strong></span> <span class='ocrx_word' id='word_1_954' title='bbox 2700 5106 2725 5140; x_wconf 90' lang='lat' dir='ltr'><strong>a</strong></span> <span class='ocrx_word' id='word_1_955' title='bbox 2749 5096 2784 5140; x_wconf 90' lang='lat' dir='ltr'><strong>it</strong></span> <span class='ocrx_word' id='word_1_956' title='bbox 2808 5107 2820 5140; x_wconf 92' lang='lat'><strong>:</strong></span> <span class='ocrx_word' id='word_1_957' title='bbox 2845 5101 3091 5140; x_wconf 76' lang='lat' dir='ltr'><strong>totamque</strong></span> <span class='ocrx_word' id='word_1_958' title='bbox 3115 5096 3264 5140; x_wconf 77' lang='lat' dir='ltr'><strong>inlusa</strong></span> <span class='ocrx_word' id='word_1_959' title='bbox 3291 5110 3377 5140; x_wconf 79' lang='lat' dir='ltr'><strong>nei-</strong></span> <span class='ocrx_word' id='word_1_960' title='bbox 3400 5108 3530 5140; x_wconf 71' lang='lat' dir='ltr'><strong>artus</strong></span> 
     </span>
    </p>
   </div>
   <div class='ocr_carea' id='block_1_130' title="bbox 2322 5090 3530 5157">
    <p class='ocr_par' dir='ltr' id='par_1_130' title="bbox 2322 5090 3530 5157">
     <span class='ocr_line' id='line_1_131' title="bbox 2322 5090 3530 5157; baseline 0.007 -19"><span class='ocrx_word' id='word_1_961' title='bbox 2322 5090 2533 5157; x_wconf 76' lang='lat' dir='ltr'><strong>Spiritus</strong></span> <span class='ocrx_word' id='word_1_962' title='bbox 2552 5090 2685 5157; x_wconf 79' lang='lat' dir='ltr'><strong>intus</strong></span> <span class='ocrx_word' id='word_1_963' title='bbox 2700 5090 2784 5157; x_wconf 78' lang='lat' dir='ltr'><strong>alit</strong></span> <span class='ocrx_word' id='word_1_964' title='bbox 2808 5107 2820 5141; x_wconf 92' lang='lat'><strong>:</strong></span> <span class='ocrx_word' id='word_1_965' title='bbox 2845 5090 3091 5154; x_wconf 78' lang='lat' dir='ltr'><strong>totamque</strong></span> <span class='ocrx_word' id='word_1_966' title='bbox 3115 5096 3264 5143; x_wconf 78' lang='lat' dir='ltr'><strong>inlusa</strong></span> <span class='ocrx_word' id='word_1_967' title='bbox 3291 5090 3377 5157; x_wconf 81' lang='lat' dir='ltr'><strong>per</strong></span> <span class='ocrx_word' id='word_1_968' title='bbox 3400 5108 3530 5147; x_wconf 90' lang='lat' dir='ltr'><strong>artus</strong></span> 
     </span>
    </p>
   </div>
   <div class='ocr_carea' id='block_1_131' title="bbox 2319 5152 3650 5216">
    <p class='ocr_par' dir='ltr' id='par_1_131' title="bbox 2319 5152 3650 5216">
     <span class='ocr_line' id='line_1_132' title="bbox 2319 5152 3650 5216; baseline 0.007 -16"><span class='ocrx_word' id='word_1_969' title='bbox 2319 5152 2460 5216; x_wconf 63' lang='lat' dir='ltr'><strong>Mens</strong></span> <span class='ocrx_word' id='word_1_970' title='bbox 2482 5156 2635 5213; x_wconf 87' lang='lat' dir='ltr'><strong>agitat</strong></span> <span class='ocrx_word' id='word_1_971' title='bbox 2655 5156 2851 5216; x_wconf 88' lang='lat' dir='ltr'><strong>molem,</strong></span> <span class='ocrx_word' id='word_1_972' title='bbox 2879 5164 2931 5204; x_wconf 91' lang='lat' dir='ltr'><strong>et</strong></span> <span class='ocrx_word' id='word_1_973' title='bbox 2952 5152 3125 5216; x_wconf 81' lang='lat' dir='ltr'><strong>magno</strong></span> <span class='ocrx_word' id='word_1_974' title='bbox 3147 5172 3202 5205; x_wconf 88' lang='lat' dir='ltr'><strong>se</strong></span> <span class='ocrx_word' id='word_1_975' title='bbox 3228 5152 3435 5216; x_wconf 70' lang='lat' dir='ltr'><strong>corpore</strong></span> <span class='ocrx_word' id='word_1_976' title='bbox 3461 5163 3650 5209; x_wconf 87' lang='lat' dir='ltr'><strong>miscet.</strong></span> 
     </span>
    </p>
   </div>
   <div class='ocr_carea' id='block_1_132' title="bbox 2322 5213 3769 5283">
    <p class='ocr_par' dir='ltr' id='par_1_132' title="bbox 2322 5213 3769 5283">
     <span class='ocr_line' id='line_1_133' title="bbox 2322 5213 3769 5283; baseline 0.006 -22"><span class='ocrx_word' id='word_1_977' title='bbox 2322 5213 2444 5283; x_wconf 59' lang='lat' dir='ltr'><strong>Lude</strong></span> <span class='ocrx_word' id='word_1_978' title='bbox 2464 5217 2705 5263; x_wconf 88' lang='lat' dir='ltr'><strong>hominum</strong></span> <span class='ocrx_word' id='word_1_979' title='bbox 2726 5213 3063 5278; x_wconf 68' lang='lat' dir='ltr'><strong>pecudumque</strong></span> <span class='ocrx_word' id='word_1_980' title='bbox 3080 5232 3258 5280; x_wconf 80' lang='lat' dir='ltr'><strong>genus,</strong></span> <span class='ocrx_word' id='word_1_981' title='bbox 3282 5213 3485 5283; x_wconf 70' lang='lat' dir='ltr'><strong>vitaeque</strong></span> <span class='ocrx_word' id='word_1_982' title='bbox 3508 5224 3769 5283; x_wconf 84' lang='lat' dir='ltr'><strong>volantum,</strong></span> 
     </span>
    </p>
   </div>
   <div class='ocr_carea' id='block_1_133' title="bbox 2320 5275 3705 5347">
    <p class='ocr_par' dir='ltr' id='par_1_133' title="bbox 2320 5275 3705 5347">
     <span class='ocr_line' id='line_1_134' title="bbox 2320 5275 3705 5347; baseline 0.007 -23"><span class='ocrx_word' id='word_1_983' title='bbox 2320 5275 2381 5347; x_wconf 53' lang='lat' dir='ltr'><strong>git</strong></span> <span class='ocrx_word' id='word_1_984' title='bbox 2402 5290 2511 5335; x_wconf 74' lang='lat' dir='ltr'><strong>nuze</strong></span> <span class='ocrx_word' id='word_1_985' title='bbox 2531 5275 2800 5347; x_wconf 66' lang='lat' dir='ltr'><strong>marmoreo</strong></span> <span class='ocrx_word' id='word_1_986' title='bbox 2833 5284 2926 5328; x_wconf 84' lang='lat' dir='ltr'><strong>l&#39;ert</strong></span> <span class='ocrx_word' id='word_1_987' title='bbox 2951 5275 3493 5347; x_wconf 63' lang='lat' dir='ltr'><strong>monsirasubtequore</strong></span> <span class='ocrx_word' id='word_1_988' title='bbox 3519 5293 3705 5347; x_wconf 22' lang='lat' dir='ltr'><strong>petitus.</strong></span> 
     </span>
    </p>
   </div>
   <div class='ocr_carea' id='block_1_134' title="bbox 2318 5336 3363 5405">
    <p class='ocr_par' dir='ltr' id='par_1_134' title="bbox 2318 5336 3363 5405">
     <span class='ocr_line' id='line_1_135' title="bbox 2318 5336 3363 5405; baseline 0.007 -21"><span class='ocrx_word' id='word_1_989' title='bbox 2318 5336 2604 5405; x_wconf 62' lang='lat' dir='ltr'><strong>~l_gue_us_est</strong></span> <span class='ocrx_word' id='word_1_990' title='bbox 2622 5338 2731 5387; x_wconf 82' lang='lat' dir='ltr'><strong>ollis</strong></span> <span class='ocrx_word' id='word_1_991' title='bbox 2756 5342 2889 5401; x_wconf 87' lang='lat' dir='ltr'><strong>vigor</strong></span> <span class='ocrx_word' id='word_1_992' title='bbox 2915 5350 2966 5391; x_wconf 90' lang='lat' dir='ltr'><strong>et</strong></span> <span class='ocrx_word' id='word_1_993' title='bbox 2988 5342 3203 5391; x_wconf 75' lang='lat' dir='ltr'><strong>ctelestis</strong></span> <span class='ocrx_word' id='word_1_994' title='bbox 3225 5336 3363 5405; x_wconf 81' lang='lat' dir='ltr'><strong>origo</strong></span> 
     </span>
    </p>
   </div>
   <div class='ocr_carea' id='block_1_135' title="bbox 2320 5400 3620 5466">
    <p class='ocr_par' dir='ltr' id='par_1_135' title="bbox 2320 5400 3620 5466">
     <span class='ocr_line' id='line_1_136' title="bbox 2320 5400 3620 5466; baseline 0.008 -20"><span class='ocrx_word' id='word_1_995' title='bbox 2320 5400 2601 5466; x_wconf 67' lang='lat' dir='ltr'><strong>Seminibus</strong></span> <span class='ocrx_word' id='word_1_996' title='bbox 2624 5412 2635 5447; x_wconf 92' lang='lat'><strong>:</strong></span> <span class='ocrx_word' id='word_1_997' title='bbox 2660 5409 2890 5460; x_wconf 85' lang='lat' dir='ltr'><strong>quantum</strong></span> <span class='ocrx_word' id='word_1_998' title='bbox 2919 5417 3012 5453; x_wconf 91' lang='lat' dir='ltr'><strong>non</strong></span> <span class='ocrx_word' id='word_1_999' title='bbox 3038 5406 3177 5452; x_wconf 84' lang='lat' dir='ltr'><strong>noxia</strong></span> <span class='ocrx_word' id='word_1_1000' title='bbox 3201 5400 3404 5466; x_wconf 67' lang='lat' dir='ltr'><strong>corpora</strong></span> <span class='ocrx_word' id='word_1_1001' title='bbox 3429 5408 3620 5457; x_wconf 86' lang='lat' dir='ltr'><strong>tardant</strong></span> 
     </span>
    </p>
   </div>
   <div class='ocr_carea' id='block_1_136' title="bbox 2329 5461 3834 5540">
    <p class='ocr_par' dir='ltr' id='par_1_136' title="bbox 2329 5461 3834 5540">
     <span class='ocr_line' id='line_1_137' title="bbox 2329 5461 3834 5540; baseline 0.005 -23"><span class='ocrx_word' id='word_1_1002' title='bbox 2329 5461 2490 5531; x_wconf 63' lang='grc'>224</span> <span class='ocrx_word' id='word_1_1003' title='bbox 2512 5469 2820 5533; x_wconf 82' lang='lat' dir='ltr'><strong>Terrenique</strong></span> <span class='ocrx_word' id='word_1_1004' title='bbox 2844 5473 3079 5523; x_wconf 87' lang='lat' dir='ltr'><strong>hebetant</strong></span> <span class='ocrx_word' id='word_1_1005' title='bbox 3098 5484 3246 5533; x_wconf 84' lang='lat' dir='ltr'><strong>artus,</strong></span> <span class='ocrx_word' id='word_1_1006' title='bbox 3272 5461 3655 5540; x_wconf 77' lang='lat' dir='ltr'><strong>moribundaque</strong></span> <span class='ocrx_word' id='word_1_1007' title='bbox 3681 5492 3834 5527; x_wconf 87' lang='lat' dir='ltr'><strong>meiu-</strong></span> 
     </span>
    </p>
   </div>
   <div class='ocr_carea' id='block_1_137' title="bbox 2319 5541 3831 5664">
    <p class='ocr_par' dir='ltr' id='par_1_137' title="bbox 2319 5541 3831 5664">
     <span class='ocr_line' id='line_1_138' title="bbox 2319 5541 3831 5664; baseline 0.007 -24"><span class='ocrx_word' id='word_1_1008' title='bbox 2319 5591 2442 5642; x_wconf 81' lang='lat' dir='ltr'><strong>Hlnc</strong></span> <span class='ocrx_word' id='word_1_1009' title='bbox 2482 5599 2706 5643; x_wconf 86' lang='lat' dir='ltr'><strong>metuunt</strong></span> <span class='ocrx_word' id='word_1_1010' title='bbox 2748 5596 3078 5661; x_wconf 90' lang='lat' dir='ltr'><strong>cupiuntque,</strong></span> <span class='ocrx_word' id='word_1_1011' title='bbox 3123 5597 3290 5649; x_wconf 88' lang='lat' dir='ltr'><strong>dolent</strong></span> <span class='ocrx_word' id='word_1_1012' title='bbox 3325 5541 3831 5664; x_wconf 43' lang='lat' dir='ltr'><strong>gaudentqueI§mnec</strong></span> 
     </span>
    </p>
   </div>
   <div class='ocr_carea' id='block_1_138' title="bbox 2308 5662 3765 5779">
    <p class='ocr_par' dir='ltr' id='par_1_138' title="bbox 2308 5662 3765 5779">
     <span class='ocr_line' id='line_1_139' title="bbox 2308 5662 3765 5779; baseline 0.003 -16"><span class='ocrx_word' id='word_1_1013' title='bbox 2308 5716 2611 5779; x_wconf 77' lang='lat' dir='ltr'><strong>Respiciunt,</strong></span> <span class='ocrx_word' id='word_1_1014' title='bbox 2639 5717 2815 5767; x_wconf 72' lang='lat' dir='ltr'><strong>clausae</strong></span> <span class='ocrx_word' id='word_1_1015' title='bbox 2837 5721 3058 5770; x_wconf 88' lang='lat' dir='ltr'><strong>tenebris</strong></span> <span class='ocrx_word' id='word_1_1016' title='bbox 3076 5729 3129 5772; x_wconf 92' lang='lat' dir='ltr'><strong>et</strong></span> <span class='ocrx_word' id='word_1_1017' title='bbox 3150 5734 3350 5773; x_wconf 85' lang='lat' dir='ltr'><strong>carcere</strong></span> <span class='ocrx_word' id='word_1_1018' title='bbox 3375 5736 3522 5773; x_wconf 70' lang='lat' dir='ltr'><strong>caeco.</strong></span> <span class='ocrx_word' id='word_1_1019' title='bbox 3604 5662 3765 5768; x_wconf 43' lang='lat' dir='ltr'><strong>[imi</strong></span> 
     </span>
    </p>
   </div>
   <div class='ocr_carea' id='block_1_139' title="bbox 2247 5799 3828 5870">
    <p class='ocr_par' dir='ltr' id='par_1_139' title="bbox 2247 5799 3828 5870">
     <span class='ocr_line' id='line_1_140' title="bbox 2247 5799 3828 5870; baseline 0.004 -15"><span class='ocrx_word' id='word_1_1020' title='bbox 2247 5800 2450 5855; x_wconf 89' lang='lat' dir='ltr'><strong>Deinde</strong></span> <span class='ocrx_word' id='word_1_1021' title='bbox 2482 5799 2621 5854; x_wconf 89' lang='lat' dir='ltr'><strong>idem</strong></span> <span class='ocrx_word' id='word_1_1022' title='bbox 2650 5803 2872 5870; x_wconf 90' lang='lat' dir='ltr'><strong>spiritus</strong></span> <span class='ocrx_word' id='word_1_1023' title='bbox 2899 5813 3044 5859; x_wconf 89' lang='lat' dir='ltr'><strong>recte</strong></span> <span class='ocrx_word' id='word_1_1024' title='bbox 3074 5805 3267 5860; x_wconf 92' lang='lat' dir='ltr'><strong>dicitur</strong></span> <span class='ocrx_word' id='word_1_1025' title='bbox 3291 5807 3507 5862; x_wconf 87' lang='lat' dir='ltr'><strong>anima:</strong></span> <span class='ocrx_word' id='word_1_1026' title='bbox 3536 5823 3654 5862; x_wconf 92' lang='lat' dir='ltr'><strong>cum</strong></span> <span class='ocrx_word' id='word_1_1027' title='bbox 3686 5809 3828 5863; x_wconf 87' lang='lat' dir='ltr'><strong>enim</strong></span> 
     </span>
    </p>
   </div>
   <div class='ocr_carea' id='block_1_140' title="bbox 2246 5871 3831 5949">
    <p class='ocr_par' dir='ltr' id='par_1_140' title="bbox 2246 5871 3831 5949">
     <span class='ocr_line' id='line_1_141' title="bbox 2246 5871 3831 5949; baseline 0.006 -26"><span class='ocrx_word' id='word_1_1028' title='bbox 2246 5874 2413 5929; x_wconf 84' lang='lat' dir='ltr'><strong>anima</strong></span> <span class='ocrx_word' id='word_1_1029' title='bbox 2438 5871 2645 5925; x_wconf 88' lang='lat' dir='ltr'><strong>dicatur</strong></span> <span class='ocrx_word' id='word_1_1030' title='bbox 2665 5877 2731 5949; x_wconf 83' lang='lat' dir='ltr'><strong>ab</strong></span> <span class='ocrx_word' id='word_1_1031' title='bbox 2753 5875 2970 5949; x_wconf 81' lang='lat' dir='ltr'><strong>nitimus,</strong></span> <span class='ocrx_word' id='word_1_1032' title='bbox 2988 5876 3071 5930; x_wconf 91' lang='lat' dir='ltr'><strong>hic</strong></span> <span class='ocrx_word' id='word_1_1033' title='bbox 3092 5876 3157 5929; x_wconf 85' lang='lat' dir='ltr'><strong>ab</strong></span> <span class='ocrx_word' id='word_1_1034' title='bbox 3186 5875 3376 5949; x_wconf 73' lang='grc' dir='ltr'><strong>ἄνεμος</strong></span> <span class='ocrx_word' id='word_1_1035' title='bbox 3402 5920 3416 5943; x_wconf 88' lang='grc'><em>,</em></span> <span class='ocrx_word' id='word_1_1036' title='bbox 3443 5890 3656 5944; x_wconf 83' lang='lat' dir='ltr'><strong>ventus;</strong></span> <span class='ocrx_word' id='word_1_1037' title='bbox 3685 5894 3831 5933; x_wconf 75' lang='lat' dir='ltr'><strong>cum~</strong></span> 
     </span>
    </p>
   </div>
   <div class='ocr_carea' id='block_1_141' title="bbox 2242 5944 3827 6014">
    <p class='ocr_par' dir='ltr' id='par_1_141' title="bbox 2242 5944 3827 6014">
     <span class='ocr_line' id='line_1_142' title="bbox 2242 5944 3827 6014; baseline 0.004 -21"><span class='ocrx_word' id='word_1_1038' title='bbox 2242 5959 2341 6009; x_wconf 72' lang='lat' dir='ltr'><strong>que</strong></span> <span class='ocrx_word' id='word_1_1039' title='bbox 2368 5956 2556 5997; x_wconf 88' lang='lat' dir='ltr'><strong>ventus</strong></span> <span class='ocrx_word' id='word_1_1040' title='bbox 2570 5944 2809 6011; x_wconf 55' lang='lat' dir='ltr'><strong>quaedam</strong></span> <span class='ocrx_word' id='word_1_1041' title='bbox 2830 5946 3116 6000; x_wconf 89' lang='lat' dir='ltr'><strong>sitocculta</strong></span> <span class='ocrx_word' id='word_1_1042' title='bbox 3144 5944 3373 6014; x_wconf 83' lang='lat' dir='ltr'><strong>plurium</strong></span> <span class='ocrx_word' id='word_1_1043' title='bbox 3399 5960 3633 6003; x_wconf 87' lang='lat' dir='ltr'><strong>motuum</strong></span> <span class='ocrx_word' id='word_1_1044' title='bbox 3649 5961 3827 6012; x_wconf 87' lang='lat' dir='ltr'><strong>causa,</strong></span> 
     </span>
    </p>
   </div>
   <div class='ocr_carea' id='block_1_142' title="bbox 2240 6018 3832 6096">
    <p class='ocr_par' dir='ltr' id='par_1_142' title="bbox 2240 6018 3832 6096">
     <span class='ocr_line' id='line_1_143' title="bbox 2240 6018 3832 6096; baseline 0.012 -32"><span class='ocrx_word' id='word_1_1045' title='bbox 2240 6020 2521 6083; x_wconf 82' lang='lat' dir='ltr'><strong>propterea</strong></span> <span class='ocrx_word' id='word_1_1046' title='bbox 2552 6028 2677 6073; x_wconf 82' lang='lat' dir='ltr'><strong>usus</strong></span> <span class='ocrx_word' id='word_1_1047' title='bbox 2708 6018 2964 6086; x_wconf 84' lang='lat' dir='ltr'><strong>obtinuit,</strong></span> <span class='ocrx_word' id='word_1_1048' title='bbox 2999 6029 3056 6076; x_wconf 88' lang='lat' dir='ltr'><strong>ut</strong></span> <span class='ocrx_word' id='word_1_1049' title='bbox 3078 6019 3293 6078; x_wconf 77' lang='lat' dir='ltr'><strong>insitum</strong></span> <span class='ocrx_word' id='word_1_1050' title='bbox 3322 6022 3692 6095; x_wconf 75' lang='lat' dir='ltr'><strong>occultumque</strong></span> <span class='ocrx_word' id='word_1_1051' title='bbox 3736 6033 3832 6096; x_wconf 69' lang='grc' dir='ltr'><strong>με·</strong></span> 
     </span>
    </p>
   </div>
  </div>
