4290 6258
441 349 534 407 τω
1339 354 1423 411 DE
1460 356 1976 415 CONSOLATIONE
2020 356 2491 416 PHILOSOPHIE
2563 359 2691 415 LIB.
2737 357 2819 415 ΙΙΙ.

2063 480 2115 538 Α

574 471 794 533 Circuit,
825 479 876 525 et
899 470 1062 526 simili
1089 474 1349 528 convertit
1378 474 1611 546 imagine
1634 474 1852 531 ccelum.

577 564 733 637 225
762 563 840 618 Tu
871 566 1046 621 causis
1076 567 1281 622 animas
1313 568 1548 637 paribus,
1586 568 1829 640 vitasque
1858 569 2029 624 mino-

1849 663 1960 737 [res

3619 362 3719 418 762

2289 475 2568 544 Provebis,
2592 487 2645 530 et
2677 474 2883 530 levibus
2911 473 3167 530 sublimes
3193 473 3436 531 curribus
3460 483 3650 544 aptans

2142 568 2211 625 20
2287 569 2572 633 lncmlum,
2630 577 2932 637 terramque
2959 567 3123 622 seris:
3154 583 3286 637 quas
3331 567 3447 639 lege
3496 567 3724 642 benigna

2286 663 2368 719 Ad
2409 672 2460 717 te
2492 673 2781 717 conversas
2810 658 2992 715 reduci
3024 658 3152 716 lacis
3178 660 3301 731 igne
3329 659 3544 715 reverti.

1786 794 2372 851 INTERPRETATIO.

438 907 681 979 duplicent
712 909 1007 983 circuitum,
1038 922 1135 977 per
1156 924 1311 965 suum
1343 926 1539 983 corpus
1561 912 1745 966 iterum
1772 921 2024 981 movetur,

439 988 689 1033 reversuro
721 981 771 1032 in
811 982 1160 1050 semetipsum,
1192 992 1239 1035 et
1270 981 1455 1036 circuit
1490 985 1711 1037 animam
1757 983 2023 1050 inﬁmam,

438 1060 484 1101 et
509 1053 806 1120 circumagit
836 1051 1017 1105 caelum
1039 1053 1202 1119 [arma
1218 1056 1535 1108 uniusmodi.
1554 1054 1630 1108 Tu
1652 1054 1890 1122 producis
1909 1055 2025 1107 ani-

437 1136 540 1173 mas
562 1133 607 1175 et
630 1124 757 1179 vitas
782 1124 1003 1194 minores
1031 1124 1189 1177 simili
1216 1126 1366 1179 modo
1386 1167 1401 1189 ,
1434 1126 1922 1194 accommodansque
1943 1127 2022 1178 al-

438 1201 508 1245 tas
534 1194 827 1263 corporibus
852 1193 1061 1261 levibus,
1088 1195 1304 1252 easdem
1332 1197 1633 1252 disseminas
1656 1214 1745 1268 per
1771 1195 1951 1251 ctelum
1970 1205 2017 1250 et

2139 921 2363 977 terram;
2388 927 2515 981 quas
2550 911 2753 966 animas
2781 910 2970 964 blanda
2996 911 3099 980 lege
3129 913 3255 981 facis
3283 912 3352 964 ad
3384 921 3431 967 te
3456 928 3724 967 conversas

2134 982 2336 1048 redire,
2391 985 2555 1054 instar
2610 983 2762 1054 ignis,
2808 982 2872 1035 ad
2896 982 3067 1035 locum
3096 982 3236 1036 unde
3277 994 3516 1048 venerat,
3556 1001 3724 1054 regre-

2133 1054 2338 1108 dientis.
2373 1052 2475 1120 Da,
2502 1052 2681 1116 Pater,
2698 1054 2764 1107 da
2796 1055 3159 1109 mentinnstrie
3183 1063 3453 1123 assurgere
3468 1056 3517 1108 in
3540 1052 3723 1107 solium

2132 1134 2279 1178 tuum
2303 1126 2507 1193 regale;
2531 1128 2597 1178 da
2618 1141 2841 1195 quaerere
2863 1125 3109 1195 originem
3130 1126 3247 1178 boni
3267 1140 3285 1187 ;
3312 1126 3400 1189 da,
3424 1127 3613 1179 lumine
3636 1127 3724 1177 de-

2128 1206 2258 1250 tecto
2283 1238 2298 1261 ,
2331 1195 2552 1267 deﬁgere
2580 1198 2633 1251 in
2666 1208 2710 1251 te
2741 1197 2906 1250 claros
2932 1206 3227 1268 conspectus
3259 1198 3462 1251 mentis.
3508 1195 3724 1267 Expelle

1960 1330 2189 1387 NOTAE.

437 1441 615 1515 renuis
640 1452 694 1498 et
716 1443 1059 1498 rcontinuata:
1106 1445 1360 1499 motionis
1392 1445 1708 1515 principium
1738 1454 2025 1501 vocaretur

439 1514 645 1586 anima:
681 1514 967 1581 praedictus
1012 1524 1190 1569 autem
1242 1516 1464 1586 spiritus
1494 1514 1654 1572 ita’se
1686 1516 1881 1581 habet,
1916 1532 2024 1572 non

437 1585 606 1658 solum
649 1585 705 1658 in
739 1587 934 1653 plantis
970 1595 1023 1640 et
1054 1586 1258 1651 bestiis,
1294 1587 1392 1642 sed
1426 1588 1476 1641 in
1510 1590 1625 1657 ipso
1671 1603 1883 1658 quoque
1926 1588 2024 1642 bo-

437 1655 605 1727 miue,
645 1656 695 1708 in
721 1673 826 1725 quo
859 1674 1008 1711 meus
1030 1659 1146 1712 sine
1170 1658 1261 1713 illo
1284 1658 1472 1727 spiritu
1495 1655 1810 1725 famulante,
1831 1674 2021 1715 manus

438 1734 490 1779 et
513 1726 673 1797 pedes
703 1729 768 1782 ad
800 1739 983 1783 nutum
1016 1744 1229 1783 movere
1259 1726 1364 1783 non
1396 1738 1589 1797 potest.

509 1796 771 1852 Prmterea
798 1800 910 1854 haec
936 1802 1109 1853 anima
1134 1800 1326 1855 dicitur
1355 1796 1573 1864 triplicis
1602 1809 1802 1855 natura:
1822 1803 2020 1857 media:

2132 1452 2419 1497 moventur
2446 1484 2462 1507 ,
2516 1444 2591 1497 sic
2643 1452 2964 1512 separantur
3005 1459 3033 1497 a
3065 1458 3186 1499 sese
3217 1446 3469 1501 invicem.
3518 1448 3583 1499 At
3612 1444 3721 1512 ipsa

2132 1516 2307 1568 anima
2350 1514 2533 1586 circuit
2563 1530 2656 1582 per
2682 1530 2897 1584 corpus,
2931 1517 2982 1569 in
3014 1532 3121 1584 quo
3154 1518 3447 1585 reperitur:
3472 1518 3721 1586 quoniam

2131 1585 2428 1653 generatim
2457 1599 2652 1652 corpus
2679 1601 2867 1650 omne,
2894 1601 2996 1656 qua
3025 1586 3199 1640 minus
3224 1588 3522 1651 resistitur,
3566 1602 3720 1641 suum

2128 1659 2407 1710 continuat
2431 1665 2665 1713 motum:
2696 1658 2774 1710 sic
2800 1672 2987 1711 succus
3010 1659 3219 1712 arboris
3240 1658 3305 1712 ad
3338 1674 3601 1712 summum
3628 1672 3720 1725 po-

2131 1728 2237 1781 tius
2267 1728 2473 1781 arboris
2505 1728 2760 1782 verticem
2806 1729 3077 1792 ascendit,
3109 1745 3265 1799 quam
3297 1745 3393 1799 per
3421 1740 3720 1783 teumorem

2127 1799 2387 1852 corticem
2421 1811 2604 1852 exeat:
2634 1801 2726 1853 sed
2759 1798 2933 1853 eidem
2962 1798 3171 1862 anima},
3201 1798 3515 1869 corporibus
3545 1800 3719 1853 diver-

440 1869 707 1951 non‘quod
725 1884 788 1923 ex
824 1870 995 1924 insitis
1021 1872 1493 1951 tribuselemeutis
1519 1873 2024 1951 constet,qcema’d-
2054 1890 2101 1951 Β
2132 1870 2207 1921 sis
2231 1869 2467 1951 undique
2488 1870 3119 1951 resistentibus,_l_acilius
3149 1882 3231 1925 est
3260 1873 3395 1925 intra
3420 1887 3577 1951 suum
3602 1885 3720 1951 c_or-

440 1938 887 2013 modumuputaie
927 1950 1145 2011 possent
1175 1943 1245 1996 illi
1281 1942 1579 2011 phil050phi
1600 1984 1615 2007 ,
1649 1938 1795 2013 quos
1812 1960 1877 1999 ex
1909 1954 2026 2000 arte

440 2021 625 2086 vocant
647 2011 934 2086 Cliymicos,
978 2022 1069 2086 aut
1097 2014 1185 2066 alii
1206 2029 1340 2086 quos
1373 2024 1588 2084 propter
1618 2011 1806 2086 ducem
1836 2015 2024 2086 appel-

440 2079 555 2155 lant
585 2079 928 2155 Cartesianos,
973 2084 1163 2153 quibus
1192 2079 1290 2138 tria
1336 2079 1687 2145 sunt'tnundi
1720 2079 1982 2142 elementa
2005 2130 2021 2155 ,

442 2153 534 2206 sed
561 2154 736 2221 potius
757 2157 896 2222 quod
924 2170 987 2208 ex
1011 2156 1180 2210 tribus
1210 2158 1392 2220 rebus,
1416 2171 1547 2226 quas
1571 2158 1799 2210 naturali
1825 2153 2025 2214 lumine

441 2237 762 2298 cognoscere
792 2240 1094 2298 possumus,
1130 2226 1245 2280 hinc
1271 2228 1448 2298 anima
1473 2244 1574 2282 una
1605 2228 1695 2291 sit,
1726 2239 1780 2283 et
1808 2230 2022 2298 quidem

440 2294 645 2348 media:
673 2297 1099 2366 quandoquidem
1142 2300 1255 2351 haec
1302 2297 1477 2353 media
1510 2309 1591 2353 est
1622 2301 1759 2353 inter
1790 2294 2023 2356 mentem

442 2367 777 2440 insensilem,
809 2380 860 2421 et
891 2382 1085 2435 corpus
1113 2368 1311 2423 sensile
1336 2409 1351 2434 ,
1400 2379 1457 2423 ut
1485 2382 1535 2423 et
1570 2371 1735 2424 instar
1778 2374 2025 2440 corporis

442 2438 675 2514 sensilis,
702 2439 769 2491 sit
796 2453 883 2493 res
908 2453 1121 2514 quoquo
1138 2456 1324 2494 versus
1354 2449 1597 2514 extensa,
1629 2456 1795 2508 capax
1818 2438 2019 2514 ﬁgurae,

443 2508 659 2574 quietis,
686 2517 741 2562 et
771 2520 977 2575 motus,
1008 2519 1059 2563 et
1082 2513 1247 2564 instar
1273 2512 1467 2565 mentis
1493 2512 1780 2577 insensilis,
1807 2508 2022 2570 sensum

440 2578 1006 2652 fugienspluriutnque
1024 2582 1334 2635 ell'eetorum
1361 2583 1712 2651 principium:
1740 2597 2021 2652 propterea

443 2663 469 2699 a
501 2648 725 2717 Virgilio
748 2666 904 2720 supra
924 2648 1150 2705 vocatur
1177 2648 1619 2715 spiritusetmens.
1648 2648 1900 2710 Hiceuim
1919 2657 2022 2712 dici

442 2722 610 2841 potuit
642 2722 814 2774 anima
843 2723 1010 2775 media
1032 2725 1247 2788 triplicis
1263 2726 1630 2791 naturaa,sicut
1658 2726 1753 2780 lib.
1776 2742 1833 2791 ll,
1866 2743 2024 2795 prosa

480 2831 495 2841 .
516 2791 706 2841 dicitur
732 2794 949 2841 dnornm
970 2795 1163 2841 medius
1180 2796 1443 2841 consulum
1459 2807 1513 2841 et
1536 2812 1563 2841 ιι
1592 2795 1871 2841 (ἶίηρι-ηιιρ-
1892 2799 2023 2841 dun-

480 2831 495 2857 ,
516 2791 706 2845 dicitur
732 2794 949 2845 duorum
970 2795 1163 2848 medius
1180 2796 1443 2847 consulum
1459 2807 1513 2851 et
1536 2812 1563 2848 a
1592 2791 1876 2864 Cicerone,
1892 2799 2023 2852 duo-

440 2877 552 2938 rum
582 2866 798 2938 {rutrum
825 2864 1054 2929 medius;
1086 2866 1237 2938 etab
1270 2866 1487 2920 Horatio
1507 2868 1623 2919 belli
1649 2870 1890 2938 pacisque
1916 2885 2024 2924 me-

444 2932 593 2998 dius;
622 2936 891 3004 potuitque
921 2938 1094 2989 anima
1140 2936 1229 2989 illa
1259 2938 1395 2991 hanc
1424 2932 1866 3005 triplicis'naturw
1889 2956 2022 2995 euu-

439 3005 787 3078 merationem
822 3009 991 3060 instar
1018 3007 1181 3076 partis
1209 3008 1410 3073 subire,
1443 3010 1894 3078 quemadmodum
1917 3013 2023 3067 Ca-

441 3089 541 3148 pua
593 3077 787 3129 subivit
814 3086 1021 3135 ternum
1051 3079 1400 3133 maximarum
1443 3077 1651 3134 urbium
1699 3097 1977 3137 numerum
2005 3126 2020 3148 ,

437 3144 588 3224 cujus
620 3156 793 3200 tamen
841 3149 1051 3224 numeri
1092 3150 1408 3224 ipsaluerit
1446 3167 1600 3220 pars:
1626 3151 1826 3219 Capua,
1854 3144 2024 3224 inquit

437 3214 811 3291 F‘lorussnpra
841 3221 1031 3291 citatus
1061 3214 1179 3289 pag.
1212 3221 1301 3285 47,
1331 3214 1588 3291 quondam
1612 3214 1744 3276 inter
1772 3214 1871 3277 tres
1912 3214 2022 3278 ma-

437 3287 599 3363 ximus
633 3288 842 3363 Romam
871 3287 1323 3363 carthaginemque
1342 3287 1623 3348 numerata.

511 3358 731 3428 Insuper
761 3362 860 3414 ista
892 3358 1077 3415 aniina'
1097 3358 1406 3428 perhibetur
1434 3374 1614 3417 cuncta
1643 3382 1839 3419 movere
1859 3382 1879 3421 :
1910 3383 2017 3423 non

437 3430 575 3506 quod
600 3441 787 3506 cuneta
819 3446 1041 3500 corpora
1066 3432 1134 3486 ab
1162 3434 1259 3487 hac
1283 3437 1461 3488 anima
1488 3446 1839 3490 moveantur:
1866 3439 2016 3506 plura

437 3500 579 3577 enim
609 3502 777 3577 solida
818 3514 977 3577 sunt,
1017 3519 1243 3573 quorum
1275 3506 1473 3561 idcirco
1504 3517 1681 3577 partes
1711 3500 2014 3573 quiescunt:

438 3571 532 3625 sed
570 3574 711 3641 quod
758 3574 901 3647 nulla
928 3571 1157 3647 corpora
1180 3617 1194 3644 ,
1230 3576 1331 3632 nisi
1375 3577 1475 3632 hac
1504 3571 1697 3631 'anima
1727 3571 2013 3647 movente,

437 3655 777 3698 moveantur:
811 3646 888 3719 sic
915 3646 1071 3719 Joan.
1100 3662 1137 3719 t,
1167 3650 1336 3702 omnia
1360 3665 1450 3717 per
1478 3648 1643 3702 Deum
1677 3649 1813 3719 facta
1833 3646 2018 3707 dicuné

435 3721 542 3778 tur,
560 3731 680 3788 _non
707 3717 845 3783 quod
872 3718 1051 3770 omnia
1091 3718 1248 3771 simul
1278 3719 1418 3773 facta
1460 3717 1710 3774 fuerinta
1746 3723 1886 3788 Deo,
1919 3725 2017 3779 sed

434 3785 575 3860 quod
598 3801 929 3860 qua-cunque
956 3789 1095 3841 facta
1120 3798 1263 3855 sunt,
1294 3791 1406 3845 hmc
1434 3806 1539 3844 non
1565 3792 1665 3846 nisi
1686 3793 1752 3846 ab
1774 3785 1891 3860 ipso
1908 3794 2017 3849 Deo

434 3853 569 3933 iacta
587 3859 729 3933 sint._
747 3859 958 3933 scilicet
979 3870 1036 3913 ut
1065 3853 1306 3933 videmus
1335 3863 1576 3929 quaedam
1599 3853 1827 3933 corpora
1848 3866 2019 3921 sensi-

433 3926 499 4003 lia
533 3930 731 3982 moveri
765 3929 833 3982 ab
863 3930 985 4003 aliis
1012 3930 1325 3999 corporibus
1348 3926 1656 3997 Sensilibns,
1690 3926 1745 3987 ὗ.
1771 3950 1823 4003 g.
1853 3936 2015 3992 bacu-

433 3995 541 4050 lum
572 4014 600 4051 a
630 4001 926 4077 maun,_s_ie
976 4002 1090 4055 hinc
1110 3995 1334 4077 sensilia
1363 4004 1430 4059 ab
1468 3995 1811 4060 insensilibus
1832 4048 1846 4068 ,
1876 4023 1927 4061 v.
1959 4024 2011 4077 g.

432 4083 645 4143 manum
666 4087 692 4122 a
715 4072 988 4139 spiritibus
1008 4075 1332 4128 cummoveri
1355 4077 1669 4143 conjiciinus
1688 4120 1703 4143 ,
1739 4092 1767 4130 a
1788 4080 1929 4132 notis
1948 4072 2016 4135 ad

433 4140 608 4217 minus
650 4151 770 4195 nota
804 4144 1066 4217 progressi
1092 4140 1549 4217 :_donecaliquod
1582 4140 1815 4217 primum
1864 4151 2014 4205 inve-

431 4212 669 4286 nerimus
695 4228 887 4286 corpus
917 4214 1057 4283 quod
1090 4215 1156 4269 ab
1179 4218 1292 4284 ipso
1309 4212 1746 4283 Deo-moveatur,
1769 4220 1919 4286 juxta
1949 4221 2015 4274 il-

433 4280 523 4360 lu_d
548 4280 987 4354 philosophorum
1012 4280 1226 4340 ellatum
1251 4304 1263 4339 :
1294 4302 1487 4357 corpus
1504 4291 1643 4360 quod
1662 4280 1926 4358 movetur,
1946 4291 2013 4346 ab

431 4352 535 4406 alio
563 4352 1073 4411 niov’eaiurnecesse
1093 4368 1192 4411 est.

500 4426 648 4480 Adde
672 4428 812 4497 quod
859 4428 1044 4482 eadem
1097 4431 1272 4482 anima
1323 4430 1517 4484 dicitur
1544 4446 1571 4484 a
1609 4432 1716 4486 Deo
1741 4435 2014 4488 connecti:

430 4509 546 4549 cuin
579 4499 718 4552 enim
747 4514 939 4566 corpus
962 4514 1067 4552 non
1098 4509 1307 4553 moveat
1336 4500 1435 4553 nisi
1456 4512 1725 4569 contactu,
1757 4502 1870 4557 hrcc
1901 4507 2015 4558 ani-

430 4583 511 4621 ma
563 4585 665 4622 non
699 4581 880 4638 posset
907 4585 1142 4635 movere,
1188 4571 1291 4624 nisi
1321 4587 1439 4625 cuin
1483 4588 1705 4641 corpore
1751 4576 2015 4629 movendo

430 4651 867 4715 connecteretur:
899 4645 1234 4715 connectitur
1266 4654 1445 4697 autent
1481 4644 1679 4715 aADeo,
1714 4659 1742 4696 a
1775 4660 1881 4713 quo
1906 4649 2015 4715 pri-

432 4724 572 4763 mum
607 4711 1046 4784 farcta‘riiiovetur,
1088 4713 1174 4777 iis,
1205 4729 1336 4782 quas
1370 4714 1482 4783 ipse
1513 4713 1651 4768 Deus
1694 4711 2008 4784 constituit,

431 4792 632 4835 natura:
656 4781 874 4849 legibus.
1312 4818 1325 4832 ι

498 4852 633 4918 Quin
661 4856 817 4905 etiam
847 4854 960 4907 hate
983 4853 1158 4908 anima
1187 4853 1445 4909 divinitus
1478 4873 1568 4924 per
1602 4872 1826 4909 consona
1856 4875 2012 4911 mem-

430 4921 516 4973 bra
547 4924 847 4989 resolvitur;
888 4925 1188 4991 resolvitur,
1216 4928 1450 4995 inquam,
1476 4921 1569 4996 per
1599 4929 1867 4982 membra:
1896 4930 2013 4983 ani-

431 5008 510 5045 ma
543 4997 681 5045 enim
717 4996 802 5047 illa
847 5010 1041 5062 corpus
1076 5007 1156 5068 est
1189 4996 1618 5068 liquidissimum,
1652 4999 1805 5068 cujus
1833 5010 2009 5066 partes

430 5074 481 5114 ut
506 5073 811 5130 moventur,
838 5069 912 5120 sic
940 5068 987 5118 in
1016 5066 1159 5119 varia
1186 5067 1298 5121 loca
1334 5070 1585 5122 resoluta:
1604 5066 1744 5124 varia
1780 5071 2011 5127 subeunt

427 5135 666 5203 corporis
716 5136 982 5189 informati
1030 5139 1289 5191 membra.
1321 5139 1426 5194 Sed
1470 5142 1711 5195 membra
1744 5140 1859 5195 h:cc
1889 5151 2014 5197 sunt

429 5219 693 5271 consona,
738 5212 850 5261 sive
879 5212 1242 5261 convenientia
1270 5225 1393 5265 cum
1441 5212 1579 5265 inter
1617 5227 1699 5276 se,
1751 5224 1859 5266 tum
1892 5228 2012 5269 cum

435 5276 544 5341 ipsa
578 5279 772 5342 anima,
808 5295 834 5329 a
860 5295 960 5347 qua
991 5281 1255 5332 movenda
1306 5295 1459 5335 sunt:
1495 5290 1551 5335 ut
1581 5283 1787 5338 scilicet
1810 5285 2016 5340 minora

432 5350 659 5421 primum
688 5350 754 5400 ab
781 5351 979 5415 anima,
1028 5350 1222 5404 deinde
1255 5354 1452 5421 majora
1482 5362 1537 5407 et
1561 5369 1588 5407 a
1639 5356 1933 5412 minoribus
1962 5365 2015 5411 et

428 5416 495 5494 ab
524 5416 636 5494 ipsa
661 5435 869 5488 quoque
890 5425 1064 5494 anima
1091 5416 1403 5477 moveantur
1427 5442 1440 5477 :
1472 5424 1549 5479 sic
1580 5425 1657 5480 sal
1684 5442 1713 5481 a
1742 5428 1895 5494 mari,
1920 5443 2017 5482 na-

428 5488 513 5559 vis,
533 5492 599 5541 ab
623 5502 843 5559 utroque
864 5493 1091 5546 contrita
1117 5494 1331 5546 fatiscit.

498 5557 613 5612 lmo
640 5557 887 5637 przedieta
916 5565 1087 5616 anima
1113 5573 1249 5637 secta
1277 5565 1477 5631 circuit,
1509 5566 1578 5620 ita
1624 5576 1679 5622 ut
1708 5568 1866 5623 linem
1885 5569 2010 5637 jun-

425 5644 555 5698 gens
585 5633 845 5700 principio
886 5647 994 5687 sua:
1028 5635 1299 5699 motionis,
1332 5645 1522 5689 motum
1550 5638 1790 5693 videatur
1813 5633 2009 5700 glome-

425 5659 555 5698 δυιιδ
585 5659 845 5700 μιιιιυιμιυ
886 5659 994 5687 ulla:
1029 5659 1299 5699 mutlums,
1332 5659 1522 5689 malum
1550 5659 1790 5693 Vlueatur
1848 5659 2007 5694 tome-

424 5717 541 5755 rare
568 5704 621 5754 in
641 5702 873 5781 orbein,
891 5720 951 5758 en
973 5707 1101 5773 [nire
1125 5721 1317 5781 comme
1345 5723 1413 5781 un
1446 5708 1649 5781 peloton
1678 5711 1739 5761 de
1769 5659 1866 5777 ﬁlq:
1896 5712 2007 5781 glo-

428 5788 544 5825 mus
567 5775 709 5827 enim
738 5774 940 5841 Gallice
961 5790 1039 5847 est
1060 5791 1127 5827 un
1154 5777 1357 5846 peloton
1379 5778 1441 5831 de
1464 5778 1540 5844 ﬁl.
1568 5779 1662 5833 Est
1687 5774 2009 5847 qni'dem'illa

424 5847 599 5921 annua
629 5854 799 5905 secta:
831 5848 976 5921 quia_
1000 5846 1164 5921 instar
1194 5861 1379 5921 aqum,
1411 5851 1567 5911 aeris,
1594 5857 1648 5902 et
1677 5846 1840 5918 ipsius
1871 5852 2009 5921 ignis

426 5912 742 5990 liquidmest
761 5912 1042 5993 congeries
1068 5912 1297 5989 plurium
1316 5912 1775 5992 corpusculorum,
1806 5912 1924 5991 qui:
1950 5934 2006 5983 ul.

2135 1941 2506 2011 puscirenire;
2540 1956 2698 2010 quam
2723 1943 3029 1995 extraidem
3063 1957 3255 2010 corpus
3274 1942 3489 2011 egredi:
3520 1940 3717 2005 Eccl.t,

2131 2010 2383 2064 Lustrans
2412 2012 2669 2075 universa,
2702 2012 2872 2080 inquit
2902 2012 3131 2082 Spiritus
3163 2010 3399 2079 sanctus,
3426 2015 3480 2066 in
3503 2011 3720 2065 circuitu

2129 2083 2295 2152 pergit
2329 2083 2561 2151 spiritus,
2593 2093 2639 2135 et
2669 2085 2721 2136 in
2750 2082 2968 2136 circulos
2994 2100 3114 2136 suos
3141 2084 3443 2138 revertitur:
3471 2088 3720 2152 quareul

2128 2151 2269 2206 nunc
2299 2153 2524 2220 dicitur,
2572 2153 2687 2207 hate
2714 2154 2890 2207 anima
2916 2155 2969 2207 in
2995 2164 3145 2208 semet
3175 2156 3406 2209 reditura
3434 2163 3586 2207 meat.
3610 2151 3719 2207 Ve-

2128 2238 2247 2277 rum
2277 2224 2601 2296 litecanima,
2628 2224 2806 2279 habita
2827 2225 3039 2296 ratione
3068 2227 3350 2291 machina),
3374 2241 3530 2296 quam
3555 2222 3719 2296 infer.

2130 2304 2259 2359 mat,
2289 2294 2519 2362 duplicis
2548 2305 2629 2349 est
2658 2295 2899 2363 generis:
2932 2299 3103 2364 major
3133 2312 3256 2361 una,
3279 2294 3405 2365 qua!
3428 2312 3525 2367 per
3555 2295 3718 2364 majo-

2128 2381 2242 2419 rem
2268 2367 2450 2419 mundi
2474 2368 2731 2419 vorticem
2753 2384 2764 2423 :
2790 2367 2955 2421 altera
2981 2368 3174 2433 minor,
3199 2384 3319 2436 qua:
3346 2385 3440 2437 per
3459 2368 3718 2421 minorem

2132 2438 2377 2504 ejusdem
2411 2438 2594 2491 mundi
2628 2438 2886 2492 vorticem
2914 2438 3102 2491 diliusa
3134 2440 3361 2493 circuit:
3394 2449 3551 2506 atque
3582 2439 3718 2492 inter

2130 2509 2365 2562 minores
2392 2522 2493 2561 una
2528 2518 2629 2574 est,
2665 2510 2804 2562 circa
2825 2524 2981 2576 quam
3007 2511 3225 2575 cadum,
3248 2511 3413 2564 veluti
3440 2520 3553 2562 rota
3576 2513 3715 2562 circa

2134 2593 2290 2632 axem
2324 2580 2661 2634 convertitur
2682 2620 2697 2644 ,
2728 2594 2996 2648 quamque
3022 2596 3165 2635 nunc
3194 2580 3532 2649 Philosophia
3576 2596 3717 2633 men-

2128 2658 2225 2702 tem
2250 2651 2559 2720 profundam
2585 2659 2774 2714 vocat;
2800 2660 3014 2703 mentem
3039 2653 3275 2721 quidetn,
3300 2656 3437 2707 sicut
3466 2652 3576 2719 ipse
3599 2650 3717 2705 νίτ-

2127 2721 2286 2788 gilius
2313 2732 2530 2774 mentem
2561 2722 2875 2785 nominavit,
2904 2725 3161 2789 quoniam
3182 2724 3318 2785 haec,
3352 2724 3521 2776 instar
3551 2736 3716 2775 men-

2128 2792 2216 2863 tis,
2241 2791 2493 2846 insensile
2524 2803 2607 2845 est
2635 2801 2812 2863 motus
2844 2792 3158 2860 principium
3185 2812 3198 2846 :
3231 2794 3540 2863 profundam
3560 2807 3713 2856 vero,

2127 2862 2248 2929 quia
2276 2863 2435 2915 centri
2458 2863 2634 2916 locum
2672 2862 2861 2915 habet:
2905 2864 2957 2916 in
2987 2864 3146 2931 globo
3183 2862 3359 2918 autem
3409 2864 3557 2917 nulla
3592 2876 3715 2931 pars

2127 2942 2209 3003 est
2226 2941 2400 2985 centro
2431 2933 2762 3002 prol‘undior.
2800 2932 2960 2987 Forte
2986 2933 3101 2987 h:cc
3125 2934 3391 2998 machina,
3435 2949 3553 3003 qua:
3588 2948 3713 3001 pro-

2126 3002 2285 3055 funda
2319 3004 2407 3057 illa
2456 3012 2635 3058 mente
2687 3019 2825 3057 nunc
2856 3003 3186 3072 signiﬁcatur
3226 3005 3528 3067 informari,
3575 3014 3714 3061 terra

2124 3082 2235 3127 est:
2259 3077 2501 3143 quamvis
2531 3074 2672 3129 enim
2704 3075 2845 3127 nulla
2859 3076 3314 3130 demonstratione
3344 3075 3558 3145 probari
3584 3088 3714 3144 pos-

2125 3145 2197 3199 sit
2228 3152 2368 3199 terra
2397 3159 2517 3199 esse
2547 3145 2730 3199 mundi
2764 3155 3015 3209 centrum,
3043 3157 3180 3199 terra
3208 3157 3382 3201 tamen
3414 3146 3517 3200 dici
3542 3153 3714 3214 potest

2127 3224 2355 3268 centrum
2385 3217 2527 3270 illius
2549 3217 2788 3281 vorticis,
2823 3232 2980 3285 quem
3005 3217 3323 3270 incolimus:
3361 3220 3429 3270 ita
3460 3226 3517 3270 nt
3544 3217 3715 3285 lnajor

2049 3273 2095 3338 C
2126 3286 2303 3340 anima
2356 3288 2495 3340 circa
2550 3296 2748 3340 terram
2775 3273 2931 3341 simili
2960 3288 3182 3357 imagine
3209 3297 3465 3341 convertat
3493 3273 3673 3341 caelum
3692 3303 3715 3343 :

2122 3373 2256 3429 nam
2292 3373 2385 3411 aer
2429 3358 2641 3424 saltem,
2676 3359 2762 3427 qui
2789 3358 2983 3426 szepius
3011 3369 3115 3411 tam
3144 3360 3282 3428 apud
3327 3373 3508 3413 sacros
3554 3373 3713 3429 quam

2122 3427 2263 3497 apud
2297 3428 2549 3498 profanos
2574 3438 2821 3483 auctores
2847 3440 3065 3484 vocatur
3093 3427 3287 3484 coelum
3316 3471 3331 3493 ,
3380 3427 3584 3485 terram
3608 3430 3714 3484 cir-

2123 3500 2253 3561 cuit,
2278 3515 2376 3554 nec
2404 3499 2473 3553 ab
2492 3500 2596 3553 alio
2623 3514 2848 3564 corpore
2885 3515 3044 3570 quam
3082 3501 3150 3557 ab
3179 3501 3282 3555 isto
3310 3502 3497 3569 spiritu
3536 3516 3713 3557 aerem

2122 3570 2429 3640 circumagi,
2462 3571 2587 3624 satis
2624 3570 2899 3640 probabile
2936 3579 3056 3625 est:
3106 3572 3241 3625 sicut
3289 3572 3449 3626 simili
3498 3586 3714 3641 semper

2122 3642 2353 3711 imagine
2378 3643 2617 3696 converti
2636 3642 3034 3711 videturzlicet
3062 3644 3204 3697 enim
3238 3643 3289 3696 in
3323 3646 3425 3698 isto
3452 3658 3575 3698 aere
3601 3645 3713 3700 sive

2123 3705 2261 3767 caelo
2288 3712 2479 3778 nubes,
2512 3713 2729 3775 imbres,
2763 3705 3015 3780 ventique
3045 3725 3323 3782 cogantur,
3352 3725 3609 3768 constans
3636 3723 3713 3768 ta-

2122 3799 2247 3837 men
2278 3793 2362 3838 est
2406 3794 2459 3838 et
2499 3784 2803 3837 uniusmodi
2852 3784 3015 3853 hujus
3047 3784 3168 3840 coeli
3198 3785 3337 3839 circa
3372 3796 3565 3839 terrain
3606 3786 3712 3839 cir-

2121 3864 2319 3919 cultus,
2346 3862 2705 3924 conStansque
2723 3854 2964 3924 ejusdem
2987 3855 3249 3910 cmruleus
3273 3856 3439 3921 color,
3472 3856 3557 3921 qui
3582 3855 3711 3912 nihil

2120 3937 2199 3980 est
2228 3924 2371 3979 aliud
2402 3941 2559 3994 quam
2593 3925 2771 3980 lumen
2818 3926 2989 3981 obviis
3038 3927 3326 3995 vaporibus
3355 3927 3709 3981 exhalationi-

2122 3997 2327 4066 busque
2357 3997 2740 4050 modiﬁcatum.
2766 3997 2835 4052 At
2861 3998 2959 4051 nis‘i
2985 3998 3243 4065 prol'uuda
3271 3998 3363 4052 illa
3390 3999 3565 4051 anima
3591 3998 3707 4066 lue-

2121 4069 2190 4139 rit
2214 4078 2380 4139 terra,
2403 4068 2505 4121 alia
2534 4068 2637 4122 erit
2664 4082 2728 4122 ex
2764 4069 3061 4139 minoribus
3090 4068 3396 4135 animabus,
3427 4068 3494 4124 de
3518 4070 3711 4139 quibus

2116 4137 2226 4205 jam
2257 4138 2496 4207 locutura
2525 4147 2607 4193 est
2638 4139 2751 4207 ipsa
2780 4136 3148 4207 Philos’ophia.

2324 4206 2504 4283 causis
2552 4206 2751 4283 animas
2799 4206 3281 4283 paribusvitasque
3312 4210 3572 4283 minores.]
3620 4210 3709 4267 lll.

2122 4276 2469 4352 Philosophia
2500 4281 2607 4349 agit
2627 4276 2866 4335 seorsum
2883 4282 2948 4335 de
2959 4276 3236 4337 animabus
3252 4276 3710 4352 corporeisfquas

2120 4348 2272 4424 dicit,
2306 4348 2361 4405 1⁸
2397 4348 2593 4404 animus
2624 4353 2848 4424 vitasque
2872 4352 3128 4418 minores;
3158 4352 3216 4407 2°
3243 4348 3413 4406 causis
3442 4348 3651 4424 paribus
3676 4370 3709 4409 α

2122 4418 2233 4495 Deo
2258 4432 2558 4490 provectas;
2589 4423 2646 4495 δέ
2679 4418 2868 4475 levibus
2891 4424 3121 4495 curribus
3146 4433 3349 4491 aptatus
3374 4440 3392 4486 ;
3414 4418 3478 4495 ῥ’
3504 4439 3590 4495 per
3605 4440 3709 4479 cae-

2122 4490 2228 4544 lum
2259 4488 2543 4563 terramque
2581 4494 2868 4563 dispersas;
2899 4494 2960 4547 5°
3000 4495 3067 4545 ad
3106 4488 3286 4547 coelum
3315 4488 3580 4549 conversas
3622 4511 3705 4549 re-

2118 4574 2260 4615 verti.

2195 4634 2436 4687 Primum
2464 4633 2637 4702 agitur
2664 4633 2752 4687 hic
2798 4633 3055 4688 duntaxat
3095 4634 3162 4705 de
3202 4634 3481 4689 animabus
3509 4648 3707 4705 corpoé

2118 4703 2244 4768 reis,
2279 4713 2335 4758 ut
2358 4711 2481 4773 pote
2503 4720 2620 4773 qua:
2646 4704 2850 4759 similes
2871 4712 2995 4758 sunt
3023 4704 3267 4772 Spiritui,
3299 4704 3366 4759 de
3393 4720 3496 4775 quo
3525 4703 3706 4764 statim

2118 4780 2402 4847 agebatur,
2434 4782 2525 4847 aut
2555 4776 2796 4847 qumdam
2826 4775 2971 4847 illius
2994 4777 3195 4844 portio:
3228 4785 3285 4829 ut
3312 4778 3453 4829 enim
3486 4778 3707 4847 spiritus

2125 4844 2368 4918 universi
2385 4884 2408 4918 ,_
2428 4846 2503 4898 sic
2526 4846 2721 4900 animat
2747 4846 2828 4901 hae
2853 4845 3188 4900 adducuntur
3206 4847 3263 4918 in
3293 4844 3617 4918 exemplum,
3650 4857 3707 4910 ut

2123 4915 2203 4969 his
2215 4916 2442 4988 cognitis
2464 4932 2613 4970 mens
2635 4918 2861 4971 lunuana
2874 4918 2985 4971 suis
3001 4917 3411 4987 cogitationibus
3430 4915 3496 4974 ad
3509 4915 3703 4988 Deum,

2121 4987 2261 5040 unde
2287 5000 2503 5058 egressa
2538 4996 2641 5052 est,
2674 4997 2993 5043 revertatur.

2190 5057 2393 5135 Deinde
2419 5057 2502 5111 ha:
2529 5069 2785 5135 vocantur
2810 5061 2996 5135 anima:
3020 5061 3230 5135 vittaque
3273 5062 3529 5129 minores;
3558 5064 3703 5135 quod

2120 5130 2415 5184 minoribus
2458 5130 2717 5184 machinis
2749 5131 2997 5198 inclusas,
3028 5133 3277 5197 1minores
3325 5130 3704 5190 circuitus'ab-

2120 5200 2351 5275 solvant,
2383 5209 2439 5254 ut
2470 5202 2521 5254 in
2562 5202 2776 5275 plantis,
2809 5203 2859 5255 in
2888 5204 3092 5269 besnis,
3124 5213 3176 5258 et
3204 5204 3256 5259 in
3297 5205 3413 5275 ipso
3445 5206 3698 5259 homine:

2117 5286 2239 5345 cum
2262 5272 2363 5345 hoc
2388 5281 2564 5345 tamen
2600 5272 2933 5339 discrimine,
2960 5275 3097 5343 quod
3146 5276 3199 5329 iu
3246 5272 3462 5330 hoinine
3506 5286 3701 5345 praeter

2120 5340 2261 5396 hunc
2281 5342 2524 5411 Spiritum
2552 5355 2892 5414 corporeum,
2915 5340 2989 5398 sit
3010 5359 3164 5399 meus
3185 5347 3296 5399 sive
3322 5363 3408 5400 res
3433 5340 3698 5414 cogitans,

2119 5415 2204 5466 eui
2232 5414 2453 5481 spiritus
2486 5414 2574 5467 ille
2594 5412 2912 5469 famulatur:
2946 5432 3051 5486 quo
3077 5418 3133 5469 lit
3160 5412 3556 5484 utspiritusille
3577 5412 3699 5471 coré

2122 5498 2334 5556 porcus,
2383 5493 2439 5536 ut
2470 5494 2592 5551 pote
2639 5486 2822 5539 forma:
2855 5488 3132 5556 principali
3178 5486 3485 5549 famulatus,
3517 5488 3571 5541 in
3603 5489 3700 5543 lto-

2119 5554 2265 5607 mine
2293 5568 2487 5608 nomen
2517 5554 2933 5626 dignitatemque
2961 5554 3150 5610 animm
3177 5558 3418 5624 amittat,
3464 5559 3699 5613 dicatur-

2116 5639 2219 5693 que
2245 5633 2529 5700 propterea
2563 5630 2614 5680 in
2657 5627 3006 5700 homineuna
3034 5630 3289 5700 duntaxat
3336 5645 3454 5684 esse
3496 5633 3696 5700 anima,

2113 5710 2284 5765 eaque
2313 5697 2522 5752 ratione
2546 5700 2790 5766 prtedita.
2826 5698 3012 5768 Virgil.
3046 5713 3095 5751 iv
3118 5699 3336 5769 Georg.,
3364 5716 3414 5754 v.
3442 5703 3547 5756 220
3575 5720 3586 5732 ·

2173 5811 2297 5861 Esse
2316 5815 2488 5875 apibus
2512 5821 2698 5875 partem
2722 5814 2900 5863 divinas
2924 5816 3103 5863 mentis
3128 5824 3179 5864 et
3200 5816 3397 5866 banstus

2179 5874 2417 5940 ῥίψει-ἧος
2438 5874 2613 5923 dixere
2640 5890 2651 5923 :
2676 5874 2834 5924 Deum
2860 5890 3067 5940 namque
3092 5881 3170 5928 ire
3202 5892 3291 5940 per
3316 5893 3488 5931 omnes

2178 5934 2456 5993 'l‘crrasuue
2480 5943 2762 5996 tractusque
2786 5940 2932 5990 maris
2954 5934 3228 6001 coelumque
3248 5943 3554 6001 profundum.
