4276 6260
510 378 618 434 765

1743 364 1853 423 AN.
1892 359 2101 425 MANL.
2144 355 2293 414 ξεν.
2336 355 2559 412 ΒΟΕΉΙ

3678 340 3781 393 704

612 486 777 560 226
802 485 900 557 Da,
928 485 1105 554 Pater,
1134 490 1411 556 augustam
1436 479 1602 538 menti
1623 475 1984 533 conscendere
2014 485 2098 527 se-
2125 472 2207 531 Α,
2274 468 2393 560 inde
2432 468 2733 560 participem
2774 464 3041 535 potentiae,
3083 459 3398 526 reverentiae,
3447 455 3693 511 claritatis
3735 463 3781 507 et

1864 566 2026 640 idem.

653 674 725 728 Da
753 673 952 731 fontem
982 673 1210 731 lustrare
1236 669 1395 737 boni,
1426 668 1495 725 da
1524 668 1643 724 luce
1673 672 1887 735 reperta

656 766 709 820 ln
736 773 789 821 te
814 768 1131 834 conspicuos
1162 763 1324 819 animi
1349 762 1582 831 deligere
1610 761 1777 813 visus.

513 858 581 915 25
658 859 852 928 Disjice
880 868 1107 914 terrena:
1138 857 1359 912 nebulas
1390 867 1443 910 et
1468 853 1708 925 pondera
1740 848 1919 912 molis,

657 960 831 1023 Atque
860 951 1256 1022 tuo,splendore
1283 951 1449 1004 mica:
1481 958 1535 1001 tu
1565 959 1796 1013 namque
1819 952 2095 1005 serenum,

656 1044 733 1097 Tu
759 1043 970 1112 requies
993 1042 1274 1113 tranquilla
1301 1040 1430 1111 piis;
1464 1049 1515 1093 te
1548 1050 1769 1093 cernere
1797 1032 1949 1097 linis,

661 1136 817 1206 227
845 1134 1201 1204 Principium,
1226 1143 1431 1201 vector,
1448 1133 1575 1196 dux,
1604 1127 1814 1192 semita,
1840 1122 2100 1180 terminus

1843 1220 2005 1294 [idem
2015 1259 2028 1272 .

1046 1300 1208 1371 223
1246 1297 1469 1353 pnoss
1508 1296 1577 1351 Χ.

524 1392 913 1447 Διιῦῠιιειιτυιι.
938 1419 1010 1429 -
1034 1388 1373 1455 Philosophia
1399 1388 1732 1447 demonstrat,
1761 1381 1973 1455 aliquod
1999 1397 2105 1455 esse

595 1478 849 1517 summum
889 1461 1093 1524 bonum,
1125 1470 1171 1513 et
1211 1451 1341 1515 hanc
1370 1460 1668 1527 qualitatem
1714 1457 1787 1527 ita
1828 1451 1985 1509 solius
2012 1451 2105 1527 Dei

592 1549 718 1594 esse,
747 1536 876 1584 hanc
903 1542 957 1585 ut
983 1549 1016 1586 α
1041 1547 1094 1585 se
1121 1524 1469 1584 indistinctam
1490 1546 1580 1585 nec
1606 1526 1668 1580 ab
1700 1526 1805 1579 ullo
1830 1524 2105 1594 acceperit,

596 1592 835 1658 nec‘cum
863 1604 969 1658 ullo
995 1602 1326 1655 communicet
1357 1616 1375 1655 :
1419 1616 1478 1653 ea:
1510 1615 1610 1669 quo
1647 1598 1837 1667 colligit
1879 1592 1992 1669 eum
2021 1592 2109 1663 qui

594 1690 793 1730 summo
822 1675 951 1728 bono
987 1674 1177 1744 {ruitur
1212 1674 1328 1727 hinc
1356 1665 1532 1726 Deum'
1557 1683 1663 1725 esse
1700 1665 2108 1741 participatione,

2273 541 2566 611 voluptatis.

2275 641 2301 671 α
2328 634 2591 700 Quoniam
2630 630 2794 700 igitur
2818 644 2937 699 quae
2972 627 3044 682 sit
3082 613 3407 695 imperfecti,
3456 635 3578 690 qua:
3622 625 3783 674 etiam

2202 727 2425 801 perfecti
2462 725 2590 781 boni
2628 725 2821 787 forma,
2862 720 3043 775 vidisti
3077 736 3090 773 :
3121 733 3263 772 nunc
3308 712 3784 770 demonstrandum

2201 838 2343 887 reor.
2373 835 2605 890 quonam
2635 818 2749 872 haec
2790 815 3063 871 felicitatis
3096 811 3355 882 perfectio
3378 808 3665 864 constituta
3696 805 3785 859 sit.

2205 917 2263 971 ln
2286 931 2391 985 quo
2411 913 2539 970 illud
2566 912 2791 981 primum
2816 908 3045 963 arbitror
3071 903 3447 974 inquirendum
3476 917 3544 955 an
3571 898 3786 968 aliquod

2208 1005 2516 1078 huiusmodi
2547 1006 2768 1068 bonum,
2794 1002 2950 1070 quale
2983 999 3142 1067 paulo
3177 1008 3301 1051 ante
3335 994 3590 1059 deﬁnisti,
3624 993 3675 1046 in
3710 990 3789 1061 (5)

2207 1113 2388 1154 rerum
2420 1097 2608 1149 datura
2632 1093 2804 1162 possit
2832 1091 3085 1152 existere,
3119 1103 3187 1142 ne
3218 1102 3317 1141 nos
3348 1095 3540 1155 praeter
3564 1084 3640 1137 rei
3665 1084 3790 1136 suh-

2209 1195 2365 1267 iectaa
2394 1190 2669 1244 veritatem
2703 1185 2729 1225 ιι
2765 1199 2919 1239 cassa
2951 1181 3292 1252 COgitationis
3331 1180 3505 1248 imago
3535 1177 3788 1244 decipiat.

2214 1289 2229 1319 ⁸
2258 1286 2361 1343 Sed
2391 1283 2519 1353 quin
2548 1280 2763 1347 existat,
2793 1277 2964 1346 sitque
2994 1274 3094 1328 hoc
3118 1274 3282 1327 veluti
3308 1272 3520 1341 quidam
3550 1268 3788 1322 omnium

2211 1380 2331 1436 lous
2361 1383 2644 1440 bonorum,
2675 1372 2860 1442 negari
2891 1369 3095 1438 nequit.
3145 1368 3316 1421 Omne
3354 1365 3496 1419 enim
3527 1363 3665 1431 quod
3691 1361 3789 1413 itu.

2138 1511 2147 1527 .
2214 1472 2507 1544 perfectum
2538 1482 2660 1523 esse
2685 1466 2900 1529 dicitur,
2939 1462 2992 1518 id
3028 1459 3402 1516 imminutione
3442 1455 3660 1525 perfecti
3698 1454 3795 1507 im.

2218 1565 2509 1637 perfectum
2540 1574 2661 1614 esse
2687 1556 3019 1627 perhibetur.
3047 1553 3164 1620 Quo
3198 1552 3283 1619 ﬁt,
3312 1559 3369 1603 ut
3394 1550 3443 1603 si
3474 1548 3529 1601 in
3557 1546 3796 1615 quolibet

2220 1671 2416 1729 genere
2464 1650 2836 1722 imperfectum
2874 1646 2998 1719 quid
3032 1644 3145 1717 (10)
3175 1657 3296 1699 esse
3321 1641 3592 1704 “videatur,
3631 1638 3684 1692 in
3711 1652 3777 1692 eo

1860 1770 2444 1835 INTERPRETATIO.

529 1883 707 1940 nubem
735 1894 781 1939 et
810 1882 1106 1951 gravitatem
1129 1881 1377 1936 machina:
1400 1879 1680 1938 terrestris:
1719 1884 1765 1933 et
1797 1877 2117 1951 coruscatuo

528 1956 761 2026 fulgore:
791 1944 909 2009 riam
939 1964 992 2007 tu
1014 1955 1358 2026 serenitases,
1374 1965 1423 2006 tu
1436 1952 1576 2026 quies
1602 1944 1885 2026 tranquilla
1912 1944 2116 2026 probis;

530 2019 585 2080 et
608 2019 797 2080 nostra
825 2026 891 2080 de
928 2034 976 2078 te
1013 2025 1154 2078 notio
1181 2024 1331 2093 ﬁnis;
1363 2019 1507 2095 qunti
1534 2023 1607 2079 sis
1636 2019 1972 2093 principium,
2005 2025 2119 2065 vec-

532 2106 630 2164 tor,
660 2098 787 2166 dum,
816 2096 929 2163 via,
959 2103 1006 2150 et
1035 2098 1297 2151 terminus.

2296 1873 2322 1900 ι
2346 1857 2743 1929 Cognitomodo
2778 1863 2880 1929 tam
2892 1851 3209 1929 imperfecti,
3240 1853 3640 1929 quam‘perfecti
3663 1850 3799 1919 boni,

2223 1923 2618 2057 demops'tranda
2637 1938 2712 1981 est
2740 1941 2819 1981 res
2840 1924 2934 1979 illa
2956 1938 3069 1992 qua:
3094 1924 3159 1976 sit
3183 1937 3378 1975 summe
3395 1923 3543 1976 bona.

2297 2005 2325 2044 ι»
2402 2000 2570 2055 nanis.

2054 2164 2285 2232 NOTAE.

593 2285 720 2337 Hinc
746 2286 980 2349 pecudes,
1000 2296 1237 2347 armenta,
1260 2287 1406 2342 viras,
1434 2296 1593 2344 genus
1616 2295 1761 2331 omne
1781 2280 2018 2349 ferarum,

595 2346 855 2410 Quemque
876 2346 974 2399 sibi
986 2356 1164 2399 tenues
1184 2346 1470 2397 nascentem
1497 2357 1750 2395 arcessere
1776 2346 1907 2393 vitas.

609 2455 798 2512 Postea
849 2456 929 2511 hae
978 2459 1214 2511 minores
1261 2456 1454 2509 animm
1486 2454 1672 2508 iisdem
1702 2452 1890 2514 causis,
1936 2444 2129 2515 quibus

540 2528 826 2597 praedictus
853 2528 1069 2595 spiritus
1100 2527 1369 2588 Uuiversi,
1404 2527 1553 2587 fiunt,
1572 2522 1912 2597 videli_ce_t_e_x
1940 2516 2129 2571 eadem

541 2589 754 2651 materia
786 2589 1043 2668 fluiiante,
1076 2600 1217 2653 etab
1245 2598 1363 2665 ipso
1391 2597 1522 2661 Deo,
1550 2592 1773 2650 servatis
1802 2589 1990 2647 iisdem
2031 2602 2130 2642 na-

542 2680 673 2722 tura:
693 2670 917 2737 legibus.

616 2730 880 2794 Praetverea
924 2740 1131 2799 emdem
1183 2740 1375 2793 anima:
1405 2736 1654 2792 dicuntur
1698 2741 1890 2802 aptatia
1944 2730 2133 2786 levibus

544 2812 809 2875 curribus,
844 2812 942 2865 hoc
988 2822 1069 2865 est
1114 2810 1453 2876 corporibus.
1505 2808 1699 2876 quibus
1742 2803 2085 2858 includuntur
2112 2839 2127 2862 ,

544 2897 771 2951 quaeque
818 2882 945 2949 ipsa:
998 2896 1214 2936 movere
1261 2890 1317 2936 et
1344 2894 1528 2947 regere
1559 2878 1913 2951 videntur,_ut
1949 2881 2135 2951 vector

546 2946 763 3006 movere
789 2946 849 3005 et
875 2967 1063 3021 regere
1113 2969 1327 3007 currum
1357 2946 1529 3021 solet:
1563 2948 1739 3003 anima
1770 2947 1911 3021 enim
1941 2946 2134 3021 plantat

548 3039 600 3075 ν.
650 3039 701 3093 g.
736 3017 963 3079 diversa'
988 3032 1071 3077 est
1100 3024 1167 3076 ab
1192 3024 1370 3078 anima
1398 3019 1585 3093 bestiae
1609 3038 1621 3071 :
1670 3018 1914 3093 etanima
1941 3017 2135 3093 bestia:

549 3089 676 3162 pro'
705 3094 929 3149 diversis
987 3094 1273 3149 bestiarum
1322 3091 1607 3163 generibus
1664 3089 1865 3163 iterum
1921 3089 2135 3163 diversa

549 3157 649 3219 est.
683 3166 771 3219 Sic
825 3166 1019 3220 animae
1064 3181 1244 3234 apum,
1295 3157 1363 3225 de
1417 3163 1609 3234 quibus
1657 3158 1767 3229 jam
1820 3157 2139 3230 loquebatur

551 3234 825 3307 Virgilius,
867 3236 967 3291 dici
984 3233 1201 3305 possunt
1224 3237 1412 3291 levibus
1429 3233 1659 3288 curribus
1677 3240 1885 3307 aptatas.

2221 2257 2397 2312 ditore
2433 2249 2636 2316 accepti
2675 2262 2782 2301 non
2821 2247 3122 2309 immemor,
3166 2258 3227 2299 se
3265 2257 3465 2316 suaque
3495 2242 3666 2298 cidem
3709 2256 3807 2298 suo

2233 2324 2500 2381 conditori
2542 2315 2819 2375 devoveat.
2868 2317 3007 2371 Deus
3047 2324 3224 2370 autem
3267 2315 3337 2368 ita
3381 2318 3575 2369 mentis
3618 2324 3809 2370 nostra!

2237 2394 2553 2467 principium
2599 2399 2699 2467 est,
2742 2387 3083 2467 ut_quat_nvis
3127 2400 3277 2440 mens
3324 2394 3515 2467 posset_
3544 2384 3812 2451 dubitare,

2234 2455 2573 2523 ittrutn'Deus
2596 2460 2731 2514 foret
2754 2455 3066 2526 principium
3088 2471 3394 2526 corporum,
3419 2455 3606 2510 eadem
3632 2469 3812 2511 tamen

2237 2553 2351 2592 suae
2392 2530 2662 2589 tenuitatis
2695 2531 2931 2593 conscia,
2964 2542 3178 2595 semper
3217 2526 3581 2585 convincatur.
3617 2541 3675 2581 se
3705 2542 3808 2580 non

2236 2610 2305 2662 ab
2328 2608 2434 2660 alio
2462 2618 2622 2672 quam
2651 2601 2861 2672 ab_ipso
2892 2601 2999 2654 Deo
3025 2599 3189 2653 fuisse
3215 2607 3469 2672 creatam.
3513 2596 3815 2672 HincDeus

2237 2678 2374 2734 dixit
2397 2668 2618 2744 Apocal.
2650 2688 2689 2736 ι,
2712 2669 2824 2744 qu
2854 2687 2963 2724 sum
2986 2693 3019 2725 α
3045 2680 3092 2723 et
3118 2694 3159 2724 ω
3178 2669 3485 2739 principium
3505 2676 3550 2722 et
3568 2668 3707 2735 ﬁnis.

2326 2742 2547 2816 Vectem]
2594 2744 2724 2809 Quia
2771 2742 2910 2816 Deus
2945 2749 3233 2816 conservat
3263 2750 3499 2816 nostram
3540 2749 3813 2816 mentem:

2240 2835 2359 2874 cum
2388 2808 2895 2871 enim-conservatio
2918 2811 3046 2864 nihil
3074 2812 3142 2864 sit
3166 2810 3307 2864 aliud
3327 2825 3487 2879 quam
3516 2810 3816 2865 continuata

2241 2889 2544 2960 productio.
2574 2886 2715 2940 Deus
2739 2883 3369 2960 eonservando‘nostram
3400 2882 3817 2960 mentemthaoc

2240 2951 2450 3016 videtur
2476 2964 2689 3027 portare
2715 2954 2827 3027 sive
2851 2953 3063 3027 vehere.
3110 2952 3189 3007 Ad
3216 2951 3377 3007 Hebr.
3408 2967 3424 3005 ι
3458 2951 3598 3006 Deus
3624 2952 3817 3006 dicitur

2242 3025 2653 3101 portans—annua
2678 3025 3044 3101 verbo.virtutis
3070 3040 3195 3101 sum.

2316 3098 2481 3169 Dim]
2525 3098 2664 3154 Deus
2702 3097 2843 3149 enim
2881 3105 3112 3169 mentem
3149 3094 3432 3169 humanam
3473 3100 3812 3169 nontantum

2244 3185 2391 3229 creat
2430 3162 2848 3235 conservatque,
2895 3165 2990 3221 sed
3036 3164 3312 3230 eamdem,
3357 3162 3517 3235 etiam
3560 3163 3813 3235 abortu,

2242 3241 2556 3314 quibusdam
2598 3232 2848 3314 informat
2882 3235 3319 3314 cogitationibus,
3352 3234 3596 3289 nitnir‘um
3628 3232 3819 3314 intelli-

625 3290 843 3376 liisupe'r
867 3290 967 3373 his,
986 3290 1270 3375 'priedictaa
1290 3308 1485 3361 anima:
1510 3320 1597 3371 per
1639 3290 1819 3383 caelum
1851 3313 2138 3383 ter-rumque
2163 3290 2209 3353 C

2131 3318 2138 3352 ε
2163 3290 2209 3353 C
2242 3290 2898 3383 genitaeihinelinationc,
2921 3290 3049 3375 quas
3080 3306 3146 3371 si,
3175 3290 3419 3383 neglecto
3448 3304 3691 3383 corporis
3715 3304 3820 3359 im-

554 3372 796 3440 dispersa:
821 3389 973 3431 sunt:
1002 3372 1139 3432 'nam
1173 3387 1523 3445 praeterquam
1553 3372 1697 3445 quod
1724 3373 1884 3445 etiam
1919 3374 1969 3427 in
2000 3375 2139 3445 caelo

558 3446 821 3502 stellifero
850 3448 986 3501 forte
1013 3442 1299 3503 occurrere
1329 3442 1502 3513 potest
1524 3442 1716 3498 similis
1743 3442 1956 3511 quidam
1985 3444 2143 3514 spiri-

556 3526 672 3579 tus,
703 3518 790 3582 qui
820 3532 915 3585 per
936 3533 1131 3585 corpus
1164 3518 1335 3585 inquo
1359 3516 1648 3572 includitur
1668 3556 1701 3585 ,Α
1729 3514 2015 3581 praedictos
2041 3516 2146 3570 cir-

561 3587 739 3641 cuitus
761 3583 911 3655 agat;
940 3583 1176 3643 minores
1198 3583 1301 3640 illa:
1329 3588 1519 3642 animm
1540 3594 1665 3639 sunt
1690 3583 1742 3655 in
1773 3584 1983 3651 bestiis,
2016 3598 2149 3654 qua-

558 3670 671 3717 rum
697 3653 881 3712 aliaéin
907 3660 1081 3723 terris,
1099 3660 1220 3713 alia:
1248 3658 1300 3713 in
1324 3660 1463 3713 creto
1492 3656 1638 3710 aerio
1660 3653 1861 3709 vivunt.

629 3727 863 3783 Tandem
898 3732 978 3781 lia:
1007 3730 1200 3784 animm
1223 3728 1291 3783 ad
1315 3732 1499 3783 cretum
1517 3742 1773 3781 conversa?
1792 3734 2113 3779 revertuntur
2129 3741 2149 3780 :

562 3799 644 3852 lite
665 3802 806 3853 enim
835 3800 1061 3864 animae,
1095 3808 1154 3854 ut
1183 3807 1308 3868 pote
1335 3814 1456 3869 quae
1475 3797 1710 3864 generali
1738 3812 2021 3865 corporum
2038 3813 2153 3850 mo-

561 3879 735 3924 torum
766 3869 901 3938 lege,
931 3885 1051 3939 qum
1075 3886 1216 3925 nunc
1232 3880 1452 3925 vocatur
1472 3871 1714 3939 benigna,
1746 3883 1847 3936 qua
1866 3870 2042 3922 minus
2059 3883 2148 3923 re-

563 3938 1055 4007 Sistitttr,tendunt,
1090 3943 1140 3995 in
1172 3942 1391 4004 caelum,
1424 3957 1527 4005 qua
1559 3938 1734 3993 minus
1764 3939 2032 3992 resistitur
2064 3940 2156 3991 iis-

566 4013 708 4073 dem,
733 4011 1004 4066 nituntur:
1036 4012 1199 4067 veluti
1222 4013 1338 4081 igne
1358 4012 1533 4065 reduci
1558 4026 1576 4064 :
1603 4010 1831 4063 maxima
1858 4010 2053 4081 quippe
2072 4018 2156 4064 est

569 4081 864 4137 similitudo
900 4084 1037 4136 inter
1069 4084 1165 4138 has
1200 4080 1407 4138 animas
1436 4094 1489 4138 et
1521 4082 1729 4150 ignem:
1764 4080 1904 4134 unde
1938 4080 2160 4148 Virgilio

566 4153 848 4221 praedictus
885 4152 1102 4216 spiritus
1146 4154 1447 4223 appellatur
1475 4155 1675 4223 igneus_
1690 4151 1851 4223 vigor.
1892 4150 2155 4223 Quoniam

567 4220 695 4278 vero
752 4223 948 4285 caelum
1012 4220 1240 4279 habetur
1282 4220 1603 4280 altissimum
1649 4221 1742 4275 Dei
1794 4220 2160 4277 domicilium:

568 4290 759 4348 Matth.
806 4308 835 4345 v
857 4337 871 4360 ,
907 4292 1026 4348 Non
1042 4297 1331 4365 jurandum
1355 4313 1443 4367 per
1465 4296 1664 4367 cretum,
1684 4295 1805 4362 quia
1834 4294 2046 4367 thronus
2071 4292 2166 4351 Dei

569 4375 679 4427 est;
726 4376 1005 4434 propterea
1043 4370 1180 4419 Deus
1210 4366 1361 4420 nunc
1389 4366 1582 4422 dicitur
1611 4368 1811 4434 facere,
1845 4366 1937 4417 has
1966 4367 2168 4419 animos

570 4436 636 4561 ΞΔ
656 4452 708 4489 se
731 4451 997 4490 conuersas
1008 4437 1187 4492 reuerti
1208 4440 1593 4508 :etzpropterea
1617 4448 1759 4490 nunc
1785 4438 1837 4489 in
1861 4436 2166 4506 exemplum

608 4516 851 4561 ucuntut‘.

608 4516 851 4561 ucuntut‘.

643 4577 734 4630 22.
780 4577 858 4629 Da
881 4574 1081 4648 Pater.]
1112 4578 1201 4633 Sic
1219 4587 1438 4633 vocatur
1461 4580 1603 4634 Deus
1626 4595 1730 4634 non
1766 4579 1937 4632 solum
1963 4593 1990 4630 a
2012 4577 2173 4633 Chri—

573 4651 782 4711 stianis,
805 4648 899 4703 sed
929 4650 1090 4704 etiam
1122 4651 1192 4703 ab
1220 4650 1469 4716 ethnicis,
1492 4660 1548 4704 ut
1566 4650 1676 4718 jam
1700 4652 2025 4706 notavimus.
2045 4650 2170 4704 Haec

575 4730 654 4774 est
681 4730 856 4773 autem
890 4721 1073 4783 petitio
1103 4721 1483 4787 Philosouhiae,
1515 4723 1667 4790 cujus
1705 4722 1874 4791 gratia
1912 4721 2164 4789 prtedicta

579 4791 857 4859 przemisit.
893 4791 1063 4856 ltogat
1085 4807 1209 4846 vero
1240 4792 1439 4855 Deum,
1474 4801 1529 4845 ut
1560 4794 1683 4852 hinc
1711 4793 1899 4847 liheret
1930 4802 2163 4845 mentem

581 4860 815 4935 tenebris
845 4861 913 4916 ab
939 4861 1055 4935 ipso
1082 4877 1311 4931 corpore
1330 4864 1493 4917 ortis:
1524 4862 1721 4935 Corpus
1751 4863 1905 4927 enim,
1932 4861 2058 4935 Sap.
2088 4877 2162 4935 ιιι,

580 4933 715 5004 quod
743 4932 1107 5004 corrumpitur,
1137 4944 1378 5004 aggravat
1398 4931 1644 5003 animam,
1675 4944 1718 4988 et
1744 4947 1941 4987 terrena
1968 4931 2168 4987 inhabi-

583 5000 710 5053 tatio
723 5000 1344 5076 depri_ntit|sensummulta
1364 5000 1698 5076 cegitantem:
1728 5005 1850 5059 inde
1864 5019 1990 5059 vero
2003 5004 2168 5057 infor-

585 5081 694 5128 met
722 5072 1027 5143 cognitione
1053 5079 1245 5128 summi
1280 5072 1441 5138 boui,
1459 5075 1677 5143 eiusque
1705 5090 1911 5130 am0re.

658 5143 752 5200 26.
794 5143 871 5216 _Tu
924 5160 1139 5216 namque
1186 5144 1463 5216 serenum]
1514 5145 1780 5200 Serenans
1826 5155 2065 5200 mentes:
2112 5153 2169 5196 ut

588 5210 1032 5286 quemadmodum
1052 5210 1261 5286 tempus
1273 5210 1519 5270 serenum
1542 5217 1757 5286 tingitur
1772 5218 1955 5285 fugare
1970 5218 2166 5269 nubes:

590 5288 667 5339 sic
700 5284 838 5339 Deus
856 5286 1049 5339 mentis
1080 5285 1323 5340 tenebras
1387 5288 1530 5341 ellat.

658 5354 749 5409 27.
788 5354 869 5409 Tu
898 5356 1094 5409 reauies
1139 5302 1417 5409 trauaui’ia
1462 5358 1530 5409 nii

658 5354 749 5410 27.
788 5354 869 5428 Tu
898 5356 1094 5428 requies
1139 5353 1417 5425 tranquilla
1460 5353 1603 5428 piis.]
1653 5356 1796 5414 Dans
1822 5356 2174 5427 cogitationes

574 5426 938 5500 tranquillas;
970 5427 1034 5480 iis
1057 5442 1270 5497 nempe,
1288 5431 1402 5499 qui,
1425 5426 1733 5494 dante—Deo,
1755 5444 1851 5486 suo
1867 5426 1989 5500 erga
2007 5427 2174 5483 Deum

592 5496 766 5552 officio
807 5496 1110 5563 funguntur.

663 5569 752 5623 ‘27.
796 5567 869 5622 Te
897 5586 1097 5624 cernere
1124 5566 1288 5640 finis.]
1318 5571 1463 5626 Mens
1492 5570 1722 5627 humana
1751 5588 1817 5627 eo
1845 5574 1949 5627 fine
1987 5588 2014 5625 a
2064 5570 2175 5627 Deo

596 5651 780 5712 creata
788 5652 949 5712 esui!
967 5641 1426 5712 cogitet,adeoqne
1441 5651 1497 5697 ut
1511 5656 1813 5712 cognoscat.
1828 5643 2173 5698 Deumzioan.

597 5725 725 5783 xiii,
755 5710 800 5763 Η
810 5727 881 5783 (th
906 5724 980 5783 est
1000 5716 1099 5765 vita
1119 5724 1308 5783 (uerna
1338 5710 1389 5766 ut
1418 5710 1720 5783 cognoscant
1745 5723 1793 5767 te
1809 5715 1966 5768 Deum
1980 5731 2174 5770 rerum.

668 5780 759 5832 28.
819 5778 1200 5852 Principium.]
1249 5784 1360 5836 Non
1419 5778 1592 5837 minus
1652 5800 2011 5837 DPi'eSSDI'IUIII
2065 5795 2167 5850 est,

602 5860 833 5902 mentem
858 5861 1090 5928 nostram
1110 5868 1266 5928 suum
1288 5854 1630 5928 principium,
1652 5870 1809 5928 quam
1832 5860 2169 5923 semetipsum

604 5931 961 5989 cognoscere:
988 5926 1045 5973 ut
1072 5922 1314 5978 videlicet
1351 5925 1506 5992 primi
1548 5923 1793 5979 beneﬁcii
1836 5940 1863 5978 ιι
1900 5940 1997 5979 suo
2026 5922 2168 5978 'con-

2246 3375 2391 3457 petit,
2416 3397 2567 3457 mens
2591 3382 2709 3457 ipsa
2736 3388 3008 3457 sequatur,
3038 3375 3624 3457 nunquatnaberrabit.

2318 3445 2560 3523 semitm]
2591 3445 2719 3505 Nam
2745 3450 2933 3523 semita
2962 3450 3155 3523 mentis
3178 3446 3285 3523 alia
3313 3449 3363 3501 in
3387 3461 3582 3523 genere
3613 3445 3824 3523 (arma,

2247 3526 2347 3579 alia
2372 3526 2425 3579 in
2446 3516 2644 3593 genere
2666 3518 3131 3593 causw_e/]icientis.
3178 3516 3329 3593 Prior
3349 3528 3429 3572 est
3453 3516 3702 3593 cogitatio
3723 3531 3825 3593 qua

2250 3610 2403 3651 mens
2428 3588 2642 3649 a'rebus
2663 3588 3161 3644 caducisrecedeus
3183 3590 3247 3641 ad
3274 3588 3439 3642 Deum
3467 3588 3671 3641 accedit
3698 3604 3712 3639 :
3739 3588 3827 3642 Sic

2252 3666 2611 3721 Proverb.tv:
2649 3658 2906 3715 Pistorum
2954 3661 3153 3722 semita.
3201 3662 3346 3727 quasi
3389 3656 3481 3711 lux
3521 3656 3830 3725 splendens,

2253 3736 2573 3807 procedittet
2599 3733 2773 3786 crescit
2806 3730 3046 3807 usquead
3064 3733 3343 3807 perfectum
3364 3731 3529 3807 diem_._
3560 3728 3829 3807 Posterior

2257 3798 2339 3861 est
2374 3798 2645 3876 ipse’Deu_s
2674 3815 2831 3876 recta:
2861 3798 3197 3876 rogitationis
3225 3814 3431 3876 auctor.
3476 3801 3565 3854 Sic
3587 3798 3830 3876 Christus

2257 3871 2411 3932 Joan;
2433 3891 2521 3929 xlv
2546 3894 2557 3926 :
2588 3872 2716 3941 Ego.
2743 3873 2933 3941 inquit,
2956 3888 3066 3926 sum
3088 3874 3189 3935 via,
3214 3881 3259 3923 et
3280 3871 3482 3935 veritas,
3507 3882 3552 3925 et
3572 3873 3694 3923 vita.

2330 3942 2646 4010 Terminus.l
2693 3942 2746 3997 id
2788 3955 3008 3996 vocatur
3052 3945 3333 4010 terminus,
3375 3943 3508 3994 ultra
3541 3943 3681 4010 quod
3726 3953 3833 4005 res,

2262 4019 2448 4073 eodem
2472 4011 2644 4080 (inita,
2670 4029 2773 4067 non
2800 4013 3110 4067 dtll‘unditur
3135 4031 3145 4063 :
3167 4011 3304 4067 sit-ut
3326 4015 3482 4065 caecis
3508 4012 3836 4076 nationibus,

2264 4088 2410 4143 rudis
2443 4085 2789 4151 informisque
2817 4083 2975 4152 lapis,
3009 4085 3140 4145 ultra
3172 4098 3327 4150 quem
3356 4098 3501 4151 ager,
3534 4084 3633 4135 hoe
3667 4083 3839 4149 lapide
3888 4084 3893 4089 ’

2268 4161 2481 4225 finitus,
2522 4171 2628 4210 non
2672 4154 3012 4220 diﬂ'unditur,
3057 4155 3344 4208 vocabattrr
3386 4154 3509 4207 deus
3552 4152 3839 4225 Terminus.

2267 4228 2431 4296 Atqui
2465 4222 2601 4283 Deus
2636 4235 2717 4280 est
2756 4225 2899 4296 idad
2930 4226 3066 4293 quod
3098 4224 3513 4296 ntensltumaua
3559 4222 3839 4296 cogitando

2272 4293 2493 4355 dilfundi
2521 4298 2706 4360 debet;
2735 4295 2825 4350 sed
2852 4296 2989 4366 ultra
3011 4296 3147 4366 quod
3173 4293 3357 4349 eadem
3389 4310 3539 4349 mens
3562 4294 3841 4366 cogitando

2272 4370 2474 4424 versari
2500 4384 2601 4421 non
2624 4378 2816 4435 potest.
2839 4364 2991 4420 Joan.
3013 4362 3090 4419 vi:
3115 4366 3349 4430 Damna,
3372 4366 3438 4419 ad
3459 4381 3603 4435 quem
3627 4362 3842 4417 ibimus?

2272 4443 2421 4496 verba
2440 4442 2555 4493 vita:
2578 4450 2777 4493 a'terna:
2796 4438 2968 4491 habes.

2349 4512 2496 4567 Sicut
2523 4519 2697 4563 autem
2727 4510 2902 4563 omnia
2935 4507 3047 4563 haec
3076 4518 3220 4562 recte
3249 4507 3497 4561 dicuntur
3525 4506 3593 4560 de
3627 4507 3759 4567 Deo,
3791 4513 3844 4562 ut

2273 4583 2381 4653 jam
2415 4583 2712 4653 expositum
2744 4590 2854 4642 est,
2894 4579 2966 4653 ita
2998 4594 3101 4633 non
3136 4580 3273 4653 male
3302 4578 3603 4633 dicerentur
3634 4576 3700 4629 de
3733 4576 3845 4653 ipsa

2197 4673 2251 4735 D
2274 4648 2578 4735 cognitiorpe
2602 4649 2715 4714 Dei,
2756 4652 2929 4735 menti
2949 4659 3142 4729 nostra}
3174 4651 3495 4735 insi_la,lqu;‘e
3522 4658 3728 4729 notatur
3764 4648 3845 4700 his

2275 4719 2472 4786 verbis,
2499 4721 2571 4775 Te
2593 4738 2813 4774 cernere.
2849 4721 3025 4774 Primo
3054 4722 3193 4775 enim
3227 4720 3313 4773 illa
3341 4721 3405 4773 de
3433 4720 3539 4773 Deo
3567 4719 3721 4771 insita
3753 4732 3847 4769 cn-

2275 4797 2439 4864 gnitio
2463 4803 2611 4864 recte
2628 4792 2819 4844 dicitur
2845 4791 2960 4859 ﬁnis
2984 4806 3003 4844 :
3025 4792 3276 4864 quoniam
3301 4806 3365 4844 eo
3388 4788 3493 4843 ﬁne
3519 4788 3639 4864 facti
3665 4802 3848 4864 sumus

2274 4859 2301 4919 5
2341 4866 2471 4930 Deo,
2504 4874 2558 4916 ut
2590 4862 2753 4916 Deum
2800 4864 2968 4930 ipsum
3011 4863 3323 4929 cogitemus.
3378 4861 3622 4915 Secundo
3662 4859 3759 4913 ead
3797 4873 3849 4913 m

2275 4936 2505 5005 cognitio
2553 4946 2698 4988 reete
2744 4933 2938 4987 dicitur
2989 4933 3333 5005 principium;
3396 4935 3519 4999 quia
3579 4940 3635 5005 ut
3692 4945 3851 5005 omne

2277 5001 2517 5061 nostrum
2555 5005 2745 5057 bontun
2779 5020 2911 5069 Opus
2940 5019 2966 5054 a
2999 5002 3136 5057 bona
3182 5013 3359 5057 nostra
3390 5002 3738 5069 cogitatione;
3773 5001 3852 5055 sic

2276 5079 2448 5130 omnis
2492 5086 2668 5129 nostra
2702 5078 2836 5127 bona
2877 5073 3127 5143 cogitatio
3159 5074 3225 5126 ab
3256 5073 3365 5140 ips»
3398 5073 3491 5126 Dei
3522 5073 3847 5143 Cognitione,

2278 5149 2421 5203 velut
2464 5163 2491 5198 a
2534 5145 2793 5214 principio
2828 5141 3230 5214 0rittit':lguoti
3276 5146 3420 5198 nulla
3462 5144 3668 5211 cupido.
3712 5141 3850 5211 quod

2280 5220 2435 5287 vulgo
2456 5217 2659 5271 dicunt.
2690 5216 2874 5270 Tertio
2900 5215 3082 5270 eadem
3114 5214 3205 5287 Dei
3237 5215 3469 5284 cognitio
3496 5226 3637 5287 recte
3662 5214 3852 5287 dicitur

2280 5284 2468 5350 vecior,
2489 5288 2617 5352 dux,
2642 5295 2689 5339 et
2715 5288 2917 5348 semita;
2946 5287 3084 5355 quod
3112 5286 3225 5339 [nec
3252 5296 3461 5340 nostras
3484 5284 3731 5353 cogitatio
3758 5299 3848 5351 nes,

2282 5369 2567 5427 nostraque
2610 5358 2787 5410 omnia
2831 5364 2937 5410 tam
2982 5359 3155 5421 dicta,
3203 5372 3359 5425 quam
3410 5356 3546 5410 facta
3592 5356 3657 5408 ad
3689 5356 3851 5427 Deum

2281 5423 2523 5483 videatur
2555 5427 2712 5492 ferre,
2742 5442 2980 5489 movere,
3012 5438 3064 5482 et
3087 5423 3300 5481 ducere.
3346 5427 3584 5496 Denique
3615 5428 3729 5479 hmc
3759 5423 3853 5480 Dei

2283 5509 2461 5555 nostra
2511 5498 2743 5565 cognitto
2796 5509 2941 5552 recte
3000 5498 3190 5552 dicitur
3236 5503 3479 5552 terminus
3522 5515 3540 5552 :
3592 5496 3852 5565 siquidem

2283 5578 2588 5638 comparati
2623 5585 2706 5635 ea,
2743 5584 2845 5637 qua
2881 5569 3113 5623 defuncti
3144 5568 3243 5623 frui
3276 5585 3575 5637 speramus,
3621 5567 3851 5637 perfecta

2284 5642 2376 5695 Dei
2399 5640 2724 5710 cognitione,
2748 5640 2908 5694 veluti
2930 5650 3235 5706 enuiparato
3261 5644 3385 5695 vita:
3408 5651 3602 5693 nostra:
3627 5642 3853 5695 termino

2278 5713 2632 5782 quiesevmus.
2665 5710 2818 5764 Joan.
2842 5726 2947 5765 χιιι
2975 5728 2986 5763 :
3013 5709 3140 5764 llwc
3167 5723 3238 5765 est
3260 5713 3360 5764 vita
3384 5722 3571 5765 (eterna
3595 5722 3647 5764 ut
3669 5726 3857 5782 cogno-

2277 5780 2417 5907 ἱεὲιιι
2464 5791 2511 5835 te
2557 5782 2721 5835 soluat
2755 5781 2918 5836 Deum
2962 5797 3164 5847 verum,
3196 5792 3241 5835 et
3278 5798 3426 5847 quem
3469 5783 3649 5837 misisti
3676 5780 3856 5836 Iesum

2358 5865 2553 5907 rtstum.

2320 5855 2553 5907 hristum.

2347 5928 2362 5955 ι
2390 5922 2521 5991 Quin
2545 5922 2742 5995 existat,
2764 5920 2939 5993 negari
2964 5922 3181 5998 nequit]
3202 5922 3244 5982 Ι.
3270 5923 3607 5997 Philosophia
3632 5924 3853 5983 demon-
