4276 6260
450 388 547 445 765

1335 391 1421 445 DE
1458 388 1976 445 CONSOLATIONE
2016 387 2488 447 PHILOSOPHIE
2551 393 2679 447 LIB.
2726 392 2810 448 Ill.

3598 390 3701 448 766

446 504 739 577 perfectum
769 519 983 575 quoque
1011 504 1224 576 aliquod
1256 519 1397 566 esse.
1431 520 1649 561 necesse
1676 505 1766 559 sit.
1813 504 2022 559 Etenim
2055 509 2109 566 Α
2135 516 2295 574 atque
2322 506 2698 562 inviolabiliter
2726 503 2938 576 probes,
2973 506 3084 576 (15)
3125 507 3138 555 l
3188 504 3331 575 quod
3361 504 3483 558 boni
3512 504 3708 561 summi

443 596 777 668 perfectione
822 596 1055 662 sublata,
1097 595 1238 650 unde
1278 596 1430 658 illud,
1474 596 1615 665 quod
1657 595 2025 665 imperfectum

444 688 779 759 perhibetur,
812 688 1101 753 exstiterit,
1133 704 1199 742 ne
1227 686 1355 756 tingi
1380 687 1596 757 quidem
1626 697 1820 757 potest.
1846 687 2028 758 Neque

445 783 586 836 enim
617 783 685 835 ab
718 781 1036 844 diminutis,
1086 792 1111 816 η
1143 781 1693 850 inconsummatisqne
1722 790 1908 836 natura
1945 796 2029 836 re-

443 888 559 927 rum
604 873 749 941 cepit
794 873 1104 936 exordium,
1148 872 1241 926 sed
1274 872 1350 927 ab
1390 872 1633 942 integris,
1664 873 2029 943 absolutisque

444 963 776 1031 procedens,
819 964 872 1018 in
904 963 1019 1019 haec
1048 974 1287 1018 extrema
1327 972 1485 1034 atque
1518 962 1542 1002 ι)
1572 965 1725 1021 eﬂeta
1756 965 2025 1023 dilabitur.

445 1055 596 1121 Quod
645 1056 723 1121 si,
792 1054 871 1107 uti
919 1054 1033 1123 (15)
1079 1055 1235 1123 paulo
1280 1064 1401 1109 ante
1458 1057 1903 1123 monstravimus,
1948 1064 2032 1111 est

444 1148 687 1216 qua-dam
728 1148 855 1202 boni
896 1147 1097 1218 fragilis
1146 1148 1455 1218 imperfecta
1486 1150 1713 1204 felicitas
1742 1167 1755 1202 :
1788 1165 1908 1205 esse
1936 1151 2031 1206 ali-

444 1256 603 1308 quam
637 1239 866 1295 solidam
900 1239 1296 1310 perfectamque
1337 1251 1359 1278 ο
1404 1257 1511 1295 non
1559 1250 1735 1311 potest
1775 1242 2026 1298 dubitari.

446 1332 813 1395 Fit-missione,
844 1331 1058 1402 inquam
1091 1328 1141 1398 ά,
1175 1333 1563 1403 verissimeque
1590 1334 1900 1390 conclusum
1926 1326 2026 1389 est.

447 1426 605 1496 229
643 1426 659 1456 ¹
704 1427 821 1492 Quo
864 1440 1008 1490 vero,
1057 1426 1258 1495 inquit,
1294 1434 1317 1462 ο
1354 1424 1576 1492 habitet,
1616 1426 1686 1479 ita
1726 1427 2028 1510 considera.

450 1519 616 1573 Deum
647 1535 826 1573 rerum
862 1519 1101 1573 omnium
1141 1520 1455 1588 principem,
1496 1520 1691 1574 bonum
1721 1536 1860 1586 esse,
1886 1536 2032 1577 com-

448 1611 627 1665 munis
673 1609 1026 1664 humanorum
1079 1606 1101 1647 τ
1144 1609 1425 1675 conceptio
1470 1611 1659 1679 probat
1704 1612 2028 1668 animorum.

448 1701 580 1757 Nam
610 1718 731 1757 cum
763 1702 895 1757 nihil
925 1703 1037 1757 Deo
1066 1702 1257 1757 melius
1284 1702 1579 1772 excogitari
1607 1713 1787 1773 queat,
1821 1703 1896 1770 id,
1926 1720 2030 1775 quo

448 1797 640 1851 melius
668 1796 803 1851 nihil
842 1805 947 1859 est,
981 1797 1179 1851 bonum
1219 1810 1340 1852 esse
1364 1795 1483 1865 quis
1512 1795 1757 1851 dubitet?
1803 1796 1875 1851 ita
1905 1811 2032 1851 vero

2132 611 2396 653 summum
2420 597 2585 654 Deum
2616 598 2848 653 diximus
2877 614 2997 654 esse
3022 598 3413 667 plenissimum.
3442 597 3705 665 Quonam,

2131 686 2344 757 inquam
2371 689 2421 755 ιι,
2451 688 2647 743 modo?
2678 691 2697 721 ²
2723 689 2799 745 Ne
2826 688 2842 727 1
2869 689 3011 744 hunc
3038 705 3216 744 rerum
3246 690 3479 743 omnium
3509 699 3712 757 patrem

2133 780 2262 833 illud
2297 795 2564 835 summum
2592 781 2809 846 bonum,
2849 798 2954 851 quo
2995 783 3183 851 plenus
3218 796 3339 836 esse
3379 781 3713 851 perhibetur,

2134 870 2219 926 vel
2248 871 2586 927 extrinsecus
2629 872 2924 940 accepisse,
2950 874 3036 927 vel
3079 875 3150 927 ita
3178 874 3492 927 naturaliter
3517 872 3717 927 habere

2134 978 2463 1032 prtesumas,
2508 966 2690 1034 quasi,
2745 966 2987 1021 habentis
3014 966 3137 1033 Dei,
3197 966 3496 1035 habitatque
3539 965 3716 1021 beati-

2134 1053 2335 1109 tudinis
2376 1054 2642 1111 diversam
2683 1057 2886 1125 cogites
2928 1072 3048 1113 esse
3088 1058 3456 1115 substantiam.
3508 1056 3638 1110 Nam
3666 1056 3713 1110 si

2134 1147 2471 1203 extrinsecus
2528 1158 2802 1218 acceptum
2845 1149 2973 1221 (20)
3025 1159 3216 1220 putes,
3262 1153 3601 1218 praestantius
3663 1151 3717 1206 id

2133 1239 2274 1307 quod
2304 1239 2535 1305 dederit,
2566 1255 2631 1295 eo
2671 1241 2814 1307 quod
2853 1244 3141 1312 acceperit,
3182 1246 3488 1298 existimare
3523 1243 3717 1313 possis.

2135 1332 2295 1402 230
2325 1332 2429 1387 Sed
2460 1331 2603 1388 hunc
2642 1347 2761 1388 esse
2798 1348 2973 1389 rerum
3012 1336 3249 1389 omnium
3280 1334 3719 1405 praecellentissi-

2134 1438 2302 1487 mum,
2328 1422 2635 1492 dignissime
2658 1426 2995 1480 confitentur.
3024 1424 3177 1493 Quod
3208 1427 3254 1480 si
3282 1437 3469 1481 natura
3500 1426 3715 1495 quidem

2135 1513 2297 1579 inest,
2325 1516 2417 1569 sed
2455 1524 2536 1570 est
2562 1517 2769 1571 ratione
2796 1518 3090 1584 diversum,
3119 1532 3240 1574 cum
3268 1519 3335 1574 de
3364 1534 3540 1573 rerum
3575 1520 3721 1586 prin-

2134 1606 2253 1674 cipe
2293 1606 2574 1674 loquamur
2606 1608 2737 1677 Deo,
2782 1611 2943 1678 fingat
2987 1614 3075 1681 qui
3119 1622 3313 1679 potest,
3344 1612 3463 1681 quis
3496 1612 3611 1665 haec
3646 1611 3721 1666 di-

2135 1712 2289 1753 versa
2330 1699 2710 1765 conjunxerit?
2747 1699 3026 1756 Pustremo
3061 1704 3200 1770 quod
3240 1717 3270 1755 a
3296 1702 3533 1770 qualibet
3558 1716 3617 1756 re
3642 1701 3722 1755 di-

2138 1800 2351 1843 versum
2384 1799 2488 1853 est,
2534 1789 2587 1845 id
2632 1805 2739 1845 non
2782 1802 2864 1846 est
2908 1792 2985 1862 (5)
3025 1793 3174 1856 illud,
3213 1808 3240 1845 a
3272 1808 3378 1861 quo
3417 1792 3724 1861 intelligitur

448 1888 647 1943 bonum
677 1903 799 1943 esse
826 1886 992 1941 Deum
1022 1888 1157 1942 ratio
1180 1886 1261 1957 (5)
1283 1886 1630 1951 demonstrat,
1663 1896 1718 1941 ut
1744 1887 2035 1957 perfectum
2065 1880 2114 1940 Β
2143 1896 2264 1936 εεεε
2288 1882 2576 1938 diversum-
2608 1884 2783 1948 Quare
2811 1885 2951 1954 quod
2979 1900 3010 1940 a
3037 1900 3248 1939 summo
3280 1887 3421 1940 bono
3446 1886 3721 1940 diversum

450 1996 660 2051 quoque
682 1980 880 2035 bonum
914 1980 967 2034 in
998 1995 1064 2034 eo
1093 1994 1213 2035 esse
1238 1978 1541 2034 convincat.
1571 1978 1699 2032 Nam
1732 1981 1787 2035 ni
1818 1980 1922 2035 tale
1942 1982 2033 2047 sit,

450 2090 627 2130 rerum
660 2077 897 2131 omnium
929 2075 1180 2146 princeps
1211 2089 1331 2130 esse
1359 2088 1465 2129 non
1502 2074 1725 2142 poterit:
1764 2076 1868 2130 erit
1896 2076 2038 2131 enim

450 2181 515 2221 eo
549 2168 890 2238 praestantius
926 2166 1148 2236 aliquid,
1176 2166 1471 2236 perfectum
1509 2165 1792 2234 possidens
1820 2166 2040 2235 bonum,

450 2260 590 2331 quod
616 2260 716 2314 hoc
740 2259 909 2328 prius,
935 2268 1092 2328 atque
1116 2258 1388 2327 antiquius
1408 2272 1529 2313 esse
1548 2256 1833 2312 videatur:
1861 2259 2038 2313 omnia

450 2364 679 2421 namque
710 2350 944 2419 perfecta
978 2358 1001 2395 8
1036 2349 1213 2404 minus
1236 2348 1457 2417 integris
1479 2347 1655 2417 priora
1686 2363 1806 2404 esse
1833 2349 2041 2404 clarue—

449 2451 594 2503 runt,
630 2455 796 2510 quare
822 2455 887 2495 ne
922 2439 975 2494 in
1016 2439 1283 2494 infinitum
1314 2440 1451 2494 ratio
1491 2439 1736 2507 prodeat,
1779 2440 2036 2495 conﬁten-

451 2533 575 2588 dum
620 2533 735 2605 (l0)
774 2542 858 2587 est
899 2546 1163 2587 summum
1204 2531 1395 2597 Deum,
1444 2532 1661 2598 summi,
1711 2532 2037 2602 perfeCquuc

450 2625 580 2679 bOui
606 2638 726 2678 esse
754 2622 1146 2693 plenissimum.
1178 2622 1283 2677 Sed
1310 2622 1827 2691 perfectuinbonum
1856 2638 2034 2681 veram

452 2732 573 2772 esse
613 2716 998 2771 beatitudinem
1044 2714 1440 2770 constituimus.
1484 2713 1675 2769 Veram
1710 2714 1870 2784 igitur
1910 2714 2036 2769 bea-

453 2810 730 2864 titudinem
772 2809 827 2863 in
866 2823 1079 2862 summo
1120 2807 1229 2861 Deo
1268 2807 1425 2862 sitam
1470 2821 1622 2874 esse,
1665 2820 1887 2861 necesse
1933 2814 2033 2860 est.

457 2904 697 2973 Accipio,
722 2905 935 2972 inquam
962 2899 1013 2969 h,
1038 2917 1136 2956 nec
1158 2911 1239 2956 est
1260 2901 1400 2970 quod
1423 2899 1721 2955 contradici
1744 2901 1853 2954 ullo
1878 2902 2037 2955 modo

458 3002 633 3063 queat.
664 2992 769 3049 Sed
798 3006 999 3063 quaeso,
1042 2992 1211 3062 inquit
1242 2989 1288 3057 ί,
1322 3001 1394 3058 te,
1434 2990 1556 3045 vide
1584 3005 1740 3061 quam
1773 2989 1824 3045 id
1855 3000 2038 3046 sancte

2146 1984 2221 2026 e51
2272 1974 2354 2027 sui
2387 1974 2693 2038 natura,rid
2738 1990 3005 2031 summum
3046 1977 3244 2032 bonum
3286 1993 3391 2032 non
3428 1986 3555 2032 est:
3585 1976 3726 2044 quod

2148 2062 2301 2118 nefas
2320 2072 2402 2118 est
2421 2064 2487 2119 de
2510 2064 2619 2119 Deo
2646 2067 2903 2134 cogitare,
2925 2084 3033 2139 quo
3057 2068 3187 2123 nihil
3214 2079 3422 2124 constat
3445 2083 3566 2124 esse
3587 2084 3727 2137 prae-

2147 2156 2392 2211 stantius.
2421 2156 2652 2212 Omnino
2680 2159 2823 2212 enim
2850 2159 3048 2214 nullius
3078 2161 3159 2216 rei
3188 2170 3376 2216 natura
3404 2176 3503 2215 suo
3530 2161 3726 2228 princi-

2149 2246 2237 2313 pio
2292 2248 2483 2303 melior
2527 2250 2723 2318 poterit
2766 2252 3038 2318 existere,
3086 2268 3251 2323 quare
3307 2253 3446 2323 quod
3490 2253 3727 2311 omnium

2152 2338 2481 2409 principium,
2512 2342 2603 2408 sit,
2645 2342 2695 2396 id
2731 2344 2893 2399 etiam
2917 2354 2955 2381 ω
2998 2346 3081 2402 sui
3119 2347 3416 2401 substantia
3460 2362 3728 2401 summum

2149 2432 2483 2488 essebonum
2510 2434 2628 2503 (i0)
2669 2436 2946 2492 verissima
2986 2439 3194 2495 ratione
3221 2441 3594 2495 concluserim.
3627 2442 3729 2495 lte-

2143 2524 2408 2590 ctissime,
2432 2525 2672 2595 inquam.
2699 2527 2804 2584 Sed
2833 2543 3100 2585 summum
3127 2532 3321 2586 bonum
3350 2531 3729 2586 beatitudinem

2144 2632 2265 2671 esse
2303 2631 2621 2673 concessum
2662 2627 2765 2673 est.
2807 2619 2881 2674 lta
2911 2629 3015 2685 est,
3048 2621 3281 2690 inquam.
3326 2622 3504 2691 Igitur,
3538 2622 3726 2690 inquit,

2145 2707 2313 2763 Deum
2344 2722 2465 2762 esse
2486 2709 2657 2779 ipsam
2682 2708 3085 2778 beatitudinem,
3115 2725 3336 2767 necesse
3359 2722 3440 2765 est
3461 2710 3727 2765 conﬁteri.

2144 2799 2253 2854 Nec
2295 2801 2605 2870 propositis,
2653 2800 2891 2872 inquam,
2937 2802 3252 2872 prioribusn
3283 2802 3536 2871 refragari
3568 2817 3726 2871 qneo,

2145 2904 2200 2948 et
2236 2892 2304 2949 ab
2341 2894 2450 2949 illis
2494 2895 2596 2948 hoc
2643 2894 2845 2949 illatum
2895 2894 3229 2960 consequens
3268 2908 3388 2948 esse
3441 2892 3726 2963 perspicio.

2146 2989 2167 3020 ³
2193 2990 2451 3060 Respice,
2490 2988 2690 3061 inquit,
2720 3003 2788 3046 an
2818 2988 2942 3045 hinc
2968 3004 3179 3060 quoque
3207 2988 3346 3044 idem
3377 2987 3492 3059 (15)
3525 2987 3730 3042 firmius

1800 3123 2384 3195 LINTERPRE’I‘A'I‘IO.

528 3258 554 3286 ι
597 3246 935 3315 Imperfectis.

525 3319 554 3359 δ
595 3319 812 3374 Debilia.

534 3402 555 3427 ε
602 3389 950 3444 Felicitatem.

527 3456 554 3497 ά
595 3459 708 3529 Ego
745 3456 977 3512 Boetius.

530 3541 554 3568 ι
593 3518 806 3584 εἱὶἱηαηι
836 3529 911 3582 rei
938 3526 1056 3579 insit
1079 3524 1168 3578 illa
1191 3523 1426 3592 felicitas,
1450 3521 1521 3575 ait
1543 3518 1895 3592 PhilosOphia.

536 3599 557 3638 ί
601 3600 757 3654 Notio
786 3598 880 3652 Dei
908 3596 1137 3652 omnibus
1167 3595 1405 3648 humanis
1433 3594 1680 3646 mentibus
1709 3594 1877 3647 insita.

529 3681 554 3719 Is
594 3671 618 3723 Ι
629 3670 937 3741 mperfectis.

2060 3240 2108 3302 C

2216 3236 2244 3275 ιι
2286 3239 2395 3304 Ego
2426 3238 2658 3296 Boetius.

2218 3308 2236 3347 ί
2282 3310 2646 3377 Philosophia.

2215 3380 2245 3433 is
2283 3379 2452 3434 Deum
2476 3380 2661 3434 habere
2685 3382 2932 3437 rationem
2954 3382 3141 3436 summi
3162 3382 3301 3435 boni.

2218 3449 2247 3520 ἓ
2288 3453 2397 3520 Ego
2428 3452 2661 3520 Boetius.

2220 3517 2239 3558 ι
2284 3516 2459 3588 lnquit
2495 3516 2859 3593 Philosophia.

2216 3600 2253 3627 ω
2284 3593 2503 3646 Ratione
2531 3594 2632 3646 sui.

2218 3668 2247 3695 ιι
2288 3664 2578 3717 Adversari.
2602 3672 2605 3677 '

1980 3793 2206 3852 NOTAE.

458 3934 611 3989 strat,
642 3918 852 3985 aliquod
892 3929 1011 3970 esse
1054 3926 1323 3989 summum
1356 3910 1551 3989 bonum
1586 3924 1601 3963 :
1635 3906 1760 3977 quia
1800 3921 1921 3989 cum
1953 3922 2023 3962 ex

456 3978 612 4053 dictis,
658 3978 863 4048 constet
893 4000 1158 4043 summum
1192 3985 1386 4053 bonum
1416 3979 1558 4035 idem
1589 3994 1708 4033 esse
1735 3978 1877 4048 quod
1908 3994 2027 4049 per-

455 4052 675 4129 fectum,
707 4064 752 4117 si
783 4060 977 4117 existat
1004 4055 1215 4125 aliquod
1246 4052 1556 4129 perfectum,
1590 4064 1808 4104 necesse
1837 4058 1939 4115 e~t,
1966 4058 2031 4129 ut

454 4121 673 4205 aliquod
697 4121 1180 4205 summumbonum
1204 4124 1292 4205 exi
1323 4133 1392 4176 tat
1413 4140 1435 4205 _:
1467 4122 1902 4205 existereautem
1930 4121 2029 4205 ali.

424 4198 437 4207 ”
456 4190 597 4280 [,de
614 4190 950 4280 perfectum”
966 4199 1064 4250 hac
1106 4194 1358 4264 probatur
1394 4190 2034 4280 demonstratione:Alunt-

455 4261 746 4351 pertec'tum
790 4274 843 4327 in
884 4268 1060 4351 aliquo
1092 4261 1296 4351 genere
1325 4264 1555 4346 existere
1599 4261 1801 4330 nequit,
1839 4262 1937 4351 nisi
1977 4262 2029 4343 in

457 4333 644 4405 eodem
666 4357 864 4417 genere
891 4333 1423 4417 aliquod—perfectum
1447 4334 1639 4389 existat
1664 4349 1678 4386 :
1703 4333 2035 4417 quandoqui-

456 4403 583 4476 dem,
606 4403 733 4474 illud
756 4403 1248 4484 imperfectum'nec
1267 4406 1480 4484 dicitur,
1507 4420 1604 4458 nec
1626 4403 1906 4484 cogitatur,
1936 4418 2033 4484 nec

456 4474 538 4546 est
569 4489 670 4545 nisi
699 4474 847 4542 facta'
864 4479 1264 4548 comparatione
1292 4493 1412 4530 cum
1445 4476 1544 4529 hoc
1575 4474 1847 4542 perfecto,
1882 4474 2033 4548 cujus

454 4562 588 4619 illud
618 4560 822 4613 dicatur
858 4546 1226 4621 cogiteturque
1252 4548 1552 4621 imminutio
1571 4555 1681 4621 et_a
1712 4561 1816 4621 quo
1836 4546 2032 4621 reperit

2132 3910 2337 3982 Sophia:
2363 3908 2600 3982 nefasgsit
2617 3909 2854 3977 judicare
2876 3910 2976 3964 nisi
3002 3908 3356 3976 prmeuntibns
3384 3911 3726 3982 notionibus,‘

2134 3996 2266 4049 quas
2290 3980 2576 4048 judicando
2614 3982 2750 4035 inter
2786 3996 2843 4035 se
2869 3984 3055 4049 jungat
3083 3990 3174 4034 aut
3201 3991 3433 4046 separet.
3467 3983 3582 4037 lucc
3610 3980 3717 4041 non

2135 4061 2309 4119 potest
2357 4051 2600 4119 judicare
2652 4052 2914 4105 rationem
2968 4052 3161 4106 summi
3219 4051 3339 4105 boni
3385 4068 3504 4107 esse
3548 4068 3577 4107 a
3611 4057 3719 4111 Deo

2136 4121 2461 4187 distinctam,
2510 4123 2612 4176 nisi
2651 4132 2706 4177 et
2748 4137 3012 4176 summurn
3054 4122 3283 4185 bonum,
3314 4134 3369 4177 et
3400 4124 3586 4189 Deum,
3626 4142 3720 4182 sua

2136 4193 2433 4261 quemlibet
2454 4206 2692 4247 seorsum
2718 4194 2952 4255 notione,
2977 4192 3120 4247 clare
3144 4206 3193 4248 et
3218 4192 3465 4248 distincte
3488 4197 3721 4265 cogitare

2141 4265 2314 4330 possit
2356 4281 2367 4316 :
2413 4264 2482 4316 ita
2512 4274 2570 4317 ut
2600 4278 2721 4318 vere
2763 4265 2999 4333 cogitare
3031 4267 3196 4332 possit
3225 4280 3490 4320 summum
3522 4264 3721 4322 bonum

2145 4349 2251 4387 non
2276 4348 2395 4387 esse
2421 4334 2606 4397 Deum,
2640 4343 2693 4387 et
2721 4334 2883 4388 Deum
2918 4352 3020 4387 non
3046 4350 3164 4389 esse
3194 4350 3461 4390 summum
3486 4338 3680 4391 bonum
3706 4379 3720 4392 .

2142 4414 2421 4474 prepterea
2466 4405 2603 4458 enim
2645 4406 2830 4457 eadem
2874 4404 3210 4473 philosophia
3249 4405 3454 4473 judicat
3492 4417 3724 4463 mentem

2142 4486 2380 4529 nostram
2425 4474 2885 4547 esse‘distinctaru
2929 4491 2958 4547 a
2990 4488 3176 4529 nostro
3206 4490 3432 4547 corpore
3463 4494 3477 4528 ε
3511 4493 3573 4530 ex
3620 4493 3725 4547 quo

2142 4555 2455 4616 sequeretur
2476 4544 2736 4601 rationem
2760 4546 2951 4599 summi
2974 4546 3121 4609 boni,
3141 4561 3299 4615 quam
3320 4546 3456 4600 Deus
3481 4544 3721 4613 haberet,

455 4613 742 4686 asinum.
772 4613 1004 4694 Atquivin
1029 4613 1225 4691 genere
1251 4618 1375 4694 boni
1399 4617 1579 4694 existit
1600 4613 1811 4685 aliquod
1834 4614 2033 4694 imper-
2062 4630 2114 4693 υ
2142 4613 2261 4671 esse
2286 4617 2625 4694 extrinsecus
2645 4626 2939 4681 acceptam,
2963 4613 3205 4694 adeoque
3227 4630 3346 4694 esse
3374 4616 3604 4694 aliquam
3630 4618 3723 4672 Dei

454 4702 651 4758 fectum
687 4718 699 4752 :
732 4686 873 4753 illud'
904 4686 1105 4749 scilicet
1140 4689 1280 4761 quod
1323 4688 1510 4758 fragile
1550 4695 1632 4741 est
1669 4694 1724 4739 et
1751 4686 2032 4754 caducum,

456 4774 524 4829 de
552 4790 657 4843 quo
683 4772 942 4847 hactenus
968 4765 1290 4847 disputatum
1318 4769 1420 4813 est.

528 4848 544 4876 ι
560 4826 677 4911 ‘Quo
693 4856 808 4896 νει-ο
828 4826 1142 4911 Ιιαὺίιςι.]ἰι.
1168 4828 1505 4911 PhilosOphia
1529 4827 1881 4904 demonstrat,
1901 4826 2035 4881 hanc

455 4897 651 4972 sumini
701 4912 822 4966 boni
873 4897 1211 4977 qualitatem,
1243 4900 1335 4977 Dei
1366 4897 1531 4977 esse“:
1560 4897 1807 4965 quoniam
1857 4912 2033 4977 rerum

408 4992 416 5010 ‘
454 4967 692 5041 omnium
711 4967 955 5050 princeps
974 4977 1227 5050 tationem
1248 4972 1361 5050 sive
1377 4969 1687 5050 qualitatem
1703 4968 1894 5021 summi
1909 4967 2034 5050 boni

454 5038 646 5112 haheat
679 5038 910 5107 necesse
928 5058 1010 5102 est
1039 5061 1054 5097 :
1087 5044 1322 5112 alioquin
1351 5038 1454 5095 erit
1493 5038 1689 5112 aliquid
1728 5053 1792 5092 eo
1819 5040 2031 5112 melius,

455 5109 774 5197 perfectius.
809 5120 981 5197 prius,
1022 5127 1181 5197 atque
1213 5109 1508 5197 antiquius,
1547 5109 1913 5197 adeoqueille
1930 5124 2033 5197 non

457 5189 559 5252 crit
599 5189 866 5265 princeps.
907 5189 1230 5265 Atqni_Deus
1266 5193 1351 5238 est
1390 5197 1568 5237 rerum
1612 5193 1846 5265 omnium
1886 5196 2039 5265 priu-

459 5250 627 5336 eeps':
664 5275 720 5319 ut
748 5250 1028 5317 cdntmnnis
1055 5257 1402 5336 _humanorum
1422 5253 1693 5336 conceptio
1722 5250 1899 5336 prpe-at
1926 5251 2039 5303 ani-

459 5321 657 5392 morum
684 5352 702 5392 :
732 5350 851 5389 cum
882 5332 1025 5387 enim
1054 5330 1166 5381 haec
1194 5325 1471 5392 conceptio
1497 5339 1597 5377 nec
1626 5322 1693 5375 de
1724 5321 1908 5385 nihilo,
1935 5336 2036 5375 nec

460 5426 491 5463 a
507 5410 682 5463 ‘niltilo
703 5421 824 5462 esse
845 5404 1033 5473 possit,
1056 5400 1099 5452 si
1122 5402 1401 5467 conceptio
1424 5396 1507 5447 illa
1531 5394 1685 5447 fuerit
1711 5394 1760 5445 in
1788 5393 2037 5473 omnibus

460 5480 728 5535 mentibus
751 5465 993 5530 humanis
1022 5479 1101 5541 (ut
1123 5465 1308 5524 revera
1339 5482 1459 5544 esse
1488 5479 1849 5544 unusquisque
1881 5465 2039 5544 huius

459 5532 710 5605 conscius
737 5532 1051 5615 experitur),
1086 5554 1306 5616 necesse
1335 5540 1500 5591 estut
1525 5532 1918 5616 existatpeps,
1947 5534 2038 5586 ille

457 5604 899 5687 rerumomnium
930 5604 1195 5687 princeps,
1224 5610 1291 5663 de
1312 5626 1416 5677 quo
1444 5616 1498 5662 et
1524 5623 1556 5687 a_
1576 5621 1681 5675 quo
1706 5606 1774 5659 sit
1793 5604 1881 5658 illa
1902 5618 2038 5657 cam-

457 5680 942 5746 munig'am’morum'
964 5684 1303 5738 humanorum
1329 5680 1642 5757 conceptio.“
1695 5745 1750 5757 Ν
1778 5745 1808 5757 η
1950 5744 1962 5757 _
1992 5745 2001 5755 .

530 5744 660 5817 ’Νι
686 5766 819 5815 hunc
844 5772 1013 5813 rerum
1038 5757 1263 5807 omnium
1291 5744 1528 5819 patrem]
1578 5747 1662 5801 Ill.
1695 5744 2035 5819 Philosophia

460 5833 812 5897 demonstrat,
848 5832 981 5883 hanc
1011 5822 1354 5897 suminiboni
1388 5817 1649 5897 rationem
1676 5819 1789 5871 sive
1816 5817 2041 5897 qualita-

460 5886 579 5962 teni
598 5886 723 5961 esse
745 5886 814 5958 ab
838 5903 955 5972 ipso
983 5900 1096 5981 Deo
1130 5894 1491 5951 indistinctus»
1520 5906 1534 5944 :
1561 5905 1595 5960 q
1617 5889 1686 5956 tia
1712 5903 1835 5961 cum
1866 5886 2038 5957 philo-

2144 4702 2381 4750 causarn,
2411 4701 2529 4756 quae
2553 4686 2716 4739 Deum
2748 4695 2801 4739 et
2828 4689 3020 4741 summi
3049 4686 3174 4739 boni
3206 4688 3468 4741 rationem
3502 4686 3643 4741 inter
3666 4704 3725 4743 se

2143 4757 2480 4824 conjunxerit
2504 4772 2515 4807 :
2542 4772 2645 4809 non
2668 4770 2822 4810 secus
2851 4772 2911 4811 ac
2938 4771 3091 4811 mens
3119 4759 3369 4818 humana,
3399 4771 3501 4824 qua
3529 4772 3726 4827 corpus

2144 4828 2481 4894 informatur,
2513 4836 2594 4880 est
2622 4827 2956 4882 extrinsecus
2984 4838 3196 4896 accepta
3217 4869 3231 4891 ,
3257 4832 3600 4897 agnoscitque
3629 4830 3725 4883 ali-

2145 4912 2302 4963 quam
2326 4899 2406 4951 sui
2430 4911 2670 4962 causam,
2695 4913 2812 4968 quae
2842 4907 3074 4952 mentem
3106 4900 3273 4967 ipsam
3298 4908 3350 4951 et
3370 4912 3563 4968 corpus
3589 4900 3727 4955 inter

2145 4983 2203 5022 se
2224 4968 2579 5037 coniunxerit.
2599 4967 2754 5038 Atqui
2779 4968 3110 5037 philosomtia
3136 4984 3237 5023 non
3262 4980 3436 5037 petest
3456 4967 3724 5025 Summum

2146 5043 2341 5092 bonum
2365 5050 2417 5093 et
2438 5038 2603 5093 Deum
2634 5054 2728 5093 sua
2752 5040 3043 5109 quemlibet
3070 5055 3311 5095 seorsum
3341 5040 3558 5095 notione
3583 5043 3725 5096 clare

2143 5121 2195 5162 et
2241 5109 2492 5165 distincte
2538 5111 2768 5181 cogitare
2809 5128 2822 5163 :
2867 5110 3293 5180 quandoquidem
3339 5121 3397 5166 ut
3444 5110 3603 5176 Deus,
3648 5114 3726 5167 sic

2140 5195 2409 5236 summum
2438 5181 2635 5253 bonum
2657 5183 2939 5250 cogitatur,
2965 5198 3064 5251 quo
3090 5183 3218 5236 nihil
3242 5192 3439 5238 constat
3467 5199 3573 5238 esse
3593 5199 3723 5253 prte-

2140 5256 2374 5323 stantius,
2408 5252 2606 5316 melius,
2636 5254 2793 5323 prius.

2216 5322 2236 5351 ³
2269 5322 2478 5396 Respice
2505 5340 2573 5396 an
2601 5325 2717 5376 hinc
2742 5322 2983 5396 quoque.]
3014 5324 3103 5379 lV.
3135 5324 3471 5393 Philosophia
3502 5324 3724 5379 demon-

2141 5401 2293 5458 strat,
2324 5393 2521 5461 aliquid
2558 5409 2660 5446 non
2693 5408 2846 5461 posse
2872 5393 2991 5450 cum
3029 5396 3136 5451 Deo
3163 5398 3559 5450 communicare
3587 5409 3725 5463 prte-

2142 5465 2335 5516 dictam
2367 5466 2557 5516 summi
2601 5466 2725 5518 bo‘ni
2769 5466 3053 5529 rationem,
3083 5466 3217 5530 sive,
3250 5469 3390 5534 quod
3435 5467 3575 5518 idem
3618 5473 3722 5528 est,

2142 5549 2247 5587 non
2274 5548 2431 5602 posse
2455 5549 2575 5589 esse
2603 5535 2709 5588 duo
2738 5550 2943 5589 summa
2975 5538 3111 5590 bona
3146 5553 3157 5587 :
3191 5539 3311 5602 quia
3343 5550 3407 5589 ex
3433 5537 3539 5598 jam
3566 5535 3724 5590 dictis

2141 5604 2280 5673 quod
2307 5605 2463 5675 habet
2487 5608 2746 5659 ratiooetn
2770 5609 2961 5660 summi
2986 5607 3132 5675 boni,
3161 5607 3275 5660 sive
3300 5606 3440 5675 quod
3468 5616 3549 5660 est
3571 5620 3723 5660 sum-

2143 5687 2287 5746 rnum
2318 5674 2535 5740 bonum,
2570 5677 2695 5728 illud
2732 5677 3021 5746 perfectum
3055 5674 3144 5739 su,
3171 5674 3388 5732 necesse
3419 5686 3519 5730 est.
3562 5676 3723 5746 Atqui

2144 5744 2263 5817 fieri
2291 5760 2393 5798 non
2428 5757 2603 5814 potest
2634 5758 2689 5799 ut
2720 5744 2825 5801 sint
2855 5750 2960 5801 duo
3005 5746 3247 5803 absolute
3277 5748 3511 5817 perfecta
3548 5766 3562 5801 :
3603 5744 3723 5803 cum

2140 5815 3004 5891 perfectumabsolute‘nec‘dici
3052 5833 3152 5873 nec
3191 5815 3412 5891 cogitari
3455 5834 3554 5875 nec
3607 5835 3724 5879 esse

2140 5890 2331 5959 possit,
2365 5888 2466 5945 nisi
2495 5887 2626 5944 illud
2668 5889 2753 5945 cui
2786 5887 2917 5946 nihil
2946 5888 3139 5947 deest:
3171 5887 3401 5964 cumque
3426 5908 3495 5950 ex
3518 5891 3724 5949 duobus
