4290 6258
446 353 545 411 767

1667 342 1776 398 AN.
1822 339 2029 396 MANL.
2070 334 2223 394 επεν.
2269 332 2490 390 ΒΟΕΤΙΙ

3618 322 3721 379 768

446 469 785 545 approbet‘nr,
813 468 952 540 quod
974 468 1079 522 duo
1108 476 1312 520 summa
1340 458 1497 525 bona,
1524 474 1642 531 quae
1668 475 1697 513 a
1724 474 1783 513 se
1807 462 2022 512 diversa
2052 459 2101 516 Α
2130 489 2140 526 ε

2052 459 2101 516 Α
2130 472 2349 527 scmus?
2374 471 2451 525 Ae
2479 482 2744 522 summum
2773 465 3007 535 quidem,
3032 464 3269 535 inquam.
3295 460 3499 528 Addas,
3523 461 3717 532 inquit,

448 574 599 631 sunt,
626 578 747 619 esse
770 578 873 617 non
899 568 1136 632 possunt.
1169 556 1373 611 Etenim
1396 568 1515 623 quae
1540 552 1843 620 discrepant
1864 550 2024 612 bona,

449 672 556 712 non
588 670 707 711 esse
748 654 971 707 alterum
1015 648 1155 720 quod
1200 648 1265 701 sit
1307 646 1552 708 alterum,
1600 643 1768 713 liquet
1806 658 1819 693 :
1863 653 2027 708 quare

448 759 696 806 neutrum
726 745 923 816 poterit
958 757 1077 798 esse
1117 738 1430 811 perfectum,
1461 752 1583 792 cum
1621 734 1863 790 alterutri
1892 732 2027 786 alte-

452 860 573 901 rum
596 843 771 898 deest.
816 839 918 895 Sed
946 836 1085 907 quod
1113 835 1406 906 perfectum
1437 846 1541 885 non
1564 830 1653 898 sit,
1682 828 1733 883 id
1761 840 2029 882 summum

450 953 554 992 non
587 949 707 990 esse
749 931 1086 986 manifestum
1133 936 1212 983 est
1257 944 1270 979 :
1315 924 1460 980 nullo
1510 922 1669 977 modo
1715 921 1874 991 igitur
1913 933 2032 989 qua:

451 1044 657 1085 summa
708 1036 835 1083 sunt
884 1025 1044 1089 bona,
1090 1038 1152 1077 ea
1202 1028 1423 1092 possunt
1477 1017 1588 1089 (20)
1638 1031 1757 1072 esse
1798 1014 2031 1070 diversa.

450 1121 608 1190 Atqui
632 1128 703 1174 .et
740 1117 1149 1179 beatitudinem,
1195 1121 1251 1167 et
1292 1112 1478 1177 Deum,
1522 1122 1789 1163 summum
1832 1107 2030 1161 bonum

451 1229 572 1270 esse
612 1211 923 1280 collegimus
955 1224 969 1263 :
1000 1221 1164 1277 quare
1193 1206 1362 1275 ipsam
1403 1215 1623 1258 necesse
1655 1209 1736 1255 est
1769 1212 2032 1253 summam

452 1319 573 1361 esse
612 1301 1019 1364 beatitudinem,
1057 1313 1174 1368 quae
1214 1298 1282 1350 sit
1317 1308 1524 1349 summa
1552 1292 1829 1347 Divinitas.
1870 1288 2032 1354 Nihil,

453 1398 693 1466 inquam,
720 1410 818 1449 nec
839 1409 897 1448 re
922 1395 1021 1446 hac
1043 1388 1235 1452 verius,
1264 1402 1362 1442 nec
1382 1383 1790 1440 ratiocinatione
1811 1381 2033 1445 ﬁrmius,

456 1504 558 1544 nec
583 1488 694 1542 Deo
724 1486 932 1556 dignius
960 1480 1204 1539 concludi
1246 1487 1440 1546 potest.
1495 1477 1653 1547 231
1694 1474 1866 1543 Super
1899 1473 2034 1540 haec,

455 1579 650 1651 inquit,
692 1578 851 1647 igitur
889 1574 1053 1630 veluti
1095 1581 1385 1642 geometrre
1426 1569 1621 1633 solent,
1662 1565 2039 1622 demonstratis

456 1650 777 1743 prepositis,
823 1665 1022 1736 aliquid
1067 1662 1287 1727 inferre,
1337 1661 1352 1691 ¹
1381 1676 1499 1729 qua:
1544 1650 1891 1733 άπερίσματα
1937 1655 2039 1725 ipsi

434 1754 672 1827 vocant,
710 1762 781 1816 ita
812 1774 910 1829 ego
938 1771 1147 1827 quoque
1179 1755 1275 1810 tibi
1310 1753 1470 1810 veluti
1510 1752 1847 1808 corollarium
1878 1748 2037 1805 dabo.

2133 568 2234 623 hoc
2274 566 2523 622 omnibus
2564 565 2706 620 licet.
2751 562 2879 619 Nam
2922 562 3109 618 eadem
3149 560 3472 617 sufﬁcientia
3513 567 3723 616 summa

2132 671 2231 728 εει,
2265 662 2456 718 eadem
2489 676 2693 714 summa
2724 657 2983 728 potentia,
3018 655 3321 711 reverentia
3351 668 3586 725 quoque,
3616 652 3728 707 cla-

2134 753 2286 818 ritas,
2317 761 2372 807 et
2401 752 2641 819 voluptas
2671 749 2942 804 beatitudo
2970 763 3092 803 esse
3109 747 3402 818 judicatur.
3446 744 3584 814 Quid
3612 743 3727 816 (ΞΟ)

2134 844 2333 915 igitur?
2358 842 2606 898 llaeccine
2628 841 2828 906 omnia,
2852 840 3071 906 bonum,
3098 838 3441 904 sufﬁcientia,
3466 833 3723 915 potentia,

2135 914 2437 1005 cteteraque
2463 934 2627 989 veluti
2657 933 2899 1003 quaedam
2933 931 3281 987 beatitudinis
3312 938 3551 984 membra
3585 914 3728 995 sunt,

2136 1043 2203 1081 an
2239 1027 2306 1081 ad
2339 1028 2561 1091 bonum,
2591 1026 2754 1080 veluti
2783 1024 2846 1078 ad
2875 1026 3130 1079 verticem
3162 1033 3354 1078 cuncta
3387 1020 3729 1077 referuntur?

2136 1118 2402 1187 Intelligo,
2429 1119 2669 1187 inquam,
2694 1117 2821 1187 quid
2850 1116 3278 1186 investigandum
3309 1129 3605 1185 proponas:
3633 1112 3728 1169 sed

2138 1212 2262 1283 quid
2298 1213 2615 1277 constituas,
2653 1211 2839 1266 audire
2866 1188 3151 1266 'desidero.
3216 1208 3386 1280 Hujus
3420 1209 3497 1265 rei
3528 1208 3729 1265 discre-

2141 1304 2336 1357 tionem
2364 1304 2441 1357 sie
2468 1303 2670 1371 accipe.
2695 1302 2752 1358 Si
2776 1302 2889 1357 haec
2915 1302 3095 1355 omnia
3120 1300 3465 1355 beatitudinis
3490 1300 3728 1354 membra

2142 1396 2338 1459 forent,
2386 1411 2415 1450 a
2445 1411 2504 1451 se
2533 1410 2745 1466 quoque
2775 1394 3002 1450 invicem
3033 1393 3146 1467 (25)
3172 1392 3556 1462 discreparent.
3606 1391 3730 1446 llaec

2140 1496 2222 1543 est
2258 1488 2401 1542 enim
2449 1488 2678 1556 partium
2724 1496 2934 1551 natura,
2980 1494 3039 1540 ut
3084 1502 3246 1540 unum
3283 1499 3479 1555 corpus
3522 1484 3731 1539 diversa

2141 1588 2479 1648 componant.
2529 1579 2690 1650 Atqui
2732 1580 2847 1634 haec
2887 1579 3063 1633 omnia
3107 1579 3245 1634 idem
3282 1593 3402 1633 esse
3439 1586 3732 1633 monstrata

2142 1681 2283 1726 sunt.
2314 1671 2473 1743 232
2501 1670 2716 1726 Minime
2747 1670 2907 1740 igitur
2938 1669 3177 1724 membra
3207 1677 3332 1723 sunt
3359 1686 3373 1722 :
3403 1667 3635 1737 alioquin
3664 1682 3731 1722 ex

2145 1776 2251 1815 uno
2273 1761 2519 1817 membro
2537 1760 2815 1816 beatitudo
2837 1761 3104 1816 videbitur
3124 1776 3243 1816 esse
3262 1758 3733 1830 conjuncta,quod

461 1861 480 1890 ²
502 1859 633 1914 Nam
666 1857 915 1928 quoniam
947 1850 1290 1909 beatitudinis
1318 1847 1603 1918 adeptione
1635 1846 1766 1900 ﬁunt
1797 1844 2041 1899 homines
2072 1845 2117 1906 Β
2145 1851 2263 1905 ﬁeri
2290 1853 2493 1922 nequit,
2519 1851 2577 1907 1d
2600 1852 2840 1923 quidem,
2869 1853 3111 1923 inquam,
3134 1852 3352 1907 dubium
3378 1867 3483 1906 ηοη
3502 1861 3586 1907 εει
3606 1869 3619 1904 ε
3640 1850 3733 1906 sed

463 1952 627 2015 beati,
669 1947 942 2005 beatitudo
978 1960 1107 2000 vero
1145 1953 1228 1999 est
1275 1943 1389 2012 ipsa
1427 1939 1717 2002 Divinitas,
1746 1936 2044 1991 Divinitatis

461 2044 545 2113 (5)
569 2041 855 2111 adeptione
897 2039 1010 2093 ﬁeri
1049 2038 1256 2102 beatos,
1296 2033 1636 2089 manifestum
1678 2039 1779 2085 est.
1822 2029 1925 2084 Sed
1969 2028 2044 2082 uti

462 2134 680 2207 iustitia:
710 2131 992 2202 adeptione
1012 2130 1164 2199 justi,
1193 2125 1469 2196 sapientiae
1490 2123 1756 2192 sapientes
1778 2120 1931 2185 ﬁunt,
1973 2120 2043 2173 ita

464 2228 803 2285 Divinitatem
842 2224 1083 2294 adeptos,
1110 2222 1242 2277 deos
1264 2218 1380 2274 ﬁeri
1407 2217 1566 2272 simili
1598 2216 1803 2271 ratione
1826 2227 2046 2269 necesse

464 2328 563 2374 est.
601 2319 782 2373 Omnis
823 2316 979 2386 igitur
1018 2314 1225 2376 beatus,
1252 2310 1424 2375 Deus;
1471 2308 1563 2363 sed
1607 2314 1791 2361 natura
1829 2305 2045 2375 quidem

468 2426 625 2474 unus,
670 2410 1076 2481 participatione
1115 2417 1246 2460 vero
1280 2402 1410 2457 nihil
1449 2400 1696 2471 prohibet
1731 2413 1851 2455 esse
1889 2413 2046 2468 quam

472 2504 752 2574 plurimos.
796 2501 863 2556 Et
892 2498 1192 2570 pulchrum,
1233 2494 1472 2564 inquam,
1503 2492 1624 2557 hoc,
1655 2501 1813 2559 atque
1852 2489 2052 2560 pretio-

474 2613 617 2662 sum,
645 2596 758 2649 sive
780 2593 806 2631 ιι
829 2598 1077 2669 περίσμα,
1105 2590 1215 2644 sive
1239 2585 1579 2641 corollarium
1607 2583 1718 2654 (10)
1740 2582 1917 2637 vocari
1940 2595 2052 2636 ma-

470 2690 570 2744 vis.
608 2689 627 2719 ³
658 2687 813 2756 Atqui
844 2685 944 2739 hoc
970 2696 1182 2753 quoque
1211 2677 1483 2749 pulchrius
1510 2676 1641 2731 nihil
1672 2683 1776 2741 est,
1805 2674 1945 2742 quod
1971 2674 2053 2729 his

475 2778 867 2834 annectendum
908 2790 1027 2830 esse
1072 2774 1208 2827 ratio
1240 2769 1545 2841 persuadet.
1594 2767 1772 2834 Quid?
1813 2768 2052 2837 inquam.

469 2872 605 2927 Cum
652 2869 849 2933 multa,
901 2866 1098 2936 inquit,
1150 2861 1419 2918 beatitudo
1468 2860 1746 2916 continere
1791 2860 2054 2927 videatur,

474 2973 723 3019 utrumne
762 2961 876 3026 haec
910 2971 931 2999 ο
956 2959 1135 3015 omnia
1176 2973 1337 3012 unum
1377 2955 1539 3011 veluti
1587 2969 1780 3024 corpus
1828 2955 2059 3011 beatitu-

473 3057 615 3111 dinis
654 3053 882 3126 quadam
929 3052 1159 3122 partium
1203 3050 1460 3104 varietate
1505 3049 1850 3119 conjungant,
1883 3063 1949 3103 an
1991 3050 2062 3105 sit

474 3164 658 3203 eorum
691 3146 923 3217 aliquid,
955 3143 1095 3214 quod
1128 3141 1473 3198 beatitudinis
1511 3141 1863 3195 substantiam
1912 3156 2061 3196 com-

2150 1942 2222 2007 id,
2270 1943 2410 2013 quod
2449 1953 2634 2013 restat,
2676 1954 2954 2015 exspecto.
3014 1946 3092 2001 Ad
3138 1947 3332 2002 bonum
3372 1962 3503 2001 vero
3540 1955 3734 2001 caetera

2148 2034 2336 2090 referri
2373 2036 2546 2106 palam
2593 2045 2694 2092 est.
2740 2036 2943 2093 Idcirco
2969 2040 3111 2094 enim
3152 2038 3471 2094 sufﬁcientia
3515 2040 3731 2108 petitur,

2147 2126 2400 2195 quoniam
2424 2126 2621 2181 bonum
2660 2142 2781 2182 esse
2807 2127 3204 2197 (5)judicatur;
3250 2129 3451 2183 ideirco
3495 2128 3732 2198 potentia

2148 2216 2400 2284 quoniam
2445 2217 2496 2271 id
2542 2233 2757 2289 quoque
2800 2235 2918 2274 esse
2956 2221 3189 2276 creditur
3224 2222 3442 2277 bonum.
3485 2221 3627 2277 ldem
3668 2220 3736 2277 de

2151 2310 2474 2376 reverentia,
2506 2310 2847 2377 claritudine,
2874 2312 3229 2381 iucunditate,
3257 2315 3562 2385 conjectare
3588 2315 3732 2369 licet.

2150 2401 2402 2456 Omnium
2446 2403 2608 2471 igitur
2650 2405 3076 2475 expetendorum
3114 2423 3321 2462 summa
3372 2419 3532 2478 atque
3575 2420 3737 2463 causa

2154 2494 2352 2549 bonum
2381 2505 2481 2550 est.
2520 2495 2672 2563 Quod
2701 2498 2843 2553 enim
2876 2514 3050 2569 neque
3078 2515 3157 2565 re,
3189 2514 3360 2571 neque
3390 2499 3737 2555 similitudine

2155 2586 2320 2641 ullum
2364 2588 2416 2641 in
2462 2602 2520 2643 se
2566 2590 2761 2644 retinet
2808 2590 3028 2656 bonum,
3078 2590 3129 2644 id
3170 2593 3343 2660 expeti
3390 2591 3536 2645 nullo
3582 2590 3739 2645 modo

2165 2689 2360 2750 potest.
2390 2677 2696 2749 Contraque
2719 2682 2901 2746 etiam,
2926 2682 2948 2712 ‘
2968 2696 3088 2752 qua:
3116 2692 3299 2738 natura
3327 2683 3466 2738 bona
3492 2697 3595 2736 non
3623 2680 3739 2752 (10)

2156 2781 2303 2838 sunt,
2335 2782 2513 2827 tamen
2544 2773 2590 2827 si
2617 2787 2739 2829 esse
2772 2773 3071 2843 videantur,
3108 2776 3259 2844 quasi
3287 2788 3411 2828 vera
3442 2774 3577 2828 bona
3610 2775 3739 2838 sint,

2159 2874 2503 2934 appetuntur.
2546 2864 2664 2932 Quo
2696 2864 2775 2927 ﬁt.
2809 2866 2883 2920 uti
2914 2880 3142 2934 summa,
3178 2867 3361 2932 cardo,
3397 2877 3554 2937 atque
3584 2879 3741 2923 causa

2161 2958 2582 3027 expetendorum
2616 2960 2855 3014 omnium
2878 3001 2892 3025 ,
2925 2959 3132 3014 bonitas
3170 2974 3290 3015 esse
3315 2961 3436 3029 jure
3474 2960 3739 3014 credatur.

2164 3051 2184 3081 ⁵
2214 3047 2379 3120 Cujus
2402 3064 2531 3105 vero
2553 3064 2713 3106 causa
2740 3051 2865 3121 quid
2891 3052 3180 3121 expetitur,
3203 3052 3255 3106 id
3284 3052 3509 3106 maxime
3536 3049 3740 3105 videtur

2164 3145 2360 3213 optari.
2391 3144 2563 3200 Veluti
2584 3145 2629 3199 si
2653 3145 2845 3199 salutis
2864 3159 3021 3200 causa
3044 3146 3307 3215 quispiam
3333 3144 3459 3200 velit
3479 3143 3740 3213 equitare,

478 3242 639 3311 pleat,
673 3239 737 3295 ad
773 3240 873 3294 hoc
902 3253 1031 3291 vero
1063 3235 1179 3305 (15)
1213 3244 1405 3289 caatera
1447 3232 1787 3288 referantur?
1832 3232 2059 3299 Vellem,
2092 3229 2138 3295 C
2170 3253 2276 3292 non
2318 3248 2424 3291 tam
2465 3237 2735 3307 equitandi
2778 3246 2980 3292 motum
3026 3237 3317 3301 desiderat,
3360 3251 3518 3308 quam
3560 3234 3746 3289 salutis

475 3337 712 3406 inquam,
740 3334 791 3388 id
822 3333 1056 3402 ipsarum
1093 3344 1273 3384 rerum
1309 3328 1819 3383 commemoratione
1857 3327 2056 3395 patefa-
2111 3326 2114 3330 ’

476 3443 649 3483 ceres.
689 3425 896 3489 Nonne,
924 3422 1114 3493 inquit,
1147 3420 1526 3476 beatitudinem
1557 3419 1752 3473 bonum
1781 3434 1901 3474 esse
1927 3436 2055 3475 cen-

2160 3330 2429 3386 eﬁ'ectum.
2455 3332 2584 3386 Cum
2611 3331 2772 3401 igitur
2793 3332 2971 3386 omnia
2992 3331 3109 3400 (15)
3136 3331 3263 3385 boni
3284 3332 3454 3401 gratia
3481 3338 3749 3400 petimur,

2168 3430 2274 3479 nan
2305 3425 2395 3479 illa
2438 3426 2615 3496 potius
2656 3440 2815 3495 quam
2857 3426 3055 3481 bonum
3097 3425 3269 3495 ipsum
3313 3424 3648 3479 desideratur
3686 3421 3750 3476 ab

1828 3557 2408 3619 INTERPRETA'I‘IO.

551 3686 577 3714 ι
612 3672 952 3729 Consectaria.

615 3744 1012 3801 Consectarium.

2239 3685 2261 3713 ο
2304 3677 2380 3729 Αη
2405 3677 2511 3730 hinc
2532 3679 2703 3731 omnia
2723 3686 2825 3731 sint
2848 3694 3007 3731 unum
3032 3686 3081 3732 et
3106 3692 3295 3743 unum;
3321 3693 3386 3731 an
3408 3677 3575 3747 potius
3597 3688 3750 3730 unum

2161 3746 2394 3814 pluribus
2424 3748 2590 3802 modis
2618 3765 2671 3803 se
2690 3748 2902 3803 habens.

2002 3859 2243 3917 NO'L‘E:

480 3954 703 4013 summis
740 3954 915 4018 boms,
958 3968 1002 4007 ει
1049 3959 1318 4015 adessent,
1363 3956 1680 4004 a.terutrum
1720 3949 1871 4005 alteri
1901 3951 2059 4008 dees-

481 4039 696 4166 δθιιρυιε
713 4092 1053 4172 nupta-parm]
1074 4094 1135 4147 V.
1151 4091 1488 4172 Philosophia
1509 4105 1657 4172 more
1670 4093 1975 4172 geometria:
1998 4109 2062 4148 cx

482 4162 1134 4235 deriioostratis'quaed'am
1176 4164 1355 4230 infert,
1389 4178 1506 4237 qua:
1531 4162 1730 4237 Graacis
1769 4167 2064 4237 «optauerant

484 4243 686 4295 Latinis
723 4238 1052 4294 consectaria
1092 4244 1375 4297 vocantur,
1411 4234 1522 4288 sive
1560 4236 1718 4287 etiam
1759 4234 2066 4299 corollaria,

480 4312 723 4381 quaedam
764 4311 965 4365 scilicet
1005 4319 1197 4377 praeter
1238 4306 1471 4360 debitum
1514 4305 1659 4367 data,
1691 4304 1974 4361 Normanis
2015 4306 2063 4359 le

482 4402 535 4437 re
574 4401 587 4436 ι
628 4394 730 4436 uet.

540 4400 736 4507 ξῖνιυη
764 4454 1024 4519 quoniam,
1066 4450 1194 4521 (ηαξ
1246 4450 1481 4521 Primum
1526 4448 1919 4521 consectarium
1961 4456 2064 4521 est,

484 4525 725 4579 homines
754 4518 1037 4590 adeptione
1064 4518 1405 4578 beatitudinis
1439 4519 1548 4573 ﬁeri
1577 4518 1707 4571 deos
1736 4537 1747 4569 :
1776 4518 1917 4589 quod
1950 4520 2067 4587 qui-

483 4597 603 4649 dem
641 4597 717 4649 sic
758 4596 1002 4648 infertur.
1039 4593 1134 4646 Est
1161 4593 1302 4648 Deus
1331 4602 1549 4654 natura;
1591 4598 1672 4643 est
1702 4590 1838 4642 Deus
1860 4590 2069 4657 partici-

752 4644 1129 4725 ijeus‘iiatura,
1156 4644 1357 4737 esti-ves
1382 4644 1591 4737 summe
1620 4644 1892 4737 perfecla':
1927 4661 2069 4715 unde
2097 4644 2147 4704 D

483 4731 602 4790 cum
640 4753 706 4791 ex
734 4737 888 4791 dictis
935 4753 1039 4789 non
1073 4736 1239 4803 possit
1269 4749 1388 4789 esse
1434 4731 1710 4798 multiplex
1745 4746 1829 4785 res
1858 4745 2066 4786 somme

486 4808 737 4877 perfecta,
774 4808 972 4861 idcirco
1002 4806 1165 4877 Deus,
1182 4816 1366 4858 natura
1404 4806 1472 4857 ita
1506 4804 1693 4877 unicus
1721 4812 1803 4877 est
1825 4843 1838 4865 ,
1872 4812 1928 4877 ut
1960 4818 2064 4877 non

485 4871 652 4945 possit
673 4893 792 4932 esse
816 4877 1112 4945 multiplex.
1143 4876 1283 4931 Deus
1310 4892 1437 4929 vero
1462 4874 1848 4945 participatione
1868 4871 2068 4927 dicitur

486 4943 573 5002 illa
606 4964 778 5009 mens,
810 4964 929 5018 qua:
960 4943 1282 5018 cogitatione
1311 4943 2067 5018 divina:7rsimillimahprmdita

486 5029 565 5073 est
590 5036 602 5071 :
629 5018 707 5072 sic
737 5013 939 5085 psalmo
964 5013 1158 5089 usus
1184 5017 1297 5089 Ego
1310 5015 1682 5089 Dixi:diicsti_s
1707 5023 1754 5089 et
1774 5014 1868 5089 [iiii
1883 5013 2069 5067 excelsi

486 5106 676 5143 omnes.
703 5090 791 5143 Sic
822 5090 859 5142 ll
888 5090 1027 5143 Petr.
1049 5103 1094 5141 ιτ
1117 5086 1183 5141 Ut
1211 5085 1300 5157 per
1318 5091 1422 5141 lucc
1435 5085 1931 5157 e/ﬁciaminiaivinw
1950 5100 2072 5157 con-

487 5172 647 5214 sortes
664 5171 879 5214 naturte.
903 5163 1073 5227 Atque
1096 5158 1196 5212 hoc
1211 5154 1370 5212 modo
1386 5154 1526 5211 beati
1544 5157 1675 5209 ﬁunt
1690 5154 1762 5207 dii
1780 5169 1793 5207 :
1812 5154 2063 5227 quoniam

486 5232 805 5301 cogitatione
834 5226 1025 5283 divinae
1056 5229 1325 5283 simillima
1356 5229 1693 5301 afﬁciuntur;
1722 5240 1824 5294 qua
1850 5226 2063 5301 quidem

406 5356 419 5363 _
485 5298 802 5370 Cogitatione
826 5302 899 5355 dii
935 5304 1067 5355 liunt
1090 5302 1479 5368 participatione
1504 5316 1521 5352 :
1546 5298 2065 5368 sicutjustus,justi-

488 5376 589 5437 tice,
618 5384 662 5428 et
690 5375 909 5444 sapiens,
939 5372 1201 5443 sapientia:
1226 5372 1493 5441 adeptione
1524 5372 1604 5437 ﬁt.

557 5465 577 5495 ³
608 5467 758 5529 Atqui
788 5466 880 5519 hoc
909 5481 1135 5535 quoque,
1167 5462 1297 5533 etc.]
1345 5463 1646 5535 Secundum
1678 5463 2068 5535 consectarium

486 5544 585 5601 est,
613 5537 882 5591 hominem
907 5534 994 5601 qui
1016 5535 1106 5589 Dei
1131 5535 1412 5603 adeptmne
1435 5534 1640 5596 beatus,
1664 5536 1904 5604 adeoque
1927 5534 2065 5588 Deus

487 5610 873 5676 participatione
897 5617 998 5671 est,
1024 5606 1248 5669 divitiis,
1275 5606 1530 5674 potentia,
1554 5604 1797 5659 claritate
1825 5615 1877 5660 et
1906 5606 2066 5659 Volu-

489 5689 632 5743 ptate
659 5680 914 5731 cumulari
944 5694 957 5730 τ
984 5679 1125 5746 quod
1156 5678 1233 5731 sic
1262 5678 1507 5731 infertur.
1541 5676 1594 5730 Si
1622 5676 1842 5738 divitize,
1880 5688 2066 5738 poten-

488 5747 583 5808 tia,
617 5758 671 5820 et
707 5758 897 5802 caetera
944 5748 993 5800 id
1024 5764 1190 5817 genus
1221 5749 1462 5820 qumdam
1495 5759 1675 5820 essent
1708 5748 1898 5799 summi
1943 5746 2066 5820 boni

488 5817 729 5881 membra,
766 5820 878 5872 IIIBC
910 5829 1126 5886 possent
1156 5821 1222 5871 ita
1244 5817 1283 5875 Va
1314 5833 1523 5872 summo
1554 5819 1691 5870 bono
1723 5817 1980 5884 separari,
2012 5826 2069 5870 ut

489 5902 752 5945 summum
776 5888 971 5943 bonum
994 5903 1113 5943 esse
1138 5900 1315 5958 posset
1336 5894 1448 5944 sine
1472 5891 1573 5942 illis
1604 5905 1614 5939 :
1642 5898 1695 5941 ut
1720 5887 1861 5941 enim
1889 5896 2068 5956 partes

2172 3958 2284 4011 sive
2332 3958 2625 4039 membra,
2652 3972 2745 4039 sua
2788 3957 3039 4039 quaelibet
3081 3971 3323 4039 seorsum
3373 3957 3487 4011 idea
3523 3955 3753 4037 cogitari

2174 4038 2416 4097 possunt,
2448 4028 2524 4082 sic
2550 4046 2580 4081 ει
2604 4038 2664 4083 8e
2694 4030 2921 4084 invicem
2951 4030 3191 4097 separari
3223 4037 3279 4083 et
3306 4027 3591 4093 separatim
3623 4041 3753 4081 con-

2173 4102 2371 4153 servari
2403 4109 2627 4167 possunt
2652 4115 2664 4151 :
2688 4100 3139 4169 quemadmodum
3168 4108 3379 4154 constat
3404 4098 3472 4152 de
3495 4107 3673 4152 mente
3701 4108 3753 4152 et

2172 4185 2419 4237 corpore,
2443 4185 2563 4238 qua:
2586 4180 2710 4225 sunt
2736 4171 2966 4224 hominis
2997 4180 3173 4240 partes
3200 4188 3213 4222 :
3245 4169 3375 4239 quin
3402 4170 3449 4223 si
3481 4169 3592 4223 haec
3622 4183 3753 4240 prte-

2171 4241 2311 4294 dicta
2330 4251 2510 4295 essent
2526 4242 2592 4296 de
2607 4256 2803 4309 genere
2818 4239 3117 4307 modorum,
3134 4243 3248 4295 sine
3262 4240 3452 4308 quibus
3480 4256 3586 4303 res,
3603 4239 3755 4305 cujus

2172 4322 2314 4372 sunt.
2340 4320 2513 4380 potest
2532 4312 2762 4368 exiStere
2783 4329 2794 4364 :
2816 4313 2953 4367 sicut
2975 4327 3171 4379 corpus
3193 4320 3364 4377 potest
3388 4311 3619 4365 exiSIere
3640 4312 3756 4363 sine

2172 4382 2384 4449 quiete;
2429 4394 2611 4451 posset
2647 4382 2810 4438 etiam
2839 4398 3108 4437 summum
3138 4383 3335 4436 bonum
3367 4384 3601 4435 existere
3638 4380 3756 4434 sine

2174 4453 2463 4519 praedictis,
2493 4453 2732 4523 adeoque
2760 4469 2863 4507 non
2893 4463 3208 4523 sequeretur
3233 4468 3353 4509 eum
3380 4453 3471 4522 qui
3495 4456 3757 4505 lrueretur

2172 4538 2382 4578 summo
2406 4524 2567 4587 bono,
2597 4525 2699 4579 frui
2725 4535 3007 4594 propterea
3042 4525 3311 4592 praedicuis
3338 4541 3353 4576 :
3382 4523 3476 4594 sed
3506 4523 3757 4594 praedicta

2175 4609 2350 4663 neque
2380 4603 2504 4647 sunt
2534 4592 2755 4649 membra
2784 4592 2979 4649 summi
3010 4595 3162 4658 boni;
3197 4610 3370 4662 neque
3398 4592 3560 4647 etiam
3592 4592 3756 4657 modi,

2173 4665 2289 4720 sine
2308 4667 2503 4734 quibus
2521 4680 2642 4721 esse
2671 4667 2842 4735 possit
2871 4680 3139 4719 summum
3170 4665 3401 4727 bonum;
3430 4663 3759 4732 quandoqui-

2173 4739 2293 4789 dem
2320 4752 2585 4790 summum
2609 4736 2808 4791 bonum
2832 4752 2897 4790 ex
2924 4736 3080 4791 dictis
3112 4751 3207 4790 nec
3234 4746 3414 4804 partes
3448 4735 3623 4797 habet,
3656 4748 3754 4787 nec

2174 4807 2330 4861 modo
2360 4808 2605 4869 afﬁcitur.
2644 4823 2749 4876 quo
2786 4808 2960 4876 possit
2997 4822 3211 4871 carere;
3243 4806 3440 4876 alioqui
3484 4821 3589 4876 non
3618 4814 3761 4857 esset

2176 4878 2420 4933 absolute
2443 4875 2735 4947 perfectum
2762 4875 2965 4947 :‘quare
2985 4892 3206 4933 necesse
3229 4887 3335 4941 est,
3357 4875 3414 4928 ut
3439 4875 3526 4946 q'ni
3548 4890 3759 4947 summo

2180 4950 2319 5003 bono
2352 4944 2561 5013 fruitur,
2594 4948 2680 5004 hic
2707 4959 2760 5003 et
2789 4944 3077 5016 voluptate,
3100 4958 3153 5001 et
3178 4948 3439 5011 claritate,
3458 4944 3521 4998 et
3548 4944 3758 5016 caeteris

2178 5020 2446 5087 ejusmodi
2469 5020 2692 5074 fruatur.
2728 5019 2839 5073 lmo
2861 5031 3035 5090 neque
3056 5019 3281 5090 divitias
3295 5032 3464 5084 neque
3490 5015 3592 5090 alia
3617 5016 3758 5082 ejus-

2182 5092 2324 5144 modi
2364 5090 2666 5159 expetimus
2704 5092 2803 5143 nisi
2835 5086 2959 5159 quia
2995 5090 3245 5143 videntur
3269 5088 3468 5143 habere
3495 5086 3757 5140 rationem

2174 5163 2367 5214 summi
2396 5162 2547 5226 boni,
2576 5163 2689 5215 sive
2719 5160 3083 5215 beatitudinis.

2245 5241 2267 5271 ⁸
2300 5243 2427 5308 Qua:
2454 5251 2639 5295 natura
2659 5242 2789 5295 bona
2821 5258 2921 5295 non
2950 5239 3111 5311 sunt.]
3152 5240 3420 5308 Quidquid
3451 5239 3516 5293 ab
3543 5236 3761 5292 homine

2175 5315 2467 5381 expetitur,
2495 5312 2545 5365 id
2571 5321 2661 5365 aut
2686 5313 2858 5379 reipsa
2891 5322 2982 5366 aut
3002 5314 3180 5381 specie
3210 5312 3399 5366 saltem
3424 5312 3620 5365 bunum
3645 5318 3759 5381 est:

2176 5380 2316 5437 unde
2343 5384 2493 5437 aiunt
2524 5382 2830 5451 philosophi
2861 5400 2951 5437 nec
2981 5380 3167 5436 banum
3188 5400 3287 5448 qua
3317 5382 3503 5436 bonum
3527 5391 3623 5448 est,
3647 5380 3763 5433 odio

2177 5454 2370 5519 haberi,
2396 5470 2487 5508 nec
2517 5452 2709 5506 malum
2737 5470 2838 5523 qua
2856 5454 3075 5521 malum,
3102 5455 3284 5507 amari.

2253 5533 2451 5605 l’Cujus
2476 5549 2629 5606 causa
2659 5534 2780 5606 quid
2809 5535 3080 5606 expetitur,
3105 5532 3237 5606 etc.]
3285 5535 3406 5606 Hoc
3423 5544 3506 5589 est
3529 5536 3761 5599 axioma,

2176 5606 2317 5675 quod
2346 5604 2372 5657 a
2406 5605 2742 5673 philosophis
2783 5605 2920 5659 Solet
2953 5606 3032 5659 sic
3066 5604 3291 5674 exprimi
3319 5624 3332 5659 :
3373 5604 3594 5675 Propter
3628 5607 3762 5675 quod

2178 5677 2571 5745 unumquodque
2599 5678 2699 5730 tale
2725 5716 2740 5739 ,
2769 5675 2903 5728 illud
2933 5680 3094 5745 magis
3126 5679 3223 5729 tale
3242 5686 3351 5739 est;
3389 5676 3530 5744 quod
3557 5675 3763 5730 etiamsi

2179 5748 2230 5799 in
2274 5747 2391 5801 aliis
2431 5748 2568 5801 forte
2608 5761 2888 5801 causarum
2925 5747 3211 5813 generibus
3252 5746 3435 5801 fallere
3482 5746 3677 5811 possit;
3709 5746 3761 5798 in

2179 5832 2371 5886 genere
2410 5827 2590 5874 tamen
2620 5818 2763 5883 ﬁnis,
2806 5817 2859 5871 in
2900 5830 3006 5886 quo
3041 5832 3242 5888 genere
3286 5833 3427 5874 nunc
3452 5816 3758 5881 adhibetur,

2142 5890 2145 5893 ’
2176 5898 2401 5945 constat.

2536 6014 2635 6030 -.ουκ
2644 6026 2649 6027 γ
