4290 6258
423 326 528 385 ’169

422 431 696 491 omnibus.
725 432 831 489 Sed
857 441 1076 503 propter
1097 432 1239 502 quod
1260 440 1455 487 caetera
1481 439 1757 501 optantur,
1783 430 2014 487 beatitu-
2039 437 2096 497 Α

422 527 602 583 dinem
632 540 751 581 esse
774 527 1142 581 concessimus
1168 542 1180 577 :
1204 540 1372 595 quare
1398 526 1477 579 sic
1498 540 1711 595 quoque
1733 525 1844 579 sola
1869 541 2015 593 quae-

421 622 558 677 ritur
586 619 879 674 beatitudo.
911 622 985 673 Ex
1014 636 1120 691 quo
1153 628 1178 656 α
1207 618 1414 688 liquido
1441 627 1663 687 apparet
1694 618 1865 687 ipsius
1892 618 2015 674 boni

422 722 477 768 et
498 712 841 767 beatitudinis
865 728 1021 766 unam
1044 722 1204 782 atque
1228 712 1471 766 eamdem
1493 725 1615 766 esse
1635 711 1989 766 substantiam

419 801 559 859 Nihil
587 801 742 857 video
768 818 864 857 cur
884 804 1170 858 dissentire
1194 803 1456 874 quispiam
1488 803 1679 872 possit.
1710 800 1814 856 Sed
1853 802 2015 855 Deum

420 893 538 964 (20)
574 907 861 964 veramque
896 893 1281 948 beatitudinem
1315 908 1479 947 unum
1527 901 1691 962 atque
1730 892 1870 946 idem
1899 907 2020 947 esse

420 985 864 1042 monstravimus.
912 986 1008 1052 Ita,
1037 986 1276 1056 inquam.
1307 984 1335 1023 δ
1364 985 1565 1041 Sceure
1600 985 1767 1055 igitur
1794 985 2014 1041 conclu-

420 1078 550 1132 dere
571 1076 715 1143 licet,
745 1077 842 1133 Dei
865 1094 1078 1149 quoque
1104 1080 1155 1133 in
1180 1079 1298 1149 ipso
1321 1079 1484 1144 bono,
1511 1092 1611 1133 nec
1633 1093 1858 1149 usquam
1881 1078 2010 1145 alio,

423 1170 577 1227 sitam
604 1184 724 1227 esse
745 1173 1124 1227 substantiam.

909 1265 1068 1336 233
1097 1263 1388 1319 uernum
1416 1267 1433 1287 ο
1464 1263 1532 1319 x.

428 1357 821 1418 Attoniti-mrum;
847 1388 916 1399 -—
938 1358 1276 1429 PhilosOphia
1315 1361 1496 1413 invitat
1526 1360 1758 1414 homines
1809 1368 2011 1428 pertur-

501 1430 785 1484 bationibus
833 1430 1110 1483 obcwcatos
1169 1431 1236 1483 ad
1290 1430 1589 1499 praedictam
1642 1434 1827 1485 summi
1900 1431 2017 1484 boni

494 1501 792 1566 notionem,
844 1500 981 1571 quod
1026 1500 1134 1553 haec
1200 1518 1302 1555 non
1349 1502 1518 1555 solum
1569 1502 1635 1554 sit
1683 1502 2005 1555 tenebrarum

497 1587 705 1654 expers,
736 1572 825 1625 sed
864 1574 976 1642 ipsa
1006 1571 1130 1626 solis
1160 1574 1268 1627 luce
1319 1573 1665 1641 prwstantior,
1713 1584 1761 1627 et
1788 1572 2008 1643 placida!

496 1655 677 1712 quietis
698 1659 903 1713 parens.

568 1734 680 1791 Huc
700 1749 889 1792 omnes
909 1735 1110 1806 pariter
1134 1738 1315 1793 venite
1336 1738 1510 1808 capti,

1310 324 1399 380 DE
1436 322 1959 380 CONSOLATIONE
1997 319 2475 382 PlllLOSOPllllE
2516 320 2643 376 LIB.
2685 319 2781 376 Ill.

3595 314 3703 378 770

2245 432 2404 501 Quos
2432 432 2594 487 fallax
2624 433 2752 501 ligat
2774 430 3029 500 improbis
3054 431 3259 486 catenis

2260 527 2527 582 Terrena;
2560 526 2808 580 habitans
2836 526 3002 580 libido
3032 536 3258 580 mentes.

2263 620 2423 692 234
2454 621 2549 675 Hic
2570 620 2672 675 erit
2700 621 2853 674 vobis
2875 620 3090 691 requies
3122 620 3388 686 laborum,

2157 711 2190 766 5
2262 712 2360 767 Hic
2392 724 2575 782 portus
2602 713 2805 781 placida
2838 728 3062 768 manens
3090 713 3290 783 quiete,

2267 806 2380 862 Hoc
2410 816 2593 876 patens
2622 822 2785 860 unum
2812 806 3026 861 miseris
3049 807 3277 877 asylum.

2265 898 2381 955 Non
2409 898 2668 969 quidquid
2695 898 2871 968 Tagus
2900 898 3078 952 aureis
3100 899 3278 952 arenis

2260 991 2452 1055 Donat,
2488 998 2578 1043 aut
2606 989 2834 1045 Hermus
2864 991 3121 1045 rutilante
3143 992 3279 1060 ripa,

2260 1084 2369 1139 Aut
2392 1083 2552 1137 Indus
2571 1082 2747 1137 calido
2770 1084 3107 1153 propinquus
3128 1084 3280 1150 orbi,

2120 1177 2188 1232 10
2260 1176 2515 1232 Candidis
2543 1176 2777 1230 miscens
2805 1174 3004 1229 virides
3032 1174 3278 1243 lapillos,

2261 1269 2528 1323 illustrant
2556 1267 2749 1334 aciem,
2780 1268 3052 1336 magisque
3071 1280 3243 1321 caecos

2265 1360 2318 1413 In
2349 1369 2473 1413 suas
2508 1357 2749 1413 condunt
2769 1358 2979 1411 animos
3003 1356 3274 1411 tenebras.

2266 1452 2375 1506 Hoc
2401 1450 2658 1521 quidquid
2685 1450 2875 1519 placet.
2908 1451 3213 1520 excitatque
3238 1459 3462 1516 mentes,

2262 1542 2468 1598 lnﬂmis
2496 1541 2653 1596 tellus
2683 1542 2813 1596 aluit
2840 1543 3105 1597 cavernis.

2145 1652 2213 1706 15
2267 1637 2425 1709 235
2458 1636 2746 1705 Splendor,
2775 1652 2881 1706 quo
2911 1638 3111 1707 regitur
3143 1636 3390 1707 vigetque
3413 1635 3631 1702 coslum,

2269 1731 2409 1787 Vitat
2433 1731 2690 1788 obscuras
2717 1733 2908 1787 anima:
2935 1734 3136 1786 ruinas.
3414 1723 3419 1729 ’

1777 1889 2358 1950 INTEBPRETATIO.

497 2018 525 2047 ι
560 2008 850 2066 Evidenter.

496 2078 525 2119 ιι
564 2081 731 2136 Certo.

498 2150 768 2207 Conuenite
789 2153 886 2206 huc
928 2169 1099 2208 omnes
1122 2155 1336 2224 decepti,
1370 2172 1494 2222 quos
1549 2154 1709 2208 libido
1763 2152 2005 2219 mendax,

427 2238 678 2296 occupans
720 2234 907 2279 mentes
937 2235 1219 2288 terrestres,
1251 2226 1549 2296 constringit
1580 2225 1792 2279 vinculis
1819 2226 2004 2277 crude-

429 2294 582 2347 libus.
607 2294 656 2347 11
663 2297 708 2348 ic
733 2297 873 2363 quies
918 2296 1151 2351 laborum
1190 2299 1283 2351 erit
1324 2299 1459 2351 vobis
1480 2294 1507 2350 ἐ
1538 2296 1621 2350 hic
1650 2297 1799 2350 statio
1825 2296 2001 2363 fruens

429 2364 777 2438 ti‘anqullitate
808 2378 1049 2438 perpetua
1081 2384 1101 2423 :
1130 2367 1227 2423 hoc
1268 2385 1427 2424 unum
1475 2368 1731 2441 refugium
1774 2376 2002 2438 apertum

2040 2016 2089 2075 Β
2116 2007 2329 2061 miseris.
2358 2005 2472 2060 Nec
2500 2005 2669 2075 Tagus
2697 2006 2809 2059 suis
2826 2007 2997 2059 arenis
3019 2008 3209 2073 aureis,
3240 2023 3330 2061 nec
3363 2006 3582 2060 Hermus
3607 2020 3706 2061 suo

2118 2079 2289 2132 littore
2316 2076 2493 2145 rutilo,
2525 2094 2618 2130 nec
2650 2076 2834 2142 Indus,
2886 2079 3080 2131 vicinus
3129 2080 3325 2146 regioni
3353 2079 3558 2139 calidae;
3592 2078 3703 2132 suis

2116 2152 2328 2220 gemmis
2372 2149 2604 2202 candidis
2638 2150 2980 2217 viridibusque
3012 2150 3309 2202 illuminant
3345 2160 3557 2220 mentes,
3584 2149 3707 2211 quin

2115 2219 2207 2275 eas
2260 2221 2424 2286 magis
2478 2220 2758 2272 obcazcatas
2811 2220 3075 2272 involvunt
3129 2223 3181 2273 in
3218 2237 3363 2272 suam
3409 2219 3698 2289 caliginem.

2114 2290 2275 2345 Terra
2314 2291 2521 2361 nutrivit
2543 2292 2597 2343 in
2620 2290 2729 2343 suis
2756 2291 2919 2342 antris
2948 2291 3277 2357 inferioribus
3322 2290 3431 2344 haec
3469 2306 3705 2361 corpora,

2111 2378 2228 2433 quae
2248 2360 2498 2416 delectant
2529 2370 2944 2431 commoventque
2983 2362 3201 2416 animos.
3251 2363 3317 2417 At
3350 2376 3478 2417 vero
3509 2362 3703 2425 lumen,

1944 2500 2178 2558 ΝΟΤιΕ.

500 2646 516 2663 ‘
542 2640 770 2695 Carmen
798 2646 1051 2695 constans
1082 2654 1148 2694 ex
1182 2639 1378 2707 duplici
1407 2654 1605 2710 genere
1636 2655 1886 2696 versuum
1917 2640 1997 2694 al-

426 2720 722 2775 ternorum.
742 2712 1130 2781 quorum'prior
1160 2710 1448 2766 Plialeucus
1479 2712 1798 2781 spondeum,
1817 2713 1999 2782 dacty-

426 2783 557 2847 lum,
587 2793 639 2838 et
670 2790 780 2837 tres
809 2798 995 2837 cereos
1044 2782 1226 2846 habet,
1260 2784 1527 2852 posterior
1569 2784 1860 2853 Sapphicus
1908 2799 1999 2837 co-

426 2869 605 2917 reum,
658 2853 982 2923 spondeum,
1013 2853 1314 2925 dactylum,
1352 2865 1405 2907 et
1450 2854 1585 2908 duos
1615 2870 1805 2910 cereos
1840 2872 1852 2905 :
1897 2855 1997 2908 nisi

425 2925 565 2994 quod
592 2941 685 2992 pro
709 2926 1004 2993 Sapphico,
1030 2927 1184 2992 cujus
1210 2934 1327 2979 erat
1355 2925 1622 2981 alternare
1660 2926 1715 2979 in
1759 2925 1997 2981 secundo

425 3012 599 3059 versu,
624 2998 881 3065 repetitur
920 2996 1233 3049 Plialeucus.
1268 2996 1545 3065 Corrigere
1595 2996 1782 3051 luisset
1809 2995 1995 3049 facilli-

424 3083 590 3129 mum,
623 3069 714 3120 sed
745 3068 794 3121 id
820 3067 951 3121 forte
977 3066 1209 3133 neglexit
1236 3078 1439 3134 auctor,
1472 3067 1615 3137 quod
1636 3077 1861 3137 uterque
1888 3082 2004 3123 ver-

424 3153 518 3194 sus
547 3138 988 3209 endecasyllabus
1014 3147 1119 3193 est.

497 3231 545 3283 l.
584 3228 741 3300 Ilua]
767 3229 844 3283 Ad
874 3229 1181 3297 prtedictam
1211 3228 1557 3300 summiboni
1591 3228 1884 3284 notionem.

493 3302 546 3355 l.
576 3298 758 3354 Omnes
782 3303 972 3370 pariter
991 3302 1152 3354 venite
1174 3298 1360 3370 capti.]
1391 3298 1595 3353 Pariter
1642 3300 1863 3369 intelligi
1898 3314 1995 3368 po-

423 3379 528 3425 test
547 3373 697 3440 jungi
718 3375 804 3431 .vel
827 3386 945 3425 cum
975 3372 1141 3425 verbo
1165 3371 1343 3437 venite,
1396 3380 1453 3424 ut
1488 3371 1838 3441 signiﬁcetur,
1871 3388 1996 3425 con-

422 3445 605 3503 venite;
634 3444 714 3495 vel
747 3457 870 3496 cum
894 3441 1175 3511 participio
1205 3444 1359 3512 capti,
1389 3451 1444 3495 ut
1482 3442 1825 3510 significetur,
1856 3444 2000 3495 simi-

419 3515 534 3565 Lter
559 3514 752 3581 decepti
776 3529 793 3565 :
825 3523 1005 3581 captus
1024 3513 1165 3568 enim
1192 3513 1489 3581 generatim
1518 3512 1561 3565 is
1584 3512 1800 3574 dicitur,
1835 3515 1921 3582 qui
1947 3514 1997 3567 in

420 3584 639 3638 alterius
670 3592 928 3653 potestate
954 3594 1036 3638 est
1067 3600 1082 3640 :
1108 3586 1249 3638 unde
1275 3584 1533 3651 captivus:
1568 3583 1843 3649 speciatim
1871 3599 2000 3637 vero

418 3653 465 3708 is
488 3664 569 3708 est
596 3658 681 3722 qui
713 3656 925 3724 corpori
957 3670 1054 3708 suo
1068 3670 1269 3708 morem
1291 3670 1485 3724 gerens
1514 3656 1626 3708 suis
1643 3654 1855 3710 ducitur
1879 3669 2001 3723 per-

419 3725 828 3779 turbationibus.
870 3725 1013 3794 Virg.
1047 3742 1096 3780 ιν
1129 3725 1369 3789 ιέΕῐιθὶιΙη
1401 3740 1453 3778 v.
1482 3726 1610 3781 19$:

511 3814 796 3878 Regnorum
820 3817 1132 3866 immemores
1156 3818 1382 3881 turpique
1414 3817 1643 3879 cupidine
1659 3823 1845 3879 captos.

491 3898 625 3953 Hinc
652 3900 833 3965 libido,
864 3916 983 3969 qua:
1015 3899 1209 3955 merito
1247 3900 1441 3955 dicitur
1470 3899 1659 3969 fallax,
1691 3900 2001 3969 perhibetur

418 3970 581 4040 ligare
610 3979 1035 4025 mentesterrenas
1055 3972 1296 4042 improbis
1309 3972 1517 4025 catenis.
1540 3970 1744 4035 Libido,
1761 3973 1996 4042 inquam,

418 4056 538 4110 quas
568 4041 944 4097 nihilestaliud
960 4059 1115 4110 quam
1130 4044 1382 4112 cogitatio
1399 4045 1593 4096 mentis
1612 4041 1845 4097 motibus
1874 4059 1998 4098 cor-

416 4112 599 4181 poreis
624 4113 990 4183 obsequentis,
1010 4114 1203 4167 merito
1216 4114 1410 4167 dicitur
1425 4112 1607 4183 fallax,
1627 4114 1747 4183 quia
1768 4126 1999 4168 mentem

416 4197 446 4234 a
476 4184 604 4247 Deo,
636 4185 726 4253 qui
753 4196 835 4239 est
890 4184 1057 4253 prima
1092 4185 1289 4238 veritas
1318 4186 1592 4254 primaque
1644 4186 1873 4240 bonitas.
1906 4186 1999 4240 ab-

415 4253 620 4308 ducens
646 4258 698 4309 in
730 4270 965 4311 errorem
1022 4253 1326 4323 vitiumque
1358 4256 1521 4309 ducit.
1579 4255 1778 4309 Eadem
1834 4256 1999 4310 libido

416 4325 544 4394 ligat
575 4336 760 4380 mentes
787 4324 1027 4395 improbis
1067 4327 1287 4390 catenis;
1316 4328 1439 4396 quia
1492 4339 1723 4380 mentem
1754 4328 1995 4394 impedit,

417 4399 701 4465 quominus
734 4398 845 4450 haec
874 4397 940 4450 ad
962 4398 1154 4451 summi
1196 4398 1341 4458 boni,
1379 4398 1520 4465 quod
1568 4396 1883 4451 naturaliter
1907 4413 1999 4450 co-

416 4468 623 4535 gnoscit
650 4469 1024 4536 appetitque,a
1048 4470 1330 4536 :eptionem
1363 4468 1661 4534 perveniat.
1687 4467 1753 4519 At
1784 4480 1992 4533 mentes,

417 4552 549 4606 quas
590 4538 746 4591 libido
776 4538 989 4600 habitat.
1020 4542 1131 4592 sive
1161 4548 1218 4591 ut
1270 4540 1465 4605 saepius
1490 4546 1676 4591 auctor
1702 4549 1882 4590 noster
1914 4542 1991 4591 lo-

417 4610 617 4697 qpitur,
647 4607 1031 4697 hebetat',nsuttt
1080 4618 1315 4697 terre'naf;
1345 4607 1484 4697 quod
1517 4617 1729 4697 terreno
1785 4611 1992 4678 corpori
2027 4638 2074 4697 Β

415 4680 800 4748 obsequantur.
842 4680 857 4733 |
885 4678 1009 4734 Cor.
1043 4696 1109 4733 xv
1143 4696 1156 4731 :
1191 4679 1399 4733 Primus
1442 4679 1592 4730 homo
1618 4678 1680 4731 de
1706 4686 1861 4746 terra,
1897 4692 1995 4732 ter-

417 4766 611 4815 renus;
640 4752 890 4805 secundus
932 4751 1081 4803 homo
1110 4751 1172 4802 de
1210 4752 1359 4812 caelo,
1394 4750 1628 4803 caelestis.
1666 4749 1845 4813 Qualis
1896 4762 1994 4803 ter-

417 4836 595 4944 ;enus,
637 4823 760 4876 tales
790 4830 838 4876 et
870 4822 1087 4876 terreni:
1126 4831 1171 4875 et
1205 4821 1371 4890 qualis
1406 4820 1639 4885 ctelestis,
1674 4821 1796 4873 tales
1821 4832 1866 4874 et
1899 4839 1995 4875 εω-

437 4902 586 4944 astes.

437 4902 586 4947 estes.

486 4963 541 5017 4.
590 4962 689 5017 llic
708 4962 801 5016 erit
845 4962 1002 5025 vobis,
1034 4961 1162 5033 etc.]
1194 4960 1422 5018 Evidens
1450 4960 1593 5016 enim
1644 4964 1839 5016 summi
1870 4963 1990 5017 boni

417 5036 583 5097 notio,
610 5045 792 5103 utpote
815 5036 1131 5102 principium
1159 5049 1278 5088 cum
1334 5034 1573 5089 veritatis
1620 5041 1727 5103 turn
1760 5035 1989 5099 virtutis,

418 5115 652 5159 mentem
672 5102 931 5158 liberabit
958 5120 985 5155 a
1013 5104 1261 5171 procellis
1291 5120 1554 5168 errorum,
1587 5102 1945 5174 vitiorumque
1979 5125 1990 5159 :

418 5176 557 5231 unde
577 5179 681 5231 erit
705 5177 920 5245 requies,
946 5184 1144 5244 portus,
1168 5184 1212 5227 et
1234 5176 1457 5245 asylum.

488 5249 542 5299 7.
572 5245 742 5317 Tagus
776 5249 941 5300 aureis
968 5245 1179 5317 arenis.]
1202 5246 1376 5316 Tagus
1434 5255 1516 5301 est
1564 5246 1754 5300 ﬂuvius
1785 5247 1996 5302 Lusita-

420 5317 525 5373 nia:
550 5319 659 5386 qui,
694 5320 744 5372 in
791 5317 1076 5371 Celtiberis
1102 5328 1285 5383 ortus,
1332 5318 1657 5372 Lusitaniam
1708 5317 1914 5384 dividit,
1946 5330 2001 5374 et

420 5389 559 5462 ultra
584 5387 988 5462 Ulyssiponem,
1007 5386 1275 5462 Lisbonne,
1309 5388 1359 5462 in
1378 5389 1646 5443 Oceanum
1679 5394 1995 5462 prorumpit.

420 5459 522 5513 Hic
552 5458 657 5513 non
687 5472 843 5514 secus
871 5473 932 5513 ac
961 5458 1207 5512 Pactolus
1233 5468 1288 5513 et
1319 5460 1543 5515 Hermus
1571 5474 1759 5514 aureas
1806 5458 1999 5517 arenas

421 5528 592 5585 fertur
612 5532 824 5585 volvere
851 5547 863 5582 :
895 5530 1036 5584 unde
1056 5530 1141 5584 hic
1164 5544 1350 5586 versus
1377 5549 1389 5584 :

520 5621 717 5673 Aurll‘er
740 5628 818 5672 est
841 5625 998 5673 amnis
1021 5623 1201 5685 Tagus,
1231 5630 1283 5675 et
1306 5624 1550 5688 Pactolus,
1582 5631 1632 5674 et
1655 5623 1887 5674 Hermus.

420 5705 672 5765 Juvenal.
692 5724 707 5761 :
1372 5735 1390 5763 ι

520 5800 657 5861 Quod
681 5800 847 5864 Tagus
870 5808 921 5851 et
945 5801 1089 5851 rutila
1108 5800 1334 5851 Pactolus
1356 5802 1505 5851 volvit
1525 5813 1689 5851 arena.

434 5952 439 5961 ι
498 5884 552 5941 8.
582 5884 679 5940 Aut
713 5883 983 5957 Hermus.]
1007 5885 1232 5944 Hermus
1257 5898 1337 5945 est
1373 5886 1561 5942 ﬂuvius
1600 5889 1821 5948 Minoris
1845 5889 2009 5959 Asia),

2103 2641 2193 2713 qui
2227 2642 2374 2713 juxta
2401 2641 2688 2712 Dorylaum
2720 2640 2966 2713 Phrygiae
2992 2642 3264 2700 civitatem
3295 2655 3463 2711 ortus,
3498 2630 3693 2703 Pacio-

2103 2712 2499 2787 loquejunctus
2529 2712 3017 2787 Smyrnaacampos
3047 2715 3251 2787 irrigat,
3290 2719 3614 2787 tandemque
3646 2720 3699 2773 in

2103 2783 2429 2838 Phocaicum
2450 2786 2629 2838 sinum
2657 2784 2912 2838 illabitur.
2945 2786 3039 2838 llic
3070 2786 3230 2840 etiam
3254 2803 3451 2841 aureas
3498 2783 3694 2844 arenas

2103 2855 2322 2909 trahere
2351 2854 2522 2909 fertur
2554 2872 2565 2907 :
2600 2854 2742 2909 unde
2776 2855 2917 2924 Virg.
2948 2872 2981 2908 ιι
3009 2856 3226 2925 Georg,
3252 2874 3304 2912 v.
3336 2859 3431 2914 157
3463 2877 3473 2906 τ

2195 2944 2299 2995 Nec
2318 2944 2524 3007 pulcher
2546 2946 2764 3007 Ganges,
2794 2952 2943 3008 atque
2963 2960 3082 2995 auro
3107 2947 3329 2996 turbidus
3352 2948 3578 2999 Hermus.

2182 3030 2236 3084 9.
2267 3030 2369 3083 Aut
2412 3028 2617 3101 lndus.]
2654 3029 2809 3102 Indus
2835 3030 3027 3083 ﬂuvius
3078 3030 3332 3102 Orientis,
3366 3032 3455 3102 qui
3498 3032 3698 3090 Indiam

2112 3102 2180 3154 ab
2206 3115 2401 3155 occasu
2425 3102 2709 3162 detiniens,
2742 3101 2790 3154 ei
2837 3115 3027 3155 nomen
3058 3101 3203 3155 dedit
3231 3119 3242 3153 :
3276 3101 3362 3155 hic
3389 3101 3570 3157 autem
3601 3104 3698 3157 ﬂu-

2110 3173 2384 3243 vius,raut
2413 3172 2600 3226 saltem
2652 3171 2843 3243 tellus,
2885 3171 2970 3225 cui
3019 3186 3212 3227 nomen
3245 3172 3413 3236 dedit,
3467 3178 3695 3243 gemmis

2029 3258 2074 3322 ρ
2109 3242 2749 3322 abundat:quamobrem
2790 3242 3116 3322 Claudianus
3161 3242 3556 3322 signiﬁcaturus
3604 3263 3696 3302 ve-

2104 3322 2240 3369 stem
2262 3307 2487 3383 gemmis
2507 3323 2808 3367 contextam
2840 3328 3005 3367 carm.
3031 3314 3085 3379 8,
3107 3330 3159 3369 v.
3184 3307 3309 3379 58i,
3333 3316 3477 3370 canit
3502 3334 3515 3368 :

2566 3406 2779 3467 Asperat
2802 3405 2949 3455 Indus

2197 3442 2641 3531 Velamenta

2102 3552 2338 3607 Gemma:
2370 3567 2533 3622 porro
2561 3553 2681 3607 alia:
2710 3560 2833 3606 sunt
2861 3552 3125 3622 candidae,
3156 3552 3275 3608 alia;
3324 3554 3543 3623 virides,
3575 3556 3693 3611 alia:

2103 3626 2368 3689 etcruleze,
2399 3625 2518 3678 aliae
2546 3626 2765 3678 alterius
2793 3624 3008 3689 coloris.
3044 3640 3139 3692 l‘ro
3163 3624 3305 3679 varia
3338 3626 3552 3681 luminis
3577 3644 3693 3681 mo—

2104 3693 2299 3748 difiCati
2328 3696 2537 3748 ratioiie
2562 3712 2574 3746 :
2598 3695 2737 3748 unde
2761 3692 2926 3747 Indus
2950 3695 3035 3748 hic
3056 3696 3253 3750 dicitur
3273 3697 3480 3752 miscere
3512 3699 3696 3754 virides

2104 3763 2312 3830 lapillos
2334 3766 2566 3819 candidis
2594 3782 2612 3821 :
2638 3773 2691 3819 et
2718 3766 2927 3819 Lucret.
2960 3766 2996 3818 Ι.
3021 3781 3056 3819 ιι
3084 3784 3096 3819 :

2228 3877 2478 3926 Interdum
2503 3879 2709 3937 quodam
2729 3892 2876 3928 sensu
2899 3883 2967 3937 ιιι,
2988 3886 3057 3928 uti
3079 3881 3304 3929 videatur

2230 3939 2364 3989 Inter
2383 3939 2650 3989 caeruleum
2685 3942 2863 3991 virides
2886 3944 3099 3991 miscere
3128 3943 3424 4006 smaragdos.

2180 4043 2265 4117 il.
2293 4043 2566 4117 illustrant
2592 4045 2797 4117 aciem]
2827 4046 3028 4117 Nempe
3050 4049 3264 4103 mentis.

2178 4114 2556 4194 ll._M_agi.s-qu_e
2583 4114 2796 4190 caecos]
2820 4114 3071 4194 Alludere
3119 4121 3327 4175 videtur
3364 4123 3430 4177 ad
3478 4126 3686 4194 oculos,

2104 4188 2191 4261 qui
2234 4188 2398 4261 nimio
2425 4192 2560 4251 auri,
2589 4188 2833 4258 gemmae,
2860 4191 3159 4261 alteriusve
3187 4195 3429 4261 corporis
3452 4188 3688 4252 lucentis

2105 4258 2465 4313 relucentisve
2497 4261 2782 4327 splendore
2809 4260 3172 4327 oﬂ'unduntur,
3205 4258 3305 4318 nec
3348 4280 3453 4320 non
3480 4268 3690 4322 inducta

2103 4329 2331 4398 caligine
2358 4332 2645 4407 aliquando
2666 4343 3002 4407 excaecantnr
3036 4353 3048 4387 :
3074 4348 3263 4407 aurum
3286 4337 3442 4407 enim
3465 4348 3517 4391 et
3538 4354 3691 4407 gem-

2104 4416 2226 4478 mae,
2263 4404 2505 4478 quamvis
2527 4401 2694 4478 multo
2720 4403 3004 4478 Splendore
3025 4401 3194 4459 oculis
3212 4405 3493 4478 videantur
3513 4401 3692 4478 spieu-

2103 4472 2253 4532 dere,
2290 4471 2481 4545 mentis
2535 4472 2878 4526 nihilominus
2904 4476 3072 4528 aciem
3120 4491 3224 4529 non
3257 4471 3553 4545 illustrant,
3576 4483 3684 4536 imo

2104 4545 2280 4610 potius
2304 4542 2520 4614 inducta
2552 4545 3009 4609 perturbationum
3049 4546 3277 4614 caligine
3320 4542 3552 4605 mentem
3615 4554 3687 4607 ita

2103 4621 2388 4674 excaecant,
2422 4621 2478 4665 ut
2512 4613 2645 4668 hanc
2673 4615 2724 4667 in
2756 4616 2981 4669 obscura
3014 4613 3189 4684 terrai,
3223 4619 3363 4672 unde
3395 4619 3509 4674 haec
3558 4638 3682 4677 cor-

2105 4697 2231 4750 pora
2270 4693 2419 4736 eruta
2476 4693 2634 4761 sunt,
2664 4686 2866 4740 viscera
2918 4690 3154 4761 condere
3194 4689 3520 4756 videantur;
3557 4708 3687 4761 qua-

2104 4762 2259 4835 tenus
2288 4768 2443 4809 mens
2476 4755 2662 4811 borum
2694 4771 2879 4813 amore
2901 4770 3055 4829 capta
3089 4760 3161 4814 nil
3192 4760 3291 4814 nisi
3318 4770 3512 4816 terram
3538 4755 3683 4835 cogi-

2102 4831 2196 4878 tat.

2172 4894 2597 4975 _Splendor.]
2629 4898 2908 4975 S_ummum
2965 4903 3182 4975 bonum,
3234 4902 3348 4975 sive
3380 4902 3539 4969 Deus,
3592 4909 3683 4975 qui

2100 4965 2165 5045 ad
2201 4966 2332 5045 lleb.
2368 4983 2381 5019 ι
2410 4965 2606 5023 dicitur
2633 4970 2893 5039 Splendor
2920 4973 3103 5043 gloria:
3123 5016 3137 5039 ,
3168 4965 3229 5029 vet
3267 4974 3397 5045 Sap.
3431 4965 3535 5045 vn,
3564 4965 3687 5033 edn-

2101 5039 2195 5090 dor
2226 5039 2353 5091 lucis
2382 5047 2605 5093 (etei-utr.
2921 5039 2939 5043 ⁷
3345 5039 3359 5045 “
3521 5039 3527 5045 '
3698 5078 3701 5087 ,

2178 5108 2263 5161 15.
2298 5110 2410 5173 Quo
2437 5113 2626 5181 regitur
2654 5113 2882 5186 vigetque
2928 5117 3130 5169 calum.
3159 5114 3177 5186 ]
3221 5117 3364 5175 Deus
3394 5120 3538 5175 enim
3576 5136 3681 5177 non

2100 5180 2524 5255 solum_corpora
2542 5223 2560 5249 ,
2591 5183 2687 5238 sed
2704 5180 2922 5239 'me'ntes
2971 5180 3177 5241 omnes'
3204 5201 3375 5255 creat,
3399 5205 3685 5249 conservat

2102 5261 2158 5306 et
2186 5251 2336 5330 regit.
2366 5253 2652 5330 Speciatim
2685 5269 2813 5309 vero
2833 5256 3027 5311 ctelum
3053 5260 3195 5327 viget
3219 5251 3527 5330 regiturque
3576 5266 3685 5318 moi

2105 5331 2178 5385 tu,
2204 5324 2354 5401 cujus
2402 5323 2540 5378 Deus
2580 5326 2673 5401 it_a_
2697 5335 2889 5401 auctor
2934 5340 3040 5396 est,
3075 5323 3131 5382 υῐ
3166 5330 3252 5383 hic
3283 5323 3410 5385 'non
3442 5323 3682 5401 'incipiat

2103 5400 2545 5471 continueturque
2575 5395 2673 5450 nisi
2706 5399 2916 5471 statutis
2942 5400 3007 5454 ad
3029 5395 3156 5469 ipso
3186 5401 3294 5471 Deo
3325 5404 3548 5471 legibus.
3580 5395 3590 5401 ’
3691 5422 3697 5450 ο

2178 5465 2263 5520 16.
2306 5466 2442 5544 Vitat
2485 5468 2725 5544 obscuras
2772 5470 2954 5544 animo:
3006 5465 3225 5542 ruinas]
3281 5465 3472 5527 Mentis
3502 5483 3686 5544 utpote

2114 5535 2428 5610 immortalis
2459 5538 2599 5610 nulla
2630 5549 2709 5610 est
2741 5540 2913 5604 ruina,
2943 5546 3114 5610 quoad
3168 5535 3280 5596 rem
3311 5554 3539 5610 spectat,
3564 5535 3684 5601 'sed

2113 5605 2372 5659 duntaxat
2390 5609 2562 5682 quoad
2593 5609 2831 5669 modum.
2866 5605 3111 5666 nimirum
3162 5605 3559 5682 cogitationem.
3592 5617 3688 5673 Est

2114 5688 2290 5759 autem
2321 5681 2570 5759 cogitatio
2598 5682 2792 5759 mentis
2820 5682 2971 5736 ruina
2997 5693 3125 5759 tum,
3155 5681 3291 5759 cum
3310 5700 3461 5741 mens
3483 5701 3510 5739 a
3542 5699 3685 5743 recta

2111 5748 2464 5830 judicandiet
2492 5752 2721 5830 eligendi
2750 5768 2938 5808 norma
2969 5756 3245 5830 recedens,
3282 5756 3333 5809 in
3365 5772 3602 5814 errorem
3638 5770 3689 5816 et

2116 5820 2295 5873 vitium
2348 5821 2560 5897 labitur.
2595 5823 2791 5879 Vitium
2843 5827 3040 5880 mentis
3082 5820 3280 5880 nullum
3321 5830 3438 5884 sine
3478 5846 3685 5897 errore,

2114 5904 2265 5949 error
2287 5892 2465 5949 nullus
2485 5895 2601 5955 sine
2628 5898 2973 5966 obscuritate;
2991 5896 3333 5972 quamobrem
3362 5903 3512 5963 ruina
3537 5892 3690 5965 mens
