4290 6258
582 351 677 413 771

724 470 867 525 lianc
894 470 1134 543 quisquis
1158 470 1354 543 poterit
1385 480 1569 527 notare
1591 470 1763 525 lucem
1784 509 1799 535 ,

719 561 984 619 Candidus
1017 564 1201 618 Pltmbi
1232 563 1411 619 radios
1438 562 1674 629 negabit.

1099 658 1260 728 236
1284 656 1501 712 causa
1545 655 1637 710 x1.

579 752 960 805 ABGUMENTUM.
1016 779 1087 789 -
1134 748 1411 818 Postquam
1494 748 1827 815 Philosophia
1890 748 2158 817 proposuit

650 823 832 875 bonum
862 837 969 874 esse
991 837 1168 885 unum,
1197 822 1333 887 quod
1357 820 1545 881 omnia,
1587 838 1678 873 suo
1749 835 1959 888 quaeque
2004 821 2155 871 modo

642 902 909 1014 oppetunt,
943 893 1119 944 eadem
1146 892 1404 944 concludit
1426 906 1594 943 rerum
1624 906 1848 944 omnium
1879 892 2033 959 finem
2052 906 2159 945 esse

676 979 851 1014 onum.

676 979 851 1015 οηαηι.

642 1034 945 1094 Assentior,
977 1034 1211 1101 inquam.
1239 1031 1440 1087 Cuncta
1463 1033 1605 1087 enim
1652 1033 1982 1090 ﬁrmissimis
2022 1047 2155 1088 nexa

573 1130 869 1205 rationibus
884 1137 1151 1183 constant.
1169 1128 1405 1181 Tumilla
1427 1128 1677 1196 tQuanti,
1706 1128 1891 1198 inquit,
1919 1127 2155 1183 aestima-

572 1221 674 1287 bis,
700 1223 744 1275 si
770 1224 785 1252 ¹
825 1222 1022 1276 bonum
1064 1221 1235 1290 ipsum
1266 1221 1390 1289 quid
1435 1222 1531 1285 sit,
1576 1222 1891 1291 agnoveris?
1942 1222 2155 1286 lniiniti,

572 1313 787 1383 inquam
824 1332 833 1365 :
869 1314 911 1367 si
946 1314 1159 1382 quidem
1194 1311 1322 1365 mihi
1371 1313 1569 1380 pariter
1601 1313 1767 1366 Deum
1801 1328 2035 1383 quoque,
2067 1314 2156 1383 qui

576 1398 775 1461 bonum
808 1415 911 1471 est,
937 1406 1208 1470 continget
1237 1419 1553 1473 agnoscere.
1588 1406 1749 1473 Atqui
1807 1406 1911 1459 hoc
1942 1406 2160 1459 verissi-

572 1516 681 1565 ma,
713 1500 790 1568 (5)
824 1497 1016 1568 inquit,
1050 1498 1257 1551 ratione
1286 1497 1626 1566 patefaciam,
1666 1507 1690 1533 α
1723 1508 1975 1554 maneant
1997 1498 2157 1554 modo

570 1610 691 1663 qua:
716 1592 875 1660 paulo
905 1604 1028 1646 ante
1061 1590 1313 1645 conclusa
1341 1600 1485 1646 sunt.
1521 1588 1545 1627 δ
1576 1591 1887 1654 Manebunt,
1916 1591 2154 1659 inquam.

570 1684 778 1750 Nonne,
806 1684 996 1753 inquit,
1020 1685 1039 1714 ²
1074 1684 1494 1737 monstravimus
1524 1698 1583 1736 ea
1630 1698 1748 1750 quae
1778 1692 2100 1753 appetuntur
2127 1699 2159 1739 a

573 1778 838 1847 pluribus,
874 1776 1076 1830 idcirco
1103 1791 1227 1831 vera
1285 1777 1623 1845 perfectaque
1651 1776 1671 1806 ³
1695 1778 1831 1830 bona
1878 1792 1981 1831 non
2013 1792 2156 1842 esse,

1804 352 1915 410 AN.
1959 350 2164 410 MANL.
2203 348 2354 408 θεν.
2397 353 2620 413 BOETII

2186 469 2495 538 Apetenda
2543 474 2914 530 numerentur?
2959 473 3391 532 Demonstratum
3443 485 3550 546 est,
3608 478 3850 552 inquam,

3750 363 3853 418 772

2264 580 2363 621 nec
2388 566 2621 622 dubitari
2668 569 2777 624 ullo
2819 569 2979 625 modo
3009 579 3204 641 potest.
3235 570 3363 640 Qua:
3393 570 3576 639 igitur,
3618 587 3741 627 cum
3773 574 3857 629 di-

2262 671 2511 731 screpant
2563 660 2677 735 [15)
2710 663 2931 718 minime
2978 663 3119 719 bona
3149 671 3297 729 sunt;
3350 678 3472 719 cum
3521 679 3654 720 vero
3690 681 3855 723 unum

2262 746 2385 810 esse
2412 755 2695 824 coeperint,
2719 755 2859 810 bona
2898 755 3033 811 ﬁunt
3062 772 3078 809 :
3108 770 3287 812 nonne
3316 754 3432 812 hinc
3459 764 3519 811 ut
3547 758 3687 813 bona
3724 759 3854 826 sint,

2262 848 2481 903 unitatis
2507 847 2620 902 ﬁeri
2642 847 2926 918 adeptione
2954 849 3251 920 contingit?
3292 848 3394 914 lta,
3428 850 3675 920 inquam,
3710 851 3859 906 vide-

2262 947 2369 995 tur.
2387 939 2493 994 Sed
2520 954 2680 995 omne
2699 940 2843 1010 quod
2887 940 3087 995 bonum
3130 948 3235 1004 est,
3264 938 3391 1020 boni
3446 941 3856 1012 participatione

2261 1033 2460 1089 bonum
2483 1049 2605 1091 esse
2633 1035 2910 1102 concedis,
2938 1050 3006 1091 an
3037 1036 3296 1092 minime?
3328 1035 3402 1091 [ta
3432 1045 3519 1092 est
3552 1048 3600 1092 ε.
3633 1040 3859 1109 Oportet
3914 1082 3915 1085 η

2261 1128 2426 1198 igitur
2456 1128 2595 1183 idem
2629 1144 2752 1184 esse
2772 1144 2960 1197 unum,
3008 1139 3169 1200 atque
3198 1129 3398 1184 bonum
3431 1130 3595 1185 simili
3648 1132 3856 1187 ratione

2261 1219 2547 1275 concedas.
2573 1220 2728 1291 237
2758 1218 2782 1251 ⁸
2808 1219 3010 1275 Eadem
3045 1235 3277 1290 namque
3304 1219 3598 1276 substantia
3647 1230 3732 1276 est
3761 1236 3853 1277 eo-

2261 1327 2405 1376 rum,
2435 1326 2664 1381 quorum
2692 1311 3010 1366 naturaliter
3058 1326 3166 1366 non
3213 1320 3297 1366 est
3335 1312 3578 1367 diversus
3604 1313 3851 1373 effectus.

2261 1403 2487 1473 Negare,
2536 1404 2776 1472 inquam,
2827 1417 3057 1474 nequeo.
3112 1402 3133 1434 ⁵
3172 1401 3391 1458 Nostine
3421 1404 3602 1473 igitur,
3656 1404 3851 1473 inquit,

2260 1511 2422 1551 omne
2462 1496 2605 1567 quod
2653 1504 2757 1562 est,
2790 1504 2897 1550 tam
2930 1496 3021 1550 diu
3065 1510 3283 1551 manere
3323 1506 3486 1566 atque
3537 1496 3850 1565 subsistere,

2261 1606 2422 1664 quam
2450 1592 2539 1645 diu
2569 1591 2641 1645 sit
2674 1605 2861 1656 unum;
2893 1589 2990 1644 sed
3034 1589 3256 1643 interire
3285 1596 3443 1659 atque
3468 1589 3693 1643 dissolvi
3718 1590 3852 1658 pari-

2262 1696 2364 1751 ter,
2388 1694 2549 1755 atque
2577 1700 2743 1738 unum
2773 1697 2894 1739 esse
2915 1683 3219 1739 destiterit?
3244 1682 3329 1753 (5)
3375 1682 3617 1749 Quonam
3668 1683 3853 1738 modo?

2262 1779 2335 1834 Ut
2378 1779 2431 1833 in
2479 1776 2822 1843 animalibus,
2850 1775 3041 1845 inquit,
3070 1790 3192 1829 cum
3232 1773 3288 1829 in
3314 1788 3479 1828 unum
3534 1780 3756 1838 Coeunt,
3790 1789 3852 1831 ac

570 1872 821 1939 quoniam
862 1883 889 1921 a
941 1883 1000 1922 se
1049 1866 1278 1921 invicem
1308 1866 1695 1935 discreparent,
1732 1885 1965 1939 cumque
2000 1870 2154 1925 alteri
2186 1859 2237 1923 Β
2262 1880 2581 1944 permanent
2608 1869 2785 1924 anima
2812 1883 3136 1939 corpusque,
3160 1868 3211 1923 id
3234 1867 3434 1922 animal
3456 1877 3697 1923 vocatur.
3722 1868 3853 1925 Cum

569 1962 784 2015 abesset
803 1960 1051 2024 alterum,
1070 1965 1311 2028 plenum,
1328 1960 1739 2031 absolutumque
1756 1963 1948 2017 bonum
1963 1963 2157 2020 afferre

571 2067 676 2107 non
711 2051 902 2121 posse?
932 2060 1043 2105 tum
1082 2063 1259 2105 autem
1282 2066 1467 2105 verum
1494 2053 1610 2121 (l0)
1650 2053 1848 2108 bonum
1873 2054 2007 2119 ﬁeri,
2033 2068 2156 2110 cum

569 2145 620 2199 in
670 2160 827 2198 unam
850 2145 1010 2198 veluti
1043 2143 1293 2206 formam,
1328 2153 1488 2213 atque
1517 2142 1861 2200 efﬁcientiam
1894 2148 2158 2216 colligun-

569 2248 676 2303 tur,
706 2247 762 2292 ut
790 2252 913 2308 quae
942 2236 1270 2293 sufﬁcientia
1298 2247 1404 2303 est,
1426 2238 1613 2292 eadem
1639 2241 1709 2293 sit
1730 2242 1986 2309 putentia,
2006 2258 2160 2299 reve-

568 2332 762 2394 rentia,
786 2331 1027 2397 claritas,
1054 2339 1214 2400 atque
1262 2330 1574 2399 iucunditas
1603 2348 1616 2383 :
1664 2332 1762 2385 nisi
1795 2348 1921 2389 vero
1967 2351 2155 2402 unum,

567 2433 724 2493 atque
770 2422 909 2477 idem
943 2423 1119 2476 omnia
1152 2422 1280 2489 sint,
1313 2421 1445 2476 nihil
1497 2422 1715 2487 habere,
1749 2439 1857 2493 quo
1889 2426 2031 2481 inter
2060 2444 2151 2482 ex-

2264 1980 2393 2020 vero
2436 1964 2552 2019 haec
2596 1964 2775 2017 unitas
2805 1961 3083 2031 utriusque
3130 1963 3471 2031 separatione
3513 1960 3848 2027 dissolvitur,

2264 2057 2507 2121 interire,
2532 2070 2632 2110 nec
2670 2054 2782 2123 jam
2818 2068 2942 2109 esse
2970 2052 3168 2107 animal
3211 2054 3396 2123 liquet.
3429 2052 3606 2122 lpsum
3640 2068 3853 2124 quoque

2264 2163 2463 2218 corpus
2482 2163 2605 2204 cum
2628 2148 2681 2201 in
2708 2162 2813 2201 una
2840 2145 3034 2213 forma,
3061 2146 3429 2201 membrorum
3448 2146 3851 2215 conjunctione,

2265 2248 2563 2315 permanet,
2590 2241 2825 2294 humana
2868 2238 3056 2292 visitur
3084 2238 3314 2307 species.
3357 2240 3428 2293 At
3456 2238 3502 2293 si
3532 2238 3856 2307 distributas,

2266 2344 2664 2406 segregalarque
2717 2330 2834 2403 (10)
2865 2338 3044 2402 partes
3077 2330 3321 2401 corporis
3351 2330 3702 2385 distraxerint
3727 2331 3849 2385 uni-

2262 2440 2451 2495 tatem,
2479 2426 2678 2482 desinit
2703 2438 2826 2480 esse
2845 2423 2989 2493 quod
3010 2422 3203 2478 fuerat.
3236 2424 3420 2493 quue
3450 2424 3611 2480 modo
3634 2439 3848 2495 percur-

1910 2585 1975 2640 IN
1982 2584 2472 2646 TERPRETATIO

565 2736 661 2791 quo
690 2715 868 2791 calum
898 2713 1209 2791 gubernatur
1234 2720 1278 2767 et
1302 2714 1619 2791 viget,‘ca_vet
1640 2713 1821 2791 lapsus.
1842 2716 2154 2788 caliginosos

566 2784 746 2845 mentis
779 2807 797 2842 :
837 2784 1001 2859 qtt'are
1045 2788 1330 2859 quicunque
1390 2784 1571 2859 valebit
1612 2784 2013 2841 animadvertere
2062 2791 2158 2842 hoc

565 2866 757 2927 lumen,
786 2857 872 2915 ille
896 2859 1096 2931 negabit
1124 2858 1298 2911 radios
1326 2857 1447 2911 solis
1478 2869 1603 2910 esse
1630 2872 1782 2926 teque
1799 2874 1976 2927 puros.

2340 2724 2366 2753 ι
2390 2716 2453 2772 Si
2470 2730 2661 2770 mmor
2683 2713 3077 2782 praeteritorum,
3097 2712 3206 2767 licet:
3228 2715 3559 2770 concesseris.

2336 2786 2364 2825 δ
2394 2787 2522 2841 Htec
2544 2787 2617 2839 ita
2642 2793 2808 2839 erunt.

2342 2869 2363 2897 ο
2401 2858 2554 2924 Quod
2580 2855 2769 2910 bonan
2788 2861 2885 2923 est,
2909 2854 2964 2908 id
2979 2854 3199 2910 bonitate
3216 2854 3454 2924 afﬁcitur.

2088 3018 2311 3078 NOTE.

563 3178 630 3231 tis
661 3175 727 3229 ita
760 3172 987 3225 obscura
1016 3173 1118 3229 est,
1151 3166 1210 3216 ut
1238 3163 1304 3216 ab
1326 3161 1425 3214 hac
1463 3160 1575 3213 Lux
1621 3172 1822 3215 aeterna
1856 3160 1995 3215 Deus
2019 3162 2142 3215 los.

562 3250 678 3313 gius
704 3243 923 3303 distare,
953 3239 1195 3302 hancque
1217 3243 1501 3313 prOpterea
1528 3233 1695 3313 vitare
1722 3232 1931 3313 dicatur
1961 3249 1973 3287 :
2003 3242 2147 3311 inde

562 3302 705 3372 Deus
734 3302 917 3374 efficit,
963 3318 1020 3361 ut
1054 3322 1188 3377 quos
1216 3304 1503 3366 illuminat,
1534 3302 1585 3355 hi
1616 3302 1885 3370 ejusmodi
1937 3303 2144 3356 ruinam
2176 3321 2222 3384 ρ

562 3402 722 3511 cui?
752 3391 1157 3518 lineiithuisquis
1197 3447 1379 3516 poterit
1401 3456 1575 3497 notare
1619 3426 1831 3515 lucem.]
1873 3443 2034 3498 Deum
2059 3444 2149 3513 qui

564 3541 646 3584 est
677 3538 943 3581 summum
972 3520 1191 3573 bonum.

637 3582 724 3653 18.
759 3592 1016 3649 Candidas
1054 3587 1234 3642 Plitebi
1265 3586 1441 3640 radios
1467 3582 1715 3655 negabit.]
1739 3585 1974 3649 Candor,
1998 3585 2149 3640 color

563 3678 646 3726 est
688 3668 925 3721 omnium
975 3662 1077 3715 luci
1105 3658 1410 3713 simillimus
1440 3672 1455 3710 :
1494 3656 1616 3709 hinc
1642 3656 1756 3710 sive
1781 3672 2004 3723 corpora
2035 3660 2148 3713 sive

563 3750 773 3797 mentes
794 3752 859 3791 eo
889 3732 1077 3802 majori
1109 3729 1339 3784 candore
1368 3726 1507 3802 affici
1529 3728 1935 3802 dicuntur,quo
1954 3729 2145 3802 majori

562 3810 952 3882 perfunduntur
975 3799 1096 3882 luce
1119 3818 1134 3855 :
1159 3799 1509 3882 sioutnstella,
1534 3799 1775 3882 scriptio,
1806 3801 1917 3882 ipsa
1949 3801 2150 3881 cogita-

563 3870 635 3939 ἱίο
656 3926 670 3948 ,
705 3880 958 3942 Horatio,
992 3871 1275 3948 Ciceroni,
1301 3870 1492 3948 qudio
1538 3870 1730 3948 dicitur
1769 3871 1927 3924 modo
1955 3872 2144 3939 magis,

562 3941 722 4009 modo
748 3952 922 4005 minus
945 3944 1193 4000 candida.
1221 3941 1376 3995 Radii
1408 3952 1585 3994 autem
1613 3941 1838 4007 solares,
1861 3951 2148 4009 quantum-

562 4029 639 4081 vis
669 4023 830 4079 lucidi
850 4019 1152 4079 videantur,
1182 4023 1387 4067 tantum
1426 4012 1772 4065 nihilominus
1804 4027 1909 4066 non
1943 4012 2143 4078 lucent,

562 4106 818 4165 quantum
872 4092 1032 4155 Deus,
1070 4087 1197 4156 qui,
1224 4084 1242 4117 ’
1277 4085 1342 4138 ’σά
1387 4082 1527 4137 Tim.
1558 4098 1631 4146 vi,
1679 4084 1843 4135 lucem
1894 4082 2148 4137 inhabitat

562 4165 982 4234 inaccessibilem.
1194 4228 1241 4234 __
1311 4227 1322 4234 .
1382 4224 1403 4234 _
1454 4224 1491 4234 _‘
1727 4224 1740 4234 _
1839 4222 1873 4234 __

638 4242 653 4271 ι
685 4238 885 4291 Bonum
922 4233 1089 4299 ipsum
1119 4228 1241 4297 quid
1277 4224 1404 4298 sit.]
1454 4224 1658 4299 Bonum
1697 4222 2052 4299 simpliciter,_
2077 4223 2147 4280 de

559 4325 664 4381 quo
697 4320 837 4363 nunc
881 4294 1084 4381 agitur,
1120 4294 1203 4352 est
1232 4294 1499 4381 summum
1535 4313 1547 4348 :
1588 4295 1641 4349 id
1677 4294 1903 4350 sufficiat
1945 4294 2151 4351 dixisse

558 4372 721 4437 semel
750 4392 845 4448 pro
867 4385 978 4448 tcto
1002 4372 1323 4448 islo‘cgpite.

631 4455 652 4484 ³
684 4436 1131 4514 N5nstravimus.]
1157 4436 1316 4514 Prosa
1348 4439 1380 4494 9
1411 4438 1568 4514 hujus
1602 4436 1748 4514 libri.

629 4523 649 4555 θ
679 4520 827 4576 Bona
856 4532 955 4570 non
979 4530 1085 4569 esse
1112 4506 1356 4583 quoniam
1379 4527 1411 4561 a
1439 4526 1490 4563 se
1519 4509 1731 4583 invicem
1753 4506 2145 4583 discreparent.)

556 4594 595 4652 l.
633 4589 979 4657 Pliil0$0phia
1020 4578 1291 4653 proponit,
1342 4583 1535 4657 bonum
1566 4578 1705 4647 (quo
1733 4582 1958 4657 nurnine
1989 4578 2145 4657 intelé

2251 3160 2397 3213 clare
2424 3165 2817 3228 prononuntur,
2849 3166 2907 3209 ut
2928 3155 3283 3228 explicatione
3312 3163 3524 3228 nostra
3555 3169 3659 3210 non
3699 3158 3839 3214 indi.

2255 3226 2438 3298 geantl
2469 3229 2659 3282 Moneo
2720 3228 2892 3280 solum
2940 3226 3214 3295 “duplicem
3269 3227 3358 3283 hic
3406 3226 3839 3294 distinguendum

2253 3316 2374 3355 esse
2385 3298 3069 3369 appetitum;voluntarium
3082 3314 3267 3364 unum,
3281 3299 3503 3352 alterum
3518 3302 3837 3358 naturalem.

2326 3372 2608 3441 Appetitus
2636 3369 2971 3441 voluntarius
2998 3378 3081 3423 est
3108 3370 3220 3438 ipsa
3250 3370 3443 3424 mentis
3464 3374 3842 3441 cognoscentis

2254 3443 2526 3507 voluntas,
2578 3440 2732 3513 cujus
2783 3440 2855 3513 ita
2911 3452 3095 3494 sumus
3146 3441 3392 3507 conscii,
3443 3440 3669 3513 docente
3718 3443 3840 3513 ipso

2228 3523 2450 3567 nostra:
2502 3512 2699 3567 mentis
2744 3510 3142 3579 voluntatisque
3186 3520 3425 3575 auctore,
3468 3510 3755 3578 majorem'
3781 3525 3843 3570 ut

2252 3584 2409 3652 hujus
2439 3582 2844 3654 intelligentiam
2894 3596 2923 3633 a
2957 3583 3103 3654 nullo
3127 3582 3342 3637 homine
3369 3583 3617 3649 accipere
3661 3587 3837 3654 possi-

2250 3671 2389 3709 mus.
2444 3654 2599 3708 Talis
2646 3661 2729 3708 est
2785 3652 2876 3706 ille
2927 3653 3225 3720 appetitus,
3272 3668 3377 3721 quo
3425 3652 3676 3709 volumus
3718 3672 3841 3714 esse

2252 3726 2393 3781 beati
2428 3744 2441 3778 :
2476 3725 2599 3779 talis
2619 3735 2699 3778 est
2728 3723 2828 3777 iste
2856 3725 3140 3792 appetitus,
3158 3741 3278 3793 quo,
3302 3725 3478 3793 inquit
3498 3740 3639 3780 nunc
3658 3726 3840 3782 Philo-

2249 3799 2459 3864 sophia,
2483 3812 2619 3865 stupe
2671 3804 2886 3848 mortem
2923 3795 3214 3866 cogentibus
3243 3797 3411 3853 causis
3454 3812 3607 3865 quam
3648 3808 3836 3853 natura

2247 3869 2570 3938 reformidat,
2604 3882 2744 3919 mens
2792 3866 3016 3938 humano
3061 3868 3417 3938 amplectitur;
3461 3877 3549 3919 aut
3596 3869 3835 3938 gignendi

2249 3936 2376 4007 opus
2436 3938 2692 3992 interdum
2722 3944 2934 3989 coercet.
2984 3936 3089 3991 Sed
3118 3937 3192 3990 ait
3225 3936 3676 4006 Philosophia,‘se
3699 3957 3833 3995 nunc

2250 4026 2351 4063 non
2381 4011 2443 4064 de
2459 4008 2539 4062 his
2564 4007 2865 4063 voluntariis
2890 4007 3075 4061 anima:
3103 4009 3446 4078 cognoscentis
3478 4010 3698 4064 motibus
3724 4021 3832 4066 tra-

2248 4090 2407 4134 ctare.

2322 4152 2605 4221 Appetitus
2630 4157 2809 4204 autem
2837 4148 3115 4221 naturalis,
3148 4159 3229 4203 est
3251 4150 3532 4205 instinctus
3572 4153 3651 4207 rei
3670 4153 3837 4210 etiam

2250 4219 2434 4278 inscite
2463 4222 2527 4276 ad
2553 4221 2721 4291 ipsius
2746 4219 3207 4292 conservationem
3238 4221 3492 4277 divinitus
3517 4223 3832 4292 impressus.

2248 4293 2488 4348 Prin‘tum
2517 4284 2732 4363 quidem
2756 4290 2843 4345 hic
2872 4290 3142 4363 appetitus
3172 4291 3366 4346 dicitur
3398 4284 3678 4349 instinctus
3710 4314 3722 4347 :
3751 4284 3838 4353 esi

2247 4365 2390 4418 enim
2432 4361 2719 4431 impulsio;
2777 4373 2831 4415 et
2878 4361 3130 4430 quaelibet
3162 4362 3417 4432 impulsio
3448 4376 3592 4419 recte
3637 4367 3834 4423 dicitur

2248 4436 2571 4493 instincms;
2607 4448 2725 4487 cum
2755 4432 3041 4506 instinctus
3059 4433 3269 4506 dicatur
3296 4435 3361 4488 ab
3387 4435 3701 4506 iastigando,
3732 4440 3834 4493 hoc

2248 4507 2315 4559 ab
2338 4506 2600 4568 instando;
2627 4504 2768 4574 quod
2800 4504 2888 4572 qui
2921 4504 3154 4573 instigat,
3203 4504 3291 4559 ltic
3342 4504 3603 4561 instat'et
3656 4517 3831 4576 urget.

2250 4578 2454 4632 Deinde
2485 4578 2625 4630 idem
2653 4575 2922 4648 appetitus
2949 4575 3123 4648 estrei
3150 4579 3310 4648 etiam
3342 4577 3522 4631 illSCiiB
3550 4596 3565 4631 :
3596 4581 3833 4648 quando-

558 4645 985 4735 ﬁgi—insomnium)
1016 4645 1330 4735 esseunum
1358 4655 1459 4706 hoc
1489 4645 1601 4731 fere
1618 4645 1805 4731 modo.
1838 4648 2141 4735 Cum_inter
2169 4660 2221 4721 ῃ
2246 4647 2463 4735 quidem
2501 4650 2552 4701 in
2598 4645 2913 4735 corporibus
2966 4646 3409 4735 inanimatisz‘in‘
3435 4645 3628 4735 quibus
3685 4651 3831 4709 nulla

555 4720 717 4791 unum
775 4743 828 4788 et
857 4720 1021 4785 multa
1054 4727 1255 4779 nullum
1304 4726 1600 4791 excogitari
1651 4725 1819 4789 possit
1870 4720 2164 4787 medium,-

556 4822 777 4862 necesse
798 4812 879 4857 est
907 4809 965 4854 ut
1013 4810 1280 4851 summum
1312 4797 1506 4848 bonum
1535 4794 1603 4846 sit
1644 4808 1805 4845 unum
1831 4802 1921 4844 aut
1948 4792 2129 4845 multi-

450 4854 473 4939 τέ
556 4854 890 4947 ᾟιξῐῖιί
920 4882 1189 4925 summum
1220 4866 1418 4947 bonum
1471 4880 1574 4917 non
1605 4873 1779 4947 potest
1802 4876 1924 4916 esse
1953 4862 2133 4916 multi-

558 4931 723 5017 plex“:
754 4931 952 4998 idcirco
978 4941 1122 5017 enim
1154 4938 1437 5017 probatum
1481 4945 1564 5017 est
1620 4931 1851 5017 divitias,
1897 4943 2134 5015 potests:

556 5004 660 5073 ἰείη
691 5027 744 5072 et
769 5025 959 5069 cratera
993 5004 1256 5079 ejusmodi
1288 5018 1393 5061 non
1427 5006 1621 5059 habere
1654 5005 1914 5059 rationem
1935 5004 2133 5058 summi

554 5090 698 5149 b0ni,
728 5089 848 5155 quia
875 5092 999 5155 Sunt
1030 5079 1218 5155 multa.
1768 5144 1800 5155 η

622 5160 647 5191 ⁸
675 5144 873 5212 Eadem
908 5150 1195 5207 substantia
1232 5156 1305 5202 est
1330 5161 1546 5216 quorum
1575 5144 1876 5200 naturaliter
1928 5160 2030 5216 non
2058 5150 2131 5198 est

553 5233 780 5285 diversus
826 5220 1089 5292 θῆκαι]
1120 5220 1233 5274 Non
1279 5218 1578 5287 judicamus
1619 5219 1687 5271 de
1715 5229 1874 5292 causa
1903 5215 2003 5292 nisi
2035 5229 2130 5281 per

552 5304 789 5373 ejusdem
821 5286 1089 5373 eliectns‘i
1122 5292 1261 5346 unde
1284 5286 1512 5373 quorum
1536 5290 1653 5373 non
1669 5288 1926 5373 lvidemus
1955 5286 2131 5373 diver-

551 5357 643 5430 sos
665 5374 909 5432 effectus,
943 5365 1147 5419 nullum
1179 5357 1550 5430 argumentum
1601 5357 1880 5422 habemus,
1906 5372 2011 5426 quo
2038 5357 2128 5425 juo

551 5448 789 5500 dicemus
820 5442 935 5494 haec
960 5450 1079 5490 esse
1107 5449 1191 5487 res
1220 5435 1479 5486 diversas.

625 5496 888 5570 {Nostine
918 5510 1100 5579 igitur,
1139 5519 1284 5557 omne
1329 5501 1464 5572 quod
1496 5499 1622 5579 es_t.]
1664 5499 1727 5554 ll.
1785 5496 2126 5579 Philosophia

552 5591 818 5657 preponit,
837 5569 1039 5657 omnia,
1067 5589 1165 5630 suo
1188 5569 1621 5657 qumque-modo,
1642 5585 1907 5657 sumtnum
1930 5569 2130 5657 bonum

552 5641 824 5728 imitere;
850 5655 945 5728 εἰς·
976 5641 1111 5728 βάξιη
1140 5641 1302 5728 "ne!"
1330 5654 1385 5698 ει
1424 5644 1620 5728 1’0"!!!“
1647 5643 1970 5728 ﬁnitam
1998 5641 2129 5728 52?:

551 5714 741 5783 st'a'mia
761 5772 773 5793 ,
804 5714 1059 5795 quidquid
1087 5716 1288 5795 appetit
1317 5730 1501 5795 unum,
1533 5714 1663 5793 illud
1702 5715 1875 5795 etiam;
1910 5718 2129 5779 appetat

554 5785 771 5851 bonum,
806 5785 1025 5849 necesse
1055 5785 1168 5843 est.
1189 5787 1347 5855 Atqui
1402 5785 1580 5855 omnia
1629 5792 1883 5855 appetunt
1913 5798 2073 5855 unum
2108 5798 2121 5833 :

553 5868 812 5937 siquidem
842 5869 1099 5932 appetunt
1128 5852 1357 5937 essm—ut
1385 5854 1567 5933 videre
1592 5857 1749 5937 est‘in
1779 5852 2123 5937 animalibus,

550 5923 850 5999 in'ulantis.
877 5923 932 5987 in
954 5928 1267 5994 corporibus
1298 5925 1620 5979 iuanimatis.
1651 5925 1778 5989 Quae
1802 5923 1981 5979 omnia
2013 5932 2123 5978 tam

2245 4715 2422 4787 pmest
2448 4734 2566 4773 esse
2592 4718 2849 4790 cognitio,
2872 4715 3046 4770 locum
3073 4718 3249 4772 habet.
3276 4715 3536 4773 Prteterea
3560 4720 3645 4773 hic
3666 4736 3831 4790 appe-

2242 4793 2367 4844 titus
2379 4789 2940 4855 divinitusimpressus
2952 4797 3034 4841 est
3049 4804 3064 4843 :
3080 4804 3182 4841 non
3199 4803 3355 4843 secus
3382 4805 3445 4844 ac
3466 4789 3826 4848 voluntarius:

2245 4860 2383 4914 Deus
2407 4866 2550 4915 enim
2595 4870 2773 4913 movet
2798 4860 2995 4912 omnia.
3026 4857 3261 4928 Denique
3291 4861 3429 4914 idem
3461 4864 3727 4929 appetitus
3749 4872 3829 4920 est

2240 4931 2308 4985 ad
2357 4933 2435 4986 rei
2480 4929 2942 4986 conservationem
2969 4947 2983 4982 :
3017 4929 3171 4983 Dedit
3201 4930 3336 4984 enim
3362 4932 3533 4985 divina
3564 4934 3829 5001 pret-idea.

2243 5004 2336 5068 tia,
2368 5012 2432 5058 ut
2454 5002 2540 5057 hic
2568 5002 2792 5065 dicitur,
2825 5001 3010 5053 creatis
3039 5017 3070 5052 a
3094 5017 3146 5055 se
3187 5003 3337 5055 rebus
3376 5005 3508 5055 lianc
3534 5002 3611 5055 vel
3657 5006 3827 5058 maxi-

2242 5090 2376 5126 mam
2409 5074 2651 5126 manendi
2678 5087 2888 5143 causam
2911 5110 2924 5133 ,
2953 5080 3009 5124 ut
3028 5074 3196 5143 quoad
3239 5081 3469 5143 possunt,
3523 5076 3828 5139 naturaliter

2240 5160 2445 5197 manere
2467 5144 2778 5197 desiderent.
2828 5142 2939 5196 lloc
2965 5142 3226 5211 appetitu,
3261 5154 3315 5197 ut
3352 5142 3572 5213 quodam
3624 5156 3827 5200 natura:

2236 5215 2491 5285 principio
2518 5214 2765 5286 animalia
2792 5227 2995 5266 manere
3014 5223 3209 5286 amant.
3263 5213 3460 5286 Eodem
3491 5230 3688 5284 semper
3725 5232 3822 5286 ap-

2234 5284 2411 5354 petunt
2433 5285 2671 5355 gignendi
2690 5300 2843 5349 Opus,
2876 5300 2974 5348 quo
2991 5284 3101 5337 solo
3128 5285 3423 5339 mortalium
3454 5301 3625 5338 rerum
3668 5284 3823 5343 durat

2235 5354 2567 5429 diuturnitas.
2597 5354 2715 5429 Hoc
2740 5355 2978 5429 appetitu
3025 5365 3259 5429 acceptas
3310 5372 3453 5429 escas
3480 5356 3593 5410 sine
3628 5360 3823 5429 cegita-f

2234 5427 2371 5479 tione
2393 5427 2762 5498 transigi_mus._
2782 5425 3009 5494 Eodem,
3030 5428 3082 5481 in
3105 5441 3283 5480 somno
3320 5428 3558 5498 spiritum
3586 5425 3821 5485 ducimus

2234 5498 2533 5552 nescientes.
2596 5496 2963 5571 Hocﬂdenique
3003 5498 3243 5568 appetitu
3287 5496 3474 5553 cuncta
3520 5514 3635 5571 quat
3676 5509 3818 5571 sunt,

2234 5576 2477 5636 appetunt
2502 5567 2805 5622 naturaliter
2820 5572 3157 5621 constantiam
3206 5567 3558 5638 permanendi,
3596 5567 3821 5624 devitant

2233 5640 2527 5710 perniciem.
2580 5638 2668 5694 Sic
2698 5638 2750 5691 in
2800 5653 2923 5704 ove,
2956 5640 3073 5694 viso
3108 5641 3255 5706 lupo,
3285 5640 3506 5709 spiritus
3534 5655 3565 5694 a
3593 5642 3819 5710 cerebro

2234 5708 2327 5777 per
2350 5726 2541 5765 nervos
2572 5710 2743 5781 ﬂuere
2777 5710 2918 5764 soliti
2950 5712 3015 5765 ad
3059 5725 3150 5766 eas
3179 5710 3449 5765 declinant
3488 5712 3604 5769 ovis
3634 5708 3827 5781 partes»

2230 5797 2349 5849 qua:
2378 5781 2444 5835 ad
2486 5782 2662 5850 fugant
2716 5780 3056 5836 destinantur
3089 5800 3103 5835 :
3144 5780 3197 5836 in
3244 5782 3468 5838 formica
3517 5780 3665 5849 vero,
3697 5782 3837 5839 viso.

2230 5852 2516 5919 frumento,
2535 5854 2695 5907 iidem
2722 5851 2941 5919 spiritus
2972 5852 3323 5908 deturbantur
3343 5854 3409 5908 ad
3446 5868 3539 5909 eas
3569 5854 3810 5923 formica

2230 5935 2429 5992 partes,
2452 5940 2569 5996 quae
2592 5925 2656 5979 ad
2686 5924 2996 5992 capiendam
3012 5925 3287 5996 dispositae
3315 5933 3463 5981 sunt.
