4276 6260
341 312 448 381 775

1239 314 1326 370 DE
1364 305 1879 371 CONSOLATIONE
1917 303 2395 366 PHILOSOPHIE
2432 307 2561 364 LIB.
2605 307 2691 361 Ill.

3507 302 3610 354 774

342 437 481 495 renti
508 442 704 491 caetera
731 432 916 504 procul
966 429 1130 486 dubio
1151 429 1356 500 patebit
1406 427 1700 482 subsistere
1730 437 1922 477 unum-
1946 426 2003 486 Α
2025 424 2410 492 dissolvantur,
2431 423 2706 479 resistunt.
2758 422 2888 489 Quae
2932 431 3063 476 vero
3090 417 3345 488 liquentia
3368 415 3528 488 239
3553 423 3614 471 ut

343 527 753 600 quodque,dutn
787 539 948 579 unum
967 531 1049 578 est
1082 539 1095 574 :
1125 536 1245 575 cum
1272 534 1404 574 vero
1423 533 1590 573 unum
1620 531 1741 572 esse
1781 515 1928 569 desi-

344 620 453 683 nit,
507 617 759 672 interire.
820 612 1232 673 Consideranti,
1284 610 1503 679 inquam
1562 606 1690 661 mihi
1744 606 1934 674 pl'ura,

345 713 566 766 minime
598 709 742 765 aliud
775 707 1008 762 videtur.
1061 704 1232 759 Estne
1259 703 1441 772 igitur,
1467 699 1662 770 inquit,
1707 697 1849 766 quod
1881 697 1935 749 in

345 811 602 872 quantum
635 798 952 853 naturaliter
977 804 1100 866 agat
1126 803 1175 857 ιι,
1207 794 1393 848 relicta
1415 789 1744 847 subsistendi
1770 801 1936 856 appe-

348 894 538 956 tentia,
593 891 707 962 (l5)
739 890 925 943 venire
965 889 1031 941 ad
1085 886 1380 948 interitum,
1427 883 1938 951 corruptionemque

349 982 665 1038 desideret?
695 980 753 1035 Si
781 978 1065 1042 animalia,
1119 979 1336 1044 inquam
1358 1015 1374 1040 ,
1406 974 1742 1029 considerem
1763 1013 1778 1036 ,
1818 985 1939 1040 quae

351 1078 552 1131 habent
582 1073 814 1142 aliquam
871 1070 1083 1124 volendi
1125 1068 1450 1136 nolendique
1499 1074 1770 1130 naturam,
1802 1062 1938 1116 nihil

351 1168 588 1230 invenio,
614 1164 753 1234 quod
780 1163 832 1227 δ,
859 1163 1020 1216 nullis
1037 1172 1189 1216 extra
1213 1159 1550 1230 cogentibus,
1582 1158 1802 1227 abjiciat
1825 1171 1940 1210 ma-

353 1259 513 1313 nendi
561 1257 936 1318 intentionem,
967 1262 1022 1308 et
1056 1255 1122 1306 ad
1163 1251 1439 1307 interitum
1469 1260 1660 1319 sponte
1697 1248 1939 1303 festinet.

352 1351 523 1405 Omne
564 1363 794 1417 namque
821 1345 1018 1398 animal
1068 1344 1202 1398 tueri
1249 1343 1475 1397 salutem
1508 1342 1715 1395 laborat
1752 1357 1765 1392 :
1799 1354 1943 1392 mor-

355 1453 460 1498 tem
491 1458 619 1497 vero
651 1439 1054 1510 perniciemque
1099 1437 1321 1492 devitat.
1366 1437 1474 1492 Sed
1515 1437 1676 1506 238
1720 1435 1846 1504 quid
1877 1433 1947 1488 de

355 1536 572 1600 herbis,
615 1533 1040 1600 arboribusque,
1083 1530 1212 1598 quid
1257 1529 1326 1583 de
1373 1530 1680 1583 inanimatis
1723 1528 1946 1581 omnino

354 1626 687 1682 consentiam
712 1625 892 1688 rebus,
911 1636 1131 1690 prorsus
1153 1621 1361 1675 dubito.
1380 1621 1538 1690 Atqui
1564 1634 1670 1673 non
1698 1629 1780 1672 est
1804 1618 1948 1687 quod

357 1721 424 1775 de
451 1722 550 1774 hoc
581 1719 754 1788 possis
789 1727 810 1754 ο
838 1715 1128 1784 ambigere,
1165 1730 1286 1768 cum
1315 1714 1508 1769 herbas
1541 1724 1700 1783 atque
1723 1709 1948 1766 arbores

2035 535 2130 574 aer
2149 529 2307 589 atque
2336 533 2494 588 aqua,
2527 517 2685 572 facile
2733 515 2946 586 quidem
2990 510 3354 567 dividentibus
3397 509 3614 572 cedunt,

2035 611 2132 667 sed
2159 612 2267 666 cito
2287 612 2342 664 in
2369 625 2435 665 ea
2463 624 2649 664 rursus
2678 623 2709 663 a
2738 609 2932 678 quibus
2961 614 3086 661 sunt
3132 604 3338 660 abcissa
3367 601 3621 657 relabun-

2039 713 2148 758 tur.
2206 704 2344 774 lgnis
2398 719 2527 758 vero
2581 717 2792 758 omnem
2840 701 3036 770 refugit
3075 699 3389 755 sectionem.
3438 697 3622 760 Neque

2040 811 2182 851 nunc
2204 811 2303 851 nos
2333 795 2400 852 de
2430 795 2741 850 voluntariis
2767 795 2957 848 animae
2973 793 3341 864 cognoscentis
3368 789 3618 852 motibus,

2042 887 2138 941 sed
2169 887 2236 942 de
2266 887 2496 941 naturali
2524 886 2819 941 intentione
2839 893 3147 939 tractamus.
3165 883 3329 939 Sicuti
3352 891 3455 947 est,
3479 879 3625 949 quod

2043 990 2296 1050 exceptas
2325 979 2407 1052 (5)
2436 995 2589 1036 escas
2609 981 2728 1035 sine
2747 979 3071 1050 cogitatione
3095 978 3458 1047 transigimus,
3483 972 3626 1043 quod

2045 1074 2098 1128 in
2121 1087 2311 1128 somno
2343 1083 2366 1111 ε
2389 1074 2636 1140 Spiritum
2673 1072 2917 1127 ducimus
2945 1071 3265 1126 nescientes.
3299 1069 3427 1123 Nam
3477 1083 3543 1122 ne
3572 1067 3628 1124 in

2047 1165 2366 1220 animalibus
2397 1167 2610 1234 quidem
2641 1164 2892 1218 manendi
2943 1179 3096 1216 amor
3131 1177 3195 1215 ex
3224 1162 3415 1215 animae
3440 1159 3629 1212 volun»-

2048 1260 2265 1322 tatibus,
2299 1275 2485 1312 verum
2500 1273 2566 1312 ex
2596 1267 2805 1312 natura:
2827 1255 3098 1326 principiis
3127 1254 3291 1307 venit.
3323 1251 3455 1306 Nam
3485 1264 3630 1320 saepe

2050 1358 2276 1406 mortem
2309 1349 2625 1418 cogentibus
2656 1348 2858 1410 causis,
2887 1363 3044 1416 quam
3076 1355 3262 1400 natura
3291 1342 3625 1410 reformidat,

2050 1444 2297 1498 voluntas
2328 1442 2708 1511 amplectitur:
2735 1450 3028 1509 contraque
3059 1437 3184 1492 illud
3210 1452 3315 1507 quo
3343 1437 3461 1490 solo
3488 1449 3631 1488 inor-

2052 1537 2238 1590 talium
2269 1551 2447 1590 rerum
2479 1535 2638 1588 durat
2662 1534 3009 1598 diuturnitas,
3055 1530 3169 1602 (10)
3197 1530 3444 1602 gignendi
3474 1543 3627 1598 opus,

2052 1627 2190 1695 quod
2222 1634 2410 1680 natura
2442 1640 2652 1694 semper
2678 1623 3185 1693 appetit,interdum
3210 1631 3420 1676 coercet
3446 1621 3630 1673 volun-

2054 1729 2153 1774 tas.
2186 1719 2336 1774 Adeo
2363 1719 2477 1772 haec
2505 1719 2587 1772 sui
2616 1716 2636 1754 ί
2667 1718 2864 1772 caritas
2892 1731 2996 1770 non
3023 1731 3088 1770 ex
3118 1715 3332 1768 animali
3377 1716 3630 1780 motione,

358 1812 638 1875 intuearis,
672 1811 902 1879 primum
935 1808 1033 1862 sibi
1061 1807 1508 1862 convenientibus
1538 1805 1739 1860 innasci
1786 1805 1943 1872 locis,
1973 1808 2026 1870 Β

1942 1855 1943 1858 η
1973 1808 2026 1870 Β
2050 1813 2145 1869 sed
2173 1828 2242 1867 ex
2277 1811 2506 1866 naturali
2533 1810 2829 1864 intentione
2862 1808 3124 1877 procedit.
3158 1807 3312 1861 Dedit
3338 1807 3479 1860 enim
3511 1806 3631 1860 Pro-

362 1912 451 1966 Ibi
477 1918 736 1980 quantum
772 1921 958 1960 earum
996 1914 1182 1957 natura
1211 1911 1404 1972 queat,
1455 1903 1563 1955 cito
1605 1914 1943 1964 exarescere,

356 2012 520 2070 atque
549 2002 629 2071 (5)
653 2000 874 2052 interire
889 2011 995 2050 non
1018 1995 1239 2064 possint.
1264 1993 1396 2046 Nam
1420 1993 1537 2046 aliae
1568 1991 1781 2061 quidem
1797 2005 1946 2044 cam-

362 2092 596 2163 pis,alim
614 2089 882 2144 montibus
897 2090 1166 2148 oriuntur,
1196 2086 1328 2139 alias
1353 2084 1532 2138 ferunt
1562 2083 1804 2153 paludes,
1830 2082 1949 2137 alia:

365 2184 512 2237 saxis
539 2183 766 2243 haerent,
813 2178 1038 2231 aliarum
1075 2175 1317 2229 fecunda:
1348 2183 1472 2228 sunt
1502 2174 1716 2228 steriles
1745 2188 1946 2240 arente,

362 2289 496 2344 quas
541 2274 585 2326 si
623 2273 674 2326 in
725 2272 828 2324 alia
878 2270 1144 2338 quispiam
1191 2268 1306 2320 loca
1353 2266 1649 2319 transferre
1702 2273 1949 2330 conetur,

367 2375 633 2420 arescant.
665 2363 773 2418 Sed
806 2363 895 2414 dat
923 2362 1114 2430 cuique
1159 2369 1345 2413 natura
1378 2359 1521 2428 quod
1575 2358 1841 2420 convenit,
1874 2368 1950 2425 et,

366 2476 457 2526 ne,
480 2461 606 2514 dum
639 2471 858 2511 manere
914 2463 1160 2524 possunt,
1195 2454 1484 2518 intereant,
1521 2452 1782 2506 elaborat.
1815 2449 1956 2516 Quid

366 2553 564 2611 dicam.
594 2547 736 2618 quod
762 2561 972 2610 omnes,
995 2546 1137 2599 velut
1161 2545 1212 2598 in
1245 2555 1417 2599 terras
1435 2559 1529 2598 ore
1547 2544 1659 2612 (10)
1683 2543 1954 2608 demerso,

368 2645 853 2700 trahuntalimenta
884 2640 1174 2706 radicibus,
1204 2655 1266 2693 ac
1309 2655 1403 2708 per
1458 2640 1721 2693 medullas
1769 2639 1954 2703 robur,

368 2739 730 2806 corticemquc
779 2734 1120 2788 dilfundunt?
1169 2734 1342 2800 Quid,
1390 2735 1532 2804 quod
1577 2735 1959 2788 mollissimum

371 2831 641 2900 quodque,
665 2829 823 2882 sicuti
871 2828 1100 2881 medulla
1127 2838 1240 2892 est,
1273 2829 1532 2882 interiore
1563 2844 1779 2896 semper
1832 2827 1962 2883 sede

374 2920 716 2984 reconditur,
742 2929 892 2974 extra
925 2933 1052 2973 vero
1101 2919 1329 2986 quadam
1382 2919 1505 2987 ligni
1541 2919 1795 2972 firmitate
1835 2921 1964 2987 tegi-

375 3024 496 3068 tur:
528 3012 745 3066 ultimus
793 3020 970 3065 autem
1003 3023 1190 3064 cortex
1222 3011 1504 3064 adversum
1536 3012 1660 3067 caeli
1702 3014 1967 3080 intempe-

379 3105 536 3169 riem,
569 3104 720 3172 quasi
762 3103 784 3137 ά
811 3103 936 3156 mali
975 3103 1187 3172 patiens
1216 3102 1468 3156 defensor
1495 3105 1819 3171 opponitur?
1850 3104 1967 3158 Jam

2052 1905 2286 1960 videntia
2321 1905 2517 1957 creatis
2547 1917 2578 1957 a
2607 1917 2666 1957 se
2697 1901 2859 1956 rebus
2891 1902 3028 1955 hanc
3059 1901 3145 1955 vel
3188 1901 3472 1954 maximam
3523 1913 3636 1953 ma-

2054 1994 2216 2051 nendi
2240 2009 2479 2058 causam,
2512 2002 2570 2047 ut
2597 1991 2773 2063 quoad
2803 2002 3046 2062 possunt,
3075 1991 3388 2046 naturaliter
3419 2006 3635 2047 manere

2055 2093 2364 2146 desiderent
2406 2105 2617 2160 :quare
2664 2089 2792 2143 nihil
2827 2097 2909 2144 est
2939 2088 3079 2159 quod
3121 2089 3229 2142 ullo
3272 2087 3430 2141 modo
3471 2091 3637 2157 queas

2055 2184 2320 2251 dubitare,
2353 2195 2565 2249 cuncta,
2597 2181 2713 2253 (l5)
2744 2197 2863 2250 quae
2910 2189 3061 2247 sunt,
3105 2188 3356 2251 appetere
3383 2179 3637 2235 naturali-

2060 2291 2142 2335 ter
2191 2280 2545 2334 constantiam
2601 2275 2986 2342 permanendi,
3030 2274 3268 2329 devitare
3322 2273 3636 2343 perniciem.

2063 2370 2357 2433 Confiteor,
2398 2369 2612 2438 inquam
2643 2376 2689 2433 ι,
2725 2381 2862 2421 nunc
2910 2381 2996 2421 me
3055 2366 3350 2420 indubitata
3394 2379 3641 2433 cernere,

2061 2478 2178 2533 quze
2203 2461 2407 2516 dudum
2437 2459 2641 2514 incerta
2664 2458 3005 2513 videbantur.
3037 2457 3189 2525 Quod
3213 2466 3420 2522 autem,
3449 2455 3641 2527 inquit,

2063 2552 2358 2610 subsistere
2383 2569 2444 2609 ac
2477 2565 2792 2621 permanere
2814 2552 3044 2620 appetit,
3078 2548 3129 2603 id
3158 2565 3322 2604 unum
3347 2563 3472 2604 esse
3501 2548 3644 2602 desi—

2064 2649 2237 2713 derat,
2263 2648 2363 2702 hoc
2393 2648 2539 2701 enim
2585 2646 2815 2712 sublato,
2849 2660 2917 2699 ne
2965 2658 3084 2698 esse
3136 2643 3348 2710 quidem
3398 2642 3647 2710 cuiquam

2067 2741 2422 2812 permanebit.
2478 2739 2675 2794 Verum
2708 2747 2808 2802 est,
2841 2738 3075 2806 inquam.
3109 2733 3296 2788 Omnia
3353 2734 3533 2800 igitur,
3564 2731 3649 2787 in-

2069 2838 2202 2906 quit,
2247 2835 2360 2904 (ρο)
2398 2848 2560 2887 unum
2620 2831 2952 2887 desiderant.
2999 2827 3280 2882 Consensi.
3331 2826 3436 2881 Sed
3488 2839 3648 2881 unum

2070 2927 2300 2995 idipsum
2323 2925 2737 2978 monstravimus
2766 2936 2906 2986 esse,
2925 2921 3064 2989 quod
3092 2920 3288 2972 bonum
3315 2926 3416 2972 est.
3444 2913 3516 2969 lta
3537 2917 3649 2985 qui~

2071 3019 2214 3071 dem.
2248 3018 2450 3071 Cuncta
2495 3015 2658 3085 igitur
2682 3015 2880 3068 bonum
2910 3019 3096 3081 petunt
3126 3026 3142 3064 :
3173 3009 3312 3080 quod
3338 3008 3549 3079 quidem
3580 3008 3652 3066 ita

2074 3110 2349 3165 describas
2381 3111 2528 3175 licet,
2561 3110 2734 3177 ipsum
2793 3108 2987 3161 bonum
3019 3121 3158 3168 esse,
3191 3104 3331 3174 quod
3380 3102 3653 3158 desidere-

381 3212 513 3251 vero
549 3204 744 3265 quanta
766 3204 849 3249 est
878 3206 1080 3248 natura:
1109 3196 1404 3263 diligentia,
1429 3195 1545 3264 (l5)
1574 3207 1627 3249 ut
1657 3207 1845 3250 cuncta
1877 3213 1961 3252 se-
1993 3187 2040 3252 C
2075 3214 2160 3256 tur
2186 3204 2252 3256 ab
2300 3203 2565 3256 omnibus.
2599 3203 2616 3232 ί
2648 3200 2822 3264 Nihil,
2873 3199 3107 3265 inquam,
3142 3196 3318 3253 verius
3365 3194 3653 3264 ekcogitari

383 3291 528 3344 mine
553 3288 903 3357 multiplicato
926 3299 1440 3357 pr0pagcntur,quze
1467 3288 1644 3342 omnia
1670 3305 1778 3342 non
1807 3289 1968 3342 modo

378 3383 444 3436 ad
474 3391 685 3448 tempus
713 3380 985 3443 manendi,
1018 3395 1200 3433 rerum
1229 3381 1526 3447 generatim
1554 3394 1791 3448 quoque,
1815 3379 1968 3448 quasi

382 3474 433 3526 in
468 3481 780 3540 perpetuum
812 3471 1181 3538 permanendi,
1209 3471 1370 3523 veluti
1398 3470 1657 3537 quasdam
1694 3471 1970 3524 machinas

379 3577 501 3617 esse
528 3564 647 3631 quis
673 3561 904 3614 nesciat?
934 3561 1005 3612 Ea
1035 3560 1195 3613 etiam
1222 3576 1340 3629 quae
1364 3559 1649 3614 inanimata
1695 3576 1814 3615 esse
1845 3575 1965 3616 cre-

381 3656 601 3718 duntur,
628 3669 804 3707 nonne
835 3653 975 3722 quod
1000 3667 1152 3706 suum
1183 3663 1284 3716 est,
1317 3669 1540 3723 quaeque
1572 3655 1728 3708 simili
1762 3659 1969 3710 ratione

381 3746 728 3801 desiderant?
756 3747 861 3801 Cur
890 3746 1030 3800 enim
1084 3747 1324 3800 flammas
1347 3747 1564 3816 quidem
1595 3763 1806 3801 sursum
1841 3748 1971 3802 levi-

384 3848 466 3892 tas
499 3838 612 3907 (20)
643 3838 805 3900 vehit,
834 3847 1002 3892 terras
1031 3853 1160 3892 vero
1187 3839 1439 3892 deorsum
1463 3840 1672 3908 pondus
1695 3839 1968 3908 deprimit,

384 3930 486 3982 nisi
518 3930 656 3997 quod
688 3930 800 3982 hinc
818 3930 1040 3998 singulis
1074 3931 1207 3994 loca,
1226 3931 1594 4002 mulionesque
1620 3935 1972 3987 conveniunt?

385 4021 556 4073 Porro
610 4033 784 4075 autem
835 4021 974 4090 quod
1022 4023 1214 4091 cuique
1276 4034 1694 4079 consentaneum
1749 4035 1865 4090 est,
1917 4026 1970 4079 id

385 4113 802 4185 unumquodque
829 4124 1111 4166 conservat
1140 4133 1151 4166 :
1177 4116 1334 4169 sicuti
1363 4131 1423 4168 ea
1454 4131 1575 4185 quae
1605 4125 1727 4170 sunt
1756 4118 1972 4173 inimica

385 4215 752 4272 corrumpunt.
794 4206 908 4259 Jam
957 4221 1086 4260 vero
1125 4224 1241 4276 qua!
1296 4210 1427 4263 dura
1469 4213 1598 4276 sint,
1642 4220 1695 4263 ut
1744 4211 1970 4280 lapides,

388 4298 663 4352 adhaerent
708 4300 1044 4354 tenacissime
1087 4303 1328 4369 partibus
1378 4303 1524 4368 suis,
1574 4312 1648 4369 et,
1704 4319 1771 4357 ne
1822 4303 1977 4357 facile

2077 3304 2266 3363 potest.
2321 3293 2452 3348 Nam
2502 3293 2584 3348 vel
2616 3292 2680 3346 ad
2713 3292 2938 3346 nihilum
2993 3298 3185 3345 cuncta
3226 3288 3552 3352 referuntur,
3602 3297 3656 3345 et

2081 3404 2208 3449 uno,
2237 3386 2402 3440 veluti
2417 3386 2614 3440 vertice
2628 3384 2909 3450 destituta,
2945 3381 3056 3452 (25)
3087 3383 3201 3437 sine
3225 3392 3450 3448 rectore,
3486 3381 3657 3440 ﬂuita-

2077 3479 2229 3546 bunt,
2244 3487 2334 3533 aut
2349 3479 2393 3533 si
2413 3477 2538 3548 quid
2552 3487 2654 3544 est,
2672 3477 2736 3532 ad
2756 3478 2896 3546 quod
2920 3479 3165 3530 universa
3187 3475 3460 3542 festinent,
3483 3475 3534 3529 id
3557 3477 3658 3532 erit

2074 3573 2309 3624 omnium
2327 3586 2590 3624 summum
2610 3570 2892 3623 bonorum.
2912 3568 2978 3622 Et
3010 3569 3123 3630 illa,
3147 3567 3396 3630 Nimium,
3417 3567 3605 3636 inquit,
3627 3585 3660 3623 ο

2077 3665 2312 3723 alumne,
2338 3663 2524 3716 lmtor:
2567 3663 2736 3731 ipsam
2767 3662 2909 3716 enim
2949 3664 2969 3692 ¹
3000 3661 3194 3714 mediae
3245 3658 3270 3696 h
3299 3660 3537 3714 veritatis
3567 3675 3660 3713 no-

2080 3765 2184 3808 tam
2216 3764 2392 3809 mente
2426 3753 2594 3808 ﬁxisti
2628 3773 2638 3806 :
2666 3754 2759 3810 sed
2780 3755 2831 3808 in
2858 3754 2956 3808 hoc
2981 3753 3151 3822 patuit
3191 3753 3308 3817 tibi,
3341 3753 3480 3821 quod
3513 3754 3662 3821 ign0<

2079 3863 2198 3902 rare
2229 3859 2279 3902 te
2312 3848 2470 3916 paulo
2499 3855 2623 3901 ante
2643 3847 2876 3902 dicebas.
2901 3848 3036 3915 Quid
3058 3847 3332 3915 ?inquam.
3358 3843 3518 3916 240
3533 3844 3661 3911 Quis

2077 3947 2241 4002 esset,
2303 3939 2490 4005 inquit,
2545 3939 2565 3969 ³
2619 3953 2798 3991 rerum
2839 3940 3072 3990 omi'iinin
3130 3935 3288 3989 ﬁnis?
3319 3933 3373 3987 ld
3409 3944 3490 3988 est
3521 3935 3663 3990 enim

2085 4029 2341 4098 profecto,
2369 4030 2510 4100 quod
2539 4029 2874 4086 desideratur
2922 4035 2987 4081 ali
3026 4029 3278 4084 omnibus
3309 4047 3321 4084 ε
3354 4027 3495 4098 quod
3541 4028 3664 4096 quia

2086 4124 2282 4176 bonum
2314 4138 2434 4177 esse
2467 4124 2798 4192 collegimus,
2831 4130 3063 4191 oportet,
3113 4137 3291 4177 rerum
3321 4122 3559 4176 omnium
3603 4119 3664 4173 ἧς

2086 4233 2209 4274 nem
2229 4219 2424 4273 bonum
2441 4233 2558 4273 esse
2580 4218 2862 4272 fateamur.

1755 4464 2355 4521 -INTERPRETATIO.

462 4625 491 4688 ξ
518 4613 726 4686 Fugam
747 4633 853 4670 suae
867 4620 1260 4671 conservationis
1287 4618 1615 4688 appetitione.

391 4758 425 4810 Γ
462 4687 491 4725 δ
513 4688 716 4756 Absque
753 4689 859 4741 ulla
888 4705 1158 4742 causarum
1194 4687 1497 4743 arteriarum
1523 4691 1570 4742 vi
1597 4699 1746 4756 atque
1784 4690 1977 4742 violen-

410 4773 484 4812 ta.

466 4798 489 4867 ἑ
524 4827 786 4882 Dubitare.

461 4895 489 4935 (ι
524 4897 759 4952 Validim
787 4901 1044 4956 resistens.

465 4980 489 5006 ε
521 4967 877 5040 Respiramus.

2168 4620 2185 4658 ί
2212 4623 2368 4674 Amor
2388 4639 2506 4692 erga
2527 4621 2866 4687 semetipsum.

2163 4703 2186 4737 ξε
2221 4693 2304 4745 Me
2324 4685 2855 4764 jam'auimadvertere
2877 4699 2978 4743 tam
2999 4688 3278 4764 eviden-lur,
3310 4701 3369 4738 ea
3395 4685 3459 4764 de
3485 4685 3667 4764 quibus

2089 4773 2236 4815 antea
2279 4749 2588 4827 dubitabam,
2615 4773 2665 4813 ut
2703 4764 2763 4815 dc
2797 4762 2874 4814 his
2914 4776 3017 4814 non
3045 4759 3232 4828 possim
3267 4749 3666 4826 ampliusdubi-

2090 4843 2219 4887 tare.

2164 4902 2190 4941 δ
2219 4903 2528 4974 Manifestir.

1917 5124 2147 5184 ΝΟΤᾸΞ.

469 5273 485 5354 _'
518 5272 667 5328 Nihil
689 5273 899 5354 carina]
926 5275 1058 5354 Nam
1091 5277 1370 5354 praedictus
1405 5282 1662 5336 naturalis
1706 5284 1972 5354 appetitus
2001 5285 2055 5345 1)
2079 5279 2289 5354 Se_r_vio_.
2317 5277 2504 5354 Virgil.
2540 5295 2575 5333 ii
2601 5279 2839 5346 ιλΕηθίἀ..
2872 5296 2928 5338 v.
2954 5282 3101 5339 5‘53:

395 5344 480 5398 vel
499 5357 579 5398 est
600 5362 629 5398 a
664 5348 855 5413 nihilo,
880 5344 970 5401 vel
998 5344 1186 5406 est’ah
1208 5349 1386 5419 aliquo
1408 5368 1617 5407 summo
1650 5344 1874 5418 rectore,
1909 5358 1976 5411 ad

394 5430 554 5480 quem
581 5427 854 5494 propterea
886 5422 1048 5494 veluti
1073 5421 1138 5474 ad
1173 5423 1400 5487 primum
1418 5425 1737 5494 principium
1769 5438 1820 5480 et
1853 5429 1978 5482 ulti-

397 5503 544 5567 mum
579 5487 736 5542 finem
769 5491 1230 5567 revocandus__est.
1277 5487 1438 5567 Atqui
1469 5487 1609 5567 ffieri
1642 5512 1743 5550 non
1801 5509 1976 5567 potest

396 5566 456 5610 ut
487 5563 587 5612 iste
614 5565 880 5634 appetitus
903 5563 973 5614 sit
1004 5579 1032 5614 a
1063 5563 1226 5616 nihilo
1263 5581 1276 5616 :
1307 5566 1570 5634 siquidem
1617 5563 1838 5622 nihilum
1870 5586 1974 5625 non

399 5637 573 5697 potest
597 5645 718 5684 esse
748 5632 908 5684 ullius
930 5635 1002 5686 rei
1038 5649 1218 5686 causa.

471 5701 490 5730 ⁸
516 5697 704 5756 Medii:
729 5703 1001 5771 ueritatis.]
1033 5703 1306 5774 Manifestis
1338 5723 1357 5761 :
1387 5708 1462 5762 sic
1491 5711 1656 5779 enim,
1684 5713 1976 5784 interprete

2143 5350 2234 5400 llic
2261 5351 2484 5399 Priamus
2507 5365 2778 5412 quanquam
2805 5354 2852 5400 in
2878 5355 3035 5403 media
3057 5356 3148 5411 iam
3171 5360 3326 5402 morte
3357 5360 3572 5402 tenetur.

2152 5436 2175 5467 ³
2207 5438 2391 5490 Rerum
2409 5439 2634 5507 omnium
2666 5437 2844 5507 ﬁnita]
2873 5439 2955 5492 Ill.
3017 5439 3356 5507 Pliilosriphia
3404 5435 3676 5488 coiiclndit

2081 5524 2262 5563 rerum
2290 5505 2527 5580 omnium
2560 5507 2717 5580 finem
2772 5505 2891 5562 esse
2924 5509 3117 5562 bonum
3149 5519 3201 5562 et
3236 5505 3465 5580 quidem
3529 5523 3679 5580 ειμι-ιτ

2083 5593 2223 5631 nium
2255 5595 2268 5630 :
2300 5577 2422 5644 quia
2457 5579 2598 5646 quod
2643 5579 2710 5629 ab
2764 5580 3014 5633 omnibus
3051 5583 3208 5634 rebus
3251 5577 3590 5632 desideratur
3624 5577 3674 5628 id

2080 5664 2262 5702 rerum
2291 5647 2528 5700 omnium
2559 5649 2678 5702 linis
2697 5662 2800 5703 est.
2832 5653 2993 5719 Atqui
3025 5668 3085 5703 ex
3107 5651 3268 5706 dictis
3297 5665 3562 5705 summum
3594 5648 3678 5702 h0-

2084 5735 2209 5776 num
2235 5719 2300 5772 ab
2323 5721 2573 5774 omnibus
2595 5722 2756 5775 rebus
2786 5722 3140 5779 desideratur.
