4290 6258
639 296 727 351 ns

1083 426 1241 501 241
1265 423 1554 482 uernum
1604 429 1624 447 -
1666 420 1752 476 xu.

637 546 1073 606 lacuuearuu.—
1106 538 1472 605 Philosophus,
1497 538 1656 606 inquit
1683 528 2214 606 Philosophia,_suam

693 600 937 674 adtentius
988 613 1266 669 consideret
1322 600 1606 663 mentem':
1641 606 1761 658 huic
1799 604 1990 673 quippe
2048 600 2219 679 lumen

694 692 992 761 ingenitum,
1034 684 1189 761 quod,
1232 680 1759 761 magistro_docente,
1804 688 2020 729 summm
2064 680 2219 726 ettam

702 753 925 816 veritatis
964 753 1120 827 poSsit
1148 771 1252 809 esse
1281 753 1613 825 principium.

770 872 1022 943 Quisquis
1049 868 1314 941 profunda
1344 874 1527 921 mente
1555 864 1784 934 vestigat
1810 875 2019 926 verum,

768 966 1031 1037 Cupitque
1060 964 1221 1019 nullis
1250 963 1342 1017 ille
1378 961 1552 1016 deviis
1580 959 1717 1024 falli,

769 1062 827 1116 In
852 1075 911 1115 se
939 1058 1179 1115 revolvat
1210 1054 1380 1111 intimi
1411 1054 1586 1108 lucem
1610 1052 1776 1115 visus,

1863 276 1971 338 ΛΝ.
2011 272 2218 332 MANL.
2258 269 2413 331 θεν.
2456 263 2683 324 BOETII

2248 392 2300 450 A

3804 238 3911 299 776

2471 380 2631 455 252
2647 378 2963 447 Longosque
2984 371 3037 426 in
3054 369 3238 425 orbem
3260 362 3918 436 cogatinllectensmotus,

2321 480 2354 534 5
2470 452 2831 541 Ᾰηίπιιιηιαυε
2859 466 3074 531 doceat,
3106 458 3364 533 quidquid
3386 466 3543 513 extra
3571 452 3811 524 molitur,

2465 570 2591 626 Suis
2615 576 2885 624 retrusam
2913 560 3190 631 possidere
3222 554 3523 612 thesauris:

2468 662 2678 718 Dudum
2703 657 2847 729 quod
2873 666 2988 712 atra
3018 654 3151 709 texit
3173 650 3378 707 erroris
3408 647 3603 716 nubes,

2475 753 2696 809 Lucebit
2726 752 2846 821 ipso
2876 745 3241 818 perspicacius
3284 741 3510 796 Phtebo.

2472 845 2587 901 Non
2619 858 2780 901 omne
2805 854 3035 910 namque
3066 846 3246 892 mente
3267 833 3474 903 depulit
3495 832 3679 888 lumen

2334 939 2400 993 it)
2474 936 2633 1009 2&3
2665 934 2991 989 Obliviosam
3020 944 3217 1000 corpus
3241 928 3503 983 invehens
3526 926 3745 981 molem.

2478 1035 2655 1090 Haeret
2680 1032 2921 1103 profecto
2954 1042 3139 1084 semen
3171 1026 3461 1080 introrsum
3489 1023 3623 1091 veri,

2016 1165 2575 1229 INTERPRETATIO

708 1310 809 1374 Qui
848 1305 1057 1376 inquirit
1108 1303 1364 1376 veritatem
1397 1297 1513 1376 _a_lto
1552 1296 1775 1376 animo,‘
1810 1292 2047 1376 idemque
2088 1293 2231 1376 optat

641 1364 792 1437 nullis
838 1364 1005 1445 decipi
1046 1375 1302 1430 erroribus
1327 1413 1344 1437 ,
1397 1370 1482 1424 hic
1522 1377 1715 1421 revocet
1758 1364 1928 1417 lumen
1964 1364 2232 1443 interioris

642 1462 867 1520 aspectus
888 1442 962 1503 ad
981 1455 1412 1520 suani‘mentem.
1456 1450 1503 1520 et
1544 1448 1834 1520 convertens
1854 1442 2233 1517 cogitationum

644 1508 847 1595 longam
874 1521 1066 1575 seriem
1096 1518 1343 1595 disponat.
1362 1514 1413 1566 in
1438 1512 1730 1595 circuitum,
1762 1519 1807 1591 et
1828 1508 2071 1595 instruat
2093 1518 2233 1595 men;

645 1570 1287 1656 iéﬁfiza'béié'r'éébnd’tium
1326 1586 1380 1640 in
1418 1585 1526 1638 suis
1549 1570 1799 1636 thesauris
1822 1579 1874 1631 id
1900 1591 2069 1641 omne,
2094 1570 2231 1643 quod

2297 1266 2302 1273 ”
2340 1290 2484 1337 extra
2528 1293 2587 1333 se
2615 1277 2797 1348 quaerit
2823 1293 2841 1330 :
2872 1286 2977 1329 tum
3010 1274 3147 1348 quod
3184 1275 3301 1348 jam
3325 1272 3535 1348 pridem
3574 1272 3742 1348 caligo
3787 1272 3935 1337 nigra

2338 1352 2526 1408 erroris
2546 1342 2745 1413 uelauit,
2775 1348 2829 1401 id
2843 1342 3033 1400 clarius
3054 1346 3164 1417 ipso
3186 1342 3292 1399 sole
3315 1342 3547 1415 fulgebit.
3566 1342 3614 1395 Ν
3619 1359 3701 1417 ant
3722 1356 3934 1417 corpus,

2339 1425 2588 1493 quamvis
2634 1420 2871 1493 machina
2914 1413 3182 1493 oblivionis
3227 1413 3440 1493 parens,
3488 1431 3601 1493 non
3635 1413 3827 1482 fugavit
3875 1426 3936 1463 ex

2339 1486 2511 1549 animo
2534 1508 2735 1545 omnem
2761 1492 2945 1543 lucem.
2972 1487 3118 1542 Certe
3138 1504 3309 1541 semen
3336 1486 3563 1539 veritatis
3585 1487 3721 1537 intus
3745 1492 3937 1546 manet,

2340 1565 2481 1637 quod
2505 1563 2836 1632 diffunditur,
2864 1572 3045 1632 agente
3076 1560 3340 1629 magistro.
3382 1556 3650 1624 Quomodo
3682 1556 3812 1611 enim
3855 1554 3937 1608 in-

2188 1682 2416 1741 ΝΟΤᾹΞ.

717 1822 737 1843 ⁶
775 1817 927 1885 Quod
982 1813 1179 1869 dicitur
1230 1809 1521 1864 iambicum.
1575 1805 1805 1885 Carmen
1864 1812 2121 1860 constans
2160 1813 2233 1885 ἐκ

649 1904 756 1967 uno
786 1871 989 1959 genere
1040 1897 1314 1967 versuum,
1346 1894 1573 1967 quorum
1631 1878 1857 1967 quilibet
1915 1891 2010 1931 sex
2076 1871 2241 1967 pedes
2272 1904 2320 1967 Β

651 1944 847 2087 habiti,
886 1972 1029 2028 smpe
1086 1944 1381 2027 imparibus
1436 1950 1569 2006 locis
1625 1944 1965 2020 spondeum,
2026 1944 2243 2015 paribus

652 2049 754 2087 tam
801 2047 907 2086 um.

652 2047 907 2090 Iamnam.

723 2148 777 2201 1.
810 2140 1097 2213 Quisquis.]
1142 2138 1524 2213 PhilosOphus:
1555 2150 1675 2213 nam
1717 2132 2096 2213 philosophus,
2122 2137 2249 2213 epe-

656 2226 794 2275 ctata
814 2204 1047 2269 nominis
1075 2204 1544 2279 interpretatione,
1578 2208 1623 2261 is
1663 2204 2097 2279 appellaturutttti
2142 2212 2249 2256 tota

630 2298 821 2345 mente
840 2287 1050 2353 vestigat
1076 2275 1272 2346 verum,
1311 2281 1593 2353 sapientiae
1623 2278 1927 2353 studi_osus._
1963 2275 2247 2353 Nimirum,

658 2344 833 2430 inquit
857 2344 1063 2411 Tullius
1108 2371 1139 2430 v
1181 2344 1720 2430 Tmen-Pythagorae
1756 2349 2016 2430 ingenium
2053 2355 2100 2399 et
2144 2344 2251 2400 elo-

659 2420 909 2501 quentiam
930 2444 1043 2501 cum
1062 2426 1340 2501 admiratus
1368 2420 1494 2501 esset
1521 2420 1685 2486 Leon,
1706 2420 1933 2501 quiesivit
1964 2434 2026 2473 ea:
2047 2434 2124 2499 eo,
2149 2433 2251 2501 quia

659 2490 879 2558 maxime
898 2498 1018 2570 arte]
1036 2496 1341 2566 conﬁderet?
1362 2492 1462 2570 Ilie
1490 2502 1649 2570 artem
1668 2494 1879 2561 quidem
1912 2508 1965 2544 se
1987 2490 2117 2543 scire
2135 2492 2251 2544 nul-

661 2577 766 2629 tam
783 2564 1064 2645 respondit,
1094 2564 1183 2645 sed
1205 2583 1311 2622 esse
1344 2564 1775 2645 philosophum?
1798 2577 2081 2645 raros-esse
2095 2577 2252 2630 quos-

662 2646 804 2709 dam,
843 2632 929 2715 qui
956 2632 1169 2715 caneris
1222 2632 1451 2692 omnibus
1489 2632 1581 2715 pro
1620 2634 1785 2688 nihilo
1835 2632 2041 2715 habitis,
2081 2649 2251 2715 rerum

663 2705 902 2772 naturain
917 2712 1140 2767 studiose
1154 2711 1491 2771 intuerentur,
1516 2707 1609 2759 hos
1632 2722 1686 2759 se
1706 2706 1968 2777 appellare
1990 2705 2254 2774 sapientite

664 2788 943 2850 studiosos,
967 2783 1020 2836 id
1041 2791 1114 2837 est
1141 2782 1294 2847 enim,
1324 2780 1675 2850 philosophos.

616 2864 617 2867 “
737 2861 791 2913 1.
836 2848 1110 2926 Profunda
1156 2850 1365 2926 mente.]
1402 2848 1745 2926 Profundum
1777 2848 1974 2926 diciiur
2019 2849 2250 2926 primum

667 2929 883 3001 quidem
907 2918 974 2982 de
995 2918 1398 3001 corporecujus
1426 2930 1586 3001 poer
1621 2919 1813 3001 fundus
1849 2918 2248 3001 dimensionein

666 2990 960 3056 terminat:
992 2997 1071 3052 sic
1094 2990 1439 3065 'proiundum
1485 2991 1702 3065 pelagus
1754 2990 2005 3065 dicimus.
2050 2990 2253 3047 Deinde

666 3088 796 3127 vero
826 3080 1040 3139 propter
1060 3061 1344 3138 quamdam
1376 3063 1787 3139 similitudinem
1819 3061 2018 3139 d_e_ipsa
2050 3073 2249 3129 mente,

667 3133 1107 3213 cujus'cogitatio
1137 3148 1424 3213 penetrans
1449 3147 1563 3213 est‘:
1601 3134 1683 3189 sic
1712 3133 1999 3188 consilium
2028 3144 2255 3190 vocatur

670 3207 988 3287 profundum
1022 3226 1052 3263 a
1078 3207 1335 3287 Quitttil.,_
1355 3207 1495 3287 d_ec|.
1525 3208 1578 3261 ‘2.

2347 1808 2451 1863 que
2512 1805 2692 1846 arcem
2737 1790 2968 1863 dicimur
3016 1788 3209 1842 moliri.
3248 1786 3397 1841 Mens
3419 1800 3547 1863 ergo
3574 1793 3728 1863 extra
3754 1794 3940 1863 setnm

2349 1855 2662 1933 intelligitur
2694 1861 2870 1915 moliri
2896 1875 3105 1933 verum,
3136 1858 3477 1933 cumspretis
3518 1858 3629 1910 suis
3658 1855 3941 1933 cogitatio-

2357 1929 2544 1999 nibus,
2571 1934 2868 2003 subjectum
2893 1932 3044 2003 ipsis
3068 1929 3485 2003 cogitationibus
3516 1930 3791 1981 materiam
3820 1943 3943 1989 conv

2353 2007 2553 2061 siderat
2574 2001 2829 2059 attentius
2860 2021 2873 2056 :
2907 2001 3048 2071 quod
3079 2001 3292 2069 quidem
3323 2001 3509 2054 vitium
3542 2016 3646 2071 non
3676 2009 3793 2053 est:
3828 2015 3943 2058 cum

2355 2090 2535 2133 nostra
2562 2076 2856 2145 _cogitatio,
2886 2069 2939 2125 ut
2968 2082 3097 2145 pote,
3119 2086 3383 2145 quarunon
3415 2079 3497 2126 est
3522 2069 3692 2136 nihili,
3722 2086 3751 2125 a
3794 2072 3944 2145 rebus

2354 2141 2711 2203 exterioribus
2741 2141 2987 2215 pendeat,
3018 2143 3165 2197 velut
3194 2141 3414 2197 effectus
3442 2158 3471 2197 a
3516 2157 3698 2207 causa,
3748 2158 3844 2196 nec
3872 2143 3945 2215 vi-

2359 2222 2552 2274 tiosum
2586 2220 2678 2281 sit,
2710 2214 3065 2286 cognoscendi
3087 2216 3262 2269 etl‘ecti
3293 2215 3743 2286 gratia,_causam
3767 2214 3945 2267 consi-

2355 2283 2921 2345 derare.Verum'cum
2955 2287 3106 2355 plura
3130 2300 3247 2341 esse
3273 2283 3547 2353 possintin
3576 2300 3756 2350 causa,
3784 2300 3945 2354 quam

2357 2362 2410 2417 in
2444 2362 2656 2425 effecto,
2719 2359 2848 2413 nihil
2894 2374 3022 2412 vero
3075 2359 3125 2411 in
3177 2356 3386 2422 effecto,
3420 2355 3561 2427 quod
3620 2372 3722 2409 non
3780 2358 3851 2410 sit
3897 2358 3947 2413 in

2354 2448 2537 2498 causa,
2569 2440 2851 2501 propterea
2881 2434 3032 2483 mens‘
3082 2430 3331 2487 humana,
3376 2426 3698 2501 inveniendo
3749 2430 3946 2482 verita—

2358 2514 2492 2568 tem,
2527 2500 2718 2558 melius
2739 2516 2865 2557 suas
2891 2502 3258 2570 cogitationes,
3286 2514 3444 2565 quam
3474 2500 3770 2567 subjectam
3798 2500 3947 2570 cogi-

2358 2578 2618 2631 tationum
2646 2574 2925 2628 materiam
2956 2572 3188 2639 primum
3239 2570 3731 2636 contemplabitur:
3763 2572 3945 2640 sicque

2356 2648 2410 2701 in
2438 2662 2518 2712 se,
2548 2646 2667 2701 sive
2692 2645 2803 2699 suis
2848 2643 2899 2697 in
2932 2642 3198 2698 thesauris
3220 2652 3529 2709 cognoscet,
3560 2656 3619 2695 se
3643 2642 3937 2711 possidere,

2355 2718 2499 2786 quod
2525 2729 2677 2773 etttra
2704 2731 2763 2770 se
2802 2714 3310 2786 reperiretentabat
3336 2730 3349 2765 :
3377 2714 3455 2766 sic
3477 2713 3720 2786 inveniet
3739 2714 3940 2767 eviden-

2358 2784 2483 2843 tiam
2532 2792 2646 2843 sive
2695 2788 2893 2841 claram
2939 2785 3352 2854 distinctumque
3402 2784 3807 2853 cogitationem,
3847 2800 3942 2855 qua

2357 2861 2570 2915 iuventa
2588 2876 2688 2912 non
2706 2858 2879 2913 solum
2904 2866 3070 2909 atram
3096 2857 3301 2921 nubem,
3337 2856 3439 2909 hoc
3464 2864 3547 2909 est
3569 2857 3943 2924 ignorantiam,

2356 2932 2556 2986 erroris
2607 2944 2842 2993 causam,
2896 2928 3117 2998 iugabit,
3151 2927 3243 2981 sed
3294 2927 3470 2995 ipsum
3517 2929 3677 2980 etiam
3709 2942 3945 2981 errorem

2356 3003 2561 3057 vitabit.
2589 3002 2847 3056 Nimirum

2428 3079 2483 3129 9.
2522 3073 2641 3127 Non
2689 3087 2835 3126 omne
2861 3081 3027 3125 mente
3072 3068 3267 3139 depulit
3294 3070 3463 3123 lunten
3495 3084 3699 3137 corpus.
3726 3064 3743 3137 ]
3778 3067 3949 3121 Homo

2359 3162 2465 3200 non
2495 3154 2577 3200 est
2604 3144 2716 3200 sola
2739 3158 2913 3210 meus,
2947 3157 3118 3211 neque
3158 3144 3331 3196 solum
3382 3155 3605 3207 corpus;
3663 3140 3753 3192 sed
3798 3154 3950 3193 com-

2315 3231 2326 3244 '
2360 3218 2555 3287 positio
2582 3216 2775 3271 mentis
2798 3226 2847 3269 et
2879 3215 3118 3284 corporis
3148 3215 3199 3267 in
3225 3228 3345 3287 sese
3374 3212 3598 3287 invicem
3638 3212 3945 3287 agentium:

740 3287 792 3341 1.
835 3275 1062 3363 vestigat
1106 3275 1338 3353 verum]
1382 3279 1579 3363 Verani
1608 3279 1739 3363 sive‘
1768 3278 1970 3332 veritas
2022 3275 2258 3363 ᾂυριῇθὶε
2283 3286 2331 3351 C
2361 3275 2490 3343 hinc
2518 3302 2711 3363 corpus
2739 3301 2831 3340 sua
2876 3288 2926 3340 in
2976 3275 3215 3363 mentem
3247 3286 3459 3363 actione
3489 3275 3951 3363 innatnin_ipsius

670 3368 752 3413 est
774 3348 1008 3425 generis,
1034 3368 1224 3425 nempe
1242 3348 1351 3417 res,
1379 3359 1432 3404 et
1458 3350 1667 3404 modus.
1700 3348 1806 3425 Res
1835 3364 1959 3403 vera
1978 3358 2059 3425 est
2082 3360 2252 3425 extra,

671 3420 864 3483 modus
891 3438 1047 3478 verus
1074 3420 1333 3487 est’intra
1364 3430 1595 3475 mentem
1621 3437 1635 3475 :
1668 3421 1807 3474 unde
1841 3420 2106 3487 posterius
2156 3420 2260 3475 hoc

672 3511 856 3553 verum
885 3496 1001 3551 sive
1038 3494 1237 3549 veritas
1286 3492 1498 3546 deliniri
1550 3500 1725 3559 potest
1763 3491 2019 3558 cogitatio
2063 3492 2261 3546 mentis

672 3579 821 3624 recte
868 3564 1217 3635 percipientis
1256 3572 1346 3618 aut
1381 3563 1692 3635 judicantis.
1746 3563 1937 3635 Agitur
1964 3570 2143 3615 autem
2174 3563 2261 3616 hic

675 3641 742 3696 de
764 3634 1173 3707 boc’posteriot-i
1212 3650 1367 3699 vero;
1401 3634 1549 3707 unde
1569 3634 1753 3707 statim
1785 3634 1996 3707 dicetur
2025 3647 2169 3688 vers.
2205 3635 2237 3689 6

676 3704 914 3768 Animum
941 3707 994 3760 id
1017 3708 1124 3760 suis
1144 3718 1399 3759 retrusunt
1416 3704 1674 3773 possidere
1702 3704 1971 3758 thesauris.

748 3783 797 3836 3.
837 3778 903 3832 In
948 3793 1001 3830 se
1029 3778 1273 3845 revolvat,
1325 3774 1457 3847 etc.}
1487 3775 1648 3829 Suam
1682 3786 1916 3847 mentem
1965 3776 2259 3847 inspiciat:

676 3866 831 3909 mens
858 3849 1002 3905 enim
1038 3849 1269 3903 humana
1300 3846 1354 3900 in
1388 3846 1471 3900 bis
1511 3862 1630 3916 quae
1679 3846 1909 3899 naturali
1938 3846 2141 3901 lumine
2175 3862 2266 3900 co-

677 3920 979 3994 gnoscenda
1002 3932 1145 3994 sunt,
1162 3919 1362 3994 nullum
1378 3926 1553 3994 potest
1576 3917 1774 3972 habere
1797 3917 2061 3994 judicium
2081 3932 2264 3994 verum

678 3988 990 4063 certumque
1019 3990 1182 4062 (quod
1209 4006 1349 4045 nunc
1368 3989 1568 4043 dicitur
1594 4004 1778 4063 verum
1808 3988 2269 4063 investigandum)

679 4065 786 4122 nisi
840 4059 1115 4133 prieeunte
1163 4071 1216 4116 et
1269 4070 1485 4133 regente
1532 4059 1805 4133 evidentia
1854 4075 1975 4128 qua:
2009 4059 2141 4133 nihil
2188 4059 2270 4116 est

680 4131 1027 4202 aliud‘quam
1085 4131 1512 4201 cognitio’clara
1554 4141 1608 4184 et
1654 4131 1910 4186 distincta
1952 4132 2271 4186 :evidentia

681 4217 860 4262 autem
894 4206 1008 4259 hth
1036 4221 1140 4260 non
1175 4214 1297 4259 ante
1328 4202 1510 4257 haberi
1549 4212 1744 4271 potest,
1776 4217 1936 4273 quam
1970 4218 2122 4257 mens
2165 4203 2273 4258 sei-

722 4294 832 4331 sam
858 4277 1203 4346 cognoverit:
1234 4274 1373 4328 unde
1406 4274 1531 4327 illud
1552 4316 1566 4339 ,
1603 4289 1762 4328 nosce
1788 4274 2038 4343 teipsum,
2071 4275 2137 4327 de
2168 4291 2274 4343 quo

722 4294 832 4331 sam
858 4294 1198 4346 cognoverit:

682 4294 787 4421 ﬁtm
814 4348 975 4421 locuti
998 4363 1198 4421 sumus:

756 4420 813 4474 4.
844 4418 1149 4490 Longosque
1177 4418 1230 4470 in
1250 4420 1440 4483 orbem,
1471 4415 1601 4488 etc.]
1649 4416 1853 4490 Habeat
1885 4417 2275 4490 cogitationem

685 4492 1041 4561 cogitationis,
1065 4488 1354 4561 ipsiusque
1402 4492 1649 4561 secunda:
1679 4488 2033 4561 cogitationis
2064 4491 2273 4543 tertiam

686 4563 1085 4632 cogitationem,
1110 4572 1163 4616 et
1190 4563 1273 4614 sic
1301 4560 1576 4627 deinceps,
1609 4560 1678 4613 ita
1712 4569 1770 4613 ut
1816 4560 2118 4632 tiatrveluti
2173 4562 2279 4615 cir-

687 4631 864 4691 cuitus
888 4633 1269 4703 cogitationum
1295 4650 1307 4683 ;
1342 4634 1440 4703 hac
1468 4632 1609 4684 enim
1639 4632 1824 4703 solum
1842 4631 2048 4703 ratione
2090 4633 2279 4699 praeci-

686 4707 878 4777 pitatio
903 4702 1369 4777 et’prtcjudicium,
1402 4702 1508 4756 duo
1530 4703 1774 4757 veritatis
1814 4702 2150 4757 invenienda:
2180 4703 2280 4757 im-

687 4776 1015 4848 pedimenta,
1040 4776 1192 4829 vitari
1217 4784 1453 4848 possunt.

760 4850 813 4903 ξ).
865 4848 1204 4917 Animumque
1248 4844 1489 4916 doceat.]
1545 4844 1790 4899 Animum
1831 4846 2027 4900 docere
2065 4846 2277 4914 proprie

689 4919 856 4973 solius
888 4918 978 4972 Dei
1007 4927 1107 4979 est,
1138 4932 1166 4969 a
1194 4932 1298 4982 quo
1323 4920 1531 4969 animus
1552 4918 1798 4970 conditus
1824 4925 2278 4987 conservatusque

691 4990 923 5057 primum
974 4989 1289 5043 informatur
1333 4987 1642 5055 :l'rcquenti
1696 4998 1874 5040 tamen
1928 4988 2276 5044 meditatione

692 5075 845 5113 mens
877 5060 1104 5112 humana
1145 5074 1267 5130 suas
1322 5057 1691 5130 cogitationes
1718 5058 1971 5112 attentius
2010 5061 2272 5130 cogitans,

692 5131 862 5197 ipsum
893 5132 1051 5183 etiam
1078 5129 1315 5182 animum
1340 5144 1405 5183 eo
1429 5139 1640 5197 putatur
1663 5129 1879 5193 docere,
1900 5131 2063 5200 quod,
2087 5129 2274 5186 mente

695 5200 854 5255 veluti
878 5200 1443 5271 Deuminterrogantc,
1463 5200 1675 5270 Deoque
1698 5200 1868 5253 eidem
1892 5201 2271 5271 respondente,

695 5273 941 5325 naturale
964 5272 1141 5326 lumen
1166 5273 1243 5325 sic
1268 5270 1616 5335 diliuudatur,
1642 5281 1698 5325 ut
1723 5271 1863 5340 quod
1893 5270 2016 5326 ante
2050 5273 2271 5341 latebat,

696 5344 745 5395 id
781 5346 955 5412 iugata
1002 5344 1228 5412 caligine
1277 5342 1750 5397 animadvertatur.
1789 5342 1930 5396 Inter
1963 5344 2066 5397 alia
2095 5356 2273 5399 autem

699 5429 851 5468 mens
882 5422 1086 5480 nostra,
1126 5422 1326 5468 attenta
1358 5412 1458 5468 hac
1486 5429 1702 5468 suarum
1750 5415 2134 5483 cogitationum
2163 5431 2277 5470 me-

699 5486 975 5549 ditatione,
1033 5485 1278 5554 docetur,
1332 5500 1392 5540 se
1443 5486 1495 5538 in
1549 5500 1608 5541 se
1639 5485 1912 5555 possidere
1940 5488 2272 5556 thesaurum,

701 5573 859 5627 quem
892 5566 1041 5613 extra
1073 5573 1131 5614 se
1159 5556 1400 5613 invenire
1424 5558 1698 5612 tentabat:
1731 5557 1870 5612 unde
1898 5559 2108 5613 additur

773 5629 808 5683 5
834 5638 887 5685 et
916 5628 970 5687 6.
997 5631 1257 5703 Quidquid
1286 5639 1427 5703 extra,
1444 5701 1451 5703 ξ
1469 5628 1677 5703 molitur
1703 5630 1808 5703 suis
1833 5644 2083 5685 retrusam
2112 5633 2277 5703 possi-

703 5700 821 5755 dere
842 5700 1355 5775 tltesauris.]'Molior
1402 5701 1598 5755 dicitur
1622 5717 1651 5753 a
1682 5701 1812 5754 mole
1830 5716 1851 5755 :
1876 5704 2049 5775 moles
2071 5700 2207 5759 forte
2244 5720 2275 5759 a

704 5776 973 5839 μοκλένειν,
1000 5773 1217 5828 vectibus
1255 5774 1583 5827 submovere:
1608 5787 1772 5841 quare
1800 5773 2055 5843 quidquid
2087 5776 2276 5844 majori

705 5847 818 5901 sive
845 5846 1084 5915 corporis
1111 5847 1221 5899 sive
1263 5846 1459 5899 mentis
1491 5845 1684 5898 virtute
1713 5844 1938 5913 agimus,
1991 5846 2119 5901 illud
2148 5847 2251 5901 dici

707 5933 827 5977 mur
856 5914 1025 5972 moliri
1054 5932 1069 5967 :
1093 5917 1171 5972 sic
1199 5930 1423 5987 corpore
1466 5916 1586 5986 iter,
1614 5923 1797 5970 mente
1843 5914 2061 5984 insidias
2085 5932 2100 5985 ;
2131 5925 2277 5976 utro-

2305 4670 2357 4730 D

2367 3361 2560 3414 mentis
2592 3350 2768 3412 lumen
2826 3372 2931 3411 non
2992 3357 3287 3426 exstinguit
3336 3356 3550 3423 quidem
3580 3353 3672 3426 sed
3703 3350 3947 3426 olfuudit.

2364 3431 2480 3486 Non
2503 3430 2814 3499 exstinguit,
2847 3430 3098 3497 inquam:
3130 3423 3338 3482 ut'enim
3366 3428 3523 3489 Deus,
3551 3425 3708 3499 hujus
3740 3423 3952 3499 luminis

2366 3503 2624 3557 naturalis
2653 3495 2858 3563 auctor,
2908 3495 3373 3554 constantissimus
3403 3507 3488 3552 est
3512 3538 3525 3561 ,
3556 3498 3635 3549 sic
3662 3496 3836 3549 lumen
3891 3495 3951 3548 il-

2369 3575 2457 3628 lud
2487 3572 2685 3635 Iaudiu,
2721 3570 2953 3642 quandiu
2991 3586 3144 3623 mens
3168 3569 3407 3642 durabit,
3452 3568 3781 3642 duraturum
3834 3580 3948 3631 per-

2369 3655 2586 3714 petuum
2618 3652 2719 3696 est.
2739 3638 2831 3697 'At
2860 3640 3119 3695 ollundit:
3154 3638 3350 3714 Corpus
3379 3640 3513 3692 enim
3554 3638 3691 3707 quod
3718 3653 3949 3714 corrum-

2368 3708 2525 3786 pitur,
2561 3715 2846 3786 Sapientia:
2866 3726 2937 3777 Ix,
2966 3720 3209 3786 aggravet
3233 3708 3477 3786 animum,
3504 3719 3551 3764 et
3576 3722 3773 3786 terrena
3802 3708 3952 3762 inha-

2370 3781 2546 3839 bitatt‘o
2565 3781 2801 3857 deprimit
2828 3781 3213 3838 sensumvntutta
3234 3784 3579 3853 cogitantem:
3609 3781 3734 3834 hinc
3760 3792 3953 3848 corpus

2372 3872 2513 3912 nunc
2538 3857 2736 3909 dicitur

2446 3923 2532 3983 10.
2567 3926 3133 3999 Obliviosaminuehens
3161 3924 3402 3999 molent.]
3449 3923 3614 3999 Citjus
3641 3922 3955 3999 p_r_opositio-
4026 3980 4031 3986 ,

2374 4000 2458 4054 nis
2488 3997 2818 4067 explicmda:
2847 3997 3046 4065 duplex
3076 4006 3157 4050 est
3199 3994 3401 4051 modus
3429 4015 3439 4048 :
3468 3998 3605 4067 alter
3652 3994 3955 4067 Platonicus

2372 4082 2430 4126 et
2459 4066 2654 4123 falsus:
2685 4069 2821 4123 alter
2842 4067 3242 4136 pltilos0phicus
3271 4078 3327 4123 et
3348 4081 3525 4122 verus.
3561 4066 3817 4119 Platonici
3846 4067 3958 4136 qui-

2374 4142 2497 4196 dem
2529 4143 2923 4202 existimarunt,
2954 4154 3141 4193 omnes
3199 4139 3474 4193 hominum
3521 4147 3749 4199 mentes,
3814 4147 3958 4191 ante-

2376 4228 2535 4281 quam
2580 4214 2661 4265 hte
2700 4226 2821 4265 cum
2853 4212 3171 4280 corporibus
3211 4211 3683 4281 conjungerentur,
3717 4208 3958 4281 conditas

2379 4277 2562 4347 fuisse,
2593 4285 2845 4351 omnique
2898 4277 3261 4336 doctrinarum
3292 4277 3487 4351 genere
3512 4280 3836 4333 instructas:
3866 4277 3954 4334 sed

2383 4367 2599 4422 propter
2639 4352 2855 4423 aliquod
2895 4366 3048 4406 suum
3092 4352 3299 4407 crimen
3332 4353 3383 4406 in
3415 4365 3641 4419 corpora
3697 4353 3958 4423 immissas

2381 4421 2581 4481 infelici
2630 4421 2952 4479 commercio
2982 4425 3182 4488 omnia,
3231 4424 3393 4478 veluti
3450 4424 3639 4476 hausto
3680 4421 3961 4476 oblivionis

2382 4498 2595 4564 poculo,
2652 4496 2847 4549 oblitas
2899 4496 3084 4560 fuisse,
3131 4496 3202 4548 ita
3250 4505 3309 4549 ut
3353 4505 3406 4548 et
3451 4508 3647 4562 corpus
3676 4493 3963 4564 oblivionis

2382 4563 2563 4633 causa,
2596 4578 2649 4621 et
2678 4582 2830 4621 mens
2858 4569 2969 4635 ipsa
2998 4567 3252 4634 deinceps
3282 4565 3563 4620 addiscens
3587 4563 3858 4619 reminisci
3883 4563 3964 4616 di-

2382 4647 2535 4692 catur
2558 4638 2680 4709 :lsed
2698 4637 2960 4692 sententia
2992 4638 3104 4690 lucc
3134 4638 3265 4709 falsa
3309 4646 3391 4691 est
3416 4636 3534 4690 cum
3566 4649 3716 4709 mens
3736 4636 3963 4709 humana

2386 4726 2489 4764 non
2537 4704 2684 4779 prius
2706 4718 2906 4768 creata,
2931 4723 3087 4777 quam
3121 4707 3285 4775 ipsius
3315 4710 3554 4779 corporis
3586 4706 3753 4761 forma
3783 4704 3961 4779 fuerit.

2385 4777 2695 4848 Philosophi
2721 4794 2868 4844 vero,
2894 4780 3084 4835 saltem
3115 4780 3146 4833 ii
3166 4780 3253 4847 qui
3281 4778 3605 4849 prwjttdiciis
3634 4793 3736 4830 non
3764 4777 3963 4849 ducun-

2383 4861 2487 4916 tur,
2521 4847 2728 4921 putant,
2782 4858 3016 4905 mentem
3068 4847 3352 4903 humanam
3403 4852 3541 4921 inter
3590 4848 3791 4921 Deum,
3811 4847 3964 4915 cujus

2383 4924 2495 4992 ipsa
2521 4918 2607 4977 est
2633 4922 2875 4986 effectus,
2921 4930 2975 4974 et
3001 4936 3215 4988 corpus,
3246 4924 3399 4988 cujus
3434 4918 3619 4974 eadem
3648 4928 3728 4992 est
3771 4918 3963 4992 tot-ina,

2384 4989 2613 5049 mediam
2645 5009 2672 5045 a
2709 4994 2816 5047 Deo
2836 4993 3049 5061 quidem
3071 5001 3249 5045 ειειιιιιι
3276 4993 3341 5047 ab
3385 5002 3501 5044 ortu
3540 4990 3756 5061 optimis
3793 4989 3964 5061 infer:

2381 5066 2516 5120 mari
2542 5058 2934 5134 cognitionibus
2954 5062 3337 5132 aliectibusque
3354 5062 3418 5117 de
3437 5075 3645 5134 summo
3671 5060 3833 5134 bono,
3865 5058 3963 5113 sed

2380 5154 2409 5189 a
2433 5131 2659 5205 corpore
2687 5135 2927 5189 adversis
2949 5131 3363 5204 cogitationibus
3396 5134 3464 5186 ita
3512 5131 3735 5198 turbari,
3772 5131 3855 5185 his
3902 5142 3964 5187 ut

2382 5209 2474 5263 ille
2503 5219 2593 5261 aut
2623 5208 2886 5275 pellantur
2914 5217 3005 5259 aut
3029 5210 3219 5260 saltem
3257 5208 3607 5275 obscurentur
3636 5210 3851 5275 :tamen

2454 5280 2543 5333 ll.
2576 5273 2749 5331 Hazret
2766 5292 2934 5331 semen
2960 5279 3233 5331 introrsum
3260 5274 3413 5346 veri]
3444 5276 3663 5339 Semen,
3709 5274 3838 5329 illud
3881 5273 3960 5327 di-

2379 5351 2519 5404 citur
2548 5365 2613 5404 ex
2643 5364 2749 5418 quo
2782 5348 2940 5402 insito
2960 5348 3160 5419 aliquid
3190 5350 3279 5415 tit;
3312 5362 3478 5419 quare
3506 5361 3692 5401 semen
3716 5346 3849 5411 veri,
3880 5346 3958 5419 in:

2380 5430 2613 5475 trorsum
2654 5415 2767 5474 sive
2816 5421 2953 5474 intra
2984 5415 3221 5475 nostram
3247 5415 3479 5474 mentem
3526 5418 3783 5483 existens,
3838 5415 3964 5471 nihil

2380 5500 2463 5547 est
2515 5489 2655 5544 aliud
2705 5506 2863 5560 quam
2910 5492 3183 5561 cogitatio,
3236 5506 3303 5546 ex
3336 5505 3440 5560 qua
3479 5489 3640 5544 insita
3669 5490 3727 5543 lit
3777 5503 3961 5561 verum

2378 5562 2666 5633 judicium:
2700 5563 2952 5632 cogitatio
2979 5560 3159 5618 autem
3206 5562 3295 5616 illa
3341 5571 3427 5617 est
3473 5562 3648 5633 notio;
3701 5560 3963 5633 siquidem

2378 5632 2634 5705 judicium
2666 5648 2852 5687 verum
2884 5649 2988 5688 non
3022 5635 3080 5687 tit
3108 5635 3207 5689 nisi
3238 5649 3303 5687 ex
3336 5632 3700 5700 praeeuntibus
3741 5632 3968 5705 notioni-

2349 5702 2518 5779 ,,l)us:
2552 5705 2901 5773 quamobrem
2932 5707 2974 5759 si
3019 5721 3123 5760 non
3150 5709 3426 5779 obstante
3473 5706 3673 5779 impetu
3704 5702 3962 5779 corporis,

2385 5778 2436 5831 in
2486 5786 2663 5831 mente
2720 5787 2903 5831 nostra
2950 5777 3185 5847 supersit
3230 5790 3443 5844 semper
3479 5776 3650 5844 aliqua
3680 5776 3826 5847 notio
3855 5774 3966 5847 sive

2385 5850 2524 5913 idea,
2542 5853 2695 5903 lueret
2720 5851 2944 5919 profecto
2966 5846 3132 5903 semen
3150 5849 3429 5901 introrsum
3456 5848 3557 5901 ueri
3576 5862 3595 5898 :
3625 5854 3679 5919 at
3703 5846 3964 5919 ejusmodi

2318 5980 2322 5985 ,
2387 5923 2535 5979 notio
2574 5915 2784 5997 semper
2814 5915 3079 5993 Superest,
3103 5935 3169 5977 ea
3187 5920 3375 5977 saltem
3407 5933 3563 5992 quam
3592 5916 3659 5973 ab
3685 5925 3805 5973 ortu
3833 5915 3970 5975 divi-
