  <div class='ocr_page' id='page_1' title='image "/cluster/home/n/w/nwhite01/storage/ocr_20150623/63/hvd.32044073498792/394.png"; bbox 0 0 4290 6258; ppageno 0'>
   <div class='ocr_carea' id='block_1_1' title="bbox 422 292 509 346">
    <p class='ocr_par' dir='ltr' id='par_1_1' title="bbox 422 292 509 346">
     <span class='ocr_line' id='line_1_1' title="bbox 422 292 509 346; baseline -0.023 0"><span class='ocrx_word' id='word_1_1' title='bbox 422 292 509 346; x_wconf 69' lang='lat'><strong>177</strong></span> 
     </span>
    </p>
   </div>
   <div class='ocr_carea' id='block_1_2' title="bbox 549 404 1603 475">
    <p class='ocr_par' dir='ltr' id='par_1_2' title="bbox 549 404 1603 475">
     <span class='ocr_line' id='line_1_2' title="bbox 549 404 1603 475; baseline 0.001 -15"><span class='ocrx_word' id='word_1_2' title='bbox 549 404 703 472; x_wconf 89' lang='lat' dir='ltr'><strong>Quod</strong></span> <span class='ocrx_word' id='word_1_3' title='bbox 731 405 994 460; x_wconf 74' lang='lat' dir='ltr'><strong>excitatur</strong></span> <span class='ocrx_word' id='word_1_4' title='bbox 1018 404 1309 462; x_wconf 86' lang='lat' dir='ltr'><strong>ventilaute</strong></span> <span class='ocrx_word' id='word_1_5' title='bbox 1335 406 1603 475; x_wconf 76' lang='lat' dir='ltr'><strong>doctrina,</strong></span> 
     </span>
    </p>
   </div>
   <div class='ocr_carea' id='block_1_3' title="bbox 552 500 1715 572">
    <p class='ocr_par' dir='ltr' id='par_1_3' title="bbox 552 500 1715 572">
     <span class='ocr_line' id='line_1_3' title="bbox 552 500 1715 572; baseline 0.001 -17"><span class='ocrx_word' id='word_1_6' title='bbox 552 501 683 555; x_wconf 87' lang='lat' dir='ltr'><strong>Nam</strong></span> <span class='ocrx_word' id='word_1_7' title='bbox 718 515 814 556; x_wconf 91' lang='lat' dir='ltr'><strong>cur</strong></span> <span class='ocrx_word' id='word_1_8' title='bbox 862 500 1035 572; x_wconf 88' lang='lat' dir='ltr'><strong>rogati</strong></span> <span class='ocrx_word' id='word_1_9' title='bbox 1064 509 1254 571; x_wconf 80' lang='lat' dir='ltr'><strong>sponte</strong></span> <span class='ocrx_word' id='word_1_10' title='bbox 1282 509 1430 557; x_wconf 87' lang='lat' dir='ltr'><strong>recta</strong></span> <span class='ocrx_word' id='word_1_11' title='bbox 1460 502 1715 571; x_wconf 73' lang='lat' dir='ltr'><strong>censetis,</strong></span> 
     </span>
    </p>
   </div>
   <div class='ocr_carea' id='block_1_4' title="bbox 547 598 1645 655">
    <p class='ocr_par' dir='ltr' id='par_1_4' title="bbox 547 598 1645 655">
     <span class='ocr_line' id='line_1_4' title="bbox 547 598 1645 655; baseline -0.002 -1"><span class='ocrx_word' id='word_1_12' title='bbox 547 598 614 654; x_wconf 81' lang='lat' dir='ltr'><strong>Ni</strong></span> <span class='ocrx_word' id='word_1_13' title='bbox 645 614 856 655; x_wconf 90' lang='lat' dir='ltr'><strong>mersus</strong></span> <span class='ocrx_word' id='word_1_14' title='bbox 883 599 992 654; x_wconf 83' lang='lat' dir='ltr'><strong>ulto</strong></span> <span class='ocrx_word' id='word_1_15' title='bbox 1015 598 1223 655; x_wconf 77' lang='lat' dir='ltr'><strong>viveret</strong></span> <span class='ocrx_word' id='word_1_16' title='bbox 1242 598 1417 653; x_wconf 89' lang='lat' dir='ltr'><strong>fomes</strong></span> <span class='ocrx_word' id='word_1_17' title='bbox 1445 599 1645 655; x_wconf 88' lang='lat' dir='ltr'><strong>corde?</strong></span> 
     </span>
    </p>
   </div>
   <div class='ocr_carea' id='block_1_5' title="bbox 416 689 1906 763">
    <p class='ocr_par' dir='ltr' id='par_1_5' title="bbox 416 689 1906 763">
     <span class='ocr_line' id='line_1_5' title="bbox 416 689 1906 763; baseline -0.001 -16"><span class='ocrx_word' id='word_1_18' title='bbox 416 692 478 748; x_wconf 84' lang='lat' dir='ltr'><strong>l5</strong></span> <span class='ocrx_word' id='word_1_19' title='bbox 551 689 713 762; x_wconf 67' lang='grc'><strong>244,</strong></span> <span class='ocrx_word' id='word_1_20' title='bbox 733 691 889 758; x_wconf 87' lang='lat' dir='ltr'><strong>Quod</strong></span> <span class='ocrx_word' id='word_1_21' title='bbox 921 690 967 746; x_wconf 91' lang='lat' dir='ltr'><strong>si</strong></span> <span class='ocrx_word' id='word_1_22' title='bbox 992 692 1231 746; x_wconf 83' lang='lat' dir='ltr'><strong>Platonis</strong></span> <span class='ocrx_word' id='word_1_23' title='bbox 1258 691 1406 747; x_wconf 86' lang='lat' dir='ltr'><strong>Musa</strong></span> <span class='ocrx_word' id='word_1_24' title='bbox 1435 702 1691 763; x_wconf 78' lang='lat' dir='ltr'><strong>personat</strong></span> <span class='ocrx_word' id='word_1_25' title='bbox 1720 707 1906 747; x_wconf 91' lang='lat' dir='ltr'><strong>verum</strong></span> 
     </span>
    </p>
   </div>
   <div class='ocr_carea' id='block_1_6' title="bbox 553 782 1859 854">
    <p class='ocr_par' dir='ltr' id='par_1_6' title="bbox 553 782 1859 854">
     <span class='ocr_line' id='line_1_6' title="bbox 553 782 1859 854; baseline 0.002 -18"><span class='ocrx_word' id='word_1_26' title='bbox 553 782 704 849; x_wconf 84' lang='lat' dir='ltr'><strong>Quod</strong></span> <span class='ocrx_word' id='word_1_27' title='bbox 735 783 963 854; x_wconf 89' lang='lat' dir='ltr'><strong>quisque</strong></span> <span class='ocrx_word' id='word_1_28' title='bbox 988 782 1169 849; x_wconf 89' lang='lat' dir='ltr'><strong>discit,</strong></span> <span class='ocrx_word' id='word_1_29' title='bbox 1201 785 1489 840; x_wconf 87' lang='lat' dir='ltr'><strong>immemor</strong></span> <span class='ocrx_word' id='word_1_30' title='bbox 1522 785 1859 842; x_wconf 72' lang='lat' dir='ltr'><strong>recordatur.</strong></span> 
     </span>
    </p>
   </div>
   <div class='ocr_carea' id='block_1_7' title="bbox 928 920 1486 993">
    <p class='ocr_par' dir='ltr' id='par_1_7' title="bbox 928 920 1486 993">
     <span class='ocr_line' id='line_1_7' title="bbox 928 920 1486 993; baseline 0.002 -19"><span class='ocrx_word' id='word_1_31' title='bbox 928 920 1089 993; x_wconf 67' lang='lat'><strong>21.5</strong></span> <span class='ocrx_word' id='word_1_32' title='bbox 1120 920 1341 977; x_wconf 82' lang='lat' dir='ltr'><strong>PROSA</strong></span> <span class='ocrx_word' id='word_1_33' title='bbox 1370 921 1486 977; x_wconf 80' lang='lat' dir='ltr'><strong>xu.</strong></span> 
     </span>
    </p>
   </div>
   <div class='ocr_carea' id='block_1_8' title="bbox 416 1050 1995 1125">
    <p class='ocr_par' dir='ltr' id='par_1_8' title="bbox 416 1050 1995 1125">
     <span class='ocr_line' id='line_1_8' title="bbox 416 1050 1995 1125; baseline -0.003 -16"><span class='ocrx_word' id='word_1_34' title='bbox 416 1052 799 1125; x_wconf 63' lang='lat' dir='ltr'><strong>Ancuusnruu.</strong></span> <span class='ocrx_word' id='word_1_35' title='bbox 832 1082 903 1093; x_wconf 94' lang='lat'><strong>—</strong></span> <span class='ocrx_word' id='word_1_36' title='bbox 937 1051 1273 1125; x_wconf 79' lang='lat' dir='ltr'><strong>PhilosOphia</strong></span> <span class='ocrx_word' id='word_1_37' title='bbox 1299 1054 1610 1125; x_wconf 82' lang='lat' dir='ltr'><strong>pramotione</strong></span> <span class='ocrx_word' id='word_1_38' title='bbox 1638 1050 1805 1125; x_wconf 88' lang='lat' dir='ltr'><strong>Boetii</strong></span> <span class='ocrx_word' id='word_1_39' title='bbox 1829 1060 1995 1119; x_wconf 82' lang='lat' dir='ltr'><strong>utens,</strong></span> 
     </span>
    </p>
   </div>
   <div class='ocr_carea' id='block_1_9' title="bbox 484 1124 2003 1186">
    <p class='ocr_par' dir='ltr' id='par_1_9' title="bbox 484 1124 2003 1186">
     <span class='ocr_line' id='line_1_9' title="bbox 484 1124 2003 1186; baseline -0.001 -8"><span class='ocrx_word' id='word_1_40' title='bbox 484 1124 715 1180; x_wconf 78' lang='lat' dir='ltr'><strong>Boetium</strong></span> <span class='ocrx_word' id='word_1_41' title='bbox 744 1126 896 1181; x_wconf 85' lang='lat' dir='ltr'><strong>veluti</strong></span> <span class='ocrx_word' id='word_1_42' title='bbox 925 1140 1194 1179; x_wconf 84' lang='lat' dir='ltr'><strong>memorem</strong></span> <span class='ocrx_word' id='word_1_43' title='bbox 1222 1127 1390 1186; x_wconf 87' lang='lat' dir='ltr'><strong>docet,</strong></span> <span class='ocrx_word' id='word_1_44' title='bbox 1420 1126 1582 1179; x_wconf 90' lang='lat' dir='ltr'><strong>Deum</strong></span> <span class='ocrx_word' id='word_1_45' title='bbox 1613 1134 1756 1179; x_wconf 86' lang='lat' dir='ltr'><strong>tanta</strong></span> <span class='ocrx_word' id='word_1_46' title='bbox 1778 1124 2003 1177; x_wconf 82' lang='lat' dir='ltr'><strong>bonitate</strong></span> 
     </span>
    </p>
   </div>
   <div class='ocr_carea' id='block_1_10' title="bbox 479 1198 2005 1266">
    <p class='ocr_par' dir='ltr' id='par_1_10' title="bbox 479 1198 2005 1266">
     <span class='ocr_line' id='line_1_10' title="bbox 479 1198 2005 1266; baseline -0.001 -16"><span class='ocrx_word' id='word_1_47' title='bbox 479 1207 525 1250; x_wconf 88' lang='lat' dir='ltr'><strong>et</strong></span> <span class='ocrx_word' id='word_1_48' title='bbox 556 1198 783 1264; x_wconf 87' lang='lat' dir='ltr'><strong>potentia</strong></span> <span class='ocrx_word' id='word_1_49' title='bbox 812 1198 1062 1251; x_wconf 88' lang='lat' dir='ltr'><strong>mundum</strong></span> <span class='ocrx_word' id='word_1_50' title='bbox 1102 1213 1294 1265; x_wconf 74' lang='lat' dir='ltr'><strong>regere,</strong></span> <span class='ocrx_word' id='word_1_51' title='bbox 1337 1205 1391 1251; x_wconf 87' lang='lat' dir='ltr'><strong>ut</strong></span> <span class='ocrx_word' id='word_1_52' title='bbox 1422 1199 1613 1262; x_wconf 82' lang='lat' dir='ltr'><strong>omnia,</strong></span> <span class='ocrx_word' id='word_1_53' title='bbox 1644 1198 1850 1264; x_wconf 86' lang='lat' dir='ltr'><strong>dempto</strong></span> <span class='ocrx_word' id='word_1_54' title='bbox 1881 1212 2005 1266; x_wconf 82' lang='lat' dir='ltr'><strong>pec-</strong></span> 
     </span>
    </p>
   </div>
   <div class='ocr_carea' id='block_1_11' title="bbox 480 1267 2004 1339">
    <p class='ocr_par' dir='ltr' id='par_1_11' title="bbox 480 1267 2004 1339">
     <span class='ocr_line' id='line_1_11' title="bbox 480 1267 2004 1339; baseline -0.001 -19"><span class='ocrx_word' id='word_1_55' title='bbox 480 1278 613 1333; x_wconf 85' lang='lat' dir='ltr'><strong>cato,</strong></span> <span class='ocrx_word' id='word_1_56' title='bbox 635 1269 771 1337; x_wconf 86' lang='lat' dir='ltr'><strong>quod</strong></span> <span class='ocrx_word' id='word_1_57' title='bbox 794 1269 923 1322; x_wconf 80' lang='lat' dir='ltr'><strong>nihil</strong></span> <span class='ocrx_word' id='word_1_58' title='bbox 947 1278 1041 1337; x_wconf 87' lang='lat' dir='ltr'><strong>est,</strong></span> <span class='ocrx_word' id='word_1_59' title='bbox 1068 1269 1136 1321; x_wconf 89' lang='lat' dir='ltr'><strong>ad</strong></span> <span class='ocrx_word' id='word_1_60' title='bbox 1157 1270 1338 1331; x_wconf 90' lang='lat' dir='ltr'><strong>Deum,</strong></span> <span class='ocrx_word' id='word_1_61' title='bbox 1370 1273 1509 1338; x_wconf 81' lang='lat' dir='ltr'><strong>facto</strong></span> <span class='ocrx_word' id='word_1_62' title='bbox 1523 1269 1747 1339; x_wconf 87' lang='lat' dir='ltr'><strong>quodam</strong></span> <span class='ocrx_word' id='word_1_63' title='bbox 1765 1267 2004 1339; x_wconf 83' lang='lat' dir='ltr'><strong>circuitu,</strong></span> 
     </span>
    </p>
   </div>
   <div class='ocr_carea' id='block_1_12' title="bbox 482 1338 2009 1410">
    <p class='ocr_par' dir='ltr' id='par_1_12' title="bbox 482 1338 2009 1410">
     <span class='ocr_line' id='line_1_12' title="bbox 482 1338 2009 1410; baseline -0.001 -18"><span class='ocrx_word' id='word_1_64' title='bbox 482 1350 656 1409; x_wconf 86' lang='lat' dir='ltr'><strong>sponte</strong></span> <span class='ocrx_word' id='word_1_65' title='bbox 677 1350 1056 1410; x_wconf 82' lang='lat' dir='ltr'><strong>convertantur,</strong></span> <span class='ocrx_word' id='word_1_66' title='bbox 1083 1356 1172 1393; x_wconf 90' lang='lat' dir='ltr'><strong>nec</strong></span> <span class='ocrx_word' id='word_1_67' title='bbox 1192 1342 1257 1394; x_wconf 86' lang='lat' dir='ltr'><strong>sit</strong></span> <span class='ocrx_word' id='word_1_68' title='bbox 1280 1340 1479 1410; x_wconf 87' lang='lat' dir='ltr'><strong>aliquid</strong></span> <span class='ocrx_word' id='word_1_69' title='bbox 1505 1340 1644 1410; x_wconf 83' lang='lat' dir='ltr'><strong>quod</strong></span> <span class='ocrx_word' id='word_1_70' title='bbox 1668 1355 1864 1393; x_wconf 83' lang='lat' dir='ltr'><strong>summa</strong></span> <span class='ocrx_word' id='word_1_71' title='bbox 1891 1338 2009 1391; x_wconf 84' lang='lat' dir='ltr'><strong>huic</strong></span> 
     </span>
    </p>
   </div>
   <div class='ocr_carea' id='block_1_13' title="bbox 481 1409 1434 1481">
    <p class='ocr_par' dir='ltr' id='par_1_13' title="bbox 481 1409 1434 1481">
     <span class='ocr_line' id='line_1_13' title="bbox 481 1409 1434 1481; baseline 0.003 -18"><span class='ocrx_word' id='word_1_72' title='bbox 481 1411 613 1465; x_wconf 87' lang='lat' dir='ltr'><strong>bono</strong></span> <span class='ocrx_word' id='word_1_73' title='bbox 638 1409 714 1465; x_wconf 80' lang='lat' dir='ltr'><strong>vel</strong></span> <span class='ocrx_word' id='word_1_74' title='bbox 744 1410 863 1464; x_wconf 73' lang='lat' dir='ltr'><strong>velit</strong></span> <span class='ocrx_word' id='word_1_75' title='bbox 881 1411 957 1465; x_wconf 82' lang='lat' dir='ltr'><strong>vel</strong></span> <span class='ocrx_word' id='word_1_76' title='bbox 986 1413 1145 1481; x_wconf 78' lang='lat' dir='ltr'><strong>possit</strong></span> <span class='ocrx_word' id='word_1_77' title='bbox 1172 1409 1434 1467; x_wconf 81' lang='lat' dir='ltr'><strong>obsistere.</strong></span> 
     </span>
    </p>
   </div>
   <div class='ocr_carea' id='block_1_14' title="bbox 481 1526 2010 1597">
    <p class='ocr_par' dir='ltr' id='par_1_14' title="bbox 481 1526 2010 1597">
     <span class='ocr_line' id='line_1_14' title="bbox 481 1526 2010 1597; baseline 0 -16"><span class='ocrx_word' id='word_1_78' title='bbox 481 1526 616 1582; x_wconf 87' lang='lat' dir='ltr'><strong>Tum</strong></span> <span class='ocrx_word' id='word_1_79' title='bbox 648 1541 768 1597; x_wconf 88' lang='lat' dir='ltr'><strong>ego,</strong></span> <span class='ocrx_word' id='word_1_80' title='bbox 807 1528 820 1556; x_wconf 89' lang='grc'>¹</span> <span class='ocrx_word' id='word_1_81' title='bbox 858 1527 1067 1583; x_wconf 90' lang='lat' dir='ltr'><strong>Platoni</strong></span> <span class='ocrx_word' id='word_1_82' title='bbox 1098 1538 1148 1593; x_wconf 76' lang='grc' dir='ltr'><strong>ιι,</strong></span> <span class='ocrx_word' id='word_1_83' title='bbox 1180 1528 1422 1597; x_wconf 88' lang='lat' dir='ltr'><strong>inquam,</strong></span> <span class='ocrx_word' id='word_1_84' title='bbox 1446 1527 1798 1584; x_wconf 83' lang='lat' dir='ltr'><strong>vehementer</strong></span> <span class='ocrx_word' id='word_1_85' title='bbox 1827 1542 2010 1583; x_wconf 88' lang='lat' dir='ltr'><strong>assen-</strong></span> 
     </span>
    </p>
   </div>
   <div class='ocr_carea' id='block_1_15' title="bbox 418 1622 2008 1693">
    <p class='ocr_par' dir='ltr' id='par_1_15' title="bbox 418 1622 2008 1693">
     <span class='ocr_line' id='line_1_15' title="bbox 418 1622 2008 1693; baseline 0.002 -18"><span class='ocrx_word' id='word_1_86' title='bbox 418 1628 548 1675; x_wconf 81' lang='lat' dir='ltr'><strong>tior:</strong></span> <span class='ocrx_word' id='word_1_87' title='bbox 580 1636 703 1675; x_wconf 85' lang='lat' dir='ltr'><strong>nam</strong></span> <span class='ocrx_word' id='word_1_88' title='bbox 738 1637 823 1678; x_wconf 91' lang='lat' dir='ltr'><strong>me</strong></span> <span class='ocrx_word' id='word_1_89' title='bbox 844 1624 863 1653; x_wconf 76' lang='lat'><strong>’</strong></span> <span class='ocrx_word' id='word_1_90' title='bbox 898 1622 1092 1678; x_wconf 90' lang='lat' dir='ltr'><strong>horum</strong></span> <span class='ocrx_word' id='word_1_91' title='bbox 1116 1622 1145 1663; x_wconf 72' lang='grc' dir='ltr'><strong>ι»</strong></span> <span class='ocrx_word' id='word_1_92' title='bbox 1174 1624 1285 1693; x_wconf 87' lang='lat' dir='ltr'><strong>jam</strong></span> <span class='ocrx_word' id='word_1_93' title='bbox 1318 1624 1557 1680; x_wconf 89' lang='lat' dir='ltr'><strong>secundo</strong></span> <span class='ocrx_word' id='word_1_94' title='bbox 1589 1637 2008 1679; x_wconf 83' lang='lat' dir='ltr'><strong>commemoras.</strong></span> 
     </span>
    </p>
   </div>
   <div class='ocr_carea' id='block_1_16' title="bbox 417 1710 2011 1789">
    <p class='ocr_par' dir='ltr' id='par_1_16' title="bbox 417 1710 2011 1789">
     <span class='ocr_line' id='line_1_16' title="bbox 417 1710 2011 1789; baseline 0.001 -21"><span class='ocrx_word' id='word_1_95' title='bbox 417 1710 671 1782; x_wconf 87' lang='lat' dir='ltr'><strong>Primum,</strong></span> <span class='ocrx_word' id='word_1_96' title='bbox 688 1716 831 1786; x_wconf 91' lang='lat' dir='ltr'><strong>quod</strong></span> <span class='ocrx_word' id='word_1_97' title='bbox 846 1718 1159 1773; x_wconf 86' lang='lat' dir='ltr'><strong>memoriam</strong></span> <span class='ocrx_word' id='word_1_98' title='bbox 1178 1733 1437 1789; x_wconf 88' lang='lat' dir='ltr'><strong>corporea</strong></span> <span class='ocrx_word' id='word_1_99' title='bbox 1452 1718 1795 1789; x_wconf 76' lang='lat' dir='ltr'><strong>contagione,</strong></span> <span class='ocrx_word' id='word_1_100' title='bbox 1814 1716 2011 1771; x_wconf 88' lang='lat' dir='ltr'><strong>dehinc</strong></span> 
     </span>
    </p>
   </div>
   <div class='ocr_carea' id='block_1_17' title="bbox 1314 288 2769 352">
    <p class='ocr_par' dir='ltr' id='par_1_17' title="bbox 1314 288 2769 352">
     <span class='ocr_line' id='line_1_17' title="bbox 1314 288 2769 352; baseline 0 -6"><span class='ocrx_word' id='word_1_101' title='bbox 1314 291 1402 347; x_wconf 87' lang='lat' dir='ltr'><strong>DE</strong></span> <span class='ocrx_word' id='word_1_102' title='bbox 1439 291 1963 350; x_wconf 83' lang='lat' dir='ltr'><strong>CONSOLATIONE</strong></span> <span class='ocrx_word' id='word_1_103' title='bbox 2005 288 2478 352; x_wconf 71' lang='lat' dir='ltr'><strong>PHILOSOPHl/E</strong></span> <span class='ocrx_word' id='word_1_104' title='bbox 2517 292 2643 349; x_wconf 86' lang='lat' dir='ltr'><strong>LIB.</strong></span> <span class='ocrx_word' id='word_1_105' title='bbox 2687 292 2769 347; x_wconf 88' lang='lat' dir='ltr'><strong>Ill.</strong></span> 
     </span>
    </p>
   </div>
   <div class='ocr_carea' id='block_1_18' title="bbox 3597 279 3703 349">
    <p class='ocr_par' dir='ltr' id='par_1_18' title="bbox 3597 279 3703 349">
     <span class='ocr_line' id='line_1_18' title="bbox 3597 279 3703 349; baseline 0.019 -3"><span class='ocrx_word' id='word_1_106' title='bbox 3597 279 3703 349; x_wconf 72' lang='lat' dir='ltr'><strong>77&#39;s</strong></span> 
     </span>
    </p>
   </div>
   <div class='ocr_carea' id='block_1_19' title="bbox 2025 407 3706 480">
    <p class='ocr_par' dir='ltr' id='par_1_19' title="bbox 2025 407 3706 480">
     <span class='ocr_line' id='line_1_19' title="bbox 2025 407 3706 480; baseline 0 -12"><span class='ocrx_word' id='word_1_107' title='bbox 2025 417 2075 475; x_wconf 83' lang='lat' dir='ltr'><strong>A</strong></span> <span class='ocrx_word' id='word_1_108' title='bbox 2105 420 2228 468; x_wconf 91' lang='lat' dir='ltr'><strong>ante</strong></span> <span class='ocrx_word' id='word_1_109' title='bbox 2253 412 2474 467; x_wconf 89' lang='lat' dir='ltr'><strong>minime</strong></span> <span class='ocrx_word' id='word_1_110' title='bbox 2500 410 2854 465; x_wconf 88' lang='lat' dir='ltr'><strong>dubitandum</strong></span> <span class='ocrx_word' id='word_1_111' title='bbox 2905 407 3151 476; x_wconf 87' lang='lat' dir='ltr'><strong>putabas.</strong></span> <span class='ocrx_word' id='word_1_112' title='bbox 3187 408 3264 463; x_wconf 87' lang='lat' dir='ltr'><strong>Ne</strong></span> <span class='ocrx_word' id='word_1_113' title='bbox 3312 422 3455 465; x_wconf 92' lang='lat' dir='ltr'><strong>nunc</strong></span> <span class='ocrx_word' id='word_1_114' title='bbox 3485 410 3706 480; x_wconf 85' lang='lat' dir='ltr'><strong>quidem</strong></span> 
     </span>
    </p>
   </div>
   <div class='ocr_carea' id='block_1_20' title="bbox 2111 501 3707 574">
    <p class='ocr_par' dir='ltr' id='par_1_20' title="bbox 2111 501 3707 574">
     <span class='ocr_line' id='line_1_20' title="bbox 2111 501 3707 574; baseline -0.001 -15"><span class='ocrx_word' id='word_1_115' title='bbox 2111 506 2364 572; x_wconf 86' lang='lat' dir='ltr'><strong>arbitror,</strong></span> <span class='ocrx_word' id='word_1_116' title='bbox 2394 504 2652 574; x_wconf 88' lang='lat' dir='ltr'><strong>inquam;</strong></span> <span class='ocrx_word' id='word_1_117' title='bbox 2684 518 2783 558; x_wconf 90' lang='lat' dir='ltr'><strong>nec</strong></span> <span class='ocrx_word' id='word_1_118' title='bbox 2826 517 3061 572; x_wconf 89' lang='lat' dir='ltr'><strong>unquam</strong></span> <span class='ocrx_word' id='word_1_119' title='bbox 3091 501 3443 557; x_wconf 84' lang='lat' dir='ltr'><strong>dubitandum</strong></span> <span class='ocrx_word' id='word_1_120' title='bbox 3484 503 3707 570; x_wconf 81' lang='lat' dir='ltr'><strong>putabo,</strong></span> 
     </span>
    </p>
   </div>
   <div class='ocr_carea' id='block_1_21' title="bbox 2110 592 3710 669">
    <p class='ocr_par' dir='ltr' id='par_1_21' title="bbox 2110 592 3710 669">
     <span class='ocr_line' id='line_1_21' title="bbox 2110 592 3710 669; baseline -0.003 -16"><span class='ocrx_word' id='word_1_121' title='bbox 2110 597 2193 669; x_wconf 73' lang='grc' dir='ltr'><strong>(ὃ)</strong></span> <span class='ocrx_word' id='word_1_122' title='bbox 2221 597 2522 669; x_wconf 79' lang='lat' dir='ltr'><strong>quibusque</strong></span> <span class='ocrx_word' id='word_1_123' title='bbox 2572 593 2627 648; x_wconf 91' lang='lat' dir='ltr'><strong>iu</strong></span> <span class='ocrx_word' id='word_1_124' title='bbox 2687 593 2790 649; x_wconf 91' lang='lat' dir='ltr'><strong>hoc</strong></span> <span class='ocrx_word' id='word_1_125' title='bbox 2828 593 3123 648; x_wconf 87' lang='lat' dir='ltr'><strong>rationibus</strong></span> <span class='ocrx_word' id='word_1_126' title='bbox 3161 592 3436 657; x_wconf 86' lang='lat' dir='ltr'><strong>accedam,</strong></span> <span class='ocrx_word' id='word_1_127' title='bbox 3472 592 3710 649; x_wconf 82' lang='lat' dir='ltr'><strong>breviter</strong></span> 
     </span>
    </p>
   </div>
   <div class='ocr_carea' id='block_1_22' title="bbox 2111 684 3713 758">
    <p class='ocr_par' dir='ltr' id='par_1_22' title="bbox 2111 684 3713 758">
     <span class='ocr_line' id='line_1_22' title="bbox 2111 684 3713 758; baseline -0.001 -15"><span class='ocrx_word' id='word_1_128' title='bbox 2111 703 2399 758; x_wconf 77' lang='lat' dir='ltr'><strong>exponam.</strong></span> <span class='ocrx_word' id='word_1_129' title='bbox 2426 688 2445 718; x_wconf 88' lang='grc'>³</span> <span class='ocrx_word' id='word_1_130' title='bbox 2470 686 2697 742; x_wconf 85' lang='lat' dir='ltr'><strong>Mundus</strong></span> <span class='ocrx_word' id='word_1_131' title='bbox 2724 686 2813 742; x_wconf 89' lang='lat' dir='ltr'><strong>hic</strong></span> <span class='ocrx_word' id='word_1_132' title='bbox 2835 702 2899 741; x_wconf 84' lang='lat' dir='ltr'><strong>ex</strong></span> <span class='ocrx_word' id='word_1_133' title='bbox 2923 696 3030 741; x_wconf 84' lang='lat' dir='ltr'><strong>tam</strong></span> <span class='ocrx_word' id='word_1_134' title='bbox 3064 684 3294 742; x_wconf 85' lang='lat' dir='ltr'><strong>diversis</strong></span> <span class='ocrx_word' id='word_1_135' title='bbox 3317 687 3713 757; x_wconf 86' lang='lat' dir='ltr'><strong>contrariisque</strong></span> 
     </span>
    </p>
   </div>
   <div class='ocr_carea' id='block_1_23' title="bbox 2112 780 3709 852">
    <p class='ocr_par' dir='ltr' id='par_1_23' title="bbox 2112 780 3709 852">
     <span class='ocr_line' id='line_1_23' title="bbox 2112 780 3709 852; baseline -0.001 -16"><span class='ocrx_word' id='word_1_136' title='bbox 2112 782 2349 852; x_wconf 90' lang='lat' dir='ltr'><strong>partibus</strong></span> <span class='ocrx_word' id='word_1_137' title='bbox 2380 782 2432 837; x_wconf 91' lang='lat' dir='ltr'><strong>in</strong></span> <span class='ocrx_word' id='word_1_138' title='bbox 2485 796 2645 836; x_wconf 89' lang='lat' dir='ltr'><strong>unam</strong></span> <span class='ocrx_word' id='word_1_139' title='bbox 2695 780 2919 835; x_wconf 87' lang='lat' dir='ltr'><strong>formam</strong></span> <span class='ocrx_word' id='word_1_140' title='bbox 2946 781 3167 836; x_wconf 91' lang='lat' dir='ltr'><strong>minime</strong></span> <span class='ocrx_word' id='word_1_141' title='bbox 3199 782 3568 846; x_wconf 81' lang='lat' dir='ltr'><strong>convenisset,</strong></span> <span class='ocrx_word' id='word_1_142' title='bbox 3601 781 3709 835; x_wconf 81' lang='lat' dir='ltr'><strong>nisi</strong></span> 
     </span>
    </p>
   </div>
   <div class='ocr_carea' id='block_1_24' title="bbox 2112 875 3715 946">
    <p class='ocr_par' dir='ltr' id='par_1_24' title="bbox 2112 875 3715 946">
     <span class='ocr_line' id='line_1_24' title="bbox 2112 875 3715 946; baseline -0.001 -15"><span class='ocrx_word' id='word_1_143' title='bbox 2112 892 2249 932; x_wconf 91' lang='lat' dir='ltr'><strong>unus</strong></span> <span class='ocrx_word' id='word_1_144' title='bbox 2279 886 2422 931; x_wconf 89' lang='lat' dir='ltr'><strong>esset</strong></span> <span class='ocrx_word' id='word_1_145' title='bbox 2448 876 2537 945; x_wconf 92' lang='lat' dir='ltr'><strong>qui</strong></span> <span class='ocrx_word' id='word_1_146' title='bbox 2598 884 2704 930; x_wconf 87' lang='lat' dir='ltr'><strong>tam</strong></span> <span class='ocrx_word' id='word_1_147' title='bbox 2736 875 2945 931; x_wconf 87' lang='lat' dir='ltr'><strong>diversa</strong></span> <span class='ocrx_word' id='word_1_148' title='bbox 2991 875 3380 946; x_wconf 86' lang='lat' dir='ltr'><strong>conjungeret;</strong></span> <span class='ocrx_word' id='word_1_149' title='bbox 3427 876 3715 946; x_wconf 84' lang='lat' dir='ltr'><strong>conjuncta</strong></span> 
     </span>
    </p>
   </div>
   <div class='ocr_carea' id='block_1_25' title="bbox 2113 968 3715 1038">
    <p class='ocr_par' dir='ltr' id='par_1_25' title="bbox 2113 968 3715 1038">
     <span class='ocr_line' id='line_1_25' title="bbox 2113 968 3715 1038; baseline -0.001 -16"><span class='ocrx_word' id='word_1_150' title='bbox 2113 986 2241 1025; x_wconf 89' lang='lat' dir='ltr'><strong>vero</strong></span> <span class='ocrx_word' id='word_1_151' title='bbox 2268 978 2589 1024; x_wconf 80' lang='lat' dir='ltr'><strong>naturarum</strong></span> <span class='ocrx_word' id='word_1_152' title='bbox 2645 970 2760 1038; x_wconf 87' lang='lat' dir='ltr'><strong>ipsa</strong></span> <span class='ocrx_word' id='word_1_153' title='bbox 2816 968 3140 1035; x_wconf 89' lang='lat' dir='ltr'><strong>diversitas,</strong></span> <span class='ocrx_word' id='word_1_154' title='bbox 3193 968 3422 1025; x_wconf 91' lang='lat' dir='ltr'><strong>invicem</strong></span> <span class='ocrx_word' id='word_1_155' title='bbox 3482 970 3715 1031; x_wconf 86' lang='lat' dir='ltr'><strong>discors,</strong></span> 
     </span>
    </p>
   </div>
   <div class='ocr_carea' id='block_1_26' title="bbox 2112 1061 3720 1131">
    <p class='ocr_par' dir='ltr' id='par_1_26' title="bbox 2112 1061 3720 1131">
     <span class='ocr_line' id='line_1_26' title="bbox 2112 1061 3720 1131; baseline -0.001 -14"><span class='ocrx_word' id='word_1_156' title='bbox 2112 1062 2429 1119; x_wconf 87' lang='lat' dir='ltr'><strong>dissociaret</strong></span> <span class='ocrx_word' id='word_1_157' title='bbox 2481 1072 2640 1131; x_wconf 86' lang='lat' dir='ltr'><strong>atque</strong></span> <span class='ocrx_word' id='word_1_158' title='bbox 2710 1061 3030 1125; x_wconf 87' lang='lat' dir='ltr'><strong>divelleret;</strong></span> <span class='ocrx_word' id='word_1_159' title='bbox 3101 1061 3207 1116; x_wconf 89' lang='lat' dir='ltr'><strong>nisi</strong></span> <span class='ocrx_word' id='word_1_160' title='bbox 3253 1078 3391 1117; x_wconf 90' lang='lat' dir='ltr'><strong>unus</strong></span> <span class='ocrx_word' id='word_1_161' title='bbox 3446 1070 3590 1117; x_wconf 89' lang='lat' dir='ltr'><strong>esset</strong></span> <span class='ocrx_word' id='word_1_162' title='bbox 3629 1061 3720 1130; x_wconf 87' lang='lat' dir='ltr'><strong>qui</strong></span> 
     </span>
    </p>
   </div>
   <div class='ocr_carea' id='block_1_27' title="bbox 2111 1154 3719 1228">
    <p class='ocr_par' dir='ltr' id='par_1_27' title="bbox 2111 1154 3719 1228">
     <span class='ocr_line' id='line_1_27' title="bbox 2111 1154 3719 1228; baseline 0.001 -22"><span class='ocrx_word' id='word_1_163' title='bbox 2111 1155 2255 1225; x_wconf 89' lang='lat' dir='ltr'><strong>quod</strong></span> <span class='ocrx_word' id='word_1_164' title='bbox 2299 1154 2507 1221; x_wconf 77' lang='lat' dir='ltr'><strong>nexuit,</strong></span> <span class='ocrx_word' id='word_1_165' title='bbox 2557 1154 2878 1211; x_wconf 83' lang='lat' dir='ltr'><strong>contineret.</strong></span> <span class='ocrx_word' id='word_1_166' title='bbox 2931 1154 3048 1210; x_wconf 88' lang='lat' dir='ltr'><strong>Non</strong></span> <span class='ocrx_word' id='word_1_167' title='bbox 3080 1164 3189 1208; x_wconf 90' lang='lat' dir='ltr'><strong>tam</strong></span> <span class='ocrx_word' id='word_1_168' title='bbox 3230 1170 3359 1210; x_wconf 91' lang='lat' dir='ltr'><strong>vero</strong></span> <span class='ocrx_word' id='word_1_169' title='bbox 3385 1154 3503 1228; x_wconf 73' lang='grc'><strong>(10)</strong></span> <span class='ocrx_word' id='word_1_170' title='bbox 3537 1166 3719 1211; x_wconf 86' lang='lat' dir='ltr'><strong>certus</strong></span> 
     </span>
    </p>
   </div>
   <div class='ocr_carea' id='block_1_28' title="bbox 2114 1246 3717 1315">
    <p class='ocr_par' dir='ltr' id='par_1_28' title="bbox 2114 1246 3717 1315">
     <span class='ocr_line' id='line_1_28' title="bbox 2114 1246 3717 1315; baseline -0.002 -13"><span class='ocrx_word' id='word_1_171' title='bbox 2114 1258 2318 1302; x_wconf 83' lang='lat' dir='ltr'><strong>natura:</strong></span> <span class='ocrx_word' id='word_1_172' title='bbox 2360 1246 2493 1301; x_wconf 88' lang='lat' dir='ltr'><strong>ordo</strong></span> <span class='ocrx_word' id='word_1_173' title='bbox 2528 1248 2863 1315; x_wconf 85' lang='lat' dir='ltr'><strong>procederet,</strong></span> <span class='ocrx_word' id='word_1_174' title='bbox 2912 1263 3011 1301; x_wconf 92' lang='lat' dir='ltr'><strong>nec</strong></span> <span class='ocrx_word' id='word_1_175' title='bbox 3037 1255 3147 1302; x_wconf 89' lang='lat' dir='ltr'><strong>tam</strong></span> <span class='ocrx_word' id='word_1_176' title='bbox 3180 1247 3471 1315; x_wconf 74' lang='grc' dir='ltr'><strong>όὶενοεὶιοε</strong></span> <span class='ocrx_word' id='word_1_177' title='bbox 3516 1255 3717 1312; x_wconf 86' lang='lat' dir='ltr'><strong>motus,</strong></span> 
     </span>
    </p>
   </div>
   <div class='ocr_carea' id='block_1_29' title="bbox 2115 1340 3718 1412">
    <p class='ocr_par' dir='ltr' id='par_1_29' title="bbox 2115 1340 3718 1412">
     <span class='ocr_line' id='line_1_29' title="bbox 2115 1340 3718 1412; baseline -0.001 -19"><span class='ocrx_word' id='word_1_178' title='bbox 2115 1340 2271 1407; x_wconf 91' lang='lat' dir='ltr'><strong>locis,</strong></span> <span class='ocrx_word' id='word_1_179' title='bbox 2322 1340 2675 1411; x_wconf 87' lang='lat' dir='ltr'><strong>temporibus,</strong></span> <span class='ocrx_word' id='word_1_180' title='bbox 2736 1342 3049 1407; x_wconf 84' lang='lat' dir='ltr'><strong>efficientia,</strong></span> <span class='ocrx_word' id='word_1_181' title='bbox 3109 1342 3323 1411; x_wconf 84' lang='lat' dir='ltr'><strong>spatiis,</strong></span> <span class='ocrx_word' id='word_1_182' title='bbox 3377 1341 3718 1412; x_wconf 86' lang='lat' dir='ltr'><strong>qualitatibus</strong></span> 
     </span>
    </p>
   </div>
   <div class='ocr_carea' id='block_1_30' title="bbox 2114 1432 3720 1504">
    <p class='ocr_par' dir='ltr' id='par_1_30' title="bbox 2114 1432 3720 1504">
     <span class='ocr_line' id='line_1_30' title="bbox 2114 1432 3720 1504; baseline 0 -17"><span class='ocrx_word' id='word_1_183' title='bbox 2114 1432 2427 1501; x_wconf 82' lang='lat' dir='ltr'><strong>explicaret,</strong></span> <span class='ocrx_word' id='word_1_184' title='bbox 2464 1432 2568 1487; x_wconf 92' lang='lat' dir='ltr'><strong>nisi</strong></span> <span class='ocrx_word' id='word_1_185' title='bbox 2610 1447 2749 1487; x_wconf 91' lang='lat' dir='ltr'><strong>unus</strong></span> <span class='ocrx_word' id='word_1_186' title='bbox 2786 1442 2931 1487; x_wconf 89' lang='lat' dir='ltr'><strong>esset</strong></span> <span class='ocrx_word' id='word_1_187' title='bbox 2965 1436 3056 1504; x_wconf 89' lang='lat' dir='ltr'><strong>qui</strong></span> <span class='ocrx_word' id='word_1_188' title='bbox 3102 1433 3198 1487; x_wconf 90' lang='lat' dir='ltr'><strong>has</strong></span> <span class='ocrx_word' id='word_1_189' title='bbox 3240 1435 3596 1489; x_wconf 87' lang='lat' dir='ltr'><strong>mutationum</strong></span> <span class='ocrx_word' id='word_1_190' title='bbox 3634 1451 3720 1487; x_wconf 70' lang='lat' dir='ltr'><strong>\‘tt-</strong></span> 
     </span>
    </p>
   </div>
   <div class='ocr_carea' id='block_1_31' title="bbox 2114 1523 3719 1599">
    <p class='ocr_par' dir='ltr' id='par_1_31' title="bbox 2114 1523 3719 1599">
     <span class='ocr_line' id='line_1_31' title="bbox 2114 1523 3719 1599; baseline 0.003 -21"><span class='ocrx_word' id='word_1_191' title='bbox 2114 1523 2334 1579; x_wconf 76' lang='lat' dir='ltr'><strong>rietatcs</strong></span> <span class='ocrx_word' id='word_1_192' title='bbox 2373 1539 2597 1579; x_wconf 87' lang='lat' dir='ltr'><strong>manens</strong></span> <span class='ocrx_word' id='word_1_193' title='bbox 2633 1524 2749 1594; x_wconf 91' lang='lat' dir='ltr'><strong>ipse</strong></span> <span class='ocrx_word' id='word_1_194' title='bbox 2789 1525 3120 1596; x_wconf 83' lang='lat' dir='ltr'><strong>disponeret.</strong></span> <span class='ocrx_word' id='word_1_195' title='bbox 3161 1527 3272 1582; x_wconf 86' lang='lat' dir='ltr'><strong>lloc</strong></span> <span class='ocrx_word' id='word_1_196' title='bbox 3310 1528 3565 1599; x_wconf 82' lang='lat' dir='ltr'><strong>quidquid</strong></span> <span class='ocrx_word' id='word_1_197' title='bbox 3616 1539 3719 1598; x_wconf 79' lang='lat' dir='ltr'><strong>est,</strong></span> 
     </span>
    </p>
   </div>
   <div class='ocr_carea' id='block_1_32' title="bbox 2115 1616 3721 1689">
    <p class='ocr_par' dir='ltr' id='par_1_32' title="bbox 2115 1616 3721 1689">
     <span class='ocr_line' id='line_1_32' title="bbox 2115 1616 3721 1689; baseline 0.002 -18"><span class='ocrx_word' id='word_1_198' title='bbox 2115 1633 2221 1688; x_wconf 93' lang='lat' dir='ltr'><strong>quo</strong></span> <span class='ocrx_word' id='word_1_199' title='bbox 2241 1616 2456 1671; x_wconf 89' lang='lat' dir='ltr'><strong>condita</strong></span> <span class='ocrx_word' id='word_1_200' title='bbox 2488 1628 2708 1671; x_wconf 90' lang='lat' dir='ltr'><strong>manent</strong></span> <span class='ocrx_word' id='word_1_201' title='bbox 2740 1628 2902 1687; x_wconf 89' lang='lat' dir='ltr'><strong>atque</strong></span> <span class='ocrx_word' id='word_1_202' title='bbox 2942 1620 3230 1689; x_wconf 82' lang='lat' dir='ltr'><strong>agitantur,</strong></span> <span class='ocrx_word' id='word_1_203' title='bbox 3287 1622 3485 1676; x_wconf 88' lang='lat' dir='ltr'><strong>usitato</strong></span> <span class='ocrx_word' id='word_1_204' title='bbox 3512 1623 3721 1677; x_wconf 88' lang='lat' dir='ltr'><strong>cunctis</strong></span> 
     </span>
    </p>
   </div>
   <div class='ocr_carea' id='block_1_33' title="bbox 2117 1709 3719 1784">
    <p class='ocr_par' dir='ltr' id='par_1_33' title="bbox 2117 1709 3719 1784">
     <span class='ocr_line' id='line_1_33' title="bbox 2117 1709 3719 1784; baseline 0.004 -22"><span class='ocrx_word' id='word_1_205' title='bbox 2117 1710 2381 1764; x_wconf 84' lang='lat' dir='ltr'><strong>vocabulo</strong></span> <span class='ocrx_word' id='word_1_206' title='bbox 2408 1709 2579 1766; x_wconf 90' lang='lat' dir='ltr'><strong>Deum</strong></span> <span class='ocrx_word' id='word_1_207' title='bbox 2610 1712 2848 1765; x_wconf 92' lang='lat' dir='ltr'><strong>nomino.</strong></span> <span class='ocrx_word' id='word_1_208' title='bbox 2883 1712 3021 1765; x_wconf 87' lang='lat' dir='ltr'><strong>Tum</strong></span> <span class='ocrx_word' id='word_1_209' title='bbox 3052 1711 3160 1780; x_wconf 87' lang='lat' dir='ltr'><strong>illa,</strong></span> <span class='ocrx_word' id='word_1_210' title='bbox 3193 1713 3327 1767; x_wconf 83' lang='lat' dir='ltr'><strong>Cum</strong></span> <span class='ocrx_word' id='word_1_211' title='bbox 3352 1717 3487 1781; x_wconf 64' lang='lat' dir='ltr'><strong>hinc,</strong></span> <span class='ocrx_word' id='word_1_212' title='bbox 3520 1713 3719 1784; x_wconf 87' lang='lat' dir='ltr'><strong>inquit,</strong></span> 
     </span>
    </p>
   </div>
   <div class='ocr_carea' id='block_1_34' title="bbox 417 1802 3720 1879">
    <p class='ocr_par' dir='ltr' id='par_1_34' title="bbox 417 1802 3720 1879">
     <span class='ocr_line' id='line_1_34' title="bbox 417 1802 3720 1879; baseline -0.001 -15"><span class='ocrx_word' id='word_1_213' title='bbox 417 1820 531 1864; x_wconf 67' lang='lat' dir='ltr'><strong>cun</strong></span> <span class='ocrx_word' id='word_1_214' title='bbox 556 1808 806 1865; x_wconf 68' lang='lat' dir='ltr'><strong>mteroris</strong></span> <span class='ocrx_word' id='word_1_215' title='bbox 837 1809 977 1865; x_wconf 93' lang='lat' dir='ltr'><strong>mole</strong></span> <span class='ocrx_word' id='word_1_216' title='bbox 1002 1826 1245 1879; x_wconf 88' lang='lat' dir='ltr'><strong>pressus,</strong></span> <span class='ocrx_word' id='word_1_217' title='bbox 1271 1811 1448 1865; x_wconf 89' lang='lat' dir='ltr'><strong>amisi.</strong></span> <span class='ocrx_word' id='word_1_218' title='bbox 1471 1809 1609 1865; x_wconf 87' lang='lat' dir='ltr'><strong>Tum</strong></span> <span class='ocrx_word' id='word_1_219' title='bbox 1633 1810 1822 1875; x_wconf 89' lang='lat' dir='ltr'><strong>illa,Si</strong></span> <span class='ocrx_word' id='word_1_220' title='bbox 1846 1824 2008 1879; x_wconf 90' lang='lat' dir='ltr'><strong>supe-</strong></span> <span class='ocrx_word' id='word_1_221' title='bbox 2042 1819 2090 1876; x_wconf 79' lang='grc' dir='ltr'><strong>Β</strong></span> <span class='ocrx_word' id='word_1_222' title='bbox 2115 1802 2185 1857; x_wconf 75' lang='lat' dir='ltr'><strong>ita</strong></span> <span class='ocrx_word' id='word_1_223' title='bbox 2211 1802 2435 1869; x_wconf 78' lang='lat' dir='ltr'><strong>sentias.</strong></span> <span class='ocrx_word' id='word_1_224' title='bbox 2488 1818 2715 1872; x_wconf 82' lang='lat' dir='ltr'><strong>parvam</strong></span> <span class='ocrx_word' id='word_1_225' title='bbox 2748 1804 2865 1875; x_wconf 79' lang='grc'>(15)</span> <span class='ocrx_word' id='word_1_226' title='bbox 2900 1804 2996 1860; x_wconf 85' lang='lat' dir='ltr'><strong>tibi</strong></span> <span class='ocrx_word' id='word_1_227' title='bbox 3046 1818 3253 1862; x_wconf 79' lang='lat' dir='ltr'><strong>reSIare</strong></span> <span class='ocrx_word' id='word_1_228' title='bbox 3295 1819 3516 1877; x_wconf 81' lang='lat' dir='ltr'><strong>Operam</strong></span> <span class='ocrx_word' id='word_1_229' title='bbox 3567 1818 3720 1878; x_wconf 92' lang='lat' dir='ltr'><strong>puto,</strong></span> 
     </span>
    </p>
   </div>
   <div class='ocr_carea' id='block_1_35' title="bbox 418 1898 2005 1972">
    <p class='ocr_par' dir='ltr' id='par_1_35' title="bbox 418 1898 2005 1972">
     <span class='ocr_line' id='line_1_35' title="bbox 418 1898 2005 1972; baseline 0.001 -19"><span class='ocrx_word' id='word_1_230' title='bbox 418 1898 575 1963; x_wconf 84' lang='lat' dir='ltr'><strong>riora,</strong></span> <span class='ocrx_word' id='word_1_231' title='bbox 628 1899 833 1970; x_wconf 89' lang='lat' dir='ltr'><strong>inquit,</strong></span> <span class='ocrx_word' id='word_1_232' title='bbox 875 1914 1136 1956; x_wconf 88' lang='lat' dir='ltr'><strong>concessa</strong></span> <span class='ocrx_word' id='word_1_233' title='bbox 1166 1902 1448 1971; x_wconf 84' lang='lat' dir='ltr'><strong>reSpicias,</strong></span> <span class='ocrx_word' id='word_1_234' title='bbox 1501 1916 1569 1957; x_wconf 91' lang='lat' dir='ltr'><strong>ne</strong></span> <span class='ocrx_word' id='word_1_235' title='bbox 1624 1901 1755 1956; x_wconf 91' lang='lat' dir='ltr'><strong>illud</strong></span> <span class='ocrx_word' id='word_1_236' title='bbox 1791 1901 2005 1972; x_wconf 88' lang='lat' dir='ltr'><strong>quidem</strong></span> 
     </span>
    </p>
   </div>
   <div class='ocr_carea' id='block_1_36' title="bbox 419 1990 2007 2064">
    <p class='ocr_par' dir='ltr' id='par_1_36' title="bbox 419 1990 2007 2064">
     <span class='ocr_line' id='line_1_36' title="bbox 419 1990 2007 2064; baseline 0.001 -17"><span class='ocrx_word' id='word_1_237' title='bbox 419 1990 618 2062; x_wconf 78' lang='lat' dir='ltr'><strong>longius</strong></span> <span class='ocrx_word' id='word_1_238' title='bbox 648 1992 729 2064; x_wconf 86' lang='lat'><strong>(5)</strong></span> <span class='ocrx_word' id='word_1_239' title='bbox 773 1994 972 2056; x_wconf 89' lang='lat' dir='ltr'><strong>aberit,</strong></span> <span class='ocrx_word' id='word_1_240' title='bbox 1005 1994 1145 2064; x_wconf 83' lang='lat' dir='ltr'><strong>quin.</strong></span> <span class='ocrx_word' id='word_1_241' title='bbox 1179 1993 1505 2062; x_wconf 81' lang='lat' dir='ltr'><strong>recorderis,</strong></span> <span class='ocrx_word' id='word_1_242' title='bbox 1531 1994 1671 2064; x_wconf 90' lang='lat' dir='ltr'><strong>quod</strong></span> <span class='ocrx_word' id='word_1_243' title='bbox 1705 2002 1757 2047; x_wconf 91' lang='lat' dir='ltr'><strong>te</strong></span> <span class='ocrx_word' id='word_1_244' title='bbox 1805 1993 2007 2048; x_wconf 90' lang='lat' dir='ltr'><strong>dudum</strong></span> 
     </span>
    </p>
   </div>
   <div class='ocr_carea' id='block_1_37' title="bbox 420 2084 2006 2156">
    <p class='ocr_par' dir='ltr' id='par_1_37' title="bbox 420 2084 2006 2156">
     <span class='ocr_line' id='line_1_37' title="bbox 420 2084 2006 2156; baseline -0.001 -17"><span class='ocrx_word' id='word_1_245' title='bbox 420 2085 624 2141; x_wconf 72' lang='lat' dir='ltr'><strong>nescire</strong></span> <span class='ocrx_word' id='word_1_246' title='bbox 652 2084 933 2140; x_wconf 90' lang='lat' dir='ltr'><strong>confessus</strong></span> <span class='ocrx_word' id='word_1_247' title='bbox 955 2100 1036 2140; x_wconf 92' lang='lat' dir='ltr'><strong>es.</strong></span> <span class='ocrx_word' id='word_1_248' title='bbox 1059 2084 1244 2154; x_wconf 80' lang='lat' dir='ltr'><strong>Quid?</strong></span> <span class='ocrx_word' id='word_1_249' title='bbox 1277 2086 1515 2156; x_wconf 87' lang='lat' dir='ltr'><strong>inquam.</strong></span> <span class='ocrx_word' id='word_1_250' title='bbox 1543 2086 1770 2153; x_wconf 88' lang='lat' dir='ltr'><strong>Quibus,</strong></span> <span class='ocrx_word' id='word_1_251' title='bbox 1799 2084 1875 2138; x_wconf 91' lang='lat' dir='ltr'><strong>ait</strong></span> <span class='ocrx_word' id='word_1_252' title='bbox 1899 2085 2006 2149; x_wconf 88' lang='lat' dir='ltr'><strong>illa,</strong></span> 
     </span>
    </p>
   </div>
   <div class='ocr_carea' id='block_1_38' title="bbox 421 2178 2007 2250">
    <p class='ocr_par' dir='ltr' id='par_1_38' title="bbox 421 2178 2007 2250">
     <span class='ocr_line' id='line_1_38' title="bbox 421 2178 2007 2250; baseline -0.002 -16"><span class='ocrx_word' id='word_1_253' title='bbox 421 2179 785 2248; x_wconf 68' lang='lat' dir='ltr'><strong>gubernaculis</strong></span> <span class='ocrx_word' id='word_1_254' title='bbox 799 2179 1028 2234; x_wconf 91' lang='lat' dir='ltr'><strong>mundus</strong></span> <span class='ocrx_word' id='word_1_255' title='bbox 1050 2189 1287 2250; x_wconf 89' lang='lat' dir='ltr'><strong>regatur.</strong></span> <span class='ocrx_word' id='word_1_256' title='bbox 1315 2180 1561 2246; x_wconf 87' lang='lat' dir='ltr'><strong>Memini,</strong></span> <span class='ocrx_word' id='word_1_257' title='bbox 1585 2178 1746 2250; x_wconf 62' lang='grc'><strong>246</strong></span> <span class='ocrx_word' id='word_1_258' title='bbox 1766 2178 2007 2248; x_wconf 85' lang='lat' dir='ltr'><strong>inquam,</strong></span> 
     </span>
    </p>
   </div>
   <div class='ocr_carea' id='block_1_39' title="bbox 422 2272 2013 2344">
    <p class='ocr_par' dir='ltr' id='par_1_39' title="bbox 422 2272 2013 2344">
     <span class='ocr_line' id='line_1_39' title="bbox 422 2272 2013 2344; baseline -0.002 -13"><span class='ocrx_word' id='word_1_259' title='bbox 422 2289 498 2331; x_wconf 74' lang='lat' dir='ltr'><strong>Ie</strong></span> <span class='ocrx_word' id='word_1_260' title='bbox 524 2274 795 2330; x_wconf 91' lang='lat' dir='ltr'><strong>inscitiam</strong></span> <span class='ocrx_word' id='word_1_261' title='bbox 826 2291 999 2331; x_wconf 87' lang='lat' dir='ltr'><strong>meam</strong></span> <span class='ocrx_word' id='word_1_262' title='bbox 1033 2275 1202 2331; x_wconf 84' lang='lat' dir='ltr'><strong>fuisse</strong></span> <span class='ocrx_word' id='word_1_263' title='bbox 1240 2276 1578 2336; x_wconf 86' lang='lat' dir='ltr'><strong>confessum;</strong></span> <span class='ocrx_word' id='word_1_264' title='bbox 1607 2274 1703 2330; x_wconf 91' lang='lat' dir='ltr'><strong>sed</strong></span> <span class='ocrx_word' id='word_1_265' title='bbox 1729 2274 1854 2344; x_wconf 91' lang='lat' dir='ltr'><strong>quid</strong></span> <span class='ocrx_word' id='word_1_266' title='bbox 1884 2272 2013 2328; x_wconf 68' lang='lat' dir='ltr'><strong>atie-</strong></span> 
     </span>
    </p>
   </div>
   <div class='ocr_carea' id='block_1_40' title="bbox 423 2367 2013 2439">
    <p class='ocr_par' dir='ltr' id='par_1_40' title="bbox 423 2367 2013 2439">
     <span class='ocr_line' id='line_1_40' title="bbox 423 2367 2013 2439; baseline 0 -18"><span class='ocrx_word' id='word_1_267' title='bbox 423 2381 522 2433; x_wconf 83' lang='lat' dir='ltr'><strong>ras,</strong></span> <span class='ocrx_word' id='word_1_268' title='bbox 554 2367 678 2423; x_wconf 88' lang='lat' dir='ltr'><strong>licet</strong></span> <span class='ocrx_word' id='word_1_269' title='bbox 701 2367 811 2438; x_wconf 89' lang='lat' dir='ltr'><strong>jam</strong></span> <span class='ocrx_word' id='word_1_270' title='bbox 832 2368 1177 2438; x_wconf 88' lang='lat' dir='ltr'><strong>prospiciam,</strong></span> <span class='ocrx_word' id='word_1_271' title='bbox 1210 2369 1423 2439; x_wconf 88' lang='lat' dir='ltr'><strong>planius</strong></span> <span class='ocrx_word' id='word_1_272' title='bbox 1454 2378 1633 2423; x_wconf 89' lang='lat' dir='ltr'><strong>tamen</strong></span> <span class='ocrx_word' id='word_1_273' title='bbox 1658 2383 1725 2423; x_wconf 79' lang='lat' dir='ltr'><strong>ex</strong></span> <span class='ocrx_word' id='word_1_274' title='bbox 1755 2378 1806 2422; x_wconf 91' lang='lat' dir='ltr'><strong>te</strong></span> <span class='ocrx_word' id='word_1_275' title='bbox 1827 2367 2013 2421; x_wconf 91' lang='lat' dir='ltr'><strong>audire</strong></span> 
     </span>
    </p>
   </div>
   <div class='ocr_carea' id='block_1_41' title="bbox 424 2458 2010 2535">
    <p class='ocr_par' dir='ltr' id='par_1_41' title="bbox 424 2458 2010 2535">
     <span class='ocr_line' id='line_1_41' title="bbox 424 2458 2010 2535; baseline -0.003 -16"><span class='ocrx_word' id='word_1_276' title='bbox 424 2462 680 2520; x_wconf 61' lang='lat' dir='ltr'><strong>desidero.</strong></span> <span class='ocrx_word' id='word_1_277' title='bbox 720 2461 973 2519; x_wconf 78' lang='lat' dir='ltr'><strong>Mundam</strong></span> <span class='ocrx_word' id='word_1_278' title='bbox 1005 2462 1172 2531; x_wconf 92' lang='lat' dir='ltr'><strong>hunc,</strong></span> <span class='ocrx_word' id='word_1_279' title='bbox 1209 2464 1406 2535; x_wconf 89' lang='lat' dir='ltr'><strong>inquit,</strong></span> <span class='ocrx_word' id='word_1_280' title='bbox 1456 2479 1485 2517; x_wconf 88' lang='lat' dir='ltr'><strong>a</strong></span> <span class='ocrx_word' id='word_1_281' title='bbox 1535 2462 1646 2519; x_wconf 91' lang='lat' dir='ltr'><strong>Deo</strong></span> <span class='ocrx_word' id='word_1_282' title='bbox 1695 2458 1823 2533; x_wconf 89' lang='lat' dir='ltr'><strong>regi</strong></span> <span class='ocrx_word' id='word_1_283' title='bbox 1850 2460 2010 2531; x_wconf 85' lang='lat' dir='ltr'><strong>paulo</strong></span> 
     </span>
    </p>
   </div>
   <div class='ocr_carea' id='block_1_42' title="bbox 2118 1895 3726 1970">
    <p class='ocr_par' dir='ltr' id='par_1_42' title="bbox 2118 1895 3726 1970">
     <span class='ocr_line' id='line_1_42' title="bbox 2118 1895 3726 1970; baseline 0.003 -19"><span class='ocrx_word' id='word_1_284' title='bbox 2118 1904 2175 1951; x_wconf 92' lang='lat' dir='ltr'><strong>ut</strong></span> <span class='ocrx_word' id='word_1_285' title='bbox 2204 1895 2472 1951; x_wconf 77' lang='lat' dir='ltr'><strong>felicitatis</strong></span> <span class='ocrx_word' id='word_1_286' title='bbox 2519 1912 2761 1968; x_wconf 86' lang='lat' dir='ltr'><strong>compos,</strong></span> <span class='ocrx_word' id='word_1_287' title='bbox 2809 1899 3039 1967; x_wconf 91' lang='lat' dir='ltr'><strong>patriam</strong></span> <span class='ocrx_word' id='word_1_288' title='bbox 3075 1910 3097 1937; x_wconf 72' lang='grc' dir='ltr'><strong>ο</strong></span> <span class='ocrx_word' id='word_1_289' title='bbox 3122 1914 3310 1970; x_wconf 88' lang='lat' dir='ltr'><strong>sospes</strong></span> <span class='ocrx_word' id='word_1_290' title='bbox 3340 1902 3547 1956; x_wconf 82' lang='lat' dir='ltr'><strong>revisas</strong></span> <span class='ocrx_word' id='word_1_291' title='bbox 3584 1900 3726 1956; x_wconf 91' lang='lat' dir='ltr'><strong>:sed</strong></span> 
     </span>
    </p>
   </div>
   <div class='ocr_carea' id='block_1_43' title="bbox 2118 1990 3727 2067">
    <p class='ocr_par' dir='ltr' id='par_1_43' title="bbox 2118 1990 3727 2067">
     <span class='ocr_line' id='line_1_43' title="bbox 2118 1990 3727 2067; baseline 0.002 -22"><span class='ocrx_word' id='word_1_292' title='bbox 2118 2006 2237 2060; x_wconf 70' lang='lat' dir='ltr'><strong>qua:</strong></span> <span class='ocrx_word' id='word_1_293' title='bbox 2264 1990 2667 2060; x_wconf 82' lang='lat' dir='ltr'><strong>proposuimus,</strong></span> <span class='ocrx_word' id='word_1_294' title='bbox 2692 1992 3017 2047; x_wconf 88' lang='lat' dir='ltr'><strong>intueamur.</strong></span> <span class='ocrx_word' id='word_1_295' title='bbox 3047 1992 3069 2023; x_wconf 64' lang='grc'>⁵</span> <span class='ocrx_word' id='word_1_296' title='bbox 3098 1993 3288 2067; x_wconf 78' lang='lat' dir='ltr'><strong>Nonne</strong></span> <span class='ocrx_word' id='word_1_297' title='bbox 3309 1994 3361 2049; x_wconf 89' lang='lat' dir='ltr'><strong>in</strong></span> <span class='ocrx_word' id='word_1_298' title='bbox 3393 1993 3727 2050; x_wconf 80' lang='lat' dir='ltr'><strong>beatitudine</strong></span> 
     </span>
    </p>
   </div>
   <div class='ocr_carea' id='block_1_44' title="bbox 2120 2084 3725 2160">
    <p class='ocr_par' dir='ltr' id='par_1_44' title="bbox 2120 2084 3725 2160">
     <span class='ocr_line' id='line_1_44' title="bbox 2120 2084 3725 2160; baseline 0.003 -21"><span class='ocrx_word' id='word_1_299' title='bbox 2120 2084 2498 2141; x_wconf 76' lang='lat' dir='ltr'><strong>sufficientiam</strong></span> <span class='ocrx_word' id='word_1_300' title='bbox 2543 2089 2967 2154; x_wconf 87' lang='lat' dir='ltr'><strong>numeravimus,</strong></span> <span class='ocrx_word' id='word_1_301' title='bbox 3014 2088 3293 2160; x_wconf 90' lang='lat' dir='ltr'><strong>Deumque</strong></span> <span class='ocrx_word' id='word_1_302' title='bbox 3336 2088 3725 2144; x_wconf 85' lang='lat' dir='ltr'><strong>beatitudinem</strong></span> 
     </span>
    </p>
   </div>
   <div class='ocr_carea' id='block_1_45' title="bbox 2122 2178 3768 2251">
    <p class='ocr_par' dir='ltr' id='par_1_45' title="bbox 2122 2178 3768 2251">
     <span class='ocr_line' id='line_1_45' title="bbox 2122 2178 3768 2251; baseline 0.002 -19"><span class='ocrx_word' id='word_1_303' title='bbox 2122 2178 2291 2249; x_wconf 87' lang='lat' dir='ltr'><strong>ipsam</strong></span> <span class='ocrx_word' id='word_1_304' title='bbox 2319 2192 2440 2233; x_wconf 91' lang='lat' dir='ltr'><strong>esse</strong></span> <span class='ocrx_word' id='word_1_305' title='bbox 2464 2178 2835 2234; x_wconf 89' lang='lat' dir='ltr'><strong>concessimus</strong></span> <span class='ocrx_word' id='word_1_306' title='bbox 2854 2180 2980 2251; x_wconf 85' lang='lat' dir='ltr'><strong>?_lta</strong></span> <span class='ocrx_word' id='word_1_307' title='bbox 3002 2180 3245 2250; x_wconf 90' lang='lat' dir='ltr'><strong>quidem.</strong></span> <span class='ocrx_word' id='word_1_308' title='bbox 3270 2180 3339 2236; x_wconf 85' lang='lat' dir='ltr'><strong>Et</strong></span> <span class='ocrx_word' id='word_1_309' title='bbox 3364 2180 3432 2235; x_wconf 86' lang='lat' dir='ltr'><strong>ad</strong></span> <span class='ocrx_word' id='word_1_310' title='bbox 3463 2181 3723 2236; x_wconf 84' lang='lat' dir='ltr'><strong>mundum</strong></span> <span class='ocrx_word' id='word_1_311' title='bbox 3754 2237 3768 2250; x_wconf 68' lang='grc'><strong>,</strong></span> 
     </span>
    </p>
   </div>
   <div class='ocr_carea' id='block_1_46' title="bbox 2122 2270 3728 2341">
    <p class='ocr_par' dir='ltr' id='par_1_46' title="bbox 2122 2270 3728 2341">
     <span class='ocr_line' id='line_1_46' title="bbox 2122 2270 3728 2341; baseline 0.002 -17"><span class='ocrx_word' id='word_1_312' title='bbox 2122 2270 2303 2340; x_wconf 81' lang='lat' dir='ltr'><strong>igitur,</strong></span> <span class='ocrx_word' id='word_1_313' title='bbox 2337 2270 2526 2340; x_wconf 90' lang='lat' dir='ltr'><strong>inquit,</strong></span> <span class='ocrx_word' id='word_1_314' title='bbox 2569 2270 2866 2341; x_wconf 86' lang='lat' dir='ltr'><strong>regendum</strong></span> <span class='ocrx_word' id='word_1_315' title='bbox 2909 2273 3070 2328; x_wconf 90' lang='lat' dir='ltr'><strong>nullis</strong></span> <span class='ocrx_word' id='word_1_316' title='bbox 3116 2274 3453 2330; x_wconf 82' lang='lat' dir='ltr'><strong>extrinsecus</strong></span> <span class='ocrx_word' id='word_1_317' title='bbox 3480 2274 3728 2329; x_wconf 79' lang='lat' dir='ltr'><strong>admini-</strong></span> 
     </span>
    </p>
   </div>
   <div class='ocr_carea' id='block_1_47' title="bbox 2120 2363 3729 2439">
    <p class='ocr_par' dir='ltr' id='par_1_47' title="bbox 2120 2363 3729 2439">
     <span class='ocr_line' id='line_1_47' title="bbox 2120 2363 3729 2439; baseline 0.004 -21"><span class='ocrx_word' id='word_1_318' title='bbox 2120 2363 2258 2418; x_wconf 91' lang='lat' dir='ltr'><strong>culis</strong></span> <span class='ocrx_word' id='word_1_319' title='bbox 2287 2363 2590 2434; x_wconf 78' lang='lat' dir='ltr'><strong>indigebit:</strong></span> <span class='ocrx_word' id='word_1_320' title='bbox 2641 2364 2875 2433; x_wconf 87' lang='lat' dir='ltr'><strong>alioquin</strong></span> <span class='ocrx_word' id='word_1_321' title='bbox 2922 2366 2969 2420; x_wconf 91' lang='lat' dir='ltr'><strong>si</strong></span> <span class='ocrx_word' id='word_1_322' title='bbox 2990 2380 3095 2437; x_wconf 91' lang='lat' dir='ltr'><strong>quo</strong></span> <span class='ocrx_word' id='word_1_323' title='bbox 3139 2377 3316 2439; x_wconf 89' lang='lat' dir='ltr'><strong>egeat,</strong></span> <span class='ocrx_word' id='word_1_324' title='bbox 3366 2369 3577 2439; x_wconf 89' lang='lat' dir='ltr'><strong>plenam</strong></span> <span class='ocrx_word' id='word_1_325' title='bbox 3609 2366 3729 2439; x_wconf 71' lang='grc'><strong>(20)</strong></span> 
     </span>
    </p>
   </div>
   <div class='ocr_carea' id='block_1_48' title="bbox 2120 2457 3729 2534">
    <p class='ocr_par' dir='ltr' id='par_1_48' title="bbox 2120 2457 3729 2534">
     <span class='ocr_line' id='line_1_48' title="bbox 2120 2457 3729 2534; baseline 0.005 -21"><span class='ocrx_word' id='word_1_326' title='bbox 2120 2457 2496 2514; x_wconf 78' lang='lat' dir='ltr'><strong>sufﬁcientiam</strong></span> <span class='ocrx_word' id='word_1_327' title='bbox 2522 2474 2628 2514; x_wconf 93' lang='lat' dir='ltr'><strong>non</strong></span> <span class='ocrx_word' id='word_1_328' title='bbox 2658 2459 2896 2517; x_wconf 84' lang='lat' dir='ltr'><strong>habebit.</strong></span> <span class='ocrx_word' id='word_1_329' title='bbox 2922 2459 3000 2530; x_wconf 92' lang='lat' dir='ltr'><strong>ld,</strong></span> <span class='ocrx_word' id='word_1_330' title='bbox 3029 2462 3269 2534; x_wconf 87' lang='lat' dir='ltr'><strong>inquam,</strong></span> <span class='ocrx_word' id='word_1_331' title='bbox 3311 2466 3380 2519; x_wconf 88' lang='lat' dir='ltr'><strong>ita</strong></span> <span class='ocrx_word' id='word_1_332' title='bbox 3430 2473 3514 2521; x_wconf 92' lang='lat' dir='ltr'><strong>est</strong></span> <span class='ocrx_word' id='word_1_333' title='bbox 3538 2477 3729 2521; x_wconf 78' lang='lat' dir='ltr'><strong>neces~</strong></span> 
     </span>
    </p>
   </div>
   <div class='ocr_carea' id='block_1_49' title="bbox 1802 2578 2377 2637">
    <p class='ocr_par' dir='ltr' id='par_1_49' title="bbox 1802 2578 2377 2637">
     <span class='ocr_line' id='line_1_49' title="bbox 1802 2578 2377 2637; baseline -0.002 0"><span class='ocrx_word' id='word_1_334' title='bbox 1802 2578 2377 2637; x_wconf 79' lang='lat' dir='ltr'><strong>INTERPRETATIO.</strong></span> 
     </span>
    </p>
   </div>
   <div class='ocr_carea' id='block_1_50' title="bbox 425 2696 2012 2770">
    <p class='ocr_par' dir='ltr' id='par_1_50' title="bbox 425 2696 2012 2770">
     <span class='ocr_line' id='line_1_50' title="bbox 425 2696 2012 2770; baseline 0.003 -21"><span class='ocrx_word' id='word_1_335' title='bbox 425 2700 657 2770; x_wconf 74' lang='lat' dir='ltr'><strong>terrogatt</strong></span> <span class='ocrx_word' id='word_1_336' title='bbox 683 2696 1218 2770; x_wconf 79' lang='lat' dir='ltr'><strong>recteresponderetts</strong></span> <span class='ocrx_word' id='word_1_337' title='bbox 1241 2699 1448 2770; x_wconf 82' lang='lat' dir='ltr'><strong>proprio</strong></span> <span class='ocrx_word' id='word_1_338' title='bbox 1479 2707 1662 2770; x_wconf 85' lang='lat' dir='ltr'><strong>marte,</strong></span> <span class='ocrx_word' id='word_1_339' title='bbox 1708 2699 1807 2753; x_wconf 80' lang='lat' dir='ltr'><strong>nisi</strong></span> <span class='ocrx_word' id='word_1_340' title='bbox 1851 2700 2012 2770; x_wconf 79' lang='lat' dir='ltr'><strong>fontes</strong></span> 
     </span>
    </p>
   </div>
   <div class='ocr_carea' id='block_1_51' title="bbox 428 2765 2021 2841">
    <p class='ocr_par' dir='ltr' id='par_1_51' title="bbox 428 2765 2021 2841">
     <span class='ocr_line' id='line_1_51' title="bbox 428 2765 2021 2841; baseline 0.004 -24"><span class='ocrx_word' id='word_1_341' title='bbox 428 2765 656 2841; x_wconf 57' lang='lat' dir='ltr'><strong>[eritatis</strong></span> <span class='ocrx_word' id='word_1_342' title='bbox 676 2769 833 2841; x_wconf 80' lang='lat' dir='ltr'><strong>menti</strong></span> <span class='ocrx_word' id='word_1_343' title='bbox 853 2765 1129 2839; x_wconf 70' lang='lat' dir='ltr'><strong>profunda:</strong></span> <span class='ocrx_word' id='word_1_344' title='bbox 1150 2765 1595 2841; x_wconf 49' lang='lat' dir='ltr'><strong>insitus&#39;vigeret?’</strong></span> <span class='ocrx_word' id='word_1_345' title='bbox 1620 2771 1770 2837; x_wconf 84' lang='lat' dir='ltr'><strong>Quod</strong></span> <span class='ocrx_word' id='word_1_346' title='bbox 1801 2765 2021 2824; x_wconf 48' lang='lat' dir='ltr'><strong>si&#39;Musa</strong></span> 
     </span>
    </p>
   </div>
   <div class='ocr_carea' id='block_1_52' title="bbox 428 2836 2018 2911">
    <p class='ocr_par' dir='ltr' id='par_1_52' title="bbox 428 2836 2018 2911">
     <span class='ocr_line' id='line_1_52' title="bbox 428 2836 2018 2911; baseline 0.003 -21"><span class='ocrx_word' id='word_1_347' title='bbox 428 2836 655 2891; x_wconf 89' lang='lat' dir='ltr'><strong>Platonis</strong></span> <span class='ocrx_word' id='word_1_348' title='bbox 682 2839 805 2892; x_wconf 82' lang='lat' dir='ltr'><strong>dicit</strong></span> <span class='ocrx_word' id='word_1_349' title='bbox 826 2836 1029 2911; x_wconf 74' lang='lat' dir='ltr'><strong>verum;</strong></span> <span class='ocrx_word' id='word_1_350' title='bbox 1053 2842 1189 2909; x_wconf 87' lang='lat' dir='ltr'><strong>quod</strong></span> <span class='ocrx_word' id='word_1_351' title='bbox 1204 2836 1551 2911; x_wconf 74' lang='lat' dir='ltr'><strong>unusquisque</strong></span> <span class='ocrx_word' id='word_1_352' title='bbox 1579 2836 1823 2905; x_wconf 23' lang='lat' dir='ltr'><strong>ad’discit,</strong></span> <span class='ocrx_word' id='word_1_353' title='bbox 1853 2841 2018 2911; x_wconf 82' lang='lat' dir='ltr'><strong>hujus</strong></span> 
     </span>
    </p>
   </div>
   <div class='ocr_carea' id='block_1_53' title="bbox 426 2909 1137 2965">
    <p class='ocr_par' dir='ltr' id='par_1_53' title="bbox 426 2909 1137 2965">
     <span class='ocr_line' id='line_1_53' title="bbox 426 2909 1137 2965; baseline 0.004 -3"><span class='ocrx_word' id='word_1_354' title='bbox 426 2912 758 2964; x_wconf 85' lang='lat' dir='ltr'><strong>reminiscitur</strong></span> <span class='ocrx_word' id='word_1_355' title='bbox 778 2922 903 2965; x_wconf 88' lang='lat' dir='ltr'><strong>ante</strong></span> <span class='ocrx_word' id='word_1_356' title='bbox 928 2909 1137 2965; x_wconf 78' lang='lat' dir='ltr'><strong>oblitus.</strong></span> 
     </span>
    </p>
   </div>
   <div class='ocr_carea' id='block_1_54' title="bbox 2199 2700 3237 2774">
    <p class='ocr_par' dir='ltr' id='par_1_54' title="bbox 2199 2700 3237 2774">
     <span class='ocr_line' id='line_1_54' title="bbox 2199 2700 3237 2774; baseline 0.009 -22"><span class='ocrx_word' id='word_1_357' title='bbox 2199 2709 2225 2774; x_wconf 63' lang='grc' dir='ltr'><strong>ξι</strong></span> <span class='ocrx_word' id='word_1_358' title='bbox 2252 2700 2427 2774; x_wconf 67' lang='lat' dir='ltr'><strong>Qitato</strong></span> <span class='ocrx_word' id='word_1_359' title='bbox 2455 2717 2611 2756; x_wconf 89' lang='lat' dir='ltr'><strong>versu</strong></span> <span class='ocrx_word' id='word_1_360' title='bbox 2638 2702 2708 2759; x_wconf 72' lang='lat'><strong>15</strong></span> <span class='ocrx_word' id='word_1_361' title='bbox 2736 2703 2891 2758; x_wconf 88' lang='lat' dir='ltr'><strong>metri</strong></span> <span class='ocrx_word' id='word_1_362' title='bbox 2918 2705 3237 2774; x_wconf 85' lang='lat' dir='ltr'><strong>superioris.</strong></span> 
     </span>
    </p>
   </div>
   <div class='ocr_carea' id='block_1_55' title="bbox 2201 2770 3441 2834">
    <p class='ocr_par' dir='ltr' id='par_1_55' title="bbox 2201 2770 3441 2834">
     <span class='ocr_line' id='line_1_55' title="bbox 2201 2770 3441 2834; baseline 0.01 -12"><span class='ocrx_word' id='word_1_363' title='bbox 2201 2770 2227 2807; x_wconf 71' lang='grc' dir='ltr'>δ</span> <span class='ocrx_word' id='word_1_364' title='bbox 2259 2770 2388 2825; x_wconf 63' lang='lat' dir='ltr'><strong>Haec</strong></span> <span class='ocrx_word' id='word_1_365' title='bbox 2408 2773 2594 2827; x_wconf 88' lang='lat' dir='ltr'><strong>iterum</strong></span> <span class='ocrx_word' id='word_1_366' title='bbox 2627 2775 2681 2827; x_wconf 88' lang='lat' dir='ltr'><strong>in</strong></span> <span class='ocrx_word' id='word_1_367' title='bbox 2700 2790 2866 2830; x_wconf 90' lang='lat' dir='ltr'><strong>meam</strong></span> <span class='ocrx_word' id='word_1_368' title='bbox 2895 2770 3193 2831; x_wconf 73' lang='lat' dir='ltr'><strong>nwinoriam</strong></span> <span class='ocrx_word' id='word_1_369' title='bbox 3215 2794 3441 2834; x_wconf 80' lang='lat' dir='ltr'><strong>revocas.</strong></span> 
     </span>
    </p>
   </div>
   <div class='ocr_carea' id='block_1_56' title="bbox 2205 2818 3693 2899">
    <p class='ocr_par' dir='ltr' id='par_1_56' title="bbox 2205 2818 3693 2899">
     <span class='ocr_line' id='line_1_56' title="bbox 2205 2818 3693 2899; baseline 0.005 -5"><span class='ocrx_word' id='word_1_370' title='bbox 2205 2852 2227 2879; x_wconf 71' lang='grc' dir='ltr'><strong>π</strong></span> <span class='ocrx_word' id='word_1_371' title='bbox 2261 2840 2566 2899; x_wconf 81' lang='lat' dir='ltr'><strong>Incolumis.</strong></span> 
     </span>
    </p>
   </div>
   <div class='ocr_carea' id='block_1_57' title="bbox 1955 3028 2186 3086">
    <p class='ocr_par' dir='ltr' id='par_1_57' title="bbox 1955 3028 2186 3086">
     <span class='ocr_line' id='line_1_57' title="bbox 1955 3028 2186 3086; baseline 0 -3"><span class='ocrx_word' id='word_1_372' title='bbox 1955 3028 2186 3086; x_wconf 70' lang='lat' dir='ltr'><strong>NOTA&#39;S.</strong></span> 
     </span>
    </p>
   </div>
   <div class='ocr_carea' id='block_1_58' title="bbox 431 3144 2007 3217">
    <p class='ocr_par' dir='ltr' id='par_1_58' title="bbox 431 3144 2007 3217">
     <span class='ocr_line' id='line_1_58' title="bbox 431 3144 2007 3217; baseline 0.001 -17"><span class='ocrx_word' id='word_1_373' title='bbox 431 3146 565 3200; x_wconf 81' lang='lat' dir='ltr'><strong>nitus</strong></span> <span class='ocrx_word' id='word_1_374' title='bbox 604 3144 932 3213; x_wconf 87' lang='lat' dir='ltr'><strong>accepimus,</strong></span> <span class='ocrx_word' id='word_1_375' title='bbox 963 3146 1031 3201; x_wconf 89' lang='lat' dir='ltr'><strong>ab</strong></span> <span class='ocrx_word' id='word_1_376' title='bbox 1069 3162 1137 3202; x_wconf 89' lang='lat' dir='ltr'><strong>eo</strong></span> <span class='ocrx_word' id='word_1_377' title='bbox 1167 3158 1220 3203; x_wconf 92' lang='lat' dir='ltr'><strong>et</strong></span> <span class='ocrx_word' id='word_1_378' title='bbox 1248 3148 1317 3203; x_wconf 89' lang='lat' dir='ltr'><strong>de</strong></span> <span class='ocrx_word' id='word_1_379' title='bbox 1346 3163 1411 3204; x_wconf 93' lang='lat' dir='ltr'><strong>eo</strong></span> <span class='ocrx_word' id='word_1_380' title='bbox 1441 3148 1578 3217; x_wconf 82' lang='lat' dir='ltr'><strong>quod</strong></span> <span class='ocrx_word' id='word_1_381' title='bbox 1594 3158 1704 3211; x_wconf 87' lang='lat' dir='ltr'><strong>est;</strong></span> <span class='ocrx_word' id='word_1_382' title='bbox 1753 3146 2007 3202; x_wconf 90' lang='lat' dir='ltr'><strong>nimirum</strong></span> 
     </span>
    </p>
   </div>
   <div class='ocr_carea' id='block_1_59' title="bbox 432 3217 2019 3285">
    <p class='ocr_par' dir='ltr' id='par_1_59' title="bbox 432 3217 2019 3285">
     <span class='ocr_line' id='line_1_59' title="bbox 432 3217 2019 3285; baseline 0.001 -15"><span class='ocrx_word' id='word_1_383' title='bbox 432 3217 571 3271; x_wconf 88' lang='lat' dir='ltr'><strong>Deo:</strong></span> <span class='ocrx_word' id='word_1_384' title='bbox 608 3217 731 3271; x_wconf 89' lang='lat' dir='ltr'><strong>hinc</strong></span> <span class='ocrx_word' id='word_1_385' title='bbox 757 3233 928 3271; x_wconf 83' lang='lat' dir='ltr'><strong>verum</strong></span> <span class='ocrx_word' id='word_1_386' title='bbox 951 3218 1210 3285; x_wconf 88' lang='lat' dir='ltr'><strong>judicium</strong></span> <span class='ocrx_word' id='word_1_387' title='bbox 1242 3222 1491 3274; x_wconf 75' lang='lat' dir='ltr'><strong>excitatur</strong></span> <span class='ocrx_word' id='word_1_388' title='bbox 1516 3220 1791 3273; x_wconf 77' lang='lat' dir='ltr'><strong>uentilante</strong></span> <span class='ocrx_word' id='word_1_389' title='bbox 1822 3220 2019 3273; x_wconf 85' lang='lat' dir='ltr'><strong>doctri-</strong></span> 
     </span>
    </p>
   </div>
   <div class='ocr_carea' id='block_1_60' title="bbox 2122 3145 3731 3217">
    <p class='ocr_par' dir='ltr' id='par_1_60' title="bbox 2122 3145 3731 3217">
     <span class='ocr_line' id='line_1_60' title="bbox 2122 3145 3731 3217; baseline 0.004 -16"><span class='ocrx_word' id='word_1_390' title='bbox 2122 3145 2343 3202; x_wconf 90' lang='lat' dir='ltr'><strong>easdem</strong></span> <span class='ocrx_word' id='word_1_391' title='bbox 2373 3155 2583 3202; x_wconf 82' lang='lat' dir='ltr'><strong>mentes</strong></span> <span class='ocrx_word' id='word_1_392' title='bbox 2613 3156 2830 3217; x_wconf 90' lang='lat' dir='ltr'><strong>propter</strong></span> <span class='ocrx_word' id='word_1_393' title='bbox 2853 3162 3007 3201; x_wconf 90' lang='lat' dir='ltr'><strong>suum</strong></span> <span class='ocrx_word' id='word_1_394' title='bbox 3042 3161 3162 3203; x_wconf 88' lang='lat' dir='ltr'><strong>cum</strong></span> <span class='ocrx_word' id='word_1_395' title='bbox 3196 3164 3423 3215; x_wconf 86' lang='lat' dir='ltr'><strong>corpore</strong></span> <span class='ocrx_word' id='word_1_396' title='bbox 3455 3165 3731 3207; x_wconf 82' lang='lat' dir='ltr'><strong>commer—</strong></span> 
     </span>
    </p>
   </div>
   <div class='ocr_carea' id='block_1_61' title="bbox 2130 3217 3731 3286">
    <p class='ocr_par' dir='ltr' id='par_1_61' title="bbox 2130 3217 3731 3286">
     <span class='ocr_line' id='line_1_61' title="bbox 2130 3217 3731 3286; baseline 0.006 -15"><span class='ocrx_word' id='word_1_397' title='bbox 2130 3220 2269 3272; x_wconf 92' lang='lat' dir='ltr'><strong>cium</strong></span> <span class='ocrx_word' id='word_1_398' title='bbox 2310 3218 2594 3281; x_wconf 60' lang='lat' dir='ltr'><strong>praeteritae</strong></span> <span class='ocrx_word' id='word_1_399' title='bbox 2645 3233 2756 3271; x_wconf 77' lang='lat' dir='ltr'><strong>sure</strong></span> <span class='ocrx_word' id='word_1_400' title='bbox 2788 3217 3047 3273; x_wconf 78' lang='lat' dir='ltr'><strong>doctrina:</strong></span> <span class='ocrx_word' id='word_1_401' title='bbox 3099 3220 3292 3274; x_wconf 85' lang='lat' dir='ltr'><strong>oblitas</strong></span> <span class='ocrx_word' id='word_1_402' title='bbox 3323 3220 3506 3286; x_wconf 88' lang='lat' dir='ltr'><strong>fuisse,</strong></span> <span class='ocrx_word' id='word_1_403' title='bbox 3559 3223 3731 3281; x_wconf 90' lang='lat' dir='ltr'><strong>donec</strong></span> 
     </span>
    </p>
   </div>
   <div class='ocr_carea' id='block_1_62' title="bbox 432 3289 3733 3362">
    <p class='ocr_par' dir='ltr' id='par_1_62' title="bbox 432 3289 3733 3362">
     <span class='ocr_line' id='line_1_62' title="bbox 432 3289 3733 3362; baseline 0.002 -21"><span class='ocrx_word' id='word_1_404' title='bbox 432 3307 518 3362; x_wconf 82' lang='lat' dir='ltr'><strong>na,</strong></span> <span class='ocrx_word' id='word_1_405' title='bbox 544 3298 830 3362; x_wconf 84' lang='lat' dir='ltr'><strong>quatenus,</strong></span> <span class='ocrx_word' id='word_1_406' title='bbox 850 3289 1101 3357; x_wconf 77' lang='lat' dir='ltr'><strong>Magistro</strong></span> <span class='ocrx_word' id='word_1_407' title='bbox 1124 3293 1658 3362; x_wconf 87' lang='lat' dir='ltr'><strong>monente,naturale</strong></span> <span class='ocrx_word' id='word_1_408' title='bbox 1682 3291 1807 3344; x_wconf 90' lang='lat' dir='ltr'><strong>illud</strong></span> <span class='ocrx_word' id='word_1_409' title='bbox 1843 3292 2023 3345; x_wconf 90' lang='lat' dir='ltr'><strong>lumen</strong></span> <span class='ocrx_word' id='word_1_410' title='bbox 2054 3289 2101 3353; x_wconf 90' lang='lat' dir='ltr'><strong><em>C</em></strong></span> <span class='ocrx_word' id='word_1_411' title='bbox 2132 3306 2231 3345; x_wconf 91' lang='lat' dir='ltr'><strong>suo</strong></span> <span class='ocrx_word' id='word_1_412' title='bbox 2255 3289 2749 3362; x_wconf 84' lang='lat' dir='ltr'><strong>magistrorumque</strong></span> <span class='ocrx_word' id='word_1_413' title='bbox 2791 3290 2973 3344; x_wconf 86' lang='lat' dir='ltr'><strong>labore</strong></span> <span class='ocrx_word' id='word_1_414' title='bbox 3030 3290 3299 3346; x_wconf 84' lang='lat' dir='ltr'><strong>discentes</strong></span> <span class='ocrx_word' id='word_1_415' title='bbox 3348 3294 3580 3362; x_wconf 65' lang='lat' dir='ltr'><strong>antiquae</strong></span> <span class='ocrx_word' id='word_1_416' title='bbox 3621 3312 3733 3352; x_wconf 75' lang='lat' dir='ltr'><strong>sua:</strong></span> 
     </span>
    </p>
   </div>
   <div class='ocr_carea' id='block_1_63' title="bbox 431 3360 2025 3432">
    <p class='ocr_par' dir='ltr' id='par_1_63' title="bbox 431 3360 2025 3432">
     <span class='ocr_line' id='line_1_63' title="bbox 431 3360 2025 3432; baseline 0.003 -21"><span class='ocrx_word' id='word_1_417' title='bbox 431 3360 595 3432; x_wconf 77' lang='lat' dir='ltr'><strong>instar</strong></span> <span class='ocrx_word' id='word_1_418' title='bbox 622 3360 758 3428; x_wconf 85' lang='lat' dir='ltr'><strong>ignis</strong></span> <span class='ocrx_word' id='word_1_419' title='bbox 786 3376 913 3432; x_wconf 79' lang='lat' dir='ltr'><strong>aura</strong></span> <span class='ocrx_word' id='word_1_420' title='bbox 941 3361 1216 3432; x_wconf 87' lang='lat' dir='ltr'><strong>commoti,</strong></span> <span class='ocrx_word' id='word_1_421' title='bbox 1244 3362 1401 3429; x_wconf 89' lang='lat' dir='ltr'><strong>paulo</strong></span> <span class='ocrx_word' id='word_1_422' title='bbox 1426 3362 1635 3432; x_wconf 78' lang='lat' dir='ltr'><strong>longius</strong></span> <span class='ocrx_word' id='word_1_423' title='bbox 1682 3362 2025 3417; x_wconf 80' lang='lat' dir='ltr'><strong>difl&#39;unditur.</strong></span> 
     </span>
    </p>
   </div>
   <div class='ocr_carea' id='block_1_64' title="bbox 432 3430 2029 3495">
    <p class='ocr_par' dir='ltr' id='par_1_64' title="bbox 432 3430 2029 3495">
     <span class='ocr_line' id='line_1_64' title="bbox 432 3430 2029 3495; baseline 0.002 -11"><span class='ocrx_word' id='word_1_424' title='bbox 432 3430 630 3485; x_wconf 79' lang='lat' dir='ltr'><strong>Seneca</strong></span> <span class='ocrx_word' id='word_1_425' title='bbox 659 3447 746 3495; x_wconf 86' lang='lat' dir='ltr'><strong>ep.</strong></span> <span class='ocrx_word' id='word_1_426' title='bbox 777 3430 847 3484; x_wconf 77' lang='grc'><strong>94</strong></span> <span class='ocrx_word' id='word_1_427' title='bbox 878 3448 894 3486; x_wconf 87' lang='lat'><strong>:</strong></span> <span class='ocrx_word' id='word_1_428' title='bbox 933 3431 1180 3485; x_wconf 82' lang='lat' dir='ltr'><strong>Omnium</strong></span> <span class='ocrx_word' id='word_1_429' title='bbox 1202 3434 1339 3486; x_wconf 89' lang='lat' dir='ltr'><strong>enim</strong></span> <span class='ocrx_word' id='word_1_430' title='bbox 1386 3430 1713 3488; x_wconf 84' lang='lat' dir='ltr'><strong>honestarum</strong></span> <span class='ocrx_word' id='word_1_431' title='bbox 1759 3450 1928 3487; x_wconf 89' lang='lat' dir='ltr'><strong>rerum</strong></span> <span class='ocrx_word' id='word_1_432' title='bbox 1952 3450 2029 3487; x_wconf 89' lang='lat' dir='ltr'><strong>se-</strong></span> 
     </span>
    </p>
   </div>
   <div class='ocr_carea' id='block_1_65' title="bbox 433 3502 2029 3575">
    <p class='ocr_par' dir='ltr' id='par_1_65' title="bbox 433 3502 2029 3575">
     <span class='ocr_line' id='line_1_65' title="bbox 433 3502 2029 3575; baseline 0.004 -24"><span class='ocrx_word' id='word_1_433' title='bbox 433 3502 569 3575; x_wconf 71' lang='lat' dir='ltr'><strong>mina</strong></span> <span class='ocrx_word' id='word_1_434' title='bbox 591 3502 751 3555; x_wconf 85' lang='lat' dir='ltr'><strong>animi</strong></span> <span class='ocrx_word' id='word_1_435' title='bbox 790 3511 1013 3575; x_wconf 56' lang='lat' dir='ltr'><strong>gerunt,</strong></span> <span class='ocrx_word' id='word_1_436' title='bbox 1045 3520 1160 3575; x_wconf 74' lang='lat' dir='ltr'><strong>qua:</strong></span> <span class='ocrx_word' id='word_1_437' title='bbox 1200 3505 1553 3558; x_wconf 84' lang='lat' dir='ltr'><strong>admonitione</strong></span> <span class='ocrx_word' id='word_1_438' title='bbox 1584 3506 1893 3566; x_wconf 74' lang='lat' dir='ltr'><strong>excitantur,</strong></span> <span class='ocrx_word' id='word_1_439' title='bbox 1923 3522 2029 3557; x_wconf 84' lang='lat' dir='ltr'><strong>non</strong></span> 
     </span>
    </p>
   </div>
   <div class='ocr_carea' id='block_1_66' title="bbox 433 3572 2032 3697">
    <p class='ocr_par' dir='ltr' id='par_1_66' title="bbox 433 3572 2032 3697">
     <span class='ocr_line' id='line_1_66' title="bbox 433 3572 2032 3697; baseline 0.002 -72"><span class='ocrx_word' id='word_1_440' title='bbox 433 3573 578 3697; x_wconf 48' lang='lat' dir='ltr'><strong>alitir</strong></span> <span class='ocrx_word' id='word_1_441' title='bbox 624 3590 776 3643; x_wconf 80' lang='lat' dir='ltr'><strong>quant</strong></span> <span class='ocrx_word' id='word_1_442' title='bbox 824 3572 1067 3628; x_wconf 73' lang='lat' dir='ltr'><strong>scintilla</strong></span> <span class='ocrx_word' id='word_1_443' title='bbox 1100 3576 1228 3644; x_wconf 85' lang='lat' dir='ltr'><strong>ﬂatu</strong></span> <span class='ocrx_word' id='word_1_444' title='bbox 1276 3576 1370 3630; x_wconf 83' lang='lat' dir='ltr'><strong>levi</strong></span> <span class='ocrx_word' id='word_1_445' title='bbox 1413 3578 1596 3647; x_wconf 85' lang='lat' dir='ltr'><strong>adjuta</strong></span> <span class='ocrx_word' id='word_1_446' title='bbox 1644 3578 1813 3647; x_wconf 86' lang='lat' dir='ltr'><strong>ignem</strong></span> <span class='ocrx_word' id='word_1_447' title='bbox 1879 3592 2032 3629; x_wconf 87' lang='lat' dir='ltr'><strong>suum</strong></span> 
     </span>
     <span class='ocr_line' id='line_1_67' title="bbox 435 3654 669 3697; baseline -0.004 0"><span class='ocrx_word' id='word_1_448' title='bbox 435 3654 669 3697; x_wconf 67' lang='lat' dir='ltr'><strong>excreat.</strong></span> 
     </span>
    </p>
   </div>
   <div class='ocr_carea' id='block_1_67' title="bbox 435 3645 669 3711">
    <p class='ocr_par' dir='ltr' id='par_1_67' title="bbox 435 3645 669 3711">
     <span class='ocr_line' id='line_1_68' title="bbox 435 3645 669 3711; baseline -0.009 -13"><span class='ocrx_word' id='word_1_449' title='bbox 435 3645 669 3711; x_wconf 77' lang='lat' dir='ltr'><strong>explicat.</strong></span> 
     </span>
    </p>
   </div>
   <div class='ocr_carea' id='block_1_68' title="bbox 506 3714 2030 3789">
    <p class='ocr_par' dir='ltr' id='par_1_68' title="bbox 506 3714 2030 3789">
     <span class='ocr_line' id='line_1_69' title="bbox 506 3714 2030 3789; baseline 0.001 -20"><span class='ocrx_word' id='word_1_450' title='bbox 506 3715 599 3789; x_wconf 63' lang='lat'><strong>15.</strong></span> <span class='ocrx_word' id='word_1_451' title='bbox 626 3714 729 3789; x_wconf 77' lang='lat' dir='ltr'><strong>Cur</strong></span> <span class='ocrx_word' id='word_1_452' title='bbox 750 3722 938 3789; x_wconf 79' lang='lat' dir='ltr'><strong>ragatt,</strong></span> <span class='ocrx_word' id='word_1_453' title='bbox 967 3716 1098 3785; x_wconf 82' lang='lat' dir='ltr'><strong>etc.|</strong></span> <span class='ocrx_word' id='word_1_454' title='bbox 1126 3719 1233 3773; x_wconf 88' lang='lat' dir='ltr'><strong>Cur</strong></span> <span class='ocrx_word' id='word_1_455' title='bbox 1264 3719 1779 3789; x_wconf 88' lang='lat' dir='ltr'><strong>quicunquelitteris</strong></span> <span class='ocrx_word' id='word_1_456' title='bbox 1813 3733 2030 3786; x_wconf 90' lang='lat' dir='ltr'><strong>operam</strong></span> 
     </span>
    </p>
   </div>
   <div class='ocr_carea' id='block_1_69' title="bbox 436 3786 2032 3861">
    <p class='ocr_par' dir='ltr' id='par_1_69' title="bbox 436 3786 2032 3861">
     <span class='ocr_line' id='line_1_70' title="bbox 436 3786 2032 3861; baseline 0.001 -21"><span class='ocrx_word' id='word_1_457' title='bbox 436 3802 540 3861; x_wconf 86' lang='lat' dir='ltr'><strong>non</strong></span> <span class='ocrx_word' id='word_1_458' title='bbox 572 3786 827 3852; x_wconf 56' lang='lat' dir='ltr'><strong>dedistis,</strong></span> <span class='ocrx_word' id='word_1_459' title='bbox 870 3790 1184 3860; x_wconf 89' lang='lat' dir='ltr'><strong>interrogati</strong></span> <span class='ocrx_word' id='word_1_460' title='bbox 1211 3786 1297 3845; x_wconf 46' lang='lat' dir='ltr'><strong>de&#39;</strong></span> <span class='ocrx_word' id='word_1_461' title='bbox 1321 3792 1384 3843; x_wconf 88' lang='lat' dir='ltr'><strong>iis</strong></span> <span class='ocrx_word' id='word_1_462' title='bbox 1430 3786 1551 3859; x_wconf 72' lang='lat' dir='ltr'><strong>qua:</strong></span> <span class='ocrx_word' id='word_1_463' title='bbox 1581 3792 1741 3861; x_wconf 85' lang='lat' dir='ltr'><strong>vulgo</strong></span> <span class='ocrx_word' id='word_1_464' title='bbox 1769 3799 2032 3861; x_wconf 75' lang='lat' dir='ltr'><strong>vocantur</strong></span> 
     </span>
    </p>
   </div>
   <div class='ocr_carea' id='block_1_70' title="bbox 436 3858 2033 3933">
    <p class='ocr_par' dir='ltr' id='par_1_70' title="bbox 436 3858 2033 3933">
     <span class='ocr_line' id='line_1_71' title="bbox 436 3858 2033 3933; baseline -0.001 -21"><span class='ocrx_word' id='word_1_465' title='bbox 436 3858 717 3933; x_wconf 69' lang='lat' dir='ltr'><strong>axiomata,</strong></span> <span class='ocrx_word' id='word_1_466' title='bbox 748 3868 805 3913; x_wconf 92' lang='lat' dir='ltr'><strong>ut</strong></span> <span class='ocrx_word' id='word_1_467' title='bbox 834 3876 902 3933; x_wconf 79' lang='lat' dir='ltr'><strong>an</strong></span> <span class='ocrx_word' id='word_1_468' title='bbox 932 3858 1095 3933; x_wconf 79' lang='lat' dir='ltr'><strong>totum</strong></span> <span class='ocrx_word' id='word_1_469' title='bbox 1134 3862 1196 3915; x_wconf 91' lang='lat' dir='ltr'><strong>sit</strong></span> <span class='ocrx_word' id='word_1_470' title='bbox 1245 3879 1340 3914; x_wconf 86' lang='lat' dir='ltr'><strong>sua</strong></span> <span class='ocrx_word' id='word_1_471' title='bbox 1365 3858 1510 3928; x_wconf 85' lang='lat' dir='ltr'><strong>parte</strong></span> <span class='ocrx_word' id='word_1_472' title='bbox 1538 3858 1710 3933; x_wconf 73' lang='lat' dir='ltr'><strong>majus</strong></span> <span class='ocrx_word' id='word_1_473' title='bbox 1739 3878 1756 3915; x_wconf 91' lang='lat'><em>:</em></span> <span class='ocrx_word' id='word_1_474' title='bbox 1783 3879 1850 3915; x_wconf 84' lang='lat' dir='ltr'><strong>an</strong></span> <span class='ocrx_word' id='word_1_475' title='bbox 1883 3860 2033 3933; x_wconf 80' lang='lat' dir='ltr'><strong>atteri</strong></span> 
     </span>
    </p>
   </div>
   <div class='ocr_carea' id='block_1_71' title="bbox 435 3930 2034 4004">
    <p class='ocr_par' dir='ltr' id='par_1_71' title="bbox 435 3930 2034 4004">
     <span class='ocr_line' id='line_1_72' title="bbox 435 3930 2034 4004; baseline 0.003 -23"><span class='ocrx_word' id='word_1_476' title='bbox 435 3930 725 4004; x_wconf 74' lang='lat' dir='ltr'><strong>faciendum</strong></span> <span class='ocrx_word' id='word_1_477' title='bbox 752 3931 889 3999; x_wconf 84' lang='lat' dir='ltr'><strong>quod</strong></span> <span class='ocrx_word' id='word_1_478' title='bbox 904 3932 994 4004; x_wconf 79' lang='lat' dir='ltr'><strong>tibi</strong></span> <span class='ocrx_word' id='word_1_479' title='bbox 1015 3933 1129 4000; x_wconf 81' lang='lat' dir='ltr'><strong>ﬁeri</strong></span> <span class='ocrx_word' id='word_1_480' title='bbox 1152 3950 1253 3986; x_wconf 90' lang='lat' dir='ltr'><strong>non</strong></span> <span class='ocrx_word' id='word_1_481' title='bbox 1267 3934 1338 3986; x_wconf 84' lang='lat' dir='ltr'><strong>vis</strong></span> <span class='ocrx_word' id='word_1_482' title='bbox 1362 3936 1387 3987; x_wconf 86' lang='lat'><strong><em>?</em></strong></span> <span class='ocrx_word' id='word_1_483' title='bbox 1409 3944 1554 3988; x_wconf 87' lang='lat' dir='ltr'><strong>recte</strong></span> <span class='ocrx_word' id='word_1_484' title='bbox 1595 3930 2034 4004; x_wconf 80' lang='lat' dir='ltr'><strong>responderetis?</strong></span> 
     </span>
    </p>
   </div>
   <div class='ocr_carea' id='block_1_72' title="bbox 436 4001 2035 4074">
    <p class='ocr_par' dir='ltr' id='par_1_72' title="bbox 436 4001 2035 4074">
     <span class='ocr_line' id='line_1_73' title="bbox 436 4001 2035 4074; baseline 0.001 -19"><span class='ocrx_word' id='word_1_485' title='bbox 436 4001 522 4074; x_wconf 8' lang='lat' dir='ltr'><strong>sic,</strong></span> <span class='ocrx_word' id='word_1_486' title='bbox 542 4002 793 4074; x_wconf 86' lang='lat' dir='ltr'><strong>Socrates</strong></span> <span class='ocrx_word' id='word_1_487' title='bbox 820 4011 876 4057; x_wconf 89' lang='lat' dir='ltr'><strong>ct</strong></span> <span class='ocrx_word' id='word_1_488' title='bbox 904 4003 1058 4057; x_wconf 83' lang='lat' dir='ltr'><strong>Plato</strong></span> <span class='ocrx_word' id='word_1_489' title='bbox 1104 4004 1366 4067; x_wconf 76' lang='lat' dir='ltr'><strong>feruntur.</strong></span> <span class='ocrx_word' id='word_1_490' title='bbox 1400 4021 1596 4074; x_wconf 91' lang='lat' dir='ltr'><strong>pueros</strong></span> <span class='ocrx_word' id='word_1_491' title='bbox 1623 4001 1700 4060; x_wconf 77' lang='lat' dir='ltr'><strong>de</strong></span> <span class='ocrx_word' id='word_1_492' title='bbox 1733 4006 2035 4059; x_wconf 88' lang='lat' dir='ltr'><strong>mathema-</strong></span> 
     </span>
    </p>
   </div>
   <div class='ocr_carea' id='block_1_73' title="bbox 437 4072 2035 4197">
    <p class='ocr_par' dir='ltr' id='par_1_73' title="bbox 437 4072 2035 4197">
     <span class='ocr_line' id='line_1_74' title="bbox 437 4072 2035 4197; baseline 0.003 -73"><span class='ocrx_word' id='word_1_493' title='bbox 437 4072 557 4197; x_wconf 59' lang='lat' dir='ltr'><strong>gcis</strong></span> <span class='ocrx_word' id='word_1_494' title='bbox 608 4073 991 4144; x_wconf 87' lang='lat' dir='ltr'><strong>interrogasse,</strong></span> <span class='ocrx_word' id='word_1_495' title='bbox 1023 4074 1218 4145; x_wconf 86' lang='lat' dir='ltr'><strong>quibus</strong></span> <span class='ocrx_word' id='word_1_496' title='bbox 1266 4072 1439 4145; x_wconf 81' lang='lat' dir='ltr'><strong>pueri,</strong></span> <span class='ocrx_word' id='word_1_497' title='bbox 1463 4091 1559 4131; x_wconf 91' lang='lat' dir='ltr'><strong>ceu</strong></span> <span class='ocrx_word' id='word_1_498' title='bbox 1593 4076 1769 4146; x_wconf 89' lang='lat' dir='ltr'><strong>periti,</strong></span> <span class='ocrx_word' id='word_1_499' title='bbox 1810 4090 2035 4144; x_wconf 82' lang='lat' dir='ltr'><strong>reSpon-</strong></span> 
     </span>
     <span class='ocr_line' id='line_1_75' title="bbox 479 4155 640 4197; baseline 0 0"><span class='ocrx_word' id='word_1_500' title='bbox 479 4155 640 4197; x_wconf 89' lang='lat' dir='ltr'><strong>ermt.</strong></span> 
     </span>
    </p>
   </div>
   <div class='ocr_carea' id='block_1_74' title="bbox 479 4155 640 4198">
    <p class='ocr_par' dir='ltr' id='par_1_74' title="bbox 479 4155 640 4198">
     <span class='ocr_line' id='line_1_76' title="bbox 479 4155 640 4198; baseline -0.006 -1"><span class='ocrx_word' id='word_1_501' title='bbox 479 4155 640 4198; x_wconf 73' lang='lat' dir='ltr'><strong>Bl‘lﬂl.</strong></span> 
     </span>
    </p>
   </div>
   <div class='ocr_carea' id='block_1_75' title="bbox 514 4234 2038 4310">
    <p class='ocr_par' dir='ltr' id='par_1_75' title="bbox 514 4234 2038 4310">
     <span class='ocr_line' id='line_1_77' title="bbox 514 4234 2038 4310; baseline 0.003 -21"><span class='ocrx_word' id='word_1_502' title='bbox 514 4235 602 4291; x_wconf 78' lang='grc' dir='ltr'><strong>Η.</strong></span> <span class='ocrx_word' id='word_1_503' title='bbox 644 4234 715 4289; x_wconf 88' lang='lat' dir='ltr'><strong>Ni</strong></span> <span class='ocrx_word' id='word_1_504' title='bbox 756 4252 971 4304; x_wconf 87' lang='lat' dir='ltr'><strong>mersus,</strong></span> <span class='ocrx_word' id='word_1_505' title='bbox 1007 4236 1138 4309; x_wconf 81' lang='lat' dir='ltr'><strong>etc.]</strong></span> <span class='ocrx_word' id='word_1_506' title='bbox 1182 4238 1294 4295; x_wconf 85' lang='lat' dir='ltr'><strong>Nisi</strong></span> <span class='ocrx_word' id='word_1_507' title='bbox 1338 4240 1390 4294; x_wconf 92' lang='lat' dir='ltr'><strong>in</strong></span> <span class='ocrx_word' id='word_1_508' title='bbox 1429 4250 1608 4296; x_wconf 93' lang='lat' dir='ltr'><strong>mente</strong></span> <span class='ocrx_word' id='word_1_509' title='bbox 1652 4241 1763 4310; x_wconf 90' lang='lat' dir='ltr'><strong>ipsa</strong></span> <span class='ocrx_word' id='word_1_510' title='bbox 1793 4238 2038 4309; x_wconf 63' lang='lat' dir='ltr'><strong>quaedam</strong></span> 
     </span>
    </p>
   </div>
   <div class='ocr_carea' id='block_1_76' title="bbox 440 4311 2040 4379">
    <p class='ocr_par' dir='ltr' id='par_1_76' title="bbox 440 4311 2040 4379">
     <span class='ocr_line' id='line_1_78' title="bbox 440 4311 2040 4379; baseline 0.003 -18"><span class='ocrx_word' id='word_1_511' title='bbox 440 4318 697 4379; x_wconf 70' lang='lat' dir='ltr'><strong>praeesset</strong></span> <span class='ocrx_word' id='word_1_512' title='bbox 726 4311 895 4372; x_wconf 89' lang='lat' dir='ltr'><strong>notio,</strong></span> <span class='ocrx_word' id='word_1_513' title='bbox 928 4325 1046 4378; x_wconf 68' lang='lat' dir='ltr'><strong>quae</strong></span> <span class='ocrx_word' id='word_1_514' title='bbox 1077 4312 1146 4365; x_wconf 92' lang='lat' dir='ltr'><strong>sit</strong></span> <span class='ocrx_word' id='word_1_515' title='bbox 1169 4312 1331 4365; x_wconf 88' lang='lat' dir='ltr'><strong>veluti</strong></span> <span class='ocrx_word' id='word_1_516' title='bbox 1365 4314 1532 4366; x_wconf 86' lang='lat' dir='ltr'><strong>fomes</strong></span> <span class='ocrx_word' id='word_1_517' title='bbox 1558 4322 1611 4366; x_wconf 90' lang='lat' dir='ltr'><strong>et</strong></span> <span class='ocrx_word' id='word_1_518' title='bbox 1635 4314 1852 4367; x_wconf 87' lang='lat' dir='ltr'><strong>materia</strong></span> <span class='ocrx_word' id='word_1_519' title='bbox 1881 4311 2040 4379; x_wconf 89' lang='lat' dir='ltr'><strong>hujus</strong></span> 
     </span>
    </p>
   </div>
   <div class='ocr_carea' id='block_1_77' title="bbox 441 4378 2043 4452">
    <p class='ocr_par' dir='ltr' id='par_1_77' title="bbox 441 4378 2043 4452">
     <span class='ocr_line' id='line_1_79' title="bbox 441 4378 2043 4452; baseline 0.005 -23"><span class='ocrx_word' id='word_1_520' title='bbox 441 4378 555 4432; x_wconf 85' lang='lat' dir='ltr'><strong>veri</strong></span> <span class='ocrx_word' id='word_1_521' title='bbox 585 4379 825 4449; x_wconf 88' lang='lat' dir='ltr'><strong>rectique</strong></span> <span class='ocrx_word' id='word_1_522' title='bbox 862 4379 1084 4448; x_wconf 88' lang='lat' dir='ltr'><strong>judicii:</strong></span> <span class='ocrx_word' id='word_1_523' title='bbox 1118 4383 1261 4451; x_wconf 90' lang='lat' dir='ltr'><strong>quod</strong></span> <span class='ocrx_word' id='word_1_524' title='bbox 1293 4382 1434 4436; x_wconf 87' lang='lat' dir='ltr'><strong>enim</strong></span> <span class='ocrx_word' id='word_1_525' title='bbox 1478 4384 1531 4436; x_wconf 90' lang='lat' dir='ltr'><strong>in</strong></span> <span class='ocrx_word' id='word_1_526' title='bbox 1568 4394 1746 4437; x_wconf 88' lang='lat' dir='ltr'><strong>mente</strong></span> <span class='ocrx_word' id='word_1_527' title='bbox 1777 4383 1918 4452; x_wconf 84' lang='lat' dir='ltr'><strong>ejus,</strong></span> <span class='ocrx_word' id='word_1_528' title='bbox 1950 4378 2043 4451; x_wconf 86' lang='lat' dir='ltr'><strong>qui</strong></span> 
     </span>
    </p>
   </div>
   <div class='ocr_carea' id='block_1_78' title="bbox 441 4452 2045 4522">
    <p class='ocr_par' dir='ltr' id='par_1_78' title="bbox 441 4452 2045 4522">
     <span class='ocr_line' id='line_1_80' title="bbox 441 4452 2045 4522; baseline 0.003 -19"><span class='ocrx_word' id='word_1_529' title='bbox 441 4463 619 4522; x_wconf 51' lang='lat' dir='ltr'><strong>caecus</strong></span> <span class='ocrx_word' id='word_1_530' title='bbox 643 4459 800 4522; x_wconf 80' lang='lat' dir='ltr'><strong>natus</strong></span> <span class='ocrx_word' id='word_1_531' title='bbox 827 4459 931 4516; x_wconf 91' lang='lat' dir='ltr'><strong>est,</strong></span> <span class='ocrx_word' id='word_1_532' title='bbox 953 4452 1093 4507; x_wconf 90' lang='lat' dir='ltr'><strong>nulla</strong></span> <span class='ocrx_word' id='word_1_533' title='bbox 1118 4454 1302 4522; x_wconf 63' lang='lat' dir='ltr'><strong>praesit</strong></span> <span class='ocrx_word' id='word_1_534' title='bbox 1327 4454 1449 4507; x_wconf 81' lang='lat' dir='ltr'><strong>talis</strong></span> <span class='ocrx_word' id='word_1_535' title='bbox 1480 4454 1718 4508; x_wconf 88' lang='lat' dir='ltr'><strong>colorum</strong></span> <span class='ocrx_word' id='word_1_536' title='bbox 1751 4456 1900 4508; x_wconf 91' lang='lat' dir='ltr'><strong>notio</strong></span> <span class='ocrx_word' id='word_1_537' title='bbox 1927 4456 2045 4508; x_wconf 89' lang='lat' dir='ltr'><strong>sive</strong></span> 
     </span>
    </p>
   </div>
   <div class='ocr_carea' id='block_1_79' title="bbox 440 4520 2045 4592">
    <p class='ocr_par' dir='ltr' id='par_1_79' title="bbox 440 4520 2045 4592">
     <span class='ocr_line' id='line_1_81' title="bbox 440 4520 2045 4592; baseline 0.003 -17"><span class='ocrx_word' id='word_1_538' title='bbox 440 4520 581 4583; x_wconf 91' lang='lat' dir='ltr'><strong>idea,</strong></span> <span class='ocrx_word' id='word_1_539' title='bbox 616 4520 817 4576; x_wconf 92' lang='lat' dir='ltr'><strong>idcirco</strong></span> <span class='ocrx_word' id='word_1_540' title='bbox 857 4522 1050 4576; x_wconf 87' lang='lat' dir='ltr'><strong>frustra</strong></span> <span class='ocrx_word' id='word_1_541' title='bbox 1101 4520 1363 4592; x_wconf 83' lang='lat' dir='ltr'><strong>ejusmodi</strong></span> <span class='ocrx_word' id='word_1_542' title='bbox 1417 4540 1615 4580; x_wconf 52' lang='lat' dir='ltr'><strong>(secum</strong></span> <span class='ocrx_word' id='word_1_543' title='bbox 1663 4525 1880 4582; x_wconf 90' lang='lat' dir='ltr'><strong>docebis</strong></span> <span class='ocrx_word' id='word_1_544' title='bbox 1933 4526 2045 4580; x_wconf 84' lang='lat' dir='ltr'><strong>fru-</strong></span> 
     </span>
    </p>
   </div>
   <div class='ocr_carea' id='block_1_80' title="bbox 441 4593 2042 4664">
    <p class='ocr_par' dir='ltr' id='par_1_80' title="bbox 441 4593 2042 4664">
     <span class='ocr_line' id='line_1_82' title="bbox 441 4593 2042 4664; baseline 0.002 -17"><span class='ocrx_word' id='word_1_545' title='bbox 441 4602 661 4662; x_wconf 74' lang='lat' dir='ltr'><strong>straque</strong></span> <span class='ocrx_word' id='word_1_546' title='bbox 710 4593 1069 4663; x_wconf 84' lang='lat' dir='ltr'><strong>interrogabis</strong></span> <span class='ocrx_word' id='word_1_547' title='bbox 1110 4596 1178 4650; x_wconf 89' lang='lat' dir='ltr'><strong>de</strong></span> <span class='ocrx_word' id='word_1_548' title='bbox 1229 4595 1519 4661; x_wconf 89' lang='lat' dir='ltr'><strong>coloribus,</strong></span> <span class='ocrx_word' id='word_1_549' title='bbox 1556 4612 1824 4664; x_wconf 89' lang='lat' dir='ltr'><strong>nunquam</strong></span> <span class='ocrx_word' id='word_1_550' title='bbox 1855 4612 2042 4651; x_wconf 88' lang='lat' dir='ltr'><strong>verum</strong></span> 
     </span>
    </p>
   </div>
   <div class='ocr_carea' id='block_1_81' title="bbox 442 4664 2124 4744">
    <p class='ocr_par' dir='ltr' id='par_1_81' title="bbox 442 4664 2124 4744">
     <span class='ocr_line' id='line_1_83' title="bbox 442 4664 2124 4744; baseline 0.004 -27"><span class='ocrx_word' id='word_1_551' title='bbox 442 4673 759 4744; x_wconf 69' lang='lat' dir='ltr'><strong>rectumque</strong></span> <span class='ocrx_word' id='word_1_552' title='bbox 796 4665 864 4720; x_wconf 92' lang='lat' dir='ltr'><strong>de</strong></span> <span class='ocrx_word' id='word_1_553' title='bbox 895 4664 977 4744; x_wconf 81' lang='lat' dir='ltr'><strong>his</strong></span> <span class='ocrx_word' id='word_1_554' title='bbox 1026 4666 1168 4744; x_wconf 75' lang='lat' dir='ltr'><strong>feret</strong></span> <span class='ocrx_word' id='word_1_555' title='bbox 1207 4666 1501 4744; x_wconf 46' lang='lat' dir='ltr'><strong>judicium;</strong></span> <span class='ocrx_word' id='word_1_556' title='bbox 1528 4667 1825 4744; x_wconf 79' lang='lat' dir='ltr'><strong>Propterea</strong></span> <span class='ocrx_word' id='word_1_557' title='bbox 1884 4668 2044 4737; x_wconf 84' lang='lat' dir='ltr'><strong>logici</strong></span> <span class='ocrx_word' id='word_1_558' title='bbox 2070 4683 2124 4744; x_wconf 70' lang='grc' dir='ltr'><strong>Ι)</strong></span> 
     </span>
    </p>
   </div>
   <div class='ocr_carea' id='block_1_82' title="bbox 444 4735 2040 4808">
    <p class='ocr_par' dir='ltr' id='par_1_82' title="bbox 444 4735 2040 4808">
     <span class='ocr_line' id='line_1_84' title="bbox 444 4735 2040 4808; baseline 0.003 -19"><span class='ocrx_word' id='word_1_559' title='bbox 444 4735 660 4802; x_wconf 85' lang='lat' dir='ltr'><strong>docent,</strong></span> <span class='ocrx_word' id='word_1_560' title='bbox 690 4736 741 4789; x_wconf 94' lang='lat' dir='ltr'><strong>in</strong></span> <span class='ocrx_word' id='word_1_561' title='bbox 771 4738 916 4791; x_wconf 91' lang='lat' dir='ltr'><strong>omni</strong></span> <span class='ocrx_word' id='word_1_562' title='bbox 941 4738 1198 4792; x_wconf 88' lang='lat' dir='ltr'><strong>methodo</strong></span> <span class='ocrx_word' id='word_1_563' title='bbox 1226 4751 1440 4806; x_wconf 89' lang='lat' dir='ltr'><strong>semper</strong></span> <span class='ocrx_word' id='word_1_564' title='bbox 1473 4736 1590 4794; x_wconf 84' lang='lat' dir='ltr'><strong>ﬁeri</strong></span> <span class='ocrx_word' id='word_1_565' title='bbox 1633 4735 1977 4808; x_wconf 85' lang='lat' dir='ltr'><strong>progressum</strong></span> <span class='ocrx_word' id='word_1_566' title='bbox 2011 4755 2040 4795; x_wconf 91' lang='lat' dir='ltr'><strong>a</strong></span> 
     </span>
    </p>
   </div>
   <div class='ocr_carea' id='block_1_83' title="bbox 446 4808 1215 4864">
    <p class='ocr_par' dir='ltr' id='par_1_83' title="bbox 446 4808 1215 4864">
     <span class='ocr_line' id='line_1_85' title="bbox 446 4808 1215 4864; baseline 0.004 -5"><span class='ocrx_word' id='word_1_567' title='bbox 446 4808 747 4862; x_wconf 90' lang='lat' dir='ltr'><strong>notioribus</strong></span> <span class='ocrx_word' id='word_1_568' title='bbox 778 4808 845 4862; x_wconf 89' lang='lat' dir='ltr'><strong>ad</strong></span> <span class='ocrx_word' id='word_1_569' title='bbox 869 4808 1044 4864; x_wconf 88' lang='lat' dir='ltr'><strong>minus</strong></span> <span class='ocrx_word' id='word_1_570' title='bbox 1068 4819 1215 4863; x_wconf 90' lang='lat' dir='ltr'><strong>nota.</strong></span> 
     </span>
    </p>
   </div>
   <div class='ocr_carea' id='block_1_84' title="bbox 518 4900 2043 4974">
    <p class='ocr_par' dir='ltr' id='par_1_84' title="bbox 518 4900 2043 4974">
     <span class='ocr_line' id='line_1_86' title="bbox 518 4900 2043 4974; baseline 0.003 -19"><span class='ocrx_word' id='word_1_571' title='bbox 518 4902 608 4956; x_wconf 74' lang='grc'><strong>15.</strong></span> <span class='ocrx_word' id='word_1_572' title='bbox 648 4900 885 4955; x_wconf 86' lang='lat' dir='ltr'><strong>Platonis</strong></span> <span class='ocrx_word' id='word_1_573' title='bbox 907 4901 1098 4974; x_wconf 86' lang='lat' dir='ltr'><strong>musa.]</strong></span> <span class='ocrx_word' id='word_1_574' title='bbox 1130 4901 1245 4957; x_wconf 84' lang='lat' dir='ltr'><strong>Non</strong></span> <span class='ocrx_word' id='word_1_575' title='bbox 1276 4903 1532 4972; x_wconf 88' lang='lat' dir='ltr'><strong>approbat</strong></span> <span class='ocrx_word' id='word_1_576' title='bbox 1556 4902 1769 4973; x_wconf 91' lang='lat' dir='ltr'><strong>quidem</strong></span> <span class='ocrx_word' id='word_1_577' title='bbox 1802 4903 2043 4959; x_wconf 84' lang='lat' dir='ltr'><strong>Philoso-</strong></span> 
     </span>
    </p>
   </div>
   <div class='ocr_carea' id='block_1_85' title="bbox 446 4973 2045 5044">
    <p class='ocr_par' dir='ltr' id='par_1_85' title="bbox 446 4973 2045 5044">
     <span class='ocr_line' id='line_1_87' title="bbox 446 4973 2045 5044; baseline 0.003 -19"><span class='ocrx_word' id='word_1_578' title='bbox 446 4973 570 5044; x_wconf 85' lang='lat' dir='ltr'><strong>phia</strong></span> <span class='ocrx_word' id='word_1_579' title='bbox 599 4974 921 5027; x_wconf 89' lang='lat' dir='ltr'><strong>sententiam</strong></span> <span class='ocrx_word' id='word_1_580' title='bbox 956 4973 1213 5036; x_wconf 78' lang='lat' dir='ltr'><strong>PlatOnis,</strong></span> <span class='ocrx_word' id='word_1_581' title='bbox 1240 4976 1295 5027; x_wconf 89' lang='lat' dir='ltr'><strong>in</strong></span> <span class='ocrx_word' id='word_1_582' title='bbox 1318 4975 1420 5029; x_wconf 89' lang='lat' dir='ltr'><strong>hoc</strong></span> <span class='ocrx_word' id='word_1_583' title='bbox 1441 4980 1582 5044; x_wconf 90' lang='lat' dir='ltr'><strong>quod</strong></span> <span class='ocrx_word' id='word_1_584' title='bbox 1609 4974 1871 5039; x_wconf 85' lang='lat' dir='ltr'><strong>docuerit,</strong></span> <span class='ocrx_word' id='word_1_585' title='bbox 1893 4991 2045 5030; x_wconf 83' lang='lat' dir='ltr'><strong>men-</strong></span> 
     </span>
    </p>
   </div>
   <div class='ocr_carea' id='block_1_86' title="bbox 447 5042 2044 5114">
    <p class='ocr_par' dir='ltr' id='par_1_86' title="bbox 447 5042 2044 5114">
     <span class='ocr_line' id='line_1_88' title="bbox 447 5042 2044 5114; baseline 0.003 -17"><span class='ocrx_word' id='word_1_586' title='bbox 447 5053 527 5097; x_wconf 91' lang='lat' dir='ltr'><strong>tes</strong></span> <span class='ocrx_word' id='word_1_587' title='bbox 556 5042 821 5098; x_wconf 89' lang='lat' dir='ltr'><strong>humauas</strong></span> <span class='ocrx_word' id='word_1_588' title='bbox 849 5046 1095 5100; x_wconf 89' lang='lat' dir='ltr'><strong>conditas</strong></span> <span class='ocrx_word' id='word_1_589' title='bbox 1120 5042 1611 5114; x_wconf 82' lang='lat' dir='ltr'><strong>fuisse,antequam</strong></span> <span class='ocrx_word' id='word_1_590' title='bbox 1643 5045 1725 5099; x_wconf 67' lang='lat' dir='ltr'><strong>hie</strong></span> <span class='ocrx_word' id='word_1_591' title='bbox 1742 5046 2044 5114; x_wconf 77' lang='lat' dir='ltr'><strong>conjuncue</strong></span> 
     </span>
    </p>
   </div>
   <div class='ocr_carea' id='block_1_87' title="bbox 448 5114 2042 5186">
    <p class='ocr_par' dir='ltr' id='par_1_87' title="bbox 448 5114 2042 5186">
     <span class='ocr_line' id='line_1_89' title="bbox 448 5114 2042 5186; baseline 0.002 -18"><span class='ocrx_word' id='word_1_592' title='bbox 448 5114 645 5169; x_wconf 86' lang='lat' dir='ltr'><strong>fuerint</strong></span> <span class='ocrx_word' id='word_1_593' title='bbox 667 5130 786 5168; x_wconf 92' lang='lat' dir='ltr'><strong>cum</strong></span> <span class='ocrx_word' id='word_1_594' title='bbox 820 5116 1169 5185; x_wconf 87' lang='lat' dir='ltr'><strong>corporibus:</strong></span> <span class='ocrx_word' id='word_1_595' title='bbox 1199 5118 1462 5186; x_wconf 90' lang='lat' dir='ltr'><strong>siquidem</strong></span> <span class='ocrx_word' id='word_1_596' title='bbox 1492 5116 1545 5172; x_wconf 93' lang='lat' dir='ltr'><strong>id</strong></span> <span class='ocrx_word' id='word_1_597' title='bbox 1587 5117 1813 5171; x_wconf 88' lang='lat' dir='ltr'><strong>naturali</strong></span> <span class='ocrx_word' id='word_1_598' title='bbox 1843 5118 2042 5171; x_wconf 89' lang='lat' dir='ltr'><strong>lumine</strong></span> 
     </span>
    </p>
   </div>
   <div class='ocr_carea' id='block_1_88' title="bbox 450 5187 2038 5258">
    <p class='ocr_par' dir='ltr' id='par_1_88' title="bbox 450 5187 2038 5258">
     <span class='ocr_line' id='line_1_90' title="bbox 450 5187 2038 5258; baseline 0.002 -19"><span class='ocrx_word' id='word_1_599' title='bbox 450 5187 697 5253; x_wconf 82' lang='lat' dir='ltr'><strong>cognosci</strong></span> <span class='ocrx_word' id='word_1_600' title='bbox 731 5203 833 5258; x_wconf 89' lang='lat' dir='ltr'><strong>non</strong></span> <span class='ocrx_word' id='word_1_601' title='bbox 862 5202 1023 5257; x_wconf 85' lang='lat' dir='ltr'><strong>posse</strong></span> <span class='ocrx_word' id='word_1_602' title='bbox 1066 5189 1306 5246; x_wconf 88' lang='lat' dir='ltr'><strong>videtur:</strong></span> <span class='ocrx_word' id='word_1_603' title='bbox 1347 5188 1443 5244; x_wconf 88' lang='lat' dir='ltr'><strong>sed</strong></span> <span class='ocrx_word' id='word_1_604' title='bbox 1490 5190 1541 5243; x_wconf 90' lang='lat' dir='ltr'><strong>in</strong></span> <span class='ocrx_word' id='word_1_605' title='bbox 1576 5188 1678 5243; x_wconf 93' lang='lat' dir='ltr'><strong>hoc</strong></span> <span class='ocrx_word' id='word_1_606' title='bbox 1708 5188 1849 5256; x_wconf 89' lang='lat' dir='ltr'><strong>quod</strong></span> <span class='ocrx_word' id='word_1_607' title='bbox 1883 5200 2038 5258; x_wconf 86' lang='lat' dir='ltr'><strong>puta-</strong></span> 
     </span>
    </p>
   </div>
   <div class='ocr_carea' id='block_1_89' title="bbox 450 5257 2041 5327">
    <p class='ocr_par' dir='ltr' id='par_1_89' title="bbox 450 5257 2041 5327">
     <span class='ocr_line' id='line_1_91' title="bbox 450 5257 2041 5327; baseline 0.003 -18"><span class='ocrx_word' id='word_1_608' title='bbox 450 5258 603 5323; x_wconf 89' lang='lat' dir='ltr'><strong>verit,</strong></span> <span class='ocrx_word' id='word_1_609' title='bbox 635 5257 991 5327; x_wconf 88' lang='lat' dir='ltr'><strong>cognitionem</strong></span> <span class='ocrx_word' id='word_1_610' title='bbox 1026 5258 1451 5327; x_wconf 86' lang='lat' dir='ltr'><strong>philosophicam</strong></span> <span class='ocrx_word' id='word_1_611' title='bbox 1476 5261 1548 5314; x_wconf 92' lang='lat' dir='ltr'><strong>ita</strong></span> <span class='ocrx_word' id='word_1_612' title='bbox 1579 5261 1646 5314; x_wconf 91' lang='lat' dir='ltr'><strong>ab</strong></span> <span class='ocrx_word' id='word_1_613' title='bbox 1677 5260 1858 5313; x_wconf 88' lang='lat' dir='ltr'><strong>innata</strong></span> <span class='ocrx_word' id='word_1_614' title='bbox 1886 5260 2041 5325; x_wconf 92' lang='lat' dir='ltr'><strong>oriri,</strong></span> 
     </span>
    </p>
   </div>
   <div class='ocr_carea' id='block_1_90' title="bbox 450 5328 2041 5401">
    <p class='ocr_par' dir='ltr' id='par_1_90' title="bbox 450 5328 2041 5401">
     <span class='ocr_line' id='line_1_92' title="bbox 450 5328 2041 5401; baseline 0.003 -21"><span class='ocrx_word' id='word_1_615' title='bbox 450 5335 506 5401; x_wconf 84' lang='lat' dir='ltr'><strong>ut</strong></span> <span class='ocrx_word' id='word_1_616' title='bbox 535 5328 1077 5401; x_wconf 76' lang='lat' dir='ltr'><strong>philosoplticanihil</strong></span> <span class='ocrx_word' id='word_1_617' title='bbox 1118 5331 1262 5385; x_wconf 88' lang='lat' dir='ltr'><strong>aliud</strong></span> <span class='ocrx_word' id='word_1_618' title='bbox 1308 5331 1377 5385; x_wconf 89' lang='lat' dir='ltr'><strong>sit</strong></span> <span class='ocrx_word' id='word_1_619' title='bbox 1404 5348 1561 5401; x_wconf 88' lang='lat' dir='ltr'><strong>quam</strong></span> <span class='ocrx_word' id='word_1_620' title='bbox 1606 5330 1799 5385; x_wconf 87' lang='lat' dir='ltr'><strong>modus</strong></span> <span class='ocrx_word' id='word_1_621' title='bbox 1825 5330 2041 5396; x_wconf 73' lang='lat' dir='ltr'><strong>innatzc,</strong></span> 
     </span>
    </p>
   </div>
   <div class='ocr_carea' id='block_1_91' title="bbox 450 5399 2047 5471">
    <p class='ocr_par' dir='ltr' id='par_1_91' title="bbox 450 5399 2047 5471">
     <span class='ocr_line' id='line_1_93' title="bbox 450 5399 2047 5471; baseline 0.004 -19"><span class='ocrx_word' id='word_1_622' title='bbox 450 5399 562 5471; x_wconf 79' lang='lat' dir='ltr'><strong>sive</strong></span> <span class='ocrx_word' id='word_1_623' title='bbox 584 5399 765 5471; x_wconf 84' lang='lat' dir='ltr'><strong>innata</strong></span> <span class='ocrx_word' id='word_1_624' title='bbox 800 5399 1101 5454; x_wconf 88' lang='lat' dir='ltr'><strong>modificata</strong></span> <span class='ocrx_word' id='word_1_625' title='bbox 1141 5418 1153 5454; x_wconf 91' lang='lat'><strong>:</strong></span> <span class='ocrx_word' id='word_1_626' title='bbox 1186 5399 1635 5470; x_wconf 86' lang='lat' dir='ltr'><strong>quemadmodum</strong></span> <span class='ocrx_word' id='word_1_627' title='bbox 1682 5402 1942 5471; x_wconf 83' lang='lat' dir='ltr'><strong>appetitio</strong></span> <span class='ocrx_word' id='word_1_628' title='bbox 1984 5404 2047 5458; x_wconf 92' lang='lat' dir='ltr'><strong>Ii-</strong></span> 
     </span>
    </p>
   </div>
   <div class='ocr_carea' id='block_1_92' title="bbox 450 5469 2045 5543">
    <p class='ocr_par' dir='ltr' id='par_1_92' title="bbox 450 5469 2045 5543">
     <span class='ocr_line' id='line_1_94' title="bbox 450 5469 2045 5543; baseline 0.004 -21"><span class='ocrx_word' id='word_1_629' title='bbox 450 5469 579 5524; x_wconf 89' lang='lat' dir='ltr'><strong>bera</strong></span> <span class='ocrx_word' id='word_1_630' title='bbox 621 5470 948 5536; x_wconf 88' lang='lat' dir='ltr'><strong>divitiarum,</strong></span> <span class='ocrx_word' id='word_1_631' title='bbox 975 5470 1105 5525; x_wconf 89' lang='lat' dir='ltr'><strong>nihil</strong></span> <span class='ocrx_word' id='word_1_632' title='bbox 1133 5469 1276 5527; x_wconf 85' lang='lat' dir='ltr'><strong>aliud</strong></span> <span class='ocrx_word' id='word_1_633' title='bbox 1302 5484 1387 5528; x_wconf 87' lang='lat' dir='ltr'><strong>est</strong></span> <span class='ocrx_word' id='word_1_634' title='bbox 1415 5490 1575 5543; x_wconf 92' lang='lat' dir='ltr'><strong>quam</strong></span> <span class='ocrx_word' id='word_1_635' title='bbox 1620 5469 1812 5528; x_wconf 86' lang='lat' dir='ltr'><strong>modus</strong></span> <span class='ocrx_word' id='word_1_636' title='bbox 1856 5490 2045 5529; x_wconf 87' lang='lat' dir='ltr'><strong>neces-</strong></span> 
     </span>
    </p>
   </div>
   <div class='ocr_carea' id='block_1_93' title="bbox 451 5542 2046 5616">
    <p class='ocr_par' dir='ltr' id='par_1_93' title="bbox 451 5542 2046 5616">
     <span class='ocr_line' id='line_1_95' title="bbox 451 5542 2046 5616; baseline 0.004 -22"><span class='ocrx_word' id='word_1_637' title='bbox 451 5542 609 5595; x_wconf 61' lang='lat' dir='ltr'><strong>sariae</strong></span> <span class='ocrx_word' id='word_1_638' title='bbox 635 5543 982 5611; x_wconf 87' lang='lat' dir='ltr'><strong>appetitionis</strong></span> <span class='ocrx_word' id='word_1_639' title='bbox 1011 5543 1154 5597; x_wconf 91' lang='lat' dir='ltr'><strong>circa</strong></span> <span class='ocrx_word' id='word_1_640' title='bbox 1179 5543 1378 5599; x_wconf 90' lang='lat' dir='ltr'><strong>bonum</strong></span> <span class='ocrx_word' id='word_1_641' title='bbox 1404 5542 1721 5614; x_wconf 85' lang='lat' dir='ltr'><strong>generatim.</strong></span> <span class='ocrx_word' id='word_1_642' title='bbox 1755 5544 2046 5616; x_wconf 84' lang='lat' dir='ltr'><strong>PrOpterea</strong></span> 
     </span>
    </p>
   </div>
   <div class='ocr_carea' id='block_1_94' title="bbox 523 5632 2049 5710">
    <p class='ocr_par' dir='ltr' id='par_1_94' title="bbox 523 5632 2049 5710">
     <span class='ocr_line' id='line_1_96' title="bbox 523 5632 2049 5710; baseline 0.004 -24"><span class='ocrx_word' id='word_1_643' title='bbox 523 5635 540 5664; x_wconf 82' lang='grc'>¹</span> <span class='ocrx_word' id='word_1_644' title='bbox 570 5632 785 5710; x_wconf 70' lang='lat' dir='ltr'><strong>Platoni</strong></span> <span class='ocrx_word' id='word_1_645' title='bbox 821 5634 1140 5710; x_wconf 74' lang='lat' dir='ltr'><strong>vehementer</strong></span> <span class='ocrx_word' id='word_1_646' title='bbox 1171 5637 1469 5710; x_wconf 82' lang='lat' dir='ltr'><strong>assentior.]</strong></span> <span class='ocrx_word' id='word_1_647' title='bbox 1504 5638 1761 5692; x_wconf 70' lang='lat' dir='ltr'><strong>Prredicta</strong></span> <span class='ocrx_word' id='word_1_648' title='bbox 1809 5637 2049 5693; x_wconf 87' lang='lat' dir='ltr'><strong>Platonis</strong></span> 
     </span>
    </p>
   </div>
   <div class='ocr_carea' id='block_1_95' title="bbox 452 5706 2047 5764">
    <p class='ocr_par' dir='ltr' id='par_1_95' title="bbox 452 5706 2047 5764">
     <span class='ocr_line' id='line_1_97' title="bbox 452 5706 2047 5764; baseline 0.003 -6"><span class='ocrx_word' id='word_1_649' title='bbox 452 5707 719 5760; x_wconf 87' lang='lat' dir='ltr'><strong>sententia</strong></span> <span class='ocrx_word' id='word_1_650' title='bbox 738 5706 805 5761; x_wconf 92' lang='lat' dir='ltr'><strong>de</strong></span> <span class='ocrx_word' id='word_1_651' title='bbox 835 5708 1205 5763; x_wconf 89' lang='lat' dir='ltr'><strong>recordatione</strong></span> <span class='ocrx_word' id='word_1_652' title='bbox 1223 5708 1273 5762; x_wconf 91' lang='lat' dir='ltr'><strong>in</strong></span> <span class='ocrx_word' id='word_1_653' title='bbox 1294 5706 1502 5764; x_wconf 79' lang='lat' dir='ltr'><strong>duobus</strong></span> <span class='ocrx_word' id='word_1_654' title='bbox 1524 5718 1785 5763; x_wconf 79' lang='lat' dir='ltr'><strong>versatur.</strong></span> <span class='ocrx_word' id='word_1_655' title='bbox 1802 5710 2047 5764; x_wconf 88' lang='lat' dir='ltr'><strong>Alterum</strong></span> 
     </span>
    </p>
   </div>
   <div class='ocr_carea' id='block_1_96' title="bbox 454 5778 2049 5849">
    <p class='ocr_par' dir='ltr' id='par_1_96' title="bbox 454 5778 2049 5849">
     <span class='ocr_line' id='line_1_98' title="bbox 454 5778 2049 5849; baseline 0.002 -20"><span class='ocrx_word' id='word_1_656' title='bbox 454 5784 538 5829; x_wconf 85' lang='lat' dir='ltr'><strong>est</strong></span> <span class='ocrx_word' id='word_1_657' title='bbox 564 5778 1084 5849; x_wconf 13' lang='lat' dir='ltr'><strong>mentesgbumanas,</strong></span> <span class='ocrx_word' id='word_1_658' title='bbox 1128 5791 1414 5849; x_wconf 89' lang='lat' dir='ltr'><strong>antequam</strong></span> <span class='ocrx_word' id='word_1_659' title='bbox 1468 5780 1549 5834; x_wconf 65' lang='lat' dir='ltr'><strong>has</strong></span> <span class='ocrx_word' id='word_1_660' title='bbox 1574 5782 1891 5849; x_wconf 90' lang='lat' dir='ltr'><strong>corporibus</strong></span> <span class='ocrx_word' id='word_1_661' title='bbox 1928 5781 2049 5847; x_wconf 85' lang='lat' dir='ltr'><strong>jun-</strong></span> 
     </span>
    </p>
   </div>
   <div class='ocr_carea' id='block_1_97' title="bbox 456 5848 2045 5912">
    <p class='ocr_par' dir='ltr' id='par_1_97' title="bbox 456 5848 2045 5912">
     <span class='ocr_line' id='line_1_99' title="bbox 456 5848 2045 5912; baseline 0.005 -15"><span class='ocrx_word' id='word_1_662' title='bbox 456 5857 732 5912; x_wconf 85' lang='lat' dir='ltr'><strong>gerentur,</strong></span> <span class='ocrx_word' id='word_1_663' title='bbox 766 5848 931 5904; x_wconf 76' lang='lat' dir='ltr'><strong>fuisse</strong></span> <span class='ocrx_word' id='word_1_664' title='bbox 960 5851 1205 5905; x_wconf 88' lang='lat' dir='ltr'><strong>conditas</strong></span> <span class='ocrx_word' id='word_1_665' title='bbox 1230 5860 1285 5906; x_wconf 93' lang='lat' dir='ltr'><strong>et</strong></span> <span class='ocrx_word' id='word_1_666' title='bbox 1310 5868 1492 5906; x_wconf 90' lang='lat' dir='ltr'><strong>rerum</strong></span> <span class='ocrx_word' id='word_1_667' title='bbox 1534 5854 1774 5905; x_wconf 88' lang='lat' dir='ltr'><strong>omnium</strong></span> <span class='ocrx_word' id='word_1_668' title='bbox 1796 5852 2045 5908; x_wconf 86' lang='lat' dir='ltr'><strong>doctrina</strong></span> 
     </span>
    </p>
   </div>
   <div class='ocr_carea' id='block_1_98' title="bbox 460 5917 2045 5989">
    <p class='ocr_par' dir='ltr' id='par_1_98' title="bbox 460 5917 2045 5989">
     <span class='ocr_line' id='line_1_100' title="bbox 460 5917 2045 5989; baseline 0.004 -18"><span class='ocrx_word' id='word_1_669' title='bbox 460 5917 741 5986; x_wconf 67' lang='lat' dir='ltr'><strong>praeditas:</strong></span> <span class='ocrx_word' id='word_1_670' title='bbox 774 5920 914 5977; x_wconf 88' lang='lat' dir='ltr'><strong>sicut</strong></span> <span class='ocrx_word' id='word_1_671' title='bbox 938 5922 1257 5977; x_wconf 84' lang='lat' dir='ltr'><strong>Aristoteles</strong></span> <span class='ocrx_word' id='word_1_672' title='bbox 1297 5926 1371 5977; x_wconf 85' lang='lat' dir='ltr'><strong>ait</strong></span> <span class='ocrx_word' id='word_1_673' title='bbox 1403 5939 1437 5977; x_wconf 82' lang='grc' dir='ltr'>ιι</span> <span class='ocrx_word' id='word_1_674' title='bbox 1476 5923 1543 5978; x_wconf 88' lang='lat' dir='ltr'><strong>de</strong></span> <span class='ocrx_word' id='word_1_675' title='bbox 1597 5921 1735 5979; x_wconf 87' lang='lat' dir='ltr'><strong>Gen.</strong></span> <span class='ocrx_word' id='word_1_676' title='bbox 1783 5922 2045 5989; x_wconf 88' lang='lat' dir='ltr'><strong>Alterum,</strong></span> 
     </span>
    </p>
   </div>
   <div class='ocr_carea' id='block_1_99' title="bbox 894 6033 1429 6097">
    <p class='ocr_par' dir='ltr' id='par_1_99' title="bbox 894 6033 1429 6097">
     <span class='ocr_line' id='line_1_101' title="bbox 894 6033 1429 6097; baseline 0.006 -3"><span class='ocrx_word' id='word_1_677' title='bbox 894 6034 1166 6096; x_wconf 60' lang='lat' dir='ltr'><strong>Panos&quot;</strong></span> <span class='ocrx_word' id='word_1_678' title='bbox 1206 6033 1429 6097; x_wconf 83' lang='lat' dir='ltr'><strong>LXIII.</strong></span> 
     </span>
    </p>
   </div>
   <div class='ocr_carea' id='block_1_100' title="bbox 2136 3360 3735 3423">
    <p class='ocr_par' dir='ltr' id='par_1_100' title="bbox 2136 3360 3735 3423">
     <span class='ocr_line' id='line_1_102' title="bbox 2136 3360 3735 3423; baseline 0.004 -7"><span class='ocrx_word' id='word_1_679' title='bbox 2136 3360 2450 3416; x_wconf 88' lang='lat' dir='ltr'><strong>eruditionis</strong></span> <span class='ocrx_word' id='word_1_680' title='bbox 2505 3361 2669 3415; x_wconf 90' lang='lat' dir='ltr'><strong>veluti</strong></span> <span class='ocrx_word' id='word_1_681' title='bbox 2725 3376 2993 3416; x_wconf 86' lang='lat' dir='ltr'><strong>memores</strong></span> <span class='ocrx_word' id='word_1_682' title='bbox 3020 3364 3455 3418; x_wconf 81' lang='lat' dir='ltr'><strong>recordarcntur.</strong></span> <span class='ocrx_word' id='word_1_683' title='bbox 3484 3360 3735 3423; x_wconf 78' lang='lat' dir='ltr'><strong>Primum</strong></span> 
     </span>
    </p>
   </div>
   <div class='ocr_carea' id='block_1_101' title="bbox 2135 3432 3734 3506">
    <p class='ocr_par' dir='ltr' id='par_1_101' title="bbox 2135 3432 3734 3506">
     <span class='ocr_line' id='line_1_103' title="bbox 2135 3432 3734 3506; baseline 0.006 -22"><span class='ocrx_word' id='word_1_684' title='bbox 2135 3432 2452 3506; x_wconf 76' lang='lat' dir='ltr'><strong>quihusdam</strong></span> <span class='ocrx_word' id='word_1_685' title='bbox 2477 3433 2636 3486; x_wconf 88' lang='lat' dir='ltr'><strong>etiam</strong></span> <span class='ocrx_word' id='word_1_686' title='bbox 2669 3432 2990 3506; x_wconf 72' lang='lat' dir='ltr'><strong>Christianis</strong></span> <span class='ocrx_word' id='word_1_687' title='bbox 3021 3436 3242 3506; x_wconf 82' lang='lat' dir='ltr'><strong>placuit.</strong></span> <span class='ocrx_word' id='word_1_688' title='bbox 3278 3448 3330 3488; x_wconf 90' lang='lat' dir='ltr'><strong>ut</strong></span> <span class='ocrx_word' id='word_1_689' title='bbox 3360 3435 3608 3506; x_wconf 87' lang='lat' dir='ltr'><strong>Origeni:</strong></span> <span class='ocrx_word' id='word_1_690' title='bbox 3637 3439 3734 3494; x_wconf 89' lang='lat' dir='ltr'><strong>sed</strong></span> 
     </span>
    </p>
   </div>
   <div class='ocr_carea' id='block_1_102' title="bbox 2137 3503 3736 3574">
    <p class='ocr_par' dir='ltr' id='par_1_102' title="bbox 2137 3503 3736 3574">
     <span class='ocr_line' id='line_1_104' title="bbox 2137 3503 3736 3574; baseline 0.003 -15"><span class='ocrx_word' id='word_1_691' title='bbox 2137 3504 2401 3559; x_wconf 82' lang='lat' dir='ltr'><strong>refutatur</strong></span> <span class='ocrx_word' id='word_1_692' title='bbox 2437 3518 2558 3557; x_wconf 93' lang='lat' dir='ltr'><strong>cum</strong></span> <span class='ocrx_word' id='word_1_693' title='bbox 2587 3507 2746 3574; x_wconf 89' lang='lat' dir='ltr'><strong>epist.</strong></span> <span class='ocrx_word' id='word_1_694' title='bbox 2782 3503 2978 3559; x_wconf 89' lang='lat' dir='ltr'><strong>Leonis</strong></span> <span class='ocrx_word' id='word_1_695' title='bbox 3029 3504 3053 3556; x_wconf 81' lang='grc'><strong>1</strong></span> <span class='ocrx_word' id='word_1_696' title='bbox 3090 3506 3155 3559; x_wconf 90' lang='lat' dir='ltr'><strong>ad</strong></span> <span class='ocrx_word' id='word_1_697' title='bbox 3207 3503 3482 3561; x_wconf 77' lang='lat' dir='ltr'><strong>&#39;l‘uribiutn</strong></span> <span class='ocrx_word' id='word_1_698' title='bbox 3526 3512 3736 3564; x_wconf 80' lang='lat' dir='ltr'><strong>Asturi-</strong></span> 
     </span>
    </p>
   </div>
   <div class='ocr_carea' id='block_1_103' title="bbox 2136 3576 3735 3644">
    <p class='ocr_par' dir='ltr' id='par_1_103' title="bbox 2136 3576 3735 3644">
     <span class='ocr_line' id='line_1_105' title="bbox 2136 3576 3735 3644; baseline 0.004 -15"><span class='ocrx_word' id='word_1_699' title='bbox 2136 3590 2351 3630; x_wconf 91' lang='lat' dir='ltr'><strong>censem</strong></span> <span class='ocrx_word' id='word_1_700' title='bbox 2397 3576 2742 3644; x_wconf 89' lang='lat' dir='ltr'><strong>episcopum,</strong></span> <span class='ocrx_word' id='word_1_701' title='bbox 2773 3584 2884 3629; x_wconf 88' lang='lat' dir='ltr'><strong>tum</strong></span> <span class='ocrx_word' id='word_1_702' title='bbox 2917 3576 3109 3629; x_wconf 91' lang='lat' dir='ltr'><strong>concil.</strong></span> <span class='ocrx_word' id='word_1_703' title='bbox 3146 3576 3504 3633; x_wconf 84' lang='lat' dir='ltr'><strong>Bracharensi</strong></span> <span class='ocrx_word' id='word_1_704' title='bbox 3533 3596 3571 3643; x_wconf 90' lang='lat' dir='ltr'><strong>I,</strong></span> <span class='ocrx_word' id='word_1_705' title='bbox 3597 3592 3648 3636; x_wconf 90' lang='lat' dir='ltr'><strong>c.</strong></span> <span class='ocrx_word' id='word_1_706' title='bbox 3676 3581 3735 3635; x_wconf 82' lang='grc'><strong>6.</strong></span> 
     </span>
    </p>
   </div>
   <div class='ocr_carea' id='block_1_104' title="bbox 2139 3647 3735 3717">
    <p class='ocr_par' dir='ltr' id='par_1_104' title="bbox 2139 3647 3735 3717">
     <span class='ocr_line' id='line_1_106' title="bbox 2139 3647 3735 3717; baseline 0.004 -16"><span class='ocrx_word' id='word_1_707' title='bbox 2139 3648 2381 3702; x_wconf 89' lang='lat' dir='ltr'><strong>Alterum</strong></span> <span class='ocrx_word' id='word_1_708' title='bbox 2439 3663 2566 3701; x_wconf 89' lang='lat' dir='ltr'><strong>vero</strong></span> <span class='ocrx_word' id='word_1_709' title='bbox 2618 3662 2646 3700; x_wconf 92' lang='lat' dir='ltr'><strong>a</strong></span> <span class='ocrx_word' id='word_1_710' title='bbox 2701 3647 2884 3700; x_wconf 83' lang='lat' dir='ltr'><strong>Boetio</strong></span> <span class='ocrx_word' id='word_1_711' title='bbox 2924 3649 3095 3715; x_wconf 91' lang='lat' dir='ltr'><strong>potuit</strong></span> <span class='ocrx_word' id='word_1_712' title='bbox 3126 3650 3436 3716; x_wconf 86' lang='lat' dir='ltr'><strong>approbari,</strong></span> <span class='ocrx_word' id='word_1_713' title='bbox 3467 3660 3735 3717; x_wconf 78' lang='lat' dir='ltr'><strong>quatenus</strong></span> 
     </span>
    </p>
   </div>
   <div class='ocr_carea' id='block_1_105' title="bbox 2139 3718 3736 3787">
    <p class='ocr_par' dir='ltr' id='par_1_105' title="bbox 2139 3718 3736 3787">
     <span class='ocr_line' id='line_1_107' title="bbox 2139 3718 3736 3787; baseline 0.005 -16"><span class='ocrx_word' id='word_1_714' title='bbox 2139 3734 2289 3773; x_wconf 65' lang='lat' dir='ltr'><strong>men;</strong></span> <span class='ocrx_word' id='word_1_715' title='bbox 2322 3719 2553 3771; x_wconf 90' lang='lat' dir='ltr'><strong>humana</strong></span> <span class='ocrx_word' id='word_1_716' title='bbox 2582 3719 2634 3771; x_wconf 90' lang='lat' dir='ltr'><strong>in</strong></span> <span class='ocrx_word' id='word_1_717' title='bbox 2674 3722 2816 3770; x_wconf 80' lang='lat' dir='ltr'><strong>omni</strong></span> <span class='ocrx_word' id='word_1_718' title='bbox 2849 3718 3104 3773; x_wconf 91' lang='lat' dir='ltr'><strong>methodo</strong></span> <span class='ocrx_word' id='word_1_719' title='bbox 3126 3734 3341 3787; x_wconf 85' lang='lat' dir='ltr'><strong>semper</strong></span> <span class='ocrx_word' id='word_1_720' title='bbox 3371 3736 3397 3771; x_wconf 89' lang='lat' dir='ltr'><strong>a</strong></span> <span class='ocrx_word' id='word_1_721' title='bbox 3433 3723 3736 3779; x_wconf 87' lang='lat' dir='ltr'><strong>notioribus</strong></span> 
     </span>
    </p>
   </div>
   <div class='ocr_carea' id='block_1_106' title="bbox 2138 3789 3740 3862">
    <p class='ocr_par' dir='ltr' id='par_1_106' title="bbox 2138 3789 3740 3862">
     <span class='ocr_line' id='line_1_108' title="bbox 2138 3789 3740 3862; baseline 0.006 -21"><span class='ocrx_word' id='word_1_722' title='bbox 2138 3789 2205 3842; x_wconf 89' lang='lat' dir='ltr'><strong>ad</strong></span> <span class='ocrx_word' id='word_1_723' title='bbox 2226 3790 2401 3843; x_wconf 88' lang='lat' dir='ltr'><strong>minus</strong></span> <span class='ocrx_word' id='word_1_724' title='bbox 2428 3798 2550 3862; x_wconf 88' lang='lat' dir='ltr'><strong>nota</strong></span> <span class='ocrx_word' id='word_1_725' title='bbox 2584 3790 2943 3862; x_wconf 76' lang='lat' dir='ltr'><strong>progreditur,</strong></span> <span class='ocrx_word' id='word_1_726' title='bbox 2990 3789 3059 3844; x_wconf 88' lang='lat' dir='ltr'><strong>ita</strong></span> <span class='ocrx_word' id='word_1_727' title='bbox 3107 3800 3163 3843; x_wconf 91' lang='lat' dir='ltr'><strong>nt</strong></span> <span class='ocrx_word' id='word_1_728' title='bbox 3210 3807 3544 3862; x_wconf 72' lang='lat' dir='ltr'><strong>quzecunqne</strong></span> <span class='ocrx_word' id='word_1_729' title='bbox 3588 3798 3740 3852; x_wconf 89' lang='lat' dir='ltr'><strong>notio</strong></span> 
     </span>
    </p>
   </div>
   <div class='ocr_carea' id='block_1_107' title="bbox 2141 3860 3735 3931">
    <p class='ocr_par' dir='ltr' id='par_1_107' title="bbox 2141 3860 3735 3931">
     <span class='ocr_line' id='line_1_109' title="bbox 2141 3860 3735 3931; baseline 0.004 -16"><span class='ocrx_word' id='word_1_730' title='bbox 2141 3876 2330 3915; x_wconf 88' lang='lat' dir='ltr'><strong>recens</strong></span> <span class='ocrx_word' id='word_1_731' title='bbox 2360 3861 2640 3925; x_wconf 85' lang='lat' dir='ltr'><strong>habeatur,</strong></span> <span class='ocrx_word' id='word_1_732' title='bbox 2666 3860 2752 3912; x_wconf 87' lang='lat' dir='ltr'><strong>illa</strong></span> <span class='ocrx_word' id='word_1_733' title='bbox 2781 3864 2848 3913; x_wconf 89' lang='lat' dir='ltr'><strong>sit</strong></span> <span class='ocrx_word' id='word_1_734' title='bbox 2879 3861 3105 3929; x_wconf 86' lang='lat' dir='ltr'><strong>alicujus</strong></span> <span class='ocrx_word' id='word_1_735' title='bbox 3123 3860 3473 3931; x_wconf 72' lang='lat' dir='ltr'><strong>przenotionis</strong></span> <span class='ocrx_word' id='word_1_736' title='bbox 3503 3867 3695 3921; x_wconf 89' lang='lat' dir='ltr'><strong>modus</strong></span> <span class='ocrx_word' id='word_1_737' title='bbox 3721 3887 3735 3920; x_wconf 91' lang='lat'><strong>:</strong></span> 
     </span>
    </p>
   </div>
   <div class='ocr_carea' id='block_1_108' title="bbox 2141 3932 3740 4007">
    <p class='ocr_par' dir='ltr' id='par_1_108' title="bbox 2141 3932 3740 4007">
     <span class='ocr_line' id='line_1_110' title="bbox 2141 3932 3740 4007; baseline 0.005 -22"><span class='ocrx_word' id='word_1_738' title='bbox 2141 3932 2587 4007; x_wconf 83' lang='lat' dir='ltr'><strong>quemadmodum</strong></span> <span class='ocrx_word' id='word_1_739' title='bbox 2605 3932 2859 4007; x_wconf 66' lang='lat' dir='ltr'><strong>quaalibet</strong></span> <span class='ocrx_word' id='word_1_740' title='bbox 2874 3947 3009 4007; x_wconf 66' lang='lat' dir='ltr'><strong>nova</strong></span> <span class='ocrx_word' id='word_1_741' title='bbox 3026 3933 3283 4007; x_wconf 86' lang='lat' dir='ltr'><strong>appetitio</strong></span> <span class='ocrx_word' id='word_1_742' title='bbox 3302 3935 3495 4002; x_wconf 89' lang='lat' dir='ltr'><strong>prioris</strong></span> <span class='ocrx_word' id='word_1_743' title='bbox 3523 3951 3740 4007; x_wconf 87' lang='lat' dir='ltr'><strong>semper</strong></span> 
     </span>
    </p>
   </div>
   <div class='ocr_carea' id='block_1_109' title="bbox 2142 4001 3743 4071">
    <p class='ocr_par' dir='ltr' id='par_1_109' title="bbox 2142 4001 3743 4071">
     <span class='ocr_line' id='line_1_111' title="bbox 2142 4001 3743 4071; baseline 0.004 -14"><span class='ocrx_word' id='word_1_744' title='bbox 2142 4001 2224 4057; x_wconf 64' lang='lat' dir='ltr'><strong>est</strong></span> <span class='ocrx_word' id='word_1_745' title='bbox 2254 4004 2593 4071; x_wconf 86' lang='lat' dir='ltr'><strong>appetitionis</strong></span> <span class='ocrx_word' id='word_1_746' title='bbox 2638 4001 2849 4057; x_wconf 90' lang='lat' dir='ltr'><strong>modus.</strong></span> <span class='ocrx_word' id='word_1_747' title='bbox 2902 4002 2968 4057; x_wconf 88' lang='lat' dir='ltr'><strong>Et</strong></span> <span class='ocrx_word' id='word_1_748' title='bbox 3004 4006 3151 4057; x_wconf 73' lang='lat' dir='ltr'><strong>certe</strong></span> <span class='ocrx_word' id='word_1_749' title='bbox 3202 4001 3324 4058; x_wconf 89' lang='lat' dir='ltr'><strong>cum</strong></span> <span class='ocrx_word' id='word_1_750' title='bbox 3356 4007 3611 4062; x_wconf 58' lang='lat' dir='ltr'><strong>coaitatio</strong></span> <span class='ocrx_word' id='word_1_751' title='bbox 3646 4001 3743 4064; x_wconf 53' lang='lat' dir='ltr'><strong>&#39;sit</strong></span> 
     </span>
    </p>
   </div>
   <div class='ocr_carea' id='block_1_110' title="bbox 2144 4075 3741 4143">
    <p class='ocr_par' dir='ltr' id='par_1_110' title="bbox 2144 4075 3741 4143">
     <span class='ocr_line' id='line_1_112' title="bbox 2144 4075 3741 4143; baseline 0.005 -15"><span class='ocrx_word' id='word_1_752' title='bbox 2144 4075 2259 4143; x_wconf 88' lang='lat' dir='ltr'><strong>ipsa</strong></span> <span class='ocrx_word' id='word_1_753' title='bbox 2287 4076 2482 4127; x_wconf 89' lang='lat' dir='ltr'><strong>mentis</strong></span> <span class='ocrx_word' id='word_1_754' title='bbox 2519 4075 2765 4127; x_wconf 73' lang='lat' dir='ltr'><strong>humana:</strong></span> <span class='ocrx_word' id='word_1_755' title='bbox 2794 4075 2921 4138; x_wconf 82' lang='lat' dir='ltr'><strong>vita,</strong></span> <span class='ocrx_word' id='word_1_756' title='bbox 2952 4088 3183 4142; x_wconf 85' lang='lat' dir='ltr'><strong>cumque</strong></span> <span class='ocrx_word' id='word_1_757' title='bbox 3224 4092 3378 4129; x_wconf 82' lang='lat' dir='ltr'><strong>tuens</strong></span> <span class='ocrx_word' id='word_1_758' title='bbox 3408 4078 3597 4134; x_wconf 89' lang='lat' dir='ltr'><strong>eadem</strong></span> <span class='ocrx_word' id='word_1_759' title='bbox 3632 4096 3741 4137; x_wconf 88' lang='lat' dir='ltr'><strong>non</strong></span> 
     </span>
    </p>
   </div>
   <div class='ocr_carea' id='block_1_111' title="bbox 2144 4144 3743 4217">
    <p class='ocr_par' dir='ltr' id='par_1_111' title="bbox 2144 4144 3743 4217">
     <span class='ocr_line' id='line_1_113' title="bbox 2144 4144 3743 4217; baseline 0.006 -20"><span class='ocrx_word' id='word_1_760' title='bbox 2144 4146 2379 4212; x_wconf 87' lang='lat' dir='ltr'><strong>potuerit</strong></span> <span class='ocrx_word' id='word_1_761' title='bbox 2402 4145 2577 4217; x_wconf 81' lang='lat' dir='ltr'><strong>creari</strong></span> <span class='ocrx_word' id='word_1_762' title='bbox 2608 4144 2709 4198; x_wconf 90' lang='lat' dir='ltr'><strong>nisi</strong></span> <span class='ocrx_word' id='word_1_763' title='bbox 2738 4146 2861 4198; x_wconf 66' lang='lat' dir='ltr'><strong>vitm</strong></span> <span class='ocrx_word' id='word_1_764' title='bbox 2891 4148 3181 4215; x_wconf 83' lang='lat' dir='ltr'><strong>particeps,</strong></span> <span class='ocrx_word' id='word_1_765' title='bbox 3209 4163 3550 4217; x_wconf 89' lang='lat' dir='ltr'><strong>consequens</strong></span> <span class='ocrx_word' id='word_1_766' title='bbox 3592 4153 3743 4206; x_wconf 81' lang='lat' dir='ltr'><strong>vide-</strong></span> 
     </span>
    </p>
   </div>
   <div class='ocr_carea' id='block_1_112' title="bbox 2145 4216 3744 4287">
    <p class='ocr_par' dir='ltr' id='par_1_112' title="bbox 2145 4216 3744 4287">
     <span class='ocr_line' id='line_1_114' title="bbox 2145 4216 3744 4287; baseline 0.005 -18"><span class='ocrx_word' id='word_1_767' title='bbox 2145 4226 2233 4270; x_wconf 88' lang='lat' dir='ltr'><strong>tur</strong></span> <span class='ocrx_word' id='word_1_768' title='bbox 2280 4225 2514 4271; x_wconf 90' lang='lat' dir='ltr'><strong>mentem</strong></span> <span class='ocrx_word' id='word_1_769' title='bbox 2554 4216 2842 4269; x_wconf 86' lang='lat' dir='ltr'><strong>humanam</strong></span> <span class='ocrx_word' id='word_1_770' title='bbox 2883 4233 2910 4267; x_wconf 89' lang='lat' dir='ltr'><strong>a</strong></span> <span class='ocrx_word' id='word_1_771' title='bbox 2960 4220 3132 4277; x_wconf 84' lang='lat' dir='ltr'><strong>primo</strong></span> <span class='ocrx_word' id='word_1_772' title='bbox 3163 4234 3260 4272; x_wconf 88' lang='lat' dir='ltr'><strong>suo</strong></span> <span class='ocrx_word' id='word_1_773' title='bbox 3309 4216 3431 4274; x_wconf 90' lang='lat' dir='ltr'><strong>ortu</strong></span> <span class='ocrx_word' id='word_1_774' title='bbox 3471 4222 3744 4287; x_wconf 69' lang='lat' dir='ltr'><strong>prmdictis</strong></span> 
     </span>
    </p>
   </div>
   <div class='ocr_carea' id='block_1_113' title="bbox 2147 4287 3744 4360">
    <p class='ocr_par' dir='ltr' id='par_1_113' title="bbox 2147 4287 3744 4360">
     <span class='ocr_line' id='line_1_115' title="bbox 2147 4287 3744 4360; baseline 0.007 -19"><span class='ocrx_word' id='word_1_775' title='bbox 2147 4287 2581 4360; x_wconf 79' lang='lat' dir='ltr'><strong>cogitationibus,</strong></span> <span class='ocrx_word' id='word_1_776' title='bbox 2598 4289 2844 4360; x_wconf 78' lang='lat' dir='ltr'><strong>generali</strong></span> <span class='ocrx_word' id='word_1_777' title='bbox 2860 4288 3065 4343; x_wconf 88' lang='lat' dir='ltr'><strong>scilicet</strong></span> <span class='ocrx_word' id='word_1_778' title='bbox 3093 4290 3310 4346; x_wconf 91' lang='lat' dir='ltr'><strong>notione</strong></span> <span class='ocrx_word' id='word_1_779' title='bbox 3336 4300 3389 4345; x_wconf 90' lang='lat' dir='ltr'><strong>et</strong></span> <span class='ocrx_word' id='word_1_780' title='bbox 3410 4294 3744 4360; x_wconf 80' lang='lat' dir='ltr'><strong>appetitione</strong></span> 
     </span>
    </p>
   </div>
   <div class='ocr_carea' id='block_1_114' title="bbox 2147 4358 3005 4427">
    <p class='ocr_par' dir='ltr' id='par_1_114' title="bbox 2147 4358 3005 4427">
     <span class='ocr_line' id='line_1_116' title="bbox 2147 4358 3005 4427; baseline 0.001 -14"><span class='ocrx_word' id='word_1_781' title='bbox 2147 4362 2339 4414; x_wconf 90' lang='lat' dir='ltr'><strong>summi</strong></span> <span class='ocrx_word' id='word_1_782' title='bbox 2370 4359 2516 4427; x_wconf 89' lang='lat' dir='ltr'><strong>boni,</strong></span> <span class='ocrx_word' id='word_1_783' title='bbox 2552 4358 2798 4412; x_wconf 80' lang='lat' dir='ltr'><strong>affectam</strong></span> <span class='ocrx_word' id='word_1_784' title='bbox 2822 4358 3005 4414; x_wconf 85' lang='lat' dir='ltr'><strong>fuisse.</strong></span> 
     </span>
    </p>
   </div>
   <div class='ocr_carea' id='block_1_115' title="bbox 2221 4427 3744 4498">
    <p class='ocr_par' dir='ltr' id='par_1_115' title="bbox 2221 4427 3744 4498">
     <span class='ocr_line' id='line_1_117' title="bbox 2221 4427 3744 4498; baseline 0.006 -15"><span class='ocrx_word' id='word_1_785' title='bbox 2221 4432 2240 4461; x_wconf 74' lang='grc'>³</span> <span class='ocrx_word' id='word_1_786' title='bbox 2273 4430 2471 4483; x_wconf 82' lang='lat' dir='ltr'><strong>Horum</strong></span> <span class='ocrx_word' id='word_1_787' title='bbox 2517 4427 2935 4498; x_wconf 50' lang='lat' dir='ltr'><strong>commemoramj</strong></span> <span class='ocrx_word' id='word_1_788' title='bbox 2983 4430 3147 4495; x_wconf 89' lang='lat' dir='ltr'><strong>Quasi</strong></span> <span class='ocrx_word' id='word_1_789' title='bbox 3191 4431 3371 4495; x_wconf 89' lang='lat' dir='ltr'><strong>dicat;</strong></span> <span class='ocrx_word' id='word_1_790' title='bbox 3406 4435 3588 4488; x_wconf 80' lang='lat' dir='ltr'><strong>horam</strong></span> <span class='ocrx_word' id='word_1_791' title='bbox 3639 4456 3744 4493; x_wconf 79' lang='lat' dir='ltr'><strong>nic-</strong></span> 
     </span>
    </p>
   </div>
   <div class='ocr_carea' id='block_1_116' title="bbox 2150 4500 3746 4570">
    <p class='ocr_par' dir='ltr' id='par_1_116' title="bbox 2150 4500 3746 4570">
     <span class='ocr_line' id='line_1_118' title="bbox 2150 4500 3746 4570; baseline 0.004 -15"><span class='ocrx_word' id='word_1_792' title='bbox 2150 4502 2365 4555; x_wconf 87' lang='lat' dir='ltr'><strong>moriam</strong></span> <span class='ocrx_word' id='word_1_793' title='bbox 2384 4516 2747 4555; x_wconf 86' lang='lat' dir='ltr'><strong>commemoras</strong></span> <span class='ocrx_word' id='word_1_794' title='bbox 2784 4514 2803 4553; x_wconf 89' lang='lat'><strong><em>:</em></strong></span> <span class='ocrx_word' id='word_1_795' title='bbox 2832 4500 2933 4553; x_wconf 88' lang='lat' dir='ltr'><strong>hac</strong></span> <span class='ocrx_word' id='word_1_796' title='bbox 2958 4502 3100 4555; x_wconf 90' lang='lat' dir='ltr'><strong>enim</strong></span> <span class='ocrx_word' id='word_1_797' title='bbox 3129 4501 3385 4555; x_wconf 74' lang='lat' dir='ltr'><strong>duntaxat</strong></span> <span class='ocrx_word' id='word_1_798' title='bbox 3418 4504 3532 4570; x_wconf 73' lang='lat' dir='ltr'><strong>lege</strong></span> <span class='ocrx_word' id='word_1_799' title='bbox 3577 4512 3746 4565; x_wconf 84' lang='lat' dir='ltr'><strong>verba</strong></span> 
     </span>
    </p>
   </div>
   <div class='ocr_carea' id='block_1_117' title="bbox 2151 4570 3742 4648">
    <p class='ocr_par' dir='ltr' id='par_1_117' title="bbox 2151 4570 3742 4648">
     <span class='ocr_line' id='line_1_119' title="bbox 2151 4570 3742 4648; baseline -0.001 -19"><span class='ocrx_word' id='word_1_800' title='bbox 2151 4573 2543 4648; x_wconf 76' lang='lat' dir='ltr'><strong>recordationis</strong></span> <span class='ocrx_word' id='word_1_801' title='bbox 2562 4570 2933 4648; x_wconf 61' lang='lat' dir='ltr'><strong>grammaticis</strong></span> <span class='ocrx_word' id='word_1_802' title='bbox 2958 4573 3208 4648; x_wconf 79' lang='lat' dir='ltr'><strong>dicuntur</strong></span> <span class='ocrx_word' id='word_1_803' title='bbox 3230 4575 3503 4648; x_wconf 71' lang='lat' dir='ltr'><strong>genitiuum</strong></span> <span class='ocrx_word' id='word_1_804' title='bbox 3530 4592 3742 4648; x_wconf 67' lang='lat' dir='ltr'><strong>regere.</strong></span> 
     </span>
    </p>
   </div>
   <div class='ocr_carea' id='block_1_118' title="bbox 2223 4640 3745 4712">
    <p class='ocr_par' dir='ltr' id='par_1_118' title="bbox 2223 4640 3745 4712">
     <span class='ocr_line' id='line_1_120' title="bbox 2223 4640 3745 4712; baseline 0.012 -17"><span class='ocrx_word' id='word_1_805' title='bbox 2223 4640 2646 4712; x_wconf 67' lang='lat' dir='ltr'><strong>3Mundushic.]</strong></span> <span class='ocrx_word' id='word_1_806' title='bbox 2680 4642 2717 4695; x_wconf 91' lang='lat' dir='ltr'><strong>I.</strong></span> <span class='ocrx_word' id='word_1_807' title='bbox 2770 4643 2985 4698; x_wconf 86' lang='lat' dir='ltr'><strong>Boetius</strong></span> <span class='ocrx_word' id='word_1_808' title='bbox 3026 4643 3208 4711; x_wconf 82' lang='lat' dir='ltr'><strong>probat</strong></span> <span class='ocrx_word' id='word_1_809' title='bbox 3234 4640 3508 4698; x_wconf 72' lang='lat' dir='ltr'><strong>mundum</strong></span> <span class='ocrx_word' id='word_1_810' title='bbox 3562 4640 3618 4702; x_wconf 70' lang='grc' dir='ltr'><strong>ια’</strong></span> <span class='ocrx_word' id='word_1_811' title='bbox 3636 4650 3745 4707; x_wconf 75' lang='lat' dir='ltr'><strong>Deo</strong></span> 
     </span>
    </p>
   </div>
   <div class='ocr_carea' id='block_1_119' title="bbox 2155 4713 3742 4785">
    <p class='ocr_par' dir='ltr' id='par_1_119' title="bbox 2155 4713 3742 4785">
     <span class='ocr_line' id='line_1_121' title="bbox 2155 4713 3742 4785; baseline 0.004 -16"><span class='ocrx_word' id='word_1_812' title='bbox 2155 4716 2267 4784; x_wconf 89' lang='lat' dir='ltr'><strong>regi</strong></span> <span class='ocrx_word' id='word_1_813' title='bbox 2299 4716 2401 4769; x_wconf 89' lang='lat' dir='ltr'><strong>hoc</strong></span> <span class='ocrx_word' id='word_1_814' title='bbox 2428 4724 2769 4784; x_wconf 90' lang='lat' dir='ltr'><strong>argumento.</strong></span> <span class='ocrx_word' id='word_1_815' title='bbox 2804 4713 2936 4768; x_wconf 89' lang='lat' dir='ltr'><strong>Cum</strong></span> <span class='ocrx_word' id='word_1_816' title='bbox 2961 4718 3352 4770; x_wconf 90' lang='lat' dir='ltr'><strong>contrariorum</strong></span> <span class='ocrx_word' id='word_1_817' title='bbox 3400 4726 3492 4769; x_wconf 89' lang='lat' dir='ltr'><strong>aut</strong></span> <span class='ocrx_word' id='word_1_818' title='bbox 3542 4720 3742 4785; x_wconf 84' lang='lat' dir='ltr'><strong>nullus,</strong></span> 
     </span>
    </p>
   </div>
   <div class='ocr_carea' id='block_1_120' title="bbox 2154 4785 3745 4854">
    <p class='ocr_par' dir='ltr' id='par_1_120' title="bbox 2154 4785 3745 4854">
     <span class='ocr_line' id='line_1_122' title="bbox 2154 4785 3745 4854; baseline 0.003 -13"><span class='ocrx_word' id='word_1_819' title='bbox 2154 4795 2246 4842; x_wconf 91' lang='lat' dir='ltr'><strong>aut</strong></span> <span class='ocrx_word' id='word_1_820' title='bbox 2272 4786 2471 4852; x_wconf 92' lang='lat' dir='ltr'><strong>brevis,</strong></span> <span class='ocrx_word' id='word_1_821' title='bbox 2514 4793 2607 4838; x_wconf 88' lang='lat' dir='ltr'><strong>aut</strong></span> <span class='ocrx_word' id='word_1_822' title='bbox 2637 4785 2826 4840; x_wconf 87' lang='lat' dir='ltr'><strong>saltem</strong></span> <span class='ocrx_word' id='word_1_823' title='bbox 2876 4785 3212 4854; x_wconf 68' lang='lat' dir='ltr'><strong>inmquabilis</strong></span> <span class='ocrx_word' id='word_1_824' title='bbox 3254 4801 3372 4841; x_wconf 86' lang='lat' dir='ltr'><strong>esse</strong></span> <span class='ocrx_word' id='word_1_825' title='bbox 3400 4788 3745 4846; x_wconf 83' lang='lat' dir='ltr'><strong>debeatcon-</strong></span> 
     </span>
    </p>
   </div>
   <div class='ocr_carea' id='block_1_121' title="bbox 2153 4856 3743 4927">
    <p class='ocr_par' dir='ltr' id='par_1_121' title="bbox 2153 4856 3743 4927">
     <span class='ocr_line' id='line_1_123' title="bbox 2153 4856 3743 4927; baseline 0.004 -15"><span class='ocrx_word' id='word_1_826' title='bbox 2153 4872 2362 4922; x_wconf 89' lang='lat' dir='ltr'><strong>cursus,</strong></span> <span class='ocrx_word' id='word_1_827' title='bbox 2394 4857 2437 4909; x_wconf 90' lang='lat' dir='ltr'><strong>si</strong></span> <span class='ocrx_word' id='word_1_828' title='bbox 2463 4856 2693 4912; x_wconf 86' lang='lat' dir='ltr'><strong>mundus</strong></span> <span class='ocrx_word' id='word_1_829' title='bbox 2715 4859 2786 4911; x_wconf 91' lang='lat' dir='ltr'><strong>sit</strong></span> <span class='ocrx_word' id='word_1_830' title='bbox 2810 4866 3096 4926; x_wconf 90' lang='lat' dir='ltr'><strong>perpetuus</strong></span> <span class='ocrx_word' id='word_1_831' title='bbox 3118 4858 3503 4927; x_wconf 72' lang='lat' dir='ltr'><strong>mquabilisque</strong></span> <span class='ocrx_word' id='word_1_832' title='bbox 3533 4872 3743 4918; x_wconf 54' lang='lat' dir='ltr'><strong>contra.</strong></span> 
     </span>
    </p>
   </div>
   <div class='ocr_carea' id='block_1_122' title="bbox 2153 4930 3745 4993">
    <p class='ocr_par' dir='ltr' id='par_1_122' title="bbox 2153 4930 3745 4993">
     <span class='ocr_line' id='line_1_124' title="bbox 2153 4930 3745 4993; baseline 0.005 -10"><span class='ocrx_word' id='word_1_833' title='bbox 2153 4930 2352 4984; x_wconf 89' lang='lat' dir='ltr'><strong>riorum</strong></span> <span class='ocrx_word' id='word_1_834' title='bbox 2375 4942 2693 4993; x_wconf 72' lang='grc' dir='ltr'><strong>εοιιουτειιε,</strong></span> <span class='ocrx_word' id='word_1_835' title='bbox 2718 4938 2775 4983; x_wconf 69' lang='grc' dir='ltr'><strong>υἱ</strong></span> <span class='ocrx_word' id='word_1_836' title='bbox 2797 4942 2986 4983; x_wconf 87' lang='lat' dir='ltr'><strong>revera</strong></span> <span class='ocrx_word' id='word_1_837' title='bbox 3014 4937 3115 4991; x_wconf 90' lang='lat' dir='ltr'><strong>est,</strong></span> <span class='ocrx_word' id='word_1_838' title='bbox 3142 4944 3364 4984; x_wconf 88' lang='lat' dir='ltr'><strong>necesse</strong></span> <span class='ocrx_word' id='word_1_839' title='bbox 3386 4942 3467 4985; x_wconf 75' lang='lat' dir='ltr'><strong>CSI.</strong></span> <span class='ocrx_word' id='word_1_840' title='bbox 3493 4942 3550 4986; x_wconf 84' lang='grc' dir='ltr'><strong>υι</strong></span> <span class='ocrx_word' id='word_1_841' title='bbox 3588 4951 3745 4991; x_wconf 73' lang='lat' dir='ltr'><strong>lllllll-</strong></span> 
     </span>
    </p>
   </div>
   <div class='ocr_carea' id='block_1_123' title="bbox 2152 4999 3743 5074">
    <p class='ocr_par' dir='ltr' id='par_1_123' title="bbox 2152 4999 3743 5074">
     <span class='ocr_line' id='line_1_125' title="bbox 2152 4999 3743 5074; baseline 0.004 -20"><span class='ocrx_word' id='word_1_842' title='bbox 2152 5001 2490 5074; x_wconf 10' lang='lat' dir='ltr'><strong>dusgregatur</strong></span> <span class='ocrx_word' id='word_1_843' title='bbox 2510 5015 2539 5053; x_wconf 90' lang='lat' dir='ltr'><strong>a</strong></span> <span class='ocrx_word' id='word_1_844' title='bbox 2571 4999 2704 5074; x_wconf 78' lang='lat' dir='ltr'><strong>Deo,</strong></span> <span class='ocrx_word' id='word_1_845' title='bbox 2726 5016 2757 5053; x_wconf 86' lang='lat' dir='ltr'><strong>a</strong></span> <span class='ocrx_word' id='word_1_846' title='bbox 2784 5016 2888 5070; x_wconf 92' lang='lat' dir='ltr'><strong>quo</strong></span> <span class='ocrx_word' id='word_1_847' title='bbox 2907 5000 2993 5053; x_wconf 88' lang='lat' dir='ltr'><strong>illa</strong></span> <span class='ocrx_word' id='word_1_848' title='bbox 3029 5000 3298 5055; x_wconf 90' lang='lat' dir='ltr'><strong>contraria</strong></span> <span class='ocrx_word' id='word_1_849' title='bbox 3328 5002 3743 5074; x_wconf 73' lang='lat' dir='ltr'><strong>conjungantur,</strong></span> 
     </span>
    </p>
   </div>
   <div class='ocr_carea' id='block_1_124' title="bbox 2154 5071 3746 5146">
    <p class='ocr_par' dir='ltr' id='par_1_124' title="bbox 2154 5071 3746 5146">
     <span class='ocr_line' id='line_1_126' title="bbox 2154 5071 3746 5146; baseline 0.006 -21"><span class='ocrx_word' id='word_1_850' title='bbox 2154 5071 2439 5146; x_wconf 80' lang='lat' dir='ltr'><strong>conjuncta</strong></span> <span class='ocrx_word' id='word_1_851' title='bbox 2478 5072 2886 5136; x_wconf 87' lang='lat' dir='ltr'><strong>contineantur,</strong></span> <span class='ocrx_word' id='word_1_852' title='bbox 2939 5081 3296 5143; x_wconf 88' lang='lat' dir='ltr'><strong>contentaque</strong></span> <span class='ocrx_word' id='word_1_853' title='bbox 3334 5072 3445 5128; x_wconf 89' lang='lat' dir='ltr'><strong>suis</strong></span> <span class='ocrx_word' id='word_1_854' title='bbox 3492 5071 3746 5146; x_wconf 59' lang='lat' dir='ltr'><strong>quaslibet</strong></span> 
     </span>
    </p>
   </div>
   <div class='ocr_carea' id='block_1_125' title="bbox 2155 5142 2660 5198">
    <p class='ocr_par' dir='ltr' id='par_1_125' title="bbox 2155 5142 2660 5198">
     <span class='ocr_line' id='line_1_127' title="bbox 2155 5142 2660 5198; baseline -0.004 -1"><span class='ocrx_word' id='word_1_855' title='bbox 2155 5143 2347 5198; x_wconf 87' lang='lat' dir='ltr'><strong>olticiis</strong></span> <span class='ocrx_word' id='word_1_856' title='bbox 2373 5142 2660 5198; x_wconf 90' lang='lat' dir='ltr'><strong>donentur.</strong></span> 
     </span>
    </p>
   </div>
   <div class='ocr_carea' id='block_1_126' title="bbox 2220 5212 3747 5288">
    <p class='ocr_par' dir='ltr' id='par_1_126' title="bbox 2220 5212 3747 5288">
     <span class='ocr_line' id='line_1_128' title="bbox 2220 5212 3747 5288; baseline 0.005 -20"><span class='ocrx_word' id='word_1_857' title='bbox 2220 5212 2454 5288; x_wconf 9' lang='lat' dir='ltr'><strong>‘gNonne</strong></span> <span class='ocrx_word' id='word_1_858' title='bbox 2477 5217 2537 5288; x_wconf 84' lang='lat' dir='ltr'><strong>in</strong></span> <span class='ocrx_word' id='word_1_859' title='bbox 2552 5214 2889 5288; x_wconf 68' lang='lat' dir='ltr'><strong>beatitudine.</strong></span> <span class='ocrx_word' id='word_1_860' title='bbox 2921 5212 2939 5286; x_wconf 94' lang='lat'>]</span> <span class='ocrx_word' id='word_1_861' title='bbox 2970 5213 3031 5269; x_wconf 86' lang='lat' dir='ltr'><strong>ll.</strong></span> <span class='ocrx_word' id='word_1_862' title='bbox 3058 5214 3402 5285; x_wconf 84' lang='lat' dir='ltr'><strong>PhiIOSOphia</strong></span> <span class='ocrx_word' id='word_1_863' title='bbox 3428 5228 3583 5273; x_wconf 90' lang='lat' dir='ltr'><strong>utens</strong></span> <span class='ocrx_word' id='word_1_864' title='bbox 3613 5237 3747 5288; x_wconf 80' lang='lat' dir='ltr'><strong>pra:-</strong></span> 
     </span>
    </p>
   </div>
   <div class='ocr_carea' id='block_1_127' title="bbox 2151 5286 3750 5355">
    <p class='ocr_par' dir='ltr' id='par_1_127' title="bbox 2151 5286 3750 5355">
     <span class='ocr_line' id='line_1_129' title="bbox 2151 5286 3750 5355; baseline 0.004 -16"><span class='ocrx_word' id='word_1_865' title='bbox 2151 5286 2369 5340; x_wconf 89' lang='lat' dir='ltr'><strong>notione</strong></span> <span class='ocrx_word' id='word_1_866' title='bbox 2391 5286 2563 5340; x_wconf 89' lang='lat' dir='ltr'><strong>Boetii</strong></span> <span class='ocrx_word' id='word_1_867' title='bbox 2590 5288 2761 5355; x_wconf 92' lang='lat' dir='ltr'><strong>ipsum</strong></span> <span class='ocrx_word' id='word_1_868' title='bbox 2804 5288 3045 5341; x_wconf 83' lang='lat' dir='ltr'><strong>Boetium</strong></span> <span class='ocrx_word' id='word_1_869' title='bbox 3097 5288 3291 5351; x_wconf 90' lang='lat' dir='ltr'><strong>docet,</strong></span> <span class='ocrx_word' id='word_1_870' title='bbox 3326 5286 3750 5346; x_wconf 54' lang='lat' dir='ltr'><strong>bonitatenresse</strong></span> 
     </span>
    </p>
   </div>
   <div class='ocr_carea' id='block_1_128' title="bbox 2150 5358 3752 5426">
    <p class='ocr_par' dir='ltr' id='par_1_128' title="bbox 2150 5358 3752 5426">
     <span class='ocr_line' id='line_1_130' title="bbox 2150 5358 3752 5426; baseline 0.004 -16"><span class='ocrx_word' id='word_1_871' title='bbox 2150 5358 2677 5425; x_wconf 81' lang='lat' dir='ltr'><strong>veluticlarumatque</strong></span> <span class='ocrx_word' id='word_1_872' title='bbox 2696 5358 3094 5426; x_wconf 81' lang='lat' dir='ltr'><strong>gubernaculum</strong></span> <span class='ocrx_word' id='word_1_873' title='bbox 3116 5376 3214 5426; x_wconf 86' lang='lat' dir='ltr'><strong>quo</strong></span> <span class='ocrx_word' id='word_1_874' title='bbox 3232 5364 3490 5413; x_wconf 82' lang='lat' dir='ltr'><strong>mundana</strong></span> <span class='ocrx_word' id='word_1_875' title='bbox 3508 5363 3752 5416; x_wconf 79' lang='lat' dir='ltr'><strong>machina</strong></span> 
     </span>
    </p>
   </div>
   <div class='ocr_carea' id='block_1_129' title="bbox 2152 5428 3749 5495">
    <p class='ocr_par' dir='ltr' id='par_1_129' title="bbox 2152 5428 3749 5495">
     <span class='ocr_line' id='line_1_131' title="bbox 2152 5428 3749 5495; baseline 0.004 -13"><span class='ocrx_word' id='word_1_876' title='bbox 2152 5437 2407 5495; x_wconf 82' lang='lat' dir='ltr'><strong>regatur:</strong></span> <span class='ocrx_word' id='word_1_877' title='bbox 2442 5428 2520 5481; x_wconf 91' lang='lat' dir='ltr'><strong>sic</strong></span> <span class='ocrx_word' id='word_1_878' title='bbox 2548 5439 2726 5482; x_wconf 87' lang='lat' dir='ltr'><strong>autem</strong></span> <span class='ocrx_word' id='word_1_879' title='bbox 2761 5428 2973 5482; x_wconf 90' lang='lat' dir='ltr'><strong>videtur</strong></span> <span class='ocrx_word' id='word_1_880' title='bbox 3002 5430 3385 5495; x_wconf 74' lang='lat' dir='ltr'><strong>argumentari.</strong></span> <span class='ocrx_word' id='word_1_881' title='bbox 3431 5431 3563 5486; x_wconf 88' lang='lat' dir='ltr'><strong>Cum</strong></span> <span class='ocrx_word' id='word_1_882' title='bbox 3596 5450 3749 5487; x_wconf 86' lang='lat' dir='ltr'><strong>surn-</strong></span> 
     </span>
    </p>
   </div>
   <div class='ocr_carea' id='block_1_130' title="bbox 2154 5500 3751 5572">
    <p class='ocr_par' dir='ltr' id='par_1_130' title="bbox 2154 5500 3751 5572">
     <span class='ocr_line' id='line_1_132' title="bbox 2154 5500 3751 5572; baseline 0.004 -20"><span class='ocrx_word' id='word_1_883' title='bbox 2154 5515 2309 5572; x_wconf 81' lang='lat' dir='ltr'><strong>mum</strong></span> <span class='ocrx_word' id='word_1_884' title='bbox 2342 5501 2564 5572; x_wconf 79' lang='lat' dir='ltr'><strong>bonum,</strong></span> <span class='ocrx_word' id='word_1_885' title='bbox 2608 5507 2793 5572; x_wconf 85' lang='lat' dir='ltr'><strong>utpote</strong></span> <span class='ocrx_word' id='word_1_886' title='bbox 2815 5500 2914 5572; x_wconf 86' lang='lat' dir='ltr'><strong>sibi</strong></span> <span class='ocrx_word' id='word_1_887' title='bbox 2937 5500 3230 5564; x_wconf 87' lang='lat' dir='ltr'><strong>sufficiens,</strong></span> <span class='ocrx_word' id='word_1_888' title='bbox 3263 5502 3441 5557; x_wconf 88' lang='lat' dir='ltr'><strong>alieno</strong></span> <span class='ocrx_word' id='word_1_889' title='bbox 3492 5520 3631 5572; x_wconf 73' lang='lat' dir='ltr'><strong>prms</strong></span> <span class='ocrx_word' id='word_1_890' title='bbox 3658 5506 3751 5559; x_wconf 88' lang='lat' dir='ltr'><strong>dio</strong></span> 
     </span>
    </p>
   </div>
   <div class='ocr_carea' id='block_1_131' title="bbox 2156 5569 3750 5645">
    <p class='ocr_par' dir='ltr' id='par_1_131' title="bbox 2156 5569 3750 5645">
     <span class='ocr_line' id='line_1_133' title="bbox 2156 5569 3750 5645; baseline 0.004 -22"><span class='ocrx_word' id='word_1_891' title='bbox 2156 5586 2261 5645; x_wconf 84' lang='lat' dir='ltr'><strong>non</strong></span> <span class='ocrx_word' id='word_1_892' title='bbox 2299 5569 2537 5640; x_wconf 85' lang='lat' dir='ltr'><strong>indigeat</strong></span> <span class='ocrx_word' id='word_1_893' title='bbox 2570 5570 2646 5645; x_wconf 83' lang='lat' dir='ltr'><strong>_ad</strong></span> <span class='ocrx_word' id='word_1_894' title='bbox 2676 5570 2873 5645; x_wconf 74' lang='lat' dir='ltr'><strong>aliquid</strong></span> <span class='ocrx_word' id='word_1_895' title='bbox 2920 5572 3281 5645; x_wconf 84' lang='lat' dir='ltr'><strong>moliendum,</strong></span> <span class='ocrx_word' id='word_1_896' title='bbox 3337 5569 3567 5645; x_wconf 79' lang='lat' dir='ltr'><strong>cumque</strong></span> <span class='ocrx_word' id='word_1_897' title='bbox 3609 5575 3750 5631; x_wconf 82' lang='lat' dir='ltr'><strong>Deus</strong></span> 
     </span>
    </p>
   </div>
   <div class='ocr_carea' id='block_1_132' title="bbox 2154 5640 3746 5717">
    <p class='ocr_par' dir='ltr' id='par_1_132' title="bbox 2154 5640 3746 5717">
     <span class='ocr_line' id='line_1_134' title="bbox 2154 5640 3746 5717; baseline 0.004 -23"><span class='ocrx_word' id='word_1_898' title='bbox 2154 5642 2225 5694; x_wconf 91' lang='lat' dir='ltr'><strong>sit</strong></span> <span class='ocrx_word' id='word_1_899' title='bbox 2254 5655 2522 5717; x_wconf 78' lang='lat' dir='ltr'><strong>summum</strong></span> <span class='ocrx_word' id='word_1_900' title='bbox 2570 5640 2791 5717; x_wconf 79' lang='lat' dir='ltr'><strong>bonum.</strong></span> <span class='ocrx_word' id='word_1_901' title='bbox 2819 5643 2957 5696; x_wconf 88' lang='lat' dir='ltr'><strong>Deus</strong></span> <span class='ocrx_word' id='word_1_902' title='bbox 2979 5643 3167 5717; x_wconf 76' lang='lat' dir='ltr'><strong>aliena:</strong></span> <span class='ocrx_word' id='word_1_903' title='bbox 3192 5646 3308 5717; x_wconf 88' lang='lat' dir='ltr'><strong>opis</strong></span> <span class='ocrx_word' id='word_1_904' title='bbox 3356 5640 3492 5700; x_wconf 51' lang='lat' dir='ltr'><strong>non&#39;</strong></span> <span class='ocrx_word' id='word_1_905' title='bbox 3511 5646 3746 5717; x_wconf 57' lang='lat' dir='ltr'><strong>indigus,</strong></span> 
     </span>
    </p>
   </div>
   <div class='ocr_carea' id='block_1_133' title="bbox 2153 5712 3753 5782">
    <p class='ocr_par' dir='ltr' id='par_1_133' title="bbox 2153 5712 3753 5782">
     <span class='ocr_line' id='line_1_135' title="bbox 2153 5712 3753 5782; baseline 0.005 -17"><span class='ocrx_word' id='word_1_906' title='bbox 2153 5728 2249 5782; x_wconf 93' lang='lat' dir='ltr'><strong>per</strong></span> <span class='ocrx_word' id='word_1_907' title='bbox 2274 5726 2331 5765; x_wconf 89' lang='lat' dir='ltr'><strong>se</strong></span> <span class='ocrx_word' id='word_1_908' title='bbox 2352 5714 2523 5768; x_wconf 89' lang='lat' dir='ltr'><strong>solum</strong></span> <span class='ocrx_word' id='word_1_909' title='bbox 2550 5712 2790 5781; x_wconf 87' lang='lat' dir='ltr'><strong>adeoque</strong></span> <span class='ocrx_word' id='word_1_910' title='bbox 2820 5728 2913 5781; x_wconf 90' lang='lat' dir='ltr'><strong>per</strong></span> <span class='ocrx_word' id='word_1_911' title='bbox 2936 5728 3085 5767; x_wconf 80' lang='lat' dir='ltr'><strong>Suam</strong></span> <span class='ocrx_word' id='word_1_912' title='bbox 3126 5715 3417 5769; x_wconf 80' lang='lat' dir='ltr'><strong>bonitatem</strong></span> <span class='ocrx_word' id='word_1_913' title='bbox 3458 5712 3753 5773; x_wconf 46' lang='lat' dir='ltr'><strong>l&#39;aciat&#39;neQ</strong></span> 
     </span>
    </p>
   </div>
   <div class='ocr_carea' id='block_1_134' title="bbox 2152 5784 3751 5856">
    <p class='ocr_par' dir='ltr' id='par_1_134' title="bbox 2152 5784 3751 5856">
     <span class='ocr_line' id='line_1_136' title="bbox 2152 5784 3751 5856; baseline 0.005 -19"><span class='ocrx_word' id='word_1_914' title='bbox 2152 5798 2305 5838; x_wconf 85' lang='lat' dir='ltr'><strong>cesso</strong></span> <span class='ocrx_word' id='word_1_915' title='bbox 2326 5795 2429 5850; x_wconf 87' lang='lat' dir='ltr'><strong>cst,</strong></span> <span class='ocrx_word' id='word_1_916' title='bbox 2462 5784 2602 5856; x_wconf 91' lang='lat' dir='ltr'><strong>quod</strong></span> <span class='ocrx_word' id='word_1_917' title='bbox 2630 5785 2696 5837; x_wconf 86' lang='lat' dir='ltr'><strong>ab</strong></span> <span class='ocrx_word' id='word_1_918' title='bbox 2729 5784 2843 5853; x_wconf 91' lang='lat' dir='ltr'><strong>ipso</strong></span> <span class='ocrx_word' id='word_1_919' title='bbox 2876 5788 2949 5838; x_wconf 92' lang='lat' dir='ltr'><strong>lit.</strong></span> <span class='ocrx_word' id='word_1_920' title='bbox 2983 5785 3037 5840; x_wconf 88' lang='lat' dir='ltr'><strong>Si</strong></span> <span class='ocrx_word' id='word_1_921' title='bbox 3071 5802 3199 5856; x_wconf 88' lang='lat' dir='ltr'><strong>ergo</strong></span> <span class='ocrx_word' id='word_1_922' title='bbox 3219 5790 3445 5843; x_wconf 91' lang='lat' dir='ltr'><strong>mundus</strong></span> <span class='ocrx_word' id='word_1_923' title='bbox 3472 5806 3501 5844; x_wconf 88' lang='lat' dir='ltr'><strong>a</strong></span> <span class='ocrx_word' id='word_1_924' title='bbox 3523 5792 3631 5846; x_wconf 89' lang='lat' dir='ltr'><strong>Deo</strong></span> <span class='ocrx_word' id='word_1_925' title='bbox 3659 5807 3751 5845; x_wconf 58' lang='lat' dir='ltr'><strong>re-</strong></span> 
     </span>
    </p>
   </div>
   <div class='ocr_carea' id='block_1_135' title="bbox 2152 5855 3751 5932">
    <p class='ocr_par' dir='ltr' id='par_1_135' title="bbox 2152 5855 3751 5932">
     <span class='ocr_line' id='line_1_137' title="bbox 2152 5855 3751 5932; baseline 0.005 -24"><span class='ocrx_word' id='word_1_926' title='bbox 2152 5865 2330 5925; x_wconf 88' lang='lat' dir='ltr'><strong>gatur,</strong></span> <span class='ocrx_word' id='word_1_927' title='bbox 2356 5866 2415 5909; x_wconf 90' lang='lat' dir='ltr'><strong>ut</strong></span> <span class='ocrx_word' id='word_1_928' title='bbox 2446 5858 2556 5925; x_wconf 83' lang='lat' dir='ltr'><strong>regi</strong></span> <span class='ocrx_word' id='word_1_929' title='bbox 2581 5855 2786 5924; x_wconf 86' lang='lat' dir='ltr'><strong>fateris,</strong></span> <span class='ocrx_word' id='word_1_930' title='bbox 2819 5857 3048 5911; x_wconf 90' lang='lat' dir='ltr'><strong>mundus</strong></span> <span class='ocrx_word' id='word_1_931' title='bbox 3100 5855 3282 5913; x_wconf 87' lang='lat' dir='ltr'><strong>divina</strong></span> <span class='ocrx_word' id='word_1_932' title='bbox 3320 5860 3559 5919; x_wconf 90' lang='lat' dir='ltr'><strong>bonitate</strong></span> <span class='ocrx_word' id='word_1_933' title='bbox 3597 5877 3751 5932; x_wconf 86' lang='lat' dir='ltr'><strong>rega-</strong></span> 
     </span>
    </p>
   </div>
   <div class='ocr_carea' id='block_1_136' title="bbox 2154 5934 2615 5984">
    <p class='ocr_par' dir='ltr' id='par_1_136' title="bbox 2154 5934 2615 5984">
     <span class='ocr_line' id='line_1_138' title="bbox 2154 5934 2615 5984; baseline 0 -4"><span class='ocrx_word' id='word_1_934' title='bbox 2154 5934 2242 5982; x_wconf 90' lang='lat' dir='ltr'><strong>tur</strong></span> <span class='ocrx_word' id='word_1_935' title='bbox 2269 5942 2491 5984; x_wconf 85' lang='lat' dir='ltr'><strong>necesse</strong></span> <span class='ocrx_word' id='word_1_936' title='bbox 2514 5934 2615 5982; x_wconf 70' lang='lat' dir='ltr'><strong>BSI.</strong></span> 
     </span>
    </p>
   </div>
   <div class='ocr_carea' id='block_1_137' title="bbox 3230 6044 3309 6104">
    <p class='ocr_par' dir='ltr' id='par_1_137' title="bbox 3230 6044 3309 6104">
     <span class='ocr_line' id='line_1_139' title="bbox 3230 6044 3309 6104; baseline 0 0"><span class='ocrx_word' id='word_1_937' title='bbox 3230 6044 3309 6104; x_wconf 78' lang='lat'><strong>25</strong></span> 
     </span>
    </p>
   </div>
  </div>
