4290 6258
593 319 692 374 779

1825 314 1934 368 AN.
1978 312 2188 369 MANL.
2232 311 2382 369 SEV.
2418 309 2644 366 BOETII

3771 298 3873 353 780

549 474 558 499 μ
593 429 807 488 ιθτὶυῗη.
843 429 946 483 Per
987 442 1046 484 se
1073 429 1230 499 igitur
1254 428 1426 481 solum
1455 435 1643 482 cuncta
1666 425 1919 494 disponit.
1951 424 2160 495 Negari,
2194 429 2246 485 Α
2269 425 2408 494 quod
2432 436 2642 476 summo
2671 419 2794 474 huic
2833 417 2978 472 bon’o
3008 415 3091 471 vel
3121 415 3246 470 velit
3276 412 3357 468 vel
3402 410 3571 483 possit
3592 392 3879 469 obsistere.

549 505 556 538 ἶ
591 523 826 591 inquam,
863 521 1062 590 nequit.
1100 519 1257 589 Atqui
1283 519 1422 573 Deus
1452 519 1624 588 ipsum
1649 518 1846 572 bunum
1881 533 2000 572 esse
2025 532 2176 571 mon-

591 622 792 668 stratus
817 618 919 666 est.
949 610 1186 675 Memini,
1218 609 1457 678 inquam.
1486 611 1586 663 Per
1617 609 1811 663 bonum
1840 609 2000 679 igitur
2039 623 2174 661 cun-

590 716 673 759 cta
703 703 978 774 disponit:
1015 702 1059 756 si
1101 700 1316 771 quidem
1366 716 1460 771 per
1491 715 1549 756 se
1579 702 1715 771 regit
1763 700 1963 765 omnia,
2015 715 2174 768 quem

590 799 788 853 bonum
835 811 955 853 esse
1003 797 1403 862 concessimus;
1437 808 1488 852 et
1536 797 1622 851 hic
1646 805 1728 851 est
1766 796 1926 850 veluti
1958 795 2173 865 quidam

590 890 772 943 clavus
799 897 956 959 atque
997 889 1436 959 gubernaculum,
1471 887 1582 958 (25)
1627 903 1733 957 quo
1763 886 2028 940 mundana
2063 901 2177 938 ma-

589 979 748 1034 china
771 979 978 1034 stabilis
1002 989 1159 1048 atque
1181 979 1490 1046 incorrupta
1520 988 1786 1032 servatur.
1815 977 2176 1032 Vehementer

591 1073 878 1137 assentior,
931 1071 1166 1139 inquam,
1207 1079 1262 1124 et
1315 1069 1366 1124 id
1409 1079 1460 1124 te
1503 1070 1663 1139 paulo
1718 1079 1843 1123 ante
1891 1068 2173 1129 dicturam,

591 1164 741 1219 tenui
771 1163 897 1217 licet
927 1162 1255 1230 suspicione,
1289 1159 1560 1230 prospexi.
1592 1159 1787 1226 Credo,
1823 1159 1994 1228 inquit
2024 1175 2039 1213 :
2069 1158 2177 1226 jam

591 1254 758 1320 enim,
785 1261 843 1307 ut
867 1252 1119 1319 arbitror,
1152 1251 1456 1321 vigilantius
1486 1250 1551 1305 ad
1580 1249 1845 1304 cernenda
1893 1265 2015 1303 vera
2049 1264 2177 1302 ocuo

591 1345 677 1403 los
708 1356 734 1383 ⁸
762 1345 986 1401 deducis
1013 1362 1026 1398 :
1059 1344 1153 1398 sed
1182 1344 1322 1414 quod
1354 1343 1527 1397 dicam
1559 1360 1663 1398 non
1698 1344 1873 1396 minus
1900 1342 1965 1395 ad
1996 1341 2022 1379 ι)
2052 1356 2182 1396 con-

590 1438 847 1494 tuendum
880 1445 1041 1496 oatet.
1092 1436 1265 1504 Quid?
1305 1435 1541 1504 inquam.
1591 1434 1749 1506 247
1785 1436 1800 1464 ¹
1850 1432 1983 1487 Cum
2016 1432 2178 1498 Deus,

591 1529 784 1599 inquit,
811 1529 992 1584 omnia
1035 1525 1288 1581 bonitatis
1328 1525 1481 1580 clavo
1523 1525 1828 1596 gubernare
1852 1525 1971 1592 jure
1998 1521 2185 1577 creda-

590 1621 1012 1689 tur,eademque
1033 1617 1399 1686 omnia,sicuti
1418 1617 1598 1684 docui,
1632 1616 1699 1671 ad
1731 1617 1929 1670 bonum
1955 1613 2181 1668 naturali

592 1715 891 1770 intentione
942 1712 1217 1776 festinent,
1252 1727 1376 1765 num
1425 1710 1658 1765 dubitari
1688 1717 1885 1778 potest,
1920 1707 2048 1777 quin
2090 1720 2185 1758 vo-

2281 515 2420 580 Non,
2451 515 2692 584 inquam,
2725 510 2978 565 arbitror.
3015 509 3107 562 Est
3150 507 3332 577 igitur,
3363 505 3567 576 inquit,
3609 519 3877 559 summum

2280 611 2498 673 bonum,
2527 605 2669 676 quod
2702 604 2837 674 regit
2885 612 3077 658 cuncta
3111 601 3339 668 fortiter,
3369 597 3714 670 suaviterque
3760 597 3878 666 dis:

2281 701 2437 770 ponit
2473 699 2516 754 τ.
2542 699 2678 753 Tum
2710 712 2831 767 ego,
2861 695 3055 762 Quam,
3091 696 3328 764 inquam,
3360 707 3448 749 me
3469 708 3574 747 non
3606 691 3769 748 modo
3789 705 3873 757 ea,

2281 807 2400 860 quae
2447 797 2701 844 conclusa
2732 797 2833 853 est,
2885 802 3096 842 summa
3134 787 3427 853 rationum,
3472 799 3661 841 verum
3711 783 3877 837 multo

2283 885 2451 952 magis
2475 885 2587 938 llIBC
2611 883 2726 954 (l5)
2749 882 2862 951 ipsa
2885 881 3047 936 verba
3075 891 3125 946 κ,
3143 880 3335 950 quibus
3368 880 3559 945 uteris,
3587 877 3874 940 delectant,

2284 987 2341 1031 ut
2371 977 2585 1032 tandem
2620 977 2907 1046 aliquando
2933 976 3215 1030 stultitiam
3261 990 3451 1044 magna
3479 975 3762 1028 latrantem
3795 973 3878 1028 sui

2286 1069 2500 1137 pudeat.
2528 1069 2823 1137 Accepisti,
2853 1069 3046 1138 inquit,
3081 1068 3134 1122 in
3166 1067 3360 1122 fabulis
3391 1067 3732 1123 lacessenteis
3762 1081 3876 1120 cm-

2286 1160 2394 1214 lum
2430 1161 2449 1192 ³
2501 1161 2794 1230 Gigantes:
2825 1161 2918 1215 sed
2967 1160 3088 1215 illos
3133 1175 3375 1230 quoque,
3419 1159 3499 1214 uti
3551 1159 3876 1228 condignum

2286 1252 2406 1318 fuit,
2432 1253 2656 1322 benigna
2691 1253 2947 1306 fortitudo
2976 1249 3001 1288 ιι
3030 1252 3296 1322 deposuit.
3327 1251 3432 1307 Sed
3459 1251 3607 1306 visne
3638 1251 3876 1306 rationes

2286 1346 2429 1412 ipsas
2475 1345 2703 1398 invicem
2757 1345 3110 1399 collidamus?
3161 1344 3384 1400 forsitan
3443 1359 3511 1398 ex
3572 1341 3874 1412 hujusmodi

2292 1437 2689 1491 conflictatione
2731 1435 2744 1472 ί
2813 1437 3030 1505 pulchra
3062 1437 3306 1506 quaedam
3355 1435 3593 1492 veritatis
3645 1435 3874 1489 scintilla

2289 1529 2450 1600 248
2475 1530 2723 1585 dissiliet.
2759 1530 2772 1578 l
2805 1529 2938 1592 Tuo,
2971 1530 3208 1598 inquam,
3237 1530 3518 1584 arbitratu.
3547 1528 3748 1599 meum,
3794 1526 3874 1580 in-

2287 1623 2415 1690 quit,
2470 1636 2591 1676 esse
2643 1619 2666 1656 ¹ι
2719 1622 2958 1674 omnium
3011 1629 3283 1690 potentem
3333 1635 3492 1675 nemo
3532 1619 3873 1672 dubitaverit.

2293 1709 2310 1746 ι
2341 1712 2440 1779 Qui
2465 1712 2701 1782 quidem,
2728 1712 2968 1781 inquam,
2995 1721 3173 1766 mente
3199 1713 3477 1776 consistat,
3509 1711 3689 1764 nullus
3719 1725 3876 1779 pror-

594 1809 826 1865 luntarie
869 1819 1154 1879 regantur,
1210 1822 1374 1877 seque
1429 1808 1496 1861 ad
1552 1805 1884 1876 disponentis
1910 1815 1931 1842 ο
1972 1814 2180 1869 nutum,
2214 1811 2263 1874 Β
2290 1815 2382 1858 sus
2426 1800 2683 1872 ambigat.
2737 1801 2835 1866 Qui
2869 1815 2997 1855 vero
3037 1808 3139 1869 est,
3174 1801 3362 1868 inquit,
3394 1799 3635 1854 omnium
3666 1808 3873 1868 potens,

592 1906 758 1961 veluti
786 1905 1178 1973 convenientia,
1206 1913 1718 1975 contemperataque
1746 1903 1963 1968 rectori,
1996 1911 2186 1972 Sponte

594 1997 677 2068 (5)
706 1999 1060 2052 convertant?
1093 1997 1190 2061 Ita,
1223 1998 1464 2066 inquam,
1515 2013 1736 2053 necesse
1763 2007 1842 2051 est
1873 2015 1882 2048 :
1921 2012 2022 2050 nec
2061 1996 2192 2049 bea-

594 2101 708 2148 tun
733 2094 967 2164 regimen
993 2106 1110 2146 esse
1141 2090 1412 2146 videretur
1437 2108 1450 2154 ;
1479 2091 1742 2160 siquidem
1771 2090 2186 2144 detrectantium

595 2182 780 2252 iugum
809 2183 967 2247 foret,
1001 2197 1110 2236 non
1163 2180 1653 2249 obtemperantium
1705 2181 1871 2234 salus.
1926 2178 2065 2232 Nihil
2105 2187 2188 2231 est

595 2272 780 2342 igitur,
801 2273 943 2342 quod
976 2281 1220 2327 naturam
1245 2286 1490 2335 servans,
1525 2271 1634 2324 Deo
1668 2268 1694 2306 ἀ
1723 2270 1989 2324 contraire
2016 2283 2180 2322 cone-

596 2374 703 2421 tur.
732 2364 892 2432 Nihil,
925 2365 1164 2435 inquam.
1197 2367 1217 2395 ¹
1248 2363 1385 2430 Quid
1413 2365 1455 2416 si
1487 2371 1731 2426 conetur,
1769 2365 1862 2428 ait,
1896 2378 2022 2416 num
2066 2371 2182 2415 tan-

596 2456 721 2512 dem
751 2457 993 2526 proﬁciet
1022 2456 1308 2526 quidquam
1337 2456 1593 2510 adversus
1624 2469 1746 2510 eum
1771 2496 1785 2514 .
1818 2469 1974 2524 quem
2008 2464 2029 2489 θ
2061 2453 2184 2523 jure

595 2547 939 2604 beatitudinis
987 2548 1414 2617 potentissimum
1464 2561 1585 2601 esse
1605 2545 2005 2600 concessimus?
2061 2542 2180 2613 (l0)

597 2639 847 2707 Prorsus,
876 2641 1114 2710 inquam,
1139 2639 1271 2696 nihil
1294 2638 1515 2695 valeret.
1548 2637 1666 2696 Non
1691 2647 1774 2695 est
1801 2637 1960 2708 igitur
1981 2636 2181 2706 aliquid

2291 1895 2421 1951 nihil
2451 1905 2534 1952 est
2563 1895 2704 1966 quod
2737 1895 2825 1950 ille
2861 1909 2966 1948 non
3005 1893 3193 1964 possit.
3242 1893 3405 1960 Nihil,
3458 1895 3698 1963 inquam.
3739 1891 3876 1947 Num

2292 1987 2448 2059 igitur
2501 1986 2642 2040 Deus
2683 1986 2860 2040 facere
2902 1985 2980 2055 (5)
3029 1985 3227 2039 malum
3273 1986 3484 2055 potest?
3527 1985 3761 2050 Minime,
3797 1983 3877 2037 in-

2289 2097 2471 2151 quam.
2505 2081 2732 2134 "Malum
2753 2081 2936 2150 igitur,
2968 2079 3160 2148 inquit,
3187 2078 3317 2133 nihil
3346 2090 3451 2146 est,
3475 2093 3596 2134 cum
3622 2078 3672 2132 id
3702 2077 3877 2132 facere

2291 2173 2382 2228 ille
2432 2187 2538 2226 non
2573 2172 2763 2242 possit,
2796 2173 2887 2240 qui
2920 2170 3052 2224 nihil
3109 2185 3214 2225 non
3255 2181 3452 2239 potest.
3496 2170 3754 2236 Ludisne,
3799 2169 3877 2223 in-

2291 2282 2475 2334 quam,
2503 2281 2611 2332 me,
2640 2265 2662 2296 ⁸
2691 2264 3113 2320 inextricabilem
3163 2264 3528 2336 labyrinthum
3583 2262 3877 2319 rationlms

2287 2369 2497 2423 texens,
2530 2372 2637 2426 quo
2664 2372 2806 2411 nunc
2849 2356 3087 2426 quidem,
3119 2370 3219 2424 qua
3266 2355 3582 2426 egrediaris,
3612 2354 3876 2416 introeas;

2288 2465 2430 2506 nunc
2455 2464 2583 2504 vero
2621 2463 2724 2518 qua
2771 2448 3069 2513 introieris,
3110 2447 3388 2516 egrediare
3423 2467 3436 2502 :
3467 2463 3538 2502 an
3574 2445 3877 2501 mirabilem

2288 2540 2569 2612 quemdam
2625 2539 2818 2594 divina:
2879 2539 3238 2609 simplicitatis
3311 2540 3496 2595 orbem
3557 2537 3875 2609 complicas?

2294 2632 2408 2705 (10)
2437 2632 2648 2687 Etenim
2683 2631 2839 2701 paulo
2867 2639 2993 2688 ante
3021 2647 3052 2687 a
3079 2631 3412 2689 beatitudine
3442 2631 3724 2704 incipiens,
3759 2643 3869 2686 eam

1992 2767 2567 2830 INTERPRETATIO.

666 2907 696 2936 ι
724 2899 932 2954 Mentis.

665 2968 694 3008 δ
722 2969 956 3040 Prospici
980 2979 1159 3039 potest.

671 3051 692 3079 ο
731 3039 1075 3095 Voluntatem.

664 3110 691 3147 ά
719 3110 1011 3165 Adversari.

665 3190 691 3220 ο
726 3181 861 3245 Quia
885 3181 1138 3235 beatitudo
1160 3192 1253 3236 est.

665 3248 687 3290 ί
717 3251 787 3307 Ut
807 3250 1002 3306 dicitur
1030 3252 1317 3321 Sapientia;
1339 3266 1449 3307 vin.

2207 2889 2257 2952 C

2363 2901 2387 2936 ις
2420 2890 2614 2958 Utpote
2642 2889 2784 2943 sacri
2817 2898 3008 2944 textus.

2360 2958 2385 2996 ιι
2422 2960 2734 3014 Deturbavit.

2368 3029 2384 3067 ί
2417 3030 2575 3085 Velut
2601 3045 2663 3085 ex
2697 3040 2881 3084 mutuo
2921 3044 3209 3101 corporum
3234 3028 3510 3086 duriorum
3553 3031 3755 3084 attritu.

2363 3101 2378 3151 i
2419 3101 2488 3156 Ut
2513 3101 2755 3155 volueris.

2361 3171 2386 3210 ι
2417 3173 2842 3240 Omnipotentem.

2367 3241 2382 3280 ι
2418 3241 2535 3298 Hac
2556 3243 2616 3297 de
2642 3257 2695 3296 re
2731 3257 2877 3297 nemo
2901 3250 3064 3298 mente
3090 3244 3336 3314 p’rt'editus
3360 3242 3623 3298 dubitabit.

2113 3380 2346 3441 NOTE.

660 3508 680 3540 ¹
707 3503 834 3560 Cum
870 3503 1006 3558 Deus
1060 3503 1227 3556 omnia
1283 3501 1523 3556 bonitatis
1570 3497 1760 3571 clava]
1788 3498 1872 3554 Ex
1914 3498 2169 3570 praedicta

586 3575 956 3650 propositione
986 3574 1144 3650 infert
1171 3571 1540 3640 Philosophia,
1569 3574 1748 3650 omnia
1775 3572 2074 3650 voluntarie
2113 3580 2168 3650 et

586 3642 778 3719 sponte
797 3645 907 3715 regi
934 3645 1088 3719 :qui_a
1117 3656 1680 3719 quaecunquesnmmo
1707 3643 1848 3697 bono
1871 3643 1982 3696 sive
2006 3642 2163 3695 boni-

501 3731 517 3752 δ
585 3713 699 3775 tate
737 3713 1167 3787 reguntur,gh:ec
1203 3713 1503 3787 voluntarie
1544 3723 1597 3767 et
1645 3723 1836 3787 sponte
1875 3721 2161 3787 reguntur;

584 3807 700 3844 cum
726 3783 898 3843 omnia
926 3787 990 3839 ad
1021 3785 1208 3838 bonum
1235 3785 1457 3837 naturali
1479 3785 1756 3838 intentione
1785 3785 2039 3852 festinent.
2064 3783 2169 3838 Sed

584 3861 762 3915 omnia
784 3873 994 3914 summo
1020 3858 1160 3912 bono
1186 3856 1301 3910 sive
1331 3855 1565 3910 bonitate
1588 3862 1874 3924 reguntur:
1906 3854 2167 3922 siquidem

584 3931 748 3997 Deus,
778 3944 806 3983 a
838 3945 942 3997 quo
963 3928 1144 3982 omnia
1166 3934 1440 3996 reguntur,
1467 3935 1523 3980 et
1546 3941 1812 3980 summum
1837 3925 2030 3978 bonum
2050 3933 2174 3979 sunt

583 4014 689 4055 una
718 4001 1011 4070 eademque
1033 4012 1140 4052 res.

650 4095 674 4132 ι
722 4092 860 4156 Quid
887 4094 932 4144 si
962 4087 1218 4161 sanetum]
1263 4089 1588 4161 Quinetiam
1614 4089 1753 4158 quod
1782 4105 2048 4144 summum
2080 4091 2172 4144 ho-

583 4179 708 4219 num
733 4165 801 4217 sit
831 4160 1258 4228 potentissimum,
1288 4160 1537 4230 quodque
1563 4161 1740 4214 omnia
1781 4175 1992 4214 summo
2028 4161 2169 4215 bono

581 4242 857 4304 regantur,
909 4240 1184 4304 propterea
1233 4232 1413 4304 omnia
1453 4234 1612 4285 etiam
1658 4246 1865 4304 summa
1906 4241 2168 4304 potestate

579 4301 871 4375 reguntur:
903 4302 1164 4375 atlrquue,
1199 4311 1255 4354 ut
1284 4301 1412 4375 nihil
1435 4312 1506 4354 est
1530 4301 1666 4375 quod
1689 4303 1821 4375 velit,
1849 4303 1976 4355 nihil
2015 4304 2164 4375 etiam

581 4372 814 4445 estquod
840 4374 995 4445 possit
1028 4372 1264 4445 obsistere
1298 4373 1407 4445 Deo
1438 4372 1798 4445 rectori,_sive
1825 4389 2020 4445 summa
2051 4373 2169 4425 huic

580 4442 730 4524 bono.
767 4445 900 4524 Hinc
936 4442 1062 4524 illud
1100 4442 1387 4524 Sapientia:
1416 4447 1539 4522 vim;
1575 4443 1790 4524 Attingit
1819 4459 1847 4495 a
1873 4443 1974 4510 ﬁne
2011 4459 2166 4524 usque

579 4515 649 4570 ad
665 4517 814 4584 ﬁnem
845 4516 1058 4584 fortiter,
1081 4523 1125 4566 et
1144 4513 1368 4580 disponit
1395 4514 1564 4565 omnia
1593 4513 1838 4566 suaviter:
1863 4528 1979 4579 qua:
2005 4516 2168 4568 verba

578 4603 722 4642 nunc
750 4587 931 4640 retulit
977 4584 1338 4651 Philosophia,
1387 4593 1574 4652 estque
1604 4585 1754 4637 unica
1807 4585 1942 4637 sacri
1986 4594 2167 4638 textus

577 4657 889 4720 auctoritas,
921 4663 1079 4724 quam
1105 4655 1154 4708 in
1175 4663 1285 4708 toto
1308 4655 1408 4708 hoc
1437 4669 1597 4721 opere
1622 4655 1923 4708 adhibuerit
1953 4654 2166 4708 disertis

579 4727 777 4783 Verbis.
802 4726 913 4781 Nec
937 4727 1129 4779 mirum
1158 4744 1171 4778 :
1198 4724 1536 4789 Philosophia
1582 4727 1722 4778 enim
1749 4726 1950 4778 lumine
1979 4725 2167 4778 dunta-

577 4807 671 4853 xat
701 4797 930 4852 naturali
952 4798 1177 4850 nititur:
1210 4810 1510 4864 quanquam
1540 4795 1783 4848 Boetium
1813 4794 1927 4848 hinc
1941 4794 2164 4860 Sapien-

576 4869 690 4934 lim,
725 4867 886 4923 Verba
921 4867 1192 4931 delectant,
1241 4875 1296 4917 ut
1339 4867 1539 4917 tandem
1577 4865 1854 4934 aliquando
1895 4867 2162 4918 stultitiam

577 4954 764 5010 magna
792 4939 1062 5010 latrantem
1091 4936 1417 5010 suipudeat;
1441 4935 1660 5010 stultitia
1690 4937 1829 5010 enim
1862 4951 1970 5010 non
1997 4937 2164 5010 instar

577 5005 872 5079 sapientiae,
897 5005 1154 5077 quidquid
1183 5007 1269 5079 illa
1291 5005 1526 5079 jactitet,
1561 5006 1766 5079 attingit
1793 5023 1823 5058 a
1864 5005 1965 5073 ﬁne
1998 5009 2064 5060 ad
2095 5007 2160 5074 ﬁ-

577 5077 690 5132 Item
718 5080 912 5150 fortiter
939 5088 984 5131 et
1009 5077 1234 5146 disponit
1266 5078 1436 5129 omnia
1464 5077 1707 5130 suaviter.

647 5172 668 5202 ³
697 5169 984 5241 Gigantes]
1024 5169 1350 5224 Fabulantur
1372 5239 1380 5241 _
1404 5165 1658 5241 Gigantes
1694 5167 1941 5241 homines
1993 5167 2157 5241 fuisse

575 5241 645 5297 ab
669 5239 802 5297 irata
826 5239 1016 5296 tellure
1039 5247 1347 5308 procreatos
1370 5239 1421 5292 in
1443 5240 1662 5294 deorum
1690 5240 1974 5308 perniciem
2001 5257 2013 5301 ;
2041 5239 2163 5295 hinc

575 5329 643 5370 eo
679 5328 847 5382 usque
896 5313 1141 5382 crevisse
1177 5309 1436 5373 feruntur,
1467 5321 1523 5364 ut
1572 5311 1838 5379 congestis
1892 5311 2164 5365 montibus

577 5380 773 5440 caelum
799 5385 960 5437 armis
992 5380 1240 5435 invadere
1269 5382 1628 5451 _tentaverint,
1663 5384 1952 5451 Jovemque
1981 5390 2034 5435 et
2074 5398 2164 5434 su-

574 5470 736 5525 peros
764 5455 832 5509 de
860 5454 973 5507 suis
1002 5452 1218 5507 sedibus
1249 5449 1560 5525 deturbare.
1611 5452 1714 5508 Sed
1747 5449 1950 5525 addunt
1981 5453 2075 5525 hos
2108 5454 2158 5525 in

574 5523 779 5596 campis
810 5525 1099 5596 Phlegraeis
1122 5537 1245 5596 cum
1286 5523 1388 5596 diis
1431 5537 1748 5596 congressos
1792 5524 1983 5596 partim
2014 5523 2160 5578 lovis

576 5591 824 5661 fulmine,
859 5591 1048 5662 partim
1076 5591 1335 5662 Apollinis
1363 5603 1416 5646 et
1441 5591 1616 5648 Diana:
1648 5593 1767 5649 telis
1793 5594 2032 5648 conﬁxus
2065 5609 2154 5647 ce-

577 5667 774 5720 cidisse
795 5660 816 5728 ,
843 5660 1080 5732 aliosque
1101 5660 1198 5716 sub
1231 5660 1392 5717 Etna
1423 5675 1632 5728 monte,
1655 5663 1790 5719 alios
1814 5665 1914 5718 sub
1935 5665 2157 5734 Mycone

581 5743 635 5802 et
653 5736 925 5802 Lycopara
974 5735 1158 5785 insulis
1186 5735 1422 5800 sepultos
1463 5749 1622 5789 esse:
1655 5734 1938 5788 nonnullos
1994 5735 2155 5788 etiam

581 5801 636 5855 in
666 5801 944 5854 Tartarum
979 5802 1226 5855 dett-usos
1281 5803 1566 5869 impietatis
1615 5818 1726 5857 suae
1775 5815 1960 5871 plenas
1988 5804 2150 5858 luere.

583 5871 734 5924 Ovid.
767 5885 781 5920 ι
813 5869 1055 5923 Metam;

630 5879 734 5925 vid.
767 5885 781 5920 ι
813 5879 1055 5923 Metam;

2402 3493 2542 3545 Neve
2566 3493 2695 3543 foret
2718 3497 2873 3544 terris
2896 3497 3114 3546 securior
3141 3497 3323 3546 arduus
3345 3494 3502 3544 aether

2405 3556 2678 3606 Aﬁ‘ectssse
2699 3555 2864 3604 ferunt
2885 3567 3095 3617 regnum
3127 3557 3333 3608 rmleste
3356 3557 3590 3618 Gigantes

2401 3619 2611 3680 Altaque
2629 3624 2891 3679 congestos
2913 3621 3156 3669 struxisse
3180 3619 3235 3668 ad
3261 3621 3423 3668 sidera
3447 3625 3654 3667 montes.

2277 3691 2410 3745 Vide
2439 3690 2482 3744 si
2508 3690 2684 3762 placet
2722 3689 3004 3744 Claudiani
3055 3690 3549 3762 Gigantomachiam
3579 3690 3866 3762 eumnotis

2275 3759 2577 3816 doctissimi
2606 3759 3026 3830 Pyrrhonis,qui
3057 3759 3198 3816 ut'in
3228 3762 3477 3817 omnibus
3508 3760 3753 3830 ingenuis
3778 3776 3866 3813 ar-

2279 3833 2441 3895 tibus,
2467 3831 2547 3885 sic
2576 3831 2629 3884 in
2662 3831 2879 3902 Poetica
2905 3833 2974 3886 ita
3007 3845 3250 3888 versatus
3279 3842 3382 3902 est,
3414 3841 3473 3887 ut
3514 3832 3581 3886 de
3624 3845 3865 3902 quacun-

2284 3918 2388 3972 que
2412 3917 2470 3956 re
2498 3911 2617 3955 nata
2645 3909 2753 3954 tam
2789 3901 2972 3956 stricta
2997 3910 3155 3972 Quam
3196 3901 3372 3958 soluta
3418 3901 3659 3958 oratione
3687 3902 3866 3957 dicere

2283 3987 2498 4041 semper
2523 3973 2593 4026 sit
2619 3973 3012 4044 paratissimus;
3038 3973 3383 4044 dignissimus
3419 3984 3725 4044 propterea,
3755 3975 3862 4040 cui,

2285 4044 2352 4115 ad
2385 4058 2540 4115 usum
2569 4043 2896 4115 serenissimi
2932 4042 3197 4114 Delphini,
3225 4061 3351 4101 cura
3369 4042 3675 4115 eiplicandi
3699 4042 3862 4099 Clau-

2281 4114 2425 4169 diani
2455 4113 2613 4166 fuerit
2638 4116 2941 4169 commissa.

2349 4184 2383 4256 δέ
2403 4182 2600 4238 Malum
2628 4185 2760 4256 nihil
2781 4184 2899 4255 est.]
2931 4185 3019 4239 lll.
3062 4186 3406 4256 Philosophia
3452 4187 3622 4251 addit,
3665 4186 3863 4242 malum

2277 4255 2408 4310 nihil
2434 4269 2553 4326 esse
2581 4255 2721 4326 quod
2750 4255 2912 4318 Deus,
2960 4256 3050 4323 qui
3081 4257 3168 4311 hic
3198 4255 3394 4313 dicitur
3424 4273 3578 4313 mens
3619 4259 3865 4326 omnipo-

2274 4334 2420 4397 tens,
2444 4325 2644 4379 malum
2677 4324 2852 4379 facere
2902 4342 3005 4381 non
3055 4329 3241 4397 possit.
3274 4328 3490 4384 Scilicet
3530 4324 3862 4397 philosophis

2271 4396 2610 4468 distinguitur
2651 4400 2873 4468 materia
2901 4406 2956 4451 et
3010 4396 3180 4452 forma
3213 4401 3358 4455 mali.
3394 4396 3613 4454 Materia
3648 4400 3860 4468 estipsa

2274 4466 2517 4539 voluntas
2548 4467 2660 4520 sive
2691 4467 2866 4534 potius
2894 4483 3044 4523 mens
3072 4470 3275 4534 volens,
3325 4485 3446 4539 quae
3483 4479 3631 4525 certe
3656 4466 3862 4538 aliquid

2271 4548 2382 4611 est:
2414 4535 2587 4611 forma
2615 4552 2770 4611 vero,
2803 4539 2877 4592 uti
2905 4539 3210 4611 loquuntur,
3237 4549 3317 4596 est
3331 4535 3545 4610 privatio
3572 4541 3688 4596 sive
3713 4535 3862 4611 nega:

2273 4609 2386 4680 tio;
2427 4607 2636 4680 hoc_est
2681 4609 2792 4677 ipsa
2831 4610 3075 4680 voluntas
3123 4607 3387 4680 quatenus
3425 4627 3528 4665 non
3579 4612 3748 4665 tendit
3774 4607 3861 4665 'ad

2270 4677 2462 4751 Deum,
2491 4677 2557 4731 ad
2587 4679 2922 4751 quetndebet
2953 4677 3192 4735 tendere.
3227 4680 3391 4736 Nemo
3417 4698 3562 4751 ergo,
3594 4683 3765 4750 inquit
3796 4682 3856 4738 S.

2272 4752 2405 4819 Aug.
2444 4749 2480 4803 Ι.
2513 4749 2690 4823 ιιι-(ιθ
2745 4749 2862 4823 Civ.
2910 4751 3037 4823 Dei_,_
3071 4766 3190 4820 cap.
3222 4753 3276 4816 7,
3327 4749 3522 4823 quierat
3551 4749 3859 4822 'eﬁic’ientem

2271 4836 2477 4898 clausam
2500 4819 2651 4898 mala:
2677 4821 3107 4898 uoluntatis._Non
3134 4819 3267 4876 enim
3289 4819 3359 4876 est
3381 4819 3623 4898 efﬁciens,
3654 4825 3742 4877 sed
3770 4824 3860 4877 de-

2273 4891 2446 4956 ﬁciens
2489 4907 2507 4946 :
2539 4891 2656 4962 quia
2684 4906 2772 4942 nec
2797 4891 2888 4943 illa
2908 4891 3116 4957 'e/fectio
3145 4896 3326 4947 estsed
3356 4891 3595 4962 defectio,
3642 4895 3858 4961 deﬁcere

2272 4977 2496 5034 namque
2529 4961 2592 5034 ab
2617 4979 2676 5013 eo
2704 4962 2840 5034 quod
2867 4977 3061 5014 summe
3081 4973 3174 5027 est,
3201 4967 3268 5016 ad
3292 4966 3345 5016 id
3372 4961 3523 5034 quod
3566 4964 3730 5016 minus
3760 4976 3854 5029 est,

2270 5030 2365 5084 hoc
2385 5041 2458 5084 est
2481 5033 2702 5100 incipere
2716 5031 2895 5084 habere
2915 5034 3224 5086 voluntatem
3245 5030 3451 5088 malam.
3485 5032 3675 5087 Causas
3703 5050 3856 5099 porro

2271 5102 2610 5169 defectionum
2648 5104 2885 5164 istarum,
2927 5119 3040 5154 cum
3071 5105 3334 5172 efﬁcientes
3364 5121 3464 5158 non
3490 5105 3611 5168 sint,
3637 5114 3689 5156 ut
3722 5105 3851 5168 dixi,

2271 5173 2359 5223 sed
2381 5172 2700 5238 deﬁcientes,
2740 5172 2868 5224 velle
2903 5173 3145 5232 invenire.
3199 5176 3299 5227 tale
3329 5186 3402 5229 est
3429 5193 3489 5228 ac
3519 5173 3560 5228 si
3601 5176 3853 5243 quispiam

2271 5243 2384 5294 velit
2408 5244 2575 5294 videre
2601 5244 2830 5295 tenebras
2858 5244 2934 5296 vel
2959 5244 3139 5297 audire
3176 5247 3450 5300 silentium.

2341 5313 2360 5342 ⁵
2389 5309 2798 5386 inextricabilem
2819 5314 3210 5386 labyrinthum]
3235 5315 3578 5386 Labyrinthus
3607 5317 3753 5371 locus
3773 5325 3856 5370 est

2269 5383 2431 5435 tantis
2458 5385 2659 5435 viarum
2689 5384 3001 5452 ambagibus
3042 5383 3286 5450 inflet—us.
3337 5383 3397 5441 ut
3438 5391 3604 5443 altera
3629 5389 3854 5442 alteram

2268 5453 2599 5519 excipiente,
2626 5455 2897 5521 ingressus
2924 5457 3104 5523 egredi
3145 5459 3392 5511 nescias:
3445 5461 3585 5513 unde
3633 5466 3851 5512 vocatur

2264 5523 2652 5597 inextricabilis,
2685 5525 2826 5597 quod
2861 5529 2908 5577 iu
2935 5540 3056 5579 eum
3086 5528 3129 5580 si
3173 5528 3294 5596 quis
3337 5529 3683 5597 improperet.
3738 5530 3854 5583 sine

2263 5593 2615 5668 glomerelini
2657 5595 2857 5649 exitum
2905 5597 3143 5652 invenire
3190 5593 3442 5668 nequeat.
3489 5593 3852 5659 Similitudine

2263 5677 2438 5739 autem
2467 5663 2590 5716 hinc
2630 5679 2868 5739 accepta,
2922 5669 3094 5739 oratio
3143 5677 3234 5739 aut
3282 5663 3536 5739 quaelibet
3585 5672 3688 5726 alia
3741 5685 3848 5735 res,

2266 5735 2408 5789 unde
2451 5749 2569 5790 sese
2617 5738 2868 5804 expedire
2892 5738 2961 5789 sit
2989 5735 3360 5794 difﬁcillimum
3397 5783 3410 5804 ,
3452 5743 3629 5795 vocari
3669 5743 3847 5803 solet,

2263 5807 2672 5930 g‘nntﬁqiratio
2696 5807 3064 5876 philosophica
3095 5819 3336 5875 vocatur,
3389 5813 3721 5881 labyrinthus
3763 5815 3847 5864 in-

2349 5891 2421 5930 rtc
2487 5891 2502 5929 ι
2545 5890 2589 5930 s.

2265 5886 2589 5932 auricomus.
