  <div class='ocr_page' id='page_1' title='image "/cluster/home/n/w/nwhite01/storage/ocr_20150623/63/hvd.32044073498792/396.png"; bbox 0 0 4276 6260; ppageno 0'>
   <div class='ocr_carea' id='block_1_1' title="bbox 352 429 447 487">
    <p class='ocr_par' dir='ltr' id='par_1_1' title="bbox 352 429 447 487">
     <span class='ocr_line' id='line_1_1' title="bbox 352 429 447 487; baseline 0.021 -2"><span class='ocrx_word' id='word_1_1' title='bbox 352 429 447 487; x_wconf 82' lang='grc'><strong>⁸781</strong></span> 
     </span>
    </p>
   </div>
   <div class='ocr_carea' id='block_1_2' title="bbox 1243 418 2711 482">
    <p class='ocr_par' dir='ltr' id='par_1_2' title="bbox 1243 418 2711 482">
     <span class='ocr_line' id='line_1_2' title="bbox 1243 418 2711 482; baseline -0.005 -1"><span class='ocrx_word' id='word_1_2' title='bbox 1243 425 1331 481; x_wconf 87' lang='lat' dir='ltr'><strong>DE</strong></span> <span class='ocrx_word' id='word_1_3' title='bbox 1372 423 1898 482; x_wconf 71' lang='lat' dir='ltr'><strong>CONSOLATIONE</strong></span> <span class='ocrx_word' id='word_1_4' title='bbox 1936 418 2431 479; x_wconf 61' lang='lat' dir='ltr'><strong>PHILOSOPIIIIE.</strong></span> <span class='ocrx_word' id='word_1_5' title='bbox 2476 419 2583 475; x_wconf 87' lang='lat' dir='ltr'><strong>LIB</strong></span> <span class='ocrx_word' id='word_1_6' title='bbox 2622 418 2711 474; x_wconf 88' lang='grc'><strong>111.</strong></span> 
     </span>
    </p>
   </div>
   <div class='ocr_carea' id='block_1_3' title="bbox 3535 418 3640 472">
    <p class='ocr_par' dir='ltr' id='par_1_3' title="bbox 3535 418 3640 472">
     <span class='ocr_line' id='line_1_3' title="bbox 3535 418 3640 472; baseline 0 -1"><span class='ocrx_word' id='word_1_7' title='bbox 3535 418 3640 472; x_wconf 74' lang='lat'><strong>78?.</strong></span> 
     </span>
    </p>
   </div>
   <div class='ocr_carea' id='block_1_4' title="bbox 352 533 3461 608">
    <p class='ocr_par' dir='ltr' id='par_1_4' title="bbox 352 533 3461 608">
     <span class='ocr_line' id='line_1_4' title="bbox 352 533 3461 608; baseline -0.005 -8"><span class='ocrx_word' id='word_1_8' title='bbox 352 556 622 601; x_wconf 91' lang='lat' dir='ltr'><strong>summum</strong></span> <span class='ocrx_word' id='word_1_9' title='bbox 652 541 852 598; x_wconf 92' lang='lat' dir='ltr'><strong>bonum</strong></span> <span class='ocrx_word' id='word_1_10' title='bbox 884 553 1002 597; x_wconf 91' lang='lat' dir='ltr'><strong>esse</strong></span> <span class='ocrx_word' id='word_1_11' title='bbox 1032 539 1271 605; x_wconf 82' lang='lat' dir='ltr'><strong>dicebas,</strong></span> <span class='ocrx_word' id='word_1_12' title='bbox 1293 554 1451 608; x_wconf 89' lang='lat' dir='ltr'><strong>quam</strong></span> <span class='ocrx_word' id='word_1_13' title='bbox 1499 539 1551 592; x_wconf 86' lang='lat' dir='ltr'><strong>in</strong></span> <span class='ocrx_word' id='word_1_14' title='bbox 1596 550 1809 593; x_wconf 91' lang='lat' dir='ltr'><strong>summo</strong></span> <span class='ocrx_word' id='word_1_15' title='bbox 1837 538 1947 592; x_wconf 91' lang='lat' dir='ltr'><strong>Deo</strong></span> <span class='ocrx_word' id='word_1_16' title='bbox 1978 539 2033 599; x_wconf 81' lang='grc' dir='ltr'><strong>Α</strong></span> <span class='ocrx_word' id='word_1_17' title='bbox 2060 536 2348 607; x_wconf 89' lang='lat' dir='ltr'><strong>loquimur,</strong></span> <span class='ocrx_word' id='word_1_18' title='bbox 2383 537 2547 592; x_wconf 88' lang='lat' dir='ltr'><strong>rebus</strong></span> <span class='ocrx_word' id='word_1_19' title='bbox 2570 544 2819 605; x_wconf 81' lang='lat' dir='ltr'><strong>Oportere</strong></span> <span class='ocrx_word' id='word_1_20' title='bbox 2846 533 2959 605; x_wconf 88' lang='lat' dir='ltr'><strong>(l0)</strong></span> <span class='ocrx_word' id='word_1_21' title='bbox 2992 545 3113 589; x_wconf 91' lang='lat' dir='ltr'><strong>esse</strong></span> <span class='ocrx_word' id='word_1_22' title='bbox 3161 543 3461 588; x_wconf 82' lang='lat' dir='ltr'><strong>sermones.</strong></span> 
     </span>
    </p>
   </div>
   <div class='ocr_carea' id='block_1_5' title="bbox 350 633 1951 707">
    <p class='ocr_par' dir='ltr' id='par_1_5' title="bbox 350 633 1951 707">
     <span class='ocr_line' id='line_1_5' title="bbox 350 633 1951 707; baseline -0.004 -13"><span class='ocrx_word' id='word_1_23' title='bbox 350 639 507 694; x_wconf 97' lang='lat' dir='ltr'><strong>sitam</strong></span> <span class='ocrx_word' id='word_1_24' title='bbox 540 635 833 707; x_wconf 90' lang='lat' dir='ltr'><strong>loquebare</strong></span> <span class='ocrx_word' id='word_1_25' title='bbox 862 652 875 689; x_wconf 92' lang='lat'>:</span> <span class='ocrx_word' id='word_1_26' title='bbox 906 635 1078 705; x_wconf 90' lang='lat' dir='ltr'><strong>ipsum</strong></span> <span class='ocrx_word' id='word_1_27' title='bbox 1100 647 1313 704; x_wconf 86' lang='lat' dir='ltr'><strong>quoque</strong></span> <span class='ocrx_word' id='word_1_28' title='bbox 1335 633 1499 687; x_wconf 90' lang='lat' dir='ltr'><strong>Deum</strong></span> <span class='ocrx_word' id='word_1_29' title='bbox 1520 646 1791 689; x_wconf 89' lang='lat' dir='ltr'><strong>summum</strong></span> <span class='ocrx_word' id='word_1_30' title='bbox 1828 647 1951 687; x_wconf 88' lang='lat' dir='ltr'><strong>esse</strong></span> 
     </span>
    </p>
   </div>
   <div class='ocr_carea' id='block_1_6' title="bbox 349 726 1954 806">
    <p class='ocr_par' dir='ltr' id='par_1_6' title="bbox 349 726 1954 806">
     <span class='ocr_line' id='line_1_6' title="bbox 349 726 1954 806; baseline -0.007 -12"><span class='ocrx_word' id='word_1_31' title='bbox 349 738 570 801; x_wconf 91' lang='lat' dir='ltr'><strong>bonum,</strong></span> <span class='ocrx_word' id='word_1_32' title='bbox 605 734 934 806; x_wconf 84' lang='lat' dir='ltr'><strong>plenamque</strong></span> <span class='ocrx_word' id='word_1_33' title='bbox 962 729 1347 786; x_wconf 64' lang='lat' dir='ltr'><strong>beatitudinem</strong></span> <span class='ocrx_word' id='word_1_34' title='bbox 1370 726 1718 784; x_wconf 86' lang='lat' dir='ltr'><strong>disserebas:</strong></span> <span class='ocrx_word' id='word_1_35' title='bbox 1750 742 1816 783; x_wconf 83' lang='lat' dir='ltr'><strong>ex</strong></span> <span class='ocrx_word' id='word_1_36' title='bbox 1846 741 1954 797; x_wconf 92' lang='lat' dir='ltr'><strong>quo</strong></span> 
     </span>
    </p>
   </div>
   <div class='ocr_carea' id='block_1_7' title="bbox 353 822 1957 893">
    <p class='ocr_par' dir='ltr' id='par_1_7' title="bbox 353 822 1957 893">
     <span class='ocr_line' id='line_1_7' title="bbox 353 822 1957 893; baseline -0.006 -7"><span class='ocrx_word' id='word_1_37' title='bbox 353 829 536 886; x_wconf 90' lang='lat' dir='ltr'><strong>nemin</strong></span> <span class='ocrx_word' id='word_1_38' title='bbox 551 844 636 884; x_wconf 91' lang='lat' dir='ltr'><strong>em</strong></span> <span class='ocrx_word' id='word_1_39' title='bbox 686 828 905 884; x_wconf 90' lang='lat' dir='ltr'><strong>beatum</strong></span> <span class='ocrx_word' id='word_1_40' title='bbox 958 824 1096 891; x_wconf 85' lang='lat' dir='ltr'><strong>lore,</strong></span> <span class='ocrx_word' id='word_1_41' title='bbox 1127 823 1231 880; x_wconf 92' lang='lat' dir='ltr'><strong>nisi</strong></span> <span class='ocrx_word' id='word_1_42' title='bbox 1262 825 1353 893; x_wconf 85' lang='lat' dir='ltr'><strong>qui</strong></span> <span class='ocrx_word' id='word_1_43' title='bbox 1380 823 1583 893; x_wconf 87' lang='lat' dir='ltr'><strong>pariter</strong></span> <span class='ocrx_word' id='word_1_44' title='bbox 1608 822 1749 877; x_wconf 86' lang='lat' dir='ltr'><strong>Deus</strong></span> <span class='ocrx_word' id='word_1_45' title='bbox 1788 828 1957 891; x_wconf 90' lang='lat' dir='ltr'><strong>esset,</strong></span> 
     </span>
    </p>
   </div>
   <div class='ocr_carea' id='block_1_8' title="bbox 348 915 1953 994">
    <p class='ocr_par' dir='ltr' id='par_1_8' title="bbox 348 915 1953 994">
     <span class='ocr_line' id='line_1_8' title="bbox 348 915 1953 994; baseline -0.005 -17"><span class='ocrx_word' id='word_1_46' title='bbox 348 921 507 994; x_wconf 89' lang='lat' dir='ltr'><strong>quasi</strong></span> <span class='ocrx_word' id='word_1_47' title='bbox 554 919 933 976; x_wconf 84' lang='lat' dir='ltr'><strong>munusculum</strong></span> <span class='ocrx_word' id='word_1_48' title='bbox 970 916 1154 974; x_wconf 83' lang='lat' dir='ltr'><strong>dabas.</strong></span> <span class='ocrx_word' id='word_1_49' title='bbox 1208 915 1418 973; x_wconf 81' lang='lat' dir='ltr'><strong>Rursus</strong></span> <span class='ocrx_word' id='word_1_50' title='bbox 1458 916 1628 985; x_wconf 83' lang='lat' dir='ltr'><strong>ipsam</strong></span> <span class='ocrx_word' id='word_1_51' title='bbox 1681 915 1808 970; x_wconf 89' lang='lat' dir='ltr'><strong>boui</strong></span> <span class='ocrx_word' id='word_1_52' title='bbox 1843 915 1953 970; x_wconf 88' lang='lat' dir='ltr'><strong>l&#39;or-</strong></span> 
     </span>
    </p>
   </div>
   <div class='ocr_carea' id='block_1_9' title="bbox 347 1006 1959 1084">
    <p class='ocr_par' dir='ltr' id='par_1_9' title="bbox 347 1006 1959 1084">
     <span class='ocr_line' id='line_1_9' title="bbox 347 1006 1959 1084; baseline -0.008 -11"><span class='ocrx_word' id='word_1_53' title='bbox 347 1032 511 1084; x_wconf 87' lang='lat' dir='ltr'><strong>mam,</strong></span> <span class='ocrx_word' id='word_1_54' title='bbox 544 1015 639 1071; x_wconf 86' lang='lat' dir='ltr'><strong>Dei</strong></span> <span class='ocrx_word' id='word_1_55' title='bbox 690 1029 754 1070; x_wconf 89' lang='lat' dir='ltr'><strong>ac</strong></span> <span class='ocrx_word' id='word_1_56' title='bbox 781 1010 1124 1069; x_wconf 90' lang='lat' dir='ltr'><strong>beatitudinis</strong></span> <span class='ocrx_word' id='word_1_57' title='bbox 1143 1007 1266 1080; x_wconf 81' lang='grc'><strong>(15)</strong></span> <span class='ocrx_word' id='word_1_58' title='bbox 1303 1009 1611 1077; x_wconf 85' lang='lat' dir='ltr'><strong>loquebaris</strong></span> <span class='ocrx_word' id='word_1_59' title='bbox 1658 1022 1781 1064; x_wconf 88' lang='lat' dir='ltr'><strong>esse</strong></span> <span class='ocrx_word' id='word_1_60' title='bbox 1824 1006 1959 1062; x_wconf 82' lang='lat' dir='ltr'><strong>sub&#39;</strong></span> 
     </span>
    </p>
   </div>
   <div class='ocr_carea' id='block_1_10' title="bbox 349 1101 1955 1177">
    <p class='ocr_par' dir='ltr' id='par_1_10' title="bbox 349 1101 1955 1177">
     <span class='ocr_line' id='line_1_10' title="bbox 349 1101 1955 1177; baseline -0.005 -13"><span class='ocrx_word' id='word_1_61' title='bbox 349 1110 597 1164; x_wconf 74' lang='lat' dir='ltr'><strong>stantiam</strong></span> <span class='ocrx_word' id='word_1_62' title='bbox 628 1106 949 1177; x_wconf 90' lang='lat' dir='ltr'><strong>:ipsumque</strong></span> <span class='ocrx_word' id='word_1_63' title='bbox 974 1118 1141 1159; x_wconf 91' lang='lat' dir='ltr'><strong>unum</strong></span> <span class='ocrx_word' id='word_1_64' title='bbox 1173 1103 1227 1157; x_wconf 88' lang='lat' dir='ltr'><strong>id</strong></span> <span class='ocrx_word' id='word_1_65' title='bbox 1256 1102 1434 1173; x_wconf 87' lang='lat' dir='ltr'><strong>ipsum</strong></span> <span class='ocrx_word' id='word_1_66' title='bbox 1462 1116 1583 1158; x_wconf 81' lang='lat' dir='ltr'><strong>esse</strong></span> <span class='ocrx_word' id='word_1_67' title='bbox 1628 1102 1833 1157; x_wconf 90' lang='lat' dir='ltr'><strong>bonum</strong></span> <span class='ocrx_word' id='word_1_68' title='bbox 1865 1101 1955 1157; x_wconf 89' lang='lat' dir='ltr'><strong>di-</strong></span> 
     </span>
    </p>
   </div>
   <div class='ocr_carea' id='block_1_11' title="bbox 350 1196 1945 1269">
    <p class='ocr_par' dir='ltr' id='par_1_11' title="bbox 350 1196 1945 1269">
     <span class='ocr_line' id='line_1_11' title="bbox 350 1196 1945 1269; baseline -0.003 -13"><span class='ocrx_word' id='word_1_69' title='bbox 350 1200 533 1265; x_wconf 90' lang='lat' dir='ltr'><strong>cebas,</strong></span> <span class='ocrx_word' id='word_1_70' title='bbox 565 1198 709 1269; x_wconf 91' lang='lat' dir='ltr'><strong>quod</strong></span> <span class='ocrx_word' id='word_1_71' title='bbox 730 1197 799 1253; x_wconf 89' lang='lat' dir='ltr'><strong>ab</strong></span> <span class='ocrx_word' id='word_1_72' title='bbox 824 1197 971 1253; x_wconf 91' lang='lat' dir='ltr'><strong>omni</strong></span> <span class='ocrx_word' id='word_1_73' title='bbox 994 1210 1177 1252; x_wconf 89' lang='lat' dir='ltr'><strong>rerum</strong></span> <span class='ocrx_word' id='word_1_74' title='bbox 1200 1206 1392 1251; x_wconf 88' lang='lat' dir='ltr'><strong>natura</strong></span> <span class='ocrx_word' id='word_1_75' title='bbox 1420 1204 1697 1267; x_wconf 77' lang='lat' dir='ltr'><strong>peteretur</strong></span> <span class='ocrx_word' id='word_1_76' title='bbox 1722 1214 1737 1251; x_wconf 89' lang='lat'>:</span> <span class='ocrx_word' id='word_1_77' title='bbox 1772 1196 1945 1251; x_wconf 90' lang='lat' dir='ltr'><strong>Deum</strong></span> 
     </span>
    </p>
   </div>
   <div class='ocr_carea' id='block_1_12' title="bbox 355 1287 1952 1364">
    <p class='ocr_par' dir='ltr' id='par_1_12' title="bbox 355 1287 1952 1364">
     <span class='ocr_line' id='line_1_12' title="bbox 355 1287 1952 1364; baseline -0.004 -15"><span class='ocrx_word' id='word_1_78' title='bbox 355 1306 567 1364; x_wconf 90' lang='lat' dir='ltr'><strong>quoque</strong></span> <span class='ocrx_word' id='word_1_79' title='bbox 594 1289 850 1347; x_wconf 86' lang='lat' dir='ltr'><strong>bonitatis</strong></span> <span class='ocrx_word' id='word_1_80' title='bbox 885 1287 1265 1359; x_wconf 76' lang='lat' dir='ltr'><strong>gubernaculis</strong></span> <span class='ocrx_word' id='word_1_81' title='bbox 1308 1287 1718 1344; x_wconf 81' lang='lat' dir='ltr'><strong>universitatem</strong></span> <span class='ocrx_word' id='word_1_82' title='bbox 1762 1302 1952 1357; x_wconf 87' lang='lat' dir='ltr'><strong>regere</strong></span> 
     </span>
    </p>
   </div>
   <div class='ocr_carea' id='block_1_13' title="bbox 350 1381 1946 1457">
    <p class='ocr_par' dir='ltr' id='par_1_13' title="bbox 350 1381 1946 1457">
     <span class='ocr_line' id='line_1_13' title="bbox 350 1381 1946 1457; baseline -0.005 -14"><span class='ocrx_word' id='word_1_83' title='bbox 350 1386 683 1457; x_wconf 88' lang='lat' dir='ltr'><strong>disputabas,</strong></span> <span class='ocrx_word' id='word_1_84' title='bbox 733 1383 1076 1454; x_wconf 87' lang='lat' dir='ltr'><strong>volentlaque</strong></span> <span class='ocrx_word' id='word_1_85' title='bbox 1119 1390 1313 1438; x_wconf 87' lang='lat' dir='ltr'><strong>cuneta</strong></span> <span class='ocrx_word' id='word_1_86' title='bbox 1340 1390 1366 1420; x_wconf 75' lang='grc' dir='ltr'>ι</span> <span class='ocrx_word' id='word_1_87' title='bbox 1390 1395 1606 1451; x_wconf 77' lang='lat' dir='ltr'><strong>parere,</strong></span> <span class='ocrx_word' id='word_1_88' title='bbox 1637 1396 1737 1437; x_wconf 87' lang='lat' dir='ltr'><strong>nec</strong></span> <span class='ocrx_word' id='word_1_89' title='bbox 1778 1381 1946 1436; x_wconf 91' lang='lat' dir='ltr'><strong>ullam</strong></span> 
     </span>
    </p>
   </div>
   <div class='ocr_carea' id='block_1_14' title="bbox 353 1473 1950 1545">
    <p class='ocr_par' dir='ltr' id='par_1_14' title="bbox 353 1473 1950 1545">
     <span class='ocr_line' id='line_1_14' title="bbox 353 1473 1950 1545; baseline -0.006 -10"><span class='ocrx_word' id='word_1_90' title='bbox 353 1480 479 1536; x_wconf 90' lang='lat' dir='ltr'><strong>mali</strong></span> <span class='ocrx_word' id='word_1_91' title='bbox 526 1494 649 1535; x_wconf 91' lang='lat' dir='ltr'><strong>esse</strong></span> <span class='ocrx_word' id='word_1_92' title='bbox 697 1485 945 1533; x_wconf 88' lang='lat' dir='ltr'><strong>naturam</strong></span> <span class='ocrx_word' id='word_1_93' title='bbox 986 1494 999 1528; x_wconf 91' lang='lat'><strong>:</strong></span> <span class='ocrx_word' id='word_1_94' title='bbox 1041 1482 1203 1545; x_wconf 80' lang='lat' dir='ltr'><strong>atque</strong></span> <span class='ocrx_word' id='word_1_95' title='bbox 1246 1473 1365 1529; x_wconf 61' lang='lat' dir='ltr'><strong>haec</strong></span> <span class='ocrx_word' id='word_1_96' title='bbox 1400 1473 1564 1529; x_wconf 88' lang='lat' dir='ltr'><strong>nullis</strong></span> <span class='ocrx_word' id='word_1_97' title='bbox 1607 1473 1950 1529; x_wconf 79' lang='lat' dir='ltr'><strong>extrinsecus</strong></span> 
     </span>
    </p>
   </div>
   <div class='ocr_carea' id='block_1_15' title="bbox 351 1564 1949 1643">
    <p class='ocr_par' dir='ltr' id='par_1_15' title="bbox 351 1564 1949 1643">
     <span class='ocr_line' id='line_1_15' title="bbox 351 1564 1949 1643; baseline -0.007 -14"><span class='ocrx_word' id='word_1_98' title='bbox 351 1572 599 1643; x_wconf 87' lang='lat' dir='ltr'><strong>sumptis,</strong></span> <span class='ocrx_word' id='word_1_99' title='bbox 624 1570 718 1627; x_wconf 89' lang='lat' dir='ltr'><strong>sed</strong></span> <span class='ocrx_word' id='word_1_100' title='bbox 733 1570 905 1626; x_wconf 88' lang='lat' dir='ltr'><strong>altero</strong></span> <span class='ocrx_word' id='word_1_101' title='bbox 931 1567 960 1607; x_wconf 67' lang='grc' dir='ltr'>δ</span> <span class='ocrx_word' id='word_1_102' title='bbox 980 1584 1046 1624; x_wconf 77' lang='lat' dir='ltr'><strong>es</strong></span> <span class='ocrx_word' id='word_1_103' title='bbox 1072 1568 1245 1623; x_wconf 86' lang='lat' dir='ltr'><strong>altero</strong></span> <span class='ocrx_word' id='word_1_104' title='bbox 1266 1566 1427 1624; x_wconf 82' lang='lat' dir='ltr'><strong>ﬁdem</strong></span> <span class='ocrx_word' id='word_1_105' title='bbox 1454 1567 1725 1629; x_wconf 86' lang='lat' dir='ltr'><strong>trahente.</strong></span> <span class='ocrx_word' id='word_1_106' title='bbox 1750 1564 1949 1631; x_wconf 82' lang='lat' dir='ltr'><strong>insitis,</strong></span> 
     </span>
    </p>
   </div>
   <div class='ocr_carea' id='block_1_16' title="bbox 352 1660 1951 1735">
    <p class='ocr_par' dir='ltr' id='par_1_16' title="bbox 352 1660 1951 1735">
     <span class='ocr_line' id='line_1_16' title="bbox 352 1660 1951 1735; baseline -0.005 -13"><span class='ocrx_word' id='word_1_107' title='bbox 352 1665 772 1735; x_wconf 89' lang='lat' dir='ltr'><strong>domesticisque</strong></span> <span class='ocrx_word' id='word_1_108' title='bbox 815 1662 1224 1733; x_wconf 73' lang='lat' dir='ltr'><strong>probationibus</strong></span> <span class='ocrx_word' id='word_1_109' title='bbox 1247 1660 1412 1733; x_wconf 58' lang='grc' dir='ltr'>ξω</span> <span class='ocrx_word' id='word_1_110' title='bbox 1438 1661 1768 1731; x_wconf 76' lang='lat' dir='ltr'><strong>explicabas.</strong></span> <span class='ocrx_word' id='word_1_111' title='bbox 1813 1660 1951 1715; x_wconf 88' lang='lat' dir='ltr'><strong>Tum</strong></span> 
     </span>
    </p>
   </div>
   <div class='ocr_carea' id='block_1_17' title="bbox 353 1751 1953 1827">
    <p class='ocr_par' dir='ltr' id='par_1_17' title="bbox 353 1751 1953 1827">
     <span class='ocr_line' id='line_1_17' title="bbox 353 1751 1953 1827; baseline -0.005 -13"><span class='ocrx_word' id='word_1_112' title='bbox 353 1758 468 1827; x_wconf 90' lang='lat' dir='ltr'><strong>illa,</strong></span> <span class='ocrx_word' id='word_1_113' title='bbox 498 1757 736 1821; x_wconf 85' lang='lat' dir='ltr'><strong>Minime,</strong></span> <span class='ocrx_word' id='word_1_114' title='bbox 767 1755 963 1824; x_wconf 84' lang='lat' dir='ltr'><strong>inquit,</strong></span> <span class='ocrx_word' id='word_1_115' title='bbox 996 1753 1260 1819; x_wconf 88' lang='lat' dir='ltr'><strong>ludimus;</strong></span> <span class='ocrx_word' id='word_1_116' title='bbox 1299 1768 1521 1823; x_wconf 91' lang='lat' dir='ltr'><strong>remque</strong></span> <span class='ocrx_word' id='word_1_117' title='bbox 1551 1751 1794 1807; x_wconf 90' lang='lat' dir='ltr'><strong>omnium</strong></span> <span class='ocrx_word' id='word_1_118' title='bbox 1838 1766 1953 1807; x_wconf 89' lang='lat' dir='ltr'><strong>ma-</strong></span> 
     </span>
    </p>
   </div>
   <div class='ocr_carea' id='block_1_18' title="bbox 353 1842 1950 1916">
    <p class='ocr_par' dir='ltr' id='par_1_18' title="bbox 353 1842 1950 1916">
     <span class='ocr_line' id='line_1_18' title="bbox 353 1842 1950 1916; baseline -0.004 -11"><span class='ocrx_word' id='word_1_119' title='bbox 353 1852 552 1905; x_wconf 83' lang='lat' dir='ltr'><strong>ximam</strong></span> <span class='ocrx_word' id='word_1_120' title='bbox 585 1848 680 1903; x_wconf 89' lang='lat' dir='ltr'><strong>Dei</strong></span> <span class='ocrx_word' id='word_1_121' title='bbox 727 1860 973 1912; x_wconf 88' lang='lat' dir='ltr'><strong>munere,</strong></span> <span class='ocrx_word' id='word_1_122' title='bbox 1026 1860 1186 1916; x_wconf 88' lang='lat' dir='ltr'><strong>quem</strong></span> <span class='ocrx_word' id='word_1_123' title='bbox 1238 1844 1439 1899; x_wconf 90' lang='lat' dir='ltr'><strong>dudum</strong></span> <span class='ocrx_word' id='word_1_124' title='bbox 1494 1842 1950 1914; x_wconf 87' lang='lat' dir='ltr'><strong>deprecabamur,</strong></span> 
     </span>
    </p>
   </div>
   <div class='ocr_carea' id='block_1_19' title="bbox 354 1923 2036 2012">
    <p class='ocr_par' dir='ltr' id='par_1_19' title="bbox 354 1923 2036 2012">
     <span class='ocr_line' id='line_1_19' title="bbox 354 1923 2036 2012; baseline -0.008 -12"><span class='ocrx_word' id='word_1_125' title='bbox 354 1941 654 2012; x_wconf 59' lang='lat' dir='ltr'><strong>exeg’mus.</strong></span> <span class='ocrx_word' id='word_1_126' title='bbox 684 1938 762 1994; x_wconf 84' lang='lat' dir='ltr'><strong>Ea</strong></span> <span class='ocrx_word' id='word_1_127' title='bbox 787 1947 874 1996; x_wconf 90' lang='lat' dir='ltr'><strong>est</strong></span> <span class='ocrx_word' id='word_1_128' title='bbox 891 1937 1037 1995; x_wconf 85' lang='lat' dir='ltr'><strong>enim</strong></span> <span class='ocrx_word' id='word_1_129' title='bbox 1067 1936 1266 1993; x_wconf 70' lang='lat' dir='ltr'><strong>divina:</strong></span> <span class='ocrx_word' id='word_1_130' title='bbox 1296 1935 1471 1993; x_wconf 79' lang='lat' dir='ltr'><strong>forma</strong></span> <span class='ocrx_word' id='word_1_131' title='bbox 1515 1936 1855 2002; x_wconf 86' lang='lat' dir='ltr'><strong>substantiae,</strong></span> <span class='ocrx_word' id='word_1_132' title='bbox 1898 1944 1958 1991; x_wconf 90' lang='lat' dir='ltr'><strong>ut</strong></span> <span class='ocrx_word' id='word_1_133' title='bbox 1986 1923 2036 1986; x_wconf 89' lang='lat' dir='ltr'><strong>B</strong></span> 
     </span>
    </p>
   </div>
   <div class='ocr_carea' id='block_1_20' title="bbox 354 2026 1956 2103">
    <p class='ocr_par' dir='ltr' id='par_1_20' title="bbox 354 2026 1956 2103">
     <span class='ocr_line' id='line_1_20' title="bbox 354 2026 1956 2103; baseline -0.004 -15"><span class='ocrx_word' id='word_1_134' title='bbox 354 2046 532 2103; x_wconf 85' lang='lat' dir='ltr'><strong>neque</strong></span> <span class='ocrx_word' id='word_1_135' title='bbox 559 2031 614 2087; x_wconf 87' lang='lat' dir='ltr'><strong>in</strong></span> <span class='ocrx_word' id='word_1_136' title='bbox 641 2039 869 2086; x_wconf 80' lang='lat' dir='ltr'><strong>externa</strong></span> <span class='ocrx_word' id='word_1_137' title='bbox 906 2028 1199 2091; x_wconf 83' lang='lat' dir='ltr'><strong>dilabatur.</strong></span> <span class='ocrx_word' id='word_1_138' title='bbox 1254 2042 1356 2084; x_wconf 91' lang='lat' dir='ltr'><strong>nec</strong></span> <span class='ocrx_word' id='word_1_139' title='bbox 1382 2026 1436 2083; x_wconf 86' lang='lat' dir='ltr'><strong>in</strong></span> <span class='ocrx_word' id='word_1_140' title='bbox 1459 2040 1521 2083; x_wconf 83' lang='lat' dir='ltr'><strong>se</strong></span> <span class='ocrx_word' id='word_1_141' title='bbox 1547 2036 1827 2083; x_wconf 74' lang='lat' dir='ltr'><strong>externum</strong></span> <span class='ocrx_word' id='word_1_142' title='bbox 1857 2028 1956 2082; x_wconf 87' lang='lat' dir='ltr'><strong>ali-</strong></span> 
     </span>
    </p>
   </div>
   <div class='ocr_carea' id='block_1_21' title="bbox 355 2120 1954 2196">
    <p class='ocr_par' dir='ltr' id='par_1_21' title="bbox 355 2120 1954 2196">
     <span class='ocr_line' id='line_1_21' title="bbox 355 2120 1954 2196; baseline -0.002 -17"><span class='ocrx_word' id='word_1_143' title='bbox 355 2124 485 2196; x_wconf 87' lang='lat' dir='ltr'><strong>quid</strong></span> <span class='ocrx_word' id='word_1_144' title='bbox 502 2126 615 2195; x_wconf 85' lang='lat' dir='ltr'><strong>ipsa</strong></span> <span class='ocrx_word' id='word_1_145' title='bbox 642 2123 903 2193; x_wconf 86' lang='lat' dir='ltr'><strong>suscipiat</strong></span> <span class='ocrx_word' id='word_1_146' title='bbox 929 2137 945 2188; x_wconf 91' lang='lat'><strong>;</strong></span> <span class='ocrx_word' id='word_1_147' title='bbox 979 2121 1095 2185; x_wconf 86' lang='lat' dir='ltr'><strong>sed,</strong></span> <span class='ocrx_word' id='word_1_148' title='bbox 1122 2122 1264 2177; x_wconf 86' lang='lat' dir='ltr'><strong>sicut</strong></span> <span class='ocrx_word' id='word_1_149' title='bbox 1290 2120 1360 2177; x_wconf 88' lang='lat' dir='ltr'><strong>de</strong></span> <span class='ocrx_word' id='word_1_150' title='bbox 1394 2136 1457 2175; x_wconf 90' lang='lat' dir='ltr'><strong>ea</strong></span> <span class='ocrx_word' id='word_1_151' title='bbox 1487 2120 1841 2176; x_wconf 85' lang='lat' dir='ltr'><strong>Parmenides</strong></span> <span class='ocrx_word' id='word_1_152' title='bbox 1875 2122 1954 2189; x_wconf 82' lang='grc'><strong>(5)</strong></span> 
     </span>
    </p>
   </div>
   <div class='ocr_carea' id='block_1_22' title="bbox 356 2210 1954 2288">
    <p class='ocr_par' dir='ltr' id='par_1_22' title="bbox 356 2210 1954 2288">
     <span class='ocr_line' id='line_1_22' title="bbox 356 2210 1954 2288; baseline -0.001 -18"><span class='ocrx_word' id='word_1_153' title='bbox 356 2218 429 2271; x_wconf 91' lang='lat' dir='ltr'><strong>ait</strong></span> <span class='ocrx_word' id='word_1_154' title='bbox 460 2234 473 2271; x_wconf 83' lang='lat'><strong>:</strong></span> <span class='ocrx_word' id='word_1_155' title='bbox 525 2218 540 2246; x_wconf 87' lang='grc'>¹</span> <span class='ocrx_word' id='word_1_156' title='bbox 574 2216 820 2273; x_wconf 73' lang='grc' dir='ltr'><strong>Πάντοθεν</strong></span> <span class='ocrx_word' id='word_1_157' title='bbox 878 2222 902 2253; x_wconf 68' lang='grc' dir='ltr'>θ</span> <span class='ocrx_word' id='word_1_158' title='bbox 929 2213 1170 2269; x_wconf 65' lang='grc' dir='ltr'><strong>εὐκύκλου</strong></span> <span class='ocrx_word' id='word_1_159' title='bbox 1218 2215 1437 2287; x_wconf 72' lang='grc' dir='ltr'><strong>σφαίρας</strong></span> <span class='ocrx_word' id='word_1_160' title='bbox 1471 2214 1744 2288; x_wconf 74' lang='grc' dir='ltr'><strong>ἐναλίγκιον</strong></span> <span class='ocrx_word' id='word_1_161' title='bbox 1797 2210 1954 2287; x_wconf 75' lang='grc' dir='ltr'><strong>ὄγκῳ,</strong></span> 
     </span>
    </p>
   </div>
   <div class='ocr_carea' id='block_1_23' title="bbox 358 2304 1955 2372">
    <p class='ocr_par' dir='ltr' id='par_1_23' title="bbox 358 2304 1955 2372">
     <span class='ocr_line' id='line_1_23' title="bbox 358 2304 1955 2372; baseline -0.003 -7"><span class='ocrx_word' id='word_1_162' title='bbox 358 2323 547 2369; x_wconf 86' lang='lat' dir='ltr'><strong>rerum</strong></span> <span class='ocrx_word' id='word_1_163' title='bbox 586 2307 777 2367; x_wconf 84' lang='lat' dir='ltr'><strong>orbem</strong></span> <span class='ocrx_word' id='word_1_164' title='bbox 824 2305 1085 2367; x_wconf 86' lang='lat' dir='ltr'><strong>mobilem</strong></span> <span class='ocrx_word' id='word_1_165' title='bbox 1131 2312 1296 2372; x_wconf 82' lang='lat' dir='ltr'><strong>rotat,</strong></span> <span class='ocrx_word' id='word_1_166' title='bbox 1334 2304 1463 2363; x_wconf 84' lang='lat' dir='ltr'><strong>dum</strong></span> <span class='ocrx_word' id='word_1_167' title='bbox 1514 2319 1581 2361; x_wconf 81' lang='lat' dir='ltr'><strong>se</strong></span> <span class='ocrx_word' id='word_1_168' title='bbox 1624 2305 1955 2361; x_wconf 88' lang='lat' dir='ltr'><strong>immobilem</strong></span> 
     </span>
    </p>
   </div>
   <div class='ocr_carea' id='block_1_24' title="bbox 358 2398 1957 2472">
    <p class='ocr_par' dir='ltr' id='par_1_24' title="bbox 358 2398 1957 2472">
     <span class='ocr_line' id='line_1_24' title="bbox 358 2398 1957 2472; baseline -0.002 -15"><span class='ocrx_word' id='word_1_169' title='bbox 358 2400 472 2472; x_wconf 84' lang='lat' dir='ltr'><strong>ipsa</strong></span> <span class='ocrx_word' id='word_1_170' title='bbox 501 2408 811 2457; x_wconf 72' lang='lat' dir='ltr'><strong>conservat.</strong></span> <span class='ocrx_word' id='word_1_171' title='bbox 842 2398 1001 2467; x_wconf 80' lang='lat' dir='ltr'><strong>Quod</strong></span> <span class='ocrx_word' id='word_1_172' title='bbox 1044 2399 1093 2455; x_wconf 87' lang='lat' dir='ltr'><strong>si</strong></span> <span class='ocrx_word' id='word_1_173' title='bbox 1137 2398 1379 2454; x_wconf 84' lang='lat' dir='ltr'><strong>rationes</strong></span> <span class='ocrx_word' id='word_1_174' title='bbox 1427 2410 1643 2467; x_wconf 80' lang='lat' dir='ltr'><strong>quoque</strong></span> <span class='ocrx_word' id='word_1_175' title='bbox 1672 2413 1779 2452; x_wconf 89' lang='lat' dir='ltr'><strong>non</strong></span> <span class='ocrx_word' id='word_1_176' title='bbox 1803 2406 1957 2454; x_wconf 77' lang='lat' dir='ltr'><strong>extra</strong></span> 
     </span>
    </p>
   </div>
   <div class='ocr_carea' id='block_1_25' title="bbox 354 2489 1955 2567">
    <p class='ocr_par' dir='ltr' id='par_1_25' title="bbox 354 2489 1955 2567">
     <span class='ocr_line' id='line_1_25' title="bbox 354 2489 1955 2567; baseline -0.002 -17"><span class='ocrx_word' id='word_1_177' title='bbox 354 2494 583 2567; x_wconf 84' lang='lat' dir='ltr'><strong>petitas,</strong></span> <span class='ocrx_word' id='word_1_178' title='bbox 611 2492 710 2549; x_wconf 87' lang='lat' dir='ltr'><strong>sed</strong></span> <span class='ocrx_word' id='word_1_179' title='bbox 736 2494 876 2550; x_wconf 89' lang='lat' dir='ltr'><strong>intra</strong></span> <span class='ocrx_word' id='word_1_180' title='bbox 920 2492 1022 2559; x_wconf 87' lang='lat' dir='ltr'><strong>rei,</strong></span> <span class='ocrx_word' id='word_1_181' title='bbox 1072 2506 1232 2563; x_wconf 92' lang='lat' dir='ltr'><strong>quam</strong></span> <span class='ocrx_word' id='word_1_182' title='bbox 1282 2489 1667 2562; x_wconf 89' lang='lat' dir='ltr'><strong>tractabamus,</strong></span> <span class='ocrx_word' id='word_1_183' title='bbox 1697 2492 1955 2548; x_wconf 84' lang='lat' dir='ltr'><strong>ambitum</strong></span> 
     </span>
    </p>
   </div>
   <div class='ocr_carea' id='block_1_26' title="bbox 360 2583 1956 2658">
    <p class='ocr_par' dir='ltr' id='par_1_26' title="bbox 360 2583 1956 2658">
     <span class='ocr_line' id='line_1_26' title="bbox 360 2583 1956 2658; baseline -0.001 -16"><span class='ocrx_word' id='word_1_184' title='bbox 360 2586 654 2643; x_wconf 91' lang='lat' dir='ltr'><strong>collocatas</strong></span> <span class='ocrx_word' id='word_1_185' title='bbox 681 2584 1019 2658; x_wconf 79' lang='lat' dir='ltr'><strong>agitavimus,</strong></span> <span class='ocrx_word' id='word_1_186' title='bbox 1051 2583 1184 2639; x_wconf 86' lang='lat' dir='ltr'><strong>nihil</strong></span> <span class='ocrx_word' id='word_1_187' title='bbox 1208 2594 1293 2640; x_wconf 90' lang='lat' dir='ltr'><strong>est</strong></span> <span class='ocrx_word' id='word_1_188' title='bbox 1334 2584 1482 2655; x_wconf 92' lang='lat' dir='ltr'><strong>quod</strong></span> <span class='ocrx_word' id='word_1_189' title='bbox 1514 2583 1803 2653; x_wconf 86' lang='lat' dir='ltr'><strong>admirere,</strong></span> <span class='ocrx_word' id='word_1_190' title='bbox 1836 2602 1956 2643; x_wconf 91' lang='lat' dir='ltr'><strong>cum</strong></span> 
     </span>
    </p>
   </div>
   <div class='ocr_carea' id='block_1_27' title="bbox 369 2677 1959 2751">
    <p class='ocr_par' dir='ltr' id='par_1_27' title="bbox 369 2677 1959 2751">
     <span class='ocr_line' id='line_1_27' title="bbox 369 2677 1959 2751; baseline -0.001 -14"><span class='ocrx_word' id='word_1_191' title='bbox 369 2680 596 2737; x_wconf 89' lang='lat' dir='ltr'><strong>Platone</strong></span> <span class='ocrx_word' id='word_1_192' title='bbox 640 2677 667 2717; x_wconf 73' lang='grc' dir='ltr'><em>ά</em></span> <span class='ocrx_word' id='word_1_193' title='bbox 715 2680 992 2735; x_wconf 82' lang='lat' dir='ltr'><strong>sanciente</strong></span> <span class='ocrx_word' id='word_1_194' title='bbox 1020 2677 1291 2745; x_wconf 88' lang='lat' dir='ltr'><strong>didiceris,</strong></span> <span class='ocrx_word' id='word_1_195' title='bbox 1330 2686 1610 2749; x_wconf 88' lang='lat' dir='ltr'><strong>cognatos,</strong></span> <span class='ocrx_word' id='word_1_196' title='bbox 1641 2679 1712 2736; x_wconf 90' lang='lat' dir='ltr'><strong>de</strong></span> <span class='ocrx_word' id='word_1_197' title='bbox 1761 2680 1959 2751; x_wconf 86' lang='lat' dir='ltr'><strong>quibus</strong></span> 
     </span>
    </p>
   </div>
   <div class='ocr_carea' id='block_1_28' title="bbox 2423 628 3217 704">
    <p class='ocr_par' dir='ltr' id='par_1_28' title="bbox 2423 628 3217 704">
     <span class='ocr_line' id='line_1_28' title="bbox 2423 628 3217 704; baseline -0.006 -16"><span class='ocrx_word' id='word_1_198' title='bbox 2423 632 2584 704; x_wconf 75' lang='lat'><strong>250</strong></span> <span class='ocrx_word' id='word_1_199' title='bbox 2622 630 2914 687; x_wconf 71' lang='lat' dir='ltr'><strong>uernum</strong></span> <span class='ocrx_word' id='word_1_200' title='bbox 2948 633 2961 647; x_wconf 69' lang='grc' dir='ltr'><strong>ο</strong></span> <span class='ocrx_word' id='word_1_201' title='bbox 2993 628 3109 684; x_wconf 85' lang='lat' dir='ltr'><strong>xu.</strong></span> <span class='ocrx_word' id='word_1_202' title='bbox 3210 668 3217 673; x_wconf 88' lang='lat'><strong>.</strong></span> 
     </span>
    </p>
   </div>
   <div class='ocr_carea' id='block_1_29' title="bbox 2062 720 3649 794">
    <p class='ocr_par' dir='ltr' id='par_1_29' title="bbox 2062 720 3649 794">
     <span class='ocr_line' id='line_1_29' title="bbox 2062 720 3649 794; baseline -0.006 -14"><span class='ocrx_word' id='word_1_203' title='bbox 2062 727 2450 780; x_wconf 72' lang='lat' dir='ltr'><strong>Aucuusuruu.</strong></span> <span class='ocrx_word' id='word_1_204' title='bbox 2474 755 2543 763; x_wconf 97' lang='lat'><strong><em>—</em></strong></span> <span class='ocrx_word' id='word_1_205' title='bbox 2572 724 2739 790; x_wconf 81' lang='lat' dir='ltr'><strong>Quam</strong></span> <span class='ocrx_word' id='word_1_206' title='bbox 2760 723 2981 794; x_wconf 86' lang='lat' dir='ltr'><strong>primum</strong></span> <span class='ocrx_word' id='word_1_207' title='bbox 3013 722 3165 777; x_wconf 83' lang='lat' dir='ltr'><strong>habes</strong></span> <span class='ocrx_word' id='word_1_208' title='bbox 3191 720 3379 794; x_wconf 79' lang='lat' dir='ltr'><strong>summi</strong></span> <span class='ocrx_word' id='word_1_209' title='bbox 3408 720 3534 794; x_wconf 72' lang='lat' dir='ltr'><strong>boni</strong></span> <span class='ocrx_word' id='word_1_210' title='bbox 3556 734 3649 772; x_wconf 74' lang='lat' dir='ltr'><strong>no-</strong></span> 
     </span>
    </p>
   </div>
   <div class='ocr_carea' id='block_1_30' title="bbox 2130 791 3645 865">
    <p class='ocr_par' dir='ltr' id='par_1_30' title="bbox 2130 791 3645 865">
     <span class='ocr_line' id='line_1_30' title="bbox 2130 791 3645 865; baseline -0.003 -16"><span class='ocrx_word' id='word_1_211' title='bbox 2130 796 2293 849; x_wconf 79' lang='lat' dir='ltr'><strong>titiam</strong></span> <span class='ocrx_word' id='word_1_212' title='bbox 2324 796 2468 865; x_wconf 74' lang='lat' dir='ltr'><strong>felix,</strong></span> <span class='ocrx_word' id='word_1_213' title='bbox 2493 797 2653 865; x_wconf 78' lang='lat' dir='ltr'><strong>inquit</strong></span> <span class='ocrx_word' id='word_1_214' title='bbox 2686 791 3045 863; x_wconf 78' lang='lat' dir='ltr'><strong>Philosophia,</strong></span> <span class='ocrx_word' id='word_1_215' title='bbox 3069 795 3201 847; x_wconf 87' lang='lat' dir='ltr'><strong>hanc</strong></span> <span class='ocrx_word' id='word_1_216' title='bbox 3222 791 3645 865; x_wconf 71' lang='lat' dir='ltr'><strong>infelixamittis,</strong></span> 
     </span>
    </p>
   </div>
   <div class='ocr_carea' id='block_1_31' title="bbox 2130 863 3647 935">
    <p class='ocr_par' dir='ltr' id='par_1_31' title="bbox 2130 863 3647 935">
     <span class='ocr_line' id='line_1_31' title="bbox 2130 863 3647 935; baseline -0.002 -15"><span class='ocrx_word' id='word_1_217' title='bbox 2130 863 2355 934; x_wconf 78' lang='lat' dir='ltr'><strong>inspecta</strong></span> <span class='ocrx_word' id='word_1_218' title='bbox 2386 875 2520 920; x_wconf 82' lang='lat' dir='ltr'><strong>terra</strong></span> <span class='ocrx_word' id='word_1_219' title='bbox 2544 863 2569 920; x_wconf 19' lang='lat' dir='ltr'><strong>:V</strong></span> <span class='ocrx_word' id='word_1_220' title='bbox 2586 868 2719 920; x_wconf 87' lang='lat' dir='ltr'><strong>sicut</strong></span> <span class='ocrx_word' id='word_1_221' title='bbox 2763 865 3017 935; x_wconf 85' lang='lat' dir='ltr'><strong>Orpheus,</strong></span> <span class='ocrx_word' id='word_1_222' title='bbox 3066 865 3317 919; x_wconf 82' lang='lat' dir='ltr'><strong>conversis</strong></span> <span class='ocrx_word' id='word_1_223' title='bbox 3356 864 3423 917; x_wconf 88' lang='lat' dir='ltr'><strong>ad</strong></span> <span class='ocrx_word' id='word_1_224' title='bbox 3453 863 3647 933; x_wconf 76' lang='lat' dir='ltr'><strong>inferos</strong></span> 
     </span>
    </p>
   </div>
   <div class='ocr_carea' id='block_1_32' title="bbox 2133 935 3499 1009">
    <p class='ocr_par' dir='ltr' id='par_1_32' title="bbox 2133 935 3499 1009">
     <span class='ocr_line' id='line_1_32' title="bbox 2133 935 3499 1009; baseline -0.002 -18"><span class='ocrx_word' id='word_1_225' title='bbox 2133 939 2435 1004; x_wconf 84' lang='lat' dir='ltr'><strong>luminibus,</strong></span> <span class='ocrx_word' id='word_1_226' title='bbox 2467 940 2738 1009; x_wconf 85' lang='lat' dir='ltr'><strong>conjugem</strong></span> <span class='ocrx_word' id='word_1_227' title='bbox 2765 939 2993 991; x_wconf 86' lang='lat' dir='ltr'><strong>carmine</strong></span> <span class='ocrx_word' id='word_1_228' title='bbox 3018 945 3234 1007; x_wconf 87' lang='lat' dir='ltr'><strong>emptam</strong></span> <span class='ocrx_word' id='word_1_229' title='bbox 3261 935 3499 1006; x_wconf 80' lang='lat' dir='ltr'><strong>perdidit.</strong></span> 
     </span>
    </p>
   </div>
   <div class='ocr_carea' id='block_1_33' title="bbox 2276 1074 2907 1146">
    <p class='ocr_par' dir='ltr' id='par_1_33' title="bbox 2276 1074 2907 1146">
     <span class='ocr_line' id='line_1_33' title="bbox 2276 1074 2907 1146; baseline -0.003 -17"><span class='ocrx_word' id='word_1_230' title='bbox 2276 1075 2442 1138; x_wconf 84' lang='lat' dir='ltr'><strong>Felix,</strong></span> <span class='ocrx_word' id='word_1_231' title='bbox 2466 1074 2555 1146; x_wconf 92' lang='lat' dir='ltr'><strong>qui</strong></span> <span class='ocrx_word' id='word_1_232' title='bbox 2583 1074 2752 1144; x_wconf 90' lang='lat' dir='ltr'><strong>potuit</strong></span> <span class='ocrx_word' id='word_1_233' title='bbox 2784 1074 2907 1128; x_wconf 90' lang='lat' dir='ltr'><strong>boni</strong></span> 
     </span>
    </p>
   </div>
   <div class='ocr_carea' id='block_1_34' title="bbox 2275 1166 3012 1222">
    <p class='ocr_par' dir='ltr' id='par_1_34' title="bbox 2275 1166 3012 1222">
     <span class='ocr_line' id='line_1_34' title="bbox 2275 1166 3012 1222; baseline -0.001 -1"><span class='ocrx_word' id='word_1_234' title='bbox 2275 1167 2500 1222; x_wconf 83' lang='lat' dir='ltr'><strong>Fontem</strong></span> <span class='ocrx_word' id='word_1_235' title='bbox 2528 1167 2705 1222; x_wconf 85' lang='lat' dir='ltr'><strong>visere</strong></span> <span class='ocrx_word' id='word_1_236' title='bbox 2734 1166 2970 1222; x_wconf 90' lang='lat' dir='ltr'><strong>lucidum</strong></span> <span class='ocrx_word' id='word_1_237' title='bbox 2998 1182 3012 1220; x_wconf 88' lang='lat'><strong>:</strong></span> 
     </span>
    </p>
   </div>
   <div class='ocr_carea' id='block_1_35' title="bbox 2274 1259 2972 1332">
    <p class='ocr_par' dir='ltr' id='par_1_35' title="bbox 2274 1259 2972 1332">
     <span class='ocr_line' id='line_1_35' title="bbox 2274 1259 2972 1332; baseline -0.004 -15"><span class='ocrx_word' id='word_1_238' title='bbox 2274 1261 2447 1329; x_wconf 85' lang='lat' dir='ltr'><strong>Felix,</strong></span> <span class='ocrx_word' id='word_1_239' title='bbox 2480 1263 2569 1332; x_wconf 93' lang='lat' dir='ltr'><strong>qui</strong></span> <span class='ocrx_word' id='word_1_240' title='bbox 2603 1260 2769 1330; x_wconf 85' lang='lat' dir='ltr'><strong>potuit</strong></span> <span class='ocrx_word' id='word_1_241' title='bbox 2794 1259 2972 1332; x_wconf 78' lang='lat' dir='ltr'><strong>gravis</strong></span> 
     </span>
    </p>
   </div>
   <div class='ocr_carea' id='block_1_36' title="bbox 2278 1353 2955 1410">
    <p class='ocr_par' dir='ltr' id='par_1_36' title="bbox 2278 1353 2955 1410">
     <span class='ocr_line' id='line_1_36' title="bbox 2278 1353 2955 1410; baseline -0.004 -1"><span class='ocrx_word' id='word_1_242' title='bbox 2278 1354 2462 1409; x_wconf 75' lang='lat' dir='ltr'><strong>Terrae</strong></span> <span class='ocrx_word' id='word_1_243' title='bbox 2490 1353 2701 1410; x_wconf 90' lang='lat' dir='ltr'><strong>solvere</strong></span> <span class='ocrx_word' id='word_1_244' title='bbox 2722 1354 2955 1409; x_wconf 87' lang='lat' dir='ltr'><strong>vincula.</strong></span> 
     </span>
    </p>
   </div>
   <div class='ocr_carea' id='block_1_37' title="bbox 2209 1442 3237 1518">
    <p class='ocr_par' dir='ltr' id='par_1_37' title="bbox 2209 1442 3237 1518">
     <span class='ocr_line' id='line_1_37' title="bbox 2209 1442 3237 1518; baseline -0.005 -17"><span class='ocrx_word' id='word_1_245' title='bbox 2209 1447 2243 1501; x_wconf 82' lang='lat'><strong>5</strong></span> <span class='ocrx_word' id='word_1_246' title='bbox 2281 1448 2440 1518; x_wconf 80' lang='lat'><strong>251</strong></span> <span class='ocrx_word' id='word_1_247' title='bbox 2472 1446 2752 1513; x_wconf 87' lang='lat' dir='ltr'><strong>Quondam</strong></span> <span class='ocrx_word' id='word_1_248' title='bbox 2786 1444 2975 1500; x_wconf 87' lang='lat' dir='ltr'><strong>funera</strong></span> <span class='ocrx_word' id='word_1_249' title='bbox 2995 1442 3237 1515; x_wconf 88' lang='lat' dir='ltr'><strong>conjugis</strong></span> 
     </span>
    </p>
   </div>
   <div class='ocr_carea' id='block_1_38' title="bbox 2278 1540 3018 1611">
    <p class='ocr_par' dir='ltr' id='par_1_38' title="bbox 2278 1540 3018 1611">
     <span class='ocr_line' id='line_1_38' title="bbox 2278 1540 3018 1611; baseline -0.004 -15"><span class='ocrx_word' id='word_1_250' title='bbox 2278 1541 2442 1596; x_wconf 78' lang='lat' dir='ltr'><strong>Vates</strong></span> <span class='ocrx_word' id='word_1_251' title='bbox 2470 1540 2751 1597; x_wconf 88' lang='lat' dir='ltr'><strong>Threicius</strong></span> <span class='ocrx_word' id='word_1_252' title='bbox 2776 1552 3018 1611; x_wconf 87' lang='lat' dir='ltr'><strong>gemens,</strong></span> 
     </span>
    </p>
   </div>
   <div class='ocr_carea' id='block_1_39' title="bbox 2277 1630 3068 1703">
    <p class='ocr_par' dir='ltr' id='par_1_39' title="bbox 2277 1630 3068 1703">
     <span class='ocr_line' id='line_1_39' title="bbox 2277 1630 3068 1703; baseline -0.008 -12"><span class='ocrx_word' id='word_1_253' title='bbox 2277 1636 2565 1703; x_wconf 88' lang='lat' dir='ltr'><strong>Postquam</strong></span> <span class='ocrx_word' id='word_1_254' title='bbox 2598 1631 2865 1687; x_wconf 85' lang='lat' dir='ltr'><strong>ﬂebilibus</strong></span> <span class='ocrx_word' id='word_1_255' title='bbox 2893 1630 3068 1686; x_wconf 91' lang='lat' dir='ltr'><strong>modis</strong></span> 
     </span>
    </p>
   </div>
   <div class='ocr_carea' id='block_1_40' title="bbox 2283 1734 2976 1801">
    <p class='ocr_par' dir='ltr' id='par_1_40' title="bbox 2283 1734 2976 1801">
     <span class='ocr_line' id='line_1_40' title="bbox 2283 1734 2976 1801; baseline -0.006 -7"><span class='ocrx_word' id='word_1_256' title='bbox 2283 1739 2459 1795; x_wconf 85' lang='lat' dir='ltr'><strong>Silvas</strong></span> <span class='ocrx_word' id='word_1_257' title='bbox 2485 1750 2703 1793; x_wconf 88' lang='lat' dir='ltr'><strong>currere</strong></span> <span class='ocrx_word' id='word_1_258' title='bbox 2728 1734 2976 1801; x_wconf 86' lang='lat' dir='ltr'><strong>mobiles,</strong></span> 
     </span>
    </p>
   </div>
   <div class='ocr_carea' id='block_1_41' title="bbox 2277 1845 2941 1909">
    <p class='ocr_par' dir='ltr' id='par_1_41' title="bbox 2277 1845 2941 1909">
     <span class='ocr_line' id='line_1_41' title="bbox 2277 1845 2941 1909; baseline -0.009 -12"><span class='ocrx_word' id='word_1_259' title='bbox 2277 1845 2479 1897; x_wconf 90' lang='lat' dir='ltr'><strong>Amnes</strong></span> <span class='ocrx_word' id='word_1_260' title='bbox 2504 1848 2649 1895; x_wconf 88' lang='lat' dir='ltr'><strong>stare</strong></span> <span class='ocrx_word' id='word_1_261' title='bbox 2668 1845 2941 1909; x_wconf 81' lang='lat' dir='ltr'><strong>coegerat,</strong></span> 
     </span>
    </p>
   </div>
   <div class='ocr_carea' id='block_1_42' title="bbox 2173 1940 3087 2014">
    <p class='ocr_par' dir='ltr' id='par_1_42' title="bbox 2173 1940 3087 2014">
     <span class='ocr_line' id='line_1_42' title="bbox 2173 1940 3087 2014; baseline -0.008 -11"><span class='ocrx_word' id='word_1_262' title='bbox 2173 1949 2241 2004; x_wconf 71' lang='lat'><strong>10</strong></span> <span class='ocrx_word' id='word_1_263' title='bbox 2276 1945 2572 2012; x_wconf 81' lang='lat' dir='ltr'><strong>Junxitque</strong></span> <span class='ocrx_word' id='word_1_264' title='bbox 2596 1941 2921 2014; x_wconf 90' lang='lat' dir='ltr'><strong>intrepidum</strong></span> <span class='ocrx_word' id='word_1_265' title='bbox 2951 1940 3087 1997; x_wconf 87' lang='lat' dir='ltr'><strong>latus</strong></span> 
     </span>
    </p>
   </div>
   <div class='ocr_carea' id='block_1_43' title="bbox 2280 2044 2928 2110">
    <p class='ocr_par' dir='ltr' id='par_1_43' title="bbox 2280 2044 2928 2110">
     <span class='ocr_line' id='line_1_43' title="bbox 2280 2044 2928 2110; baseline -0.012 -4"><span class='ocrx_word' id='word_1_266' title='bbox 2280 2048 2449 2106; x_wconf 58' lang='lat' dir='ltr'><strong>Savis</strong></span> <span class='ocrx_word' id='word_1_267' title='bbox 2473 2060 2633 2103; x_wconf 83' lang='lat' dir='ltr'><strong>cerva</strong></span> <span class='ocrx_word' id='word_1_268' title='bbox 2663 2044 2928 2110; x_wconf 89' lang='lat' dir='ltr'><strong>leonibus,</strong></span> 
     </span>
    </p>
   </div>
   <div class='ocr_carea' id='block_1_44' title="bbox 2275 2146 2961 2217">
    <p class='ocr_par' dir='ltr' id='par_1_44' title="bbox 2275 2146 2961 2217">
     <span class='ocr_line' id='line_1_44' title="bbox 2275 2146 2961 2217; baseline -0.007 -10"><span class='ocrx_word' id='word_1_269' title='bbox 2275 2150 2386 2208; x_wconf 85' lang='lat' dir='ltr'><strong>Nec</strong></span> <span class='ocrx_word' id='word_1_270' title='bbox 2410 2150 2585 2209; x_wconf 90' lang='lat' dir='ltr'><strong>visum</strong></span> <span class='ocrx_word' id='word_1_271' title='bbox 2610 2147 2785 2205; x_wconf 83' lang='lat' dir='ltr'><strong>timuit</strong></span> <span class='ocrx_word' id='word_1_272' title='bbox 2808 2146 2961 2217; x_wconf 90' lang='lat' dir='ltr'><strong>lepus</strong></span> 
     </span>
    </p>
   </div>
   <div class='ocr_carea' id='block_1_45' title="bbox 2279 2249 3125 2321">
    <p class='ocr_par' dir='ltr' id='par_1_45' title="bbox 2279 2249 3125 2321">
     <span class='ocr_line' id='line_1_45' title="bbox 2279 2249 3125 2321; baseline -0.007 -12"><span class='ocrx_word' id='word_1_273' title='bbox 2279 2252 2398 2309; x_wconf 70' lang='lat' dir='ltr'><strong>iam</strong></span> <span class='ocrx_word' id='word_1_274' title='bbox 2428 2260 2589 2308; x_wconf 87' lang='lat' dir='ltr'><strong>cantu</strong></span> <span class='ocrx_word' id='word_1_275' title='bbox 2612 2249 2883 2321; x_wconf 89' lang='lat' dir='ltr'><strong>placidum</strong></span> <span class='ocrx_word' id='word_1_276' title='bbox 2911 2261 3125 2312; x_wconf 89' lang='lat' dir='ltr'><strong>canem,</strong></span> 
     </span>
    </p>
   </div>
   <div class='ocr_carea' id='block_1_46' title="bbox 2281 2353 2976 2426">
    <p class='ocr_par' dir='ltr' id='par_1_46' title="bbox 2281 2353 2976 2426">
     <span class='ocr_line' id='line_1_46' title="bbox 2281 2353 2976 2426; baseline -0.009 -14"><span class='ocrx_word' id='word_1_277' title='bbox 2281 2353 2418 2412; x_wconf 87' lang='lat' dir='ltr'><strong>Cum</strong></span> <span class='ocrx_word' id='word_1_278' title='bbox 2448 2354 2761 2426; x_wconf 79' lang='lat' dir='ltr'><strong>ﬂagrantior</strong></span> <span class='ocrx_word' id='word_1_279' title='bbox 2790 2353 2976 2408; x_wconf 91' lang='lat' dir='ltr'><strong>intima</strong></span> 
     </span>
    </p>
   </div>
   <div class='ocr_carea' id='block_1_47' title="bbox 2178 2458 2976 2529">
    <p class='ocr_par' dir='ltr' id='par_1_47' title="bbox 2178 2458 2976 2529">
     <span class='ocr_line' id='line_1_47' title="bbox 2178 2458 2976 2529; baseline -0.005 -14"><span class='ocrx_word' id='word_1_280' title='bbox 2178 2462 2248 2518; x_wconf 81' lang='grc'><strong>15</strong></span> <span class='ocrx_word' id='word_1_281' title='bbox 2276 2459 2481 2516; x_wconf 85' lang='lat' dir='ltr'><strong>Fervor</strong></span> <span class='ocrx_word' id='word_1_282' title='bbox 2512 2458 2746 2529; x_wconf 83' lang='lat' dir='ltr'><strong>pectoris</strong></span> <span class='ocrx_word' id='word_1_283' title='bbox 2773 2464 2976 2523; x_wconf 85' lang='lat' dir='ltr'><strong>ureret,</strong></span> 
     </span>
    </p>
   </div>
   <div class='ocr_carea' id='block_1_48' title="bbox 2282 2558 3103 2631">
    <p class='ocr_par' dir='ltr' id='par_1_48' title="bbox 2282 2558 3103 2631">
     <span class='ocr_line' id='line_1_48' title="bbox 2282 2558 3103 2631; baseline -0.009 -13"><span class='ocrx_word' id='word_1_284' title='bbox 2282 2560 2393 2618; x_wconf 78' lang='lat' dir='ltr'><strong>Nec</strong></span> <span class='ocrx_word' id='word_1_285' title='bbox 2424 2560 2515 2631; x_wconf 90' lang='lat' dir='ltr'><strong>qui</strong></span> <span class='ocrx_word' id='word_1_286' title='bbox 2538 2567 2731 2616; x_wconf 88' lang='lat' dir='ltr'><strong>cuncta</strong></span> <span class='ocrx_word' id='word_1_287' title='bbox 2759 2558 3103 2628; x_wconf 90' lang='lat' dir='ltr'><strong>subegerant,</strong></span> 
     </span>
    </p>
   </div>
   <div class='ocr_carea' id='block_1_49' title="bbox 2284 2659 3074 2725">
    <p class='ocr_par' dir='ltr' id='par_1_49' title="bbox 2284 2659 3074 2725">
     <span class='ocr_line' id='line_1_49' title="bbox 2284 2659 3074 2725; baseline -0.005 -8"><span class='ocrx_word' id='word_1_288' title='bbox 2284 2662 2583 2720; x_wconf 80' lang='lat' dir='ltr'><strong>Mulcerent</strong></span> <span class='ocrx_word' id='word_1_289' title='bbox 2608 2661 2883 2717; x_wconf 88' lang='lat' dir='ltr'><strong>dominum</strong></span> <span class='ocrx_word' id='word_1_290' title='bbox 2906 2659 3074 2725; x_wconf 87' lang='lat' dir='ltr'><strong>modi,</strong></span> 
     </span>
    </p>
   </div>
   <div class='ocr_carea' id='block_1_50' title="bbox 1743 2792 2327 2855">
    <p class='ocr_par' dir='ltr' id='par_1_50' title="bbox 1743 2792 2327 2855">
     <span class='ocr_line' id='line_1_50' title="bbox 1743 2792 2327 2855; baseline 0.007 -6"><span class='ocrx_word' id='word_1_291' title='bbox 1743 2792 2327 2855; x_wconf 78' lang='lat' dir='ltr'><strong>INTERPRETATIO.</strong></span> 
     </span>
    </p>
   </div>
   <div class='ocr_carea' id='block_1_51' title="bbox 438 2905 731 2960">
    <p class='ocr_par' dir='ltr' id='par_1_51' title="bbox 438 2905 731 2960">
     <span class='ocr_line' id='line_1_51' title="bbox 438 2905 731 2960; baseline -0.007 0"><span class='ocrx_word' id='word_1_292' title='bbox 438 2914 465 2944; x_wconf 75' lang='grc' dir='ltr'>ι</span> <span class='ocrx_word' id='word_1_293' title='bbox 497 2905 731 2960; x_wconf 83' lang='lat' dir='ltr'><strong>Obedire.</strong></span> 
     </span>
    </p>
   </div>
   <div class='ocr_carea' id='block_1_52' title="bbox 437 2975 1011 3046">
    <p class='ocr_par' dir='ltr' id='par_1_52' title="bbox 437 2975 1011 3046">
     <span class='ocr_line' id='line_1_52' title="bbox 437 2975 1011 3046; baseline -0.01 -14"><span class='ocrx_word' id='word_1_294' title='bbox 437 2976 467 3016; x_wconf 67' lang='grc' dir='ltr'>δ</span> <span class='ocrx_word' id='word_1_295' title='bbox 493 2977 725 3032; x_wconf 81' lang='lat' dir='ltr'><strong>Alterum</strong></span> <span class='ocrx_word' id='word_1_296' title='bbox 748 2975 1011 3046; x_wconf 75' lang='lat' dir='ltr'><strong>probante.</strong></span> 
     </span>
    </p>
   </div>
   <div class='ocr_carea' id='block_1_53' title="bbox 447 3044 1962 3174">
    <p class='ocr_par' dir='ltr' id='par_1_53' title="bbox 447 3044 1962 3174">
     <span class='ocr_line' id='line_1_53' title="bbox 447 3044 1962 3174; baseline 0.003 -74"><span class='ocrx_word' id='word_1_297' title='bbox 447 3058 473 3088; x_wconf 83' lang='grc' dir='ltr'><strong><em>ο</em></strong></span> <span class='ocrx_word' id='word_1_298' title='bbox 496 3044 757 3174; x_wconf 45' lang='lat' dir='ltr'><strong>gignunt</strong></span> <span class='ocrx_word' id='word_1_299' title='bbox 784 3062 971 3099; x_wconf 82' lang='lat' dir='ltr'><strong>numen</strong></span> <span class='ocrx_word' id='word_1_300' title='bbox 1004 3055 1081 3100; x_wconf 85' lang='lat' dir='ltr'><strong>est</strong></span> <span class='ocrx_word' id='word_1_301' title='bbox 1124 3046 1291 3101; x_wconf 83' lang='lat' dir='ltr'><strong>simile</strong></span> <span class='ocrx_word' id='word_1_302' title='bbox 1320 3044 1442 3099; x_wconf 80' lang='lat' dir='ltr'><strong>moli</strong></span> <span class='ocrx_word' id='word_1_303' title='bbox 1474 3044 1696 3116; x_wconf 64' lang='lat' dir='ltr'><strong>sphaera:</strong></span> <span class='ocrx_word' id='word_1_304' title='bbox 1738 3047 1962 3118; x_wconf 79' lang='lat' dir='ltr'><strong>undique</strong></span> 
     </span>
     <span class='ocr_line' id='line_1_54' title="bbox 450 3136 621 3173; baseline -0.006 0"><span class='ocrx_word' id='word_1_305' title='bbox 450 3136 517 3173; x_wconf 88' lang='lat' dir='ltr'><strong>un</strong></span> <span class='ocrx_word' id='word_1_306' title='bbox 608 3159 621 3172; x_wconf 93' lang='lat'><strong>.</strong></span> 
     </span>
    </p>
   </div>
   <div class='ocr_carea' id='block_1_54' title="bbox 366 3132 621 3177">
    <p class='ocr_par' dir='ltr' id='par_1_54' title="bbox 366 3132 621 3177">
     <span class='ocr_line' id='line_1_55' title="bbox 366 3132 621 3177; baseline -0.016 0"><span class='ocrx_word' id='word_1_307' title='bbox 366 3132 621 3177; x_wconf 69' lang='lat' dir='ltr'><strong>rotundae.</strong></span> 
     </span>
    </p>
   </div>
   <div class='ocr_carea' id='block_1_55' title="bbox 439 3188 1963 3262">
    <p class='ocr_par' dir='ltr' id='par_1_55' title="bbox 439 3188 1963 3262">
     <span class='ocr_line' id='line_1_56' title="bbox 439 3188 1963 3262; baseline 0.001 -17"><span class='ocrx_word' id='word_1_308' title='bbox 439 3190 467 3230; x_wconf 79' lang='grc' dir='ltr'><strong>(ι</strong></span> <span class='ocrx_word' id='word_1_309' title='bbox 497 3190 562 3245; x_wconf 91' lang='lat' dir='ltr'><strong>In</strong></span> <span class='ocrx_word' id='word_1_310' title='bbox 589 3190 801 3256; x_wconf 76' lang='lat' dir='ltr'><strong>Timaeo,</strong></span> <span class='ocrx_word' id='word_1_311' title='bbox 826 3190 912 3245; x_wconf 91' lang='lat' dir='ltr'><strong>ubi</strong></span> <span class='ocrx_word' id='word_1_312' title='bbox 942 3203 1242 3253; x_wconf 87' lang='lat' dir='ltr'><strong>sermones,</strong></span> <span class='ocrx_word' id='word_1_313' title='bbox 1281 3189 1466 3257; x_wconf 77' lang='lat' dir='ltr'><strong>inquit,</strong></span> <span class='ocrx_word' id='word_1_314' title='bbox 1498 3188 1564 3243; x_wconf 92' lang='lat' dir='ltr'><strong>iis</strong></span> <span class='ocrx_word' id='word_1_315' title='bbox 1600 3190 1783 3262; x_wconf 85' lang='lat' dir='ltr'><strong>rebus,</strong></span> <span class='ocrx_word' id='word_1_316' title='bbox 1832 3208 1963 3262; x_wconf 88' lang='lat' dir='ltr'><strong>qua-</strong></span> 
     </span>
    </p>
   </div>
   <div class='ocr_carea' id='block_1_56' title="bbox 367 3260 1961 3335">
    <p class='ocr_par' dir='ltr' id='par_1_56' title="bbox 367 3260 1961 3335">
     <span class='ocr_line' id='line_1_57' title="bbox 367 3260 1961 3335; baseline 0 -15"><span class='ocrx_word' id='word_1_317' title='bbox 367 3280 485 3321; x_wconf 91' lang='lat' dir='ltr'><strong>rum</strong></span> <span class='ocrx_word' id='word_1_318' title='bbox 538 3262 707 3317; x_wconf 90' lang='lat' dir='ltr'><strong>nuntii</strong></span> <span class='ocrx_word' id='word_1_319' title='bbox 756 3273 809 3335; x_wconf 83' lang='lat' dir='ltr'><strong>et</strong></span> <span class='ocrx_word' id='word_1_320' title='bbox 858 3264 1181 3335; x_wconf 80' lang='lat' dir='ltr'><strong>interpretes</strong></span> <span class='ocrx_word' id='word_1_321' title='bbox 1221 3270 1387 3327; x_wconf 87' lang='lat' dir='ltr'><strong>sunt,</strong></span> <span class='ocrx_word' id='word_1_322' title='bbox 1426 3260 1746 3332; x_wconf 85' lang='lat' dir='ltr'><strong>cognatione</strong></span> <span class='ocrx_word' id='word_1_323' title='bbox 1800 3260 1961 3335; x_wconf 83' lang='lat' dir='ltr'><strong>atque</strong></span> 
     </span>
    </p>
   </div>
   <div class='ocr_carea' id='block_1_57' title="bbox 369 3331 1259 3405">
    <p class='ocr_par' dir='ltr' id='par_1_57' title="bbox 369 3331 1259 3405">
     <span class='ocr_line' id='line_1_58' title="bbox 369 3331 1259 3405; baseline -0.007 -14"><span class='ocrx_word' id='word_1_324' title='bbox 369 3335 636 3391; x_wconf 74' lang='lat' dir='ltr'><strong>alinitate</strong></span> <span class='ocrx_word' id='word_1_325' title='bbox 661 3333 893 3405; x_wconf 83' lang='lat' dir='ltr'><strong>quadam</strong></span> <span class='ocrx_word' id='word_1_326' title='bbox 915 3331 1259 3389; x_wconf 81' lang='lat' dir='ltr'><strong>conveniant.</strong></span> 
     </span>
    </p>
   </div>
   <div class='ocr_carea' id='block_1_58' title="bbox 2143 2905 3652 2979">
    <p class='ocr_par' dir='ltr' id='par_1_58' title="bbox 2143 2905 3652 2979">
     <span class='ocr_line' id='line_1_59' title="bbox 2143 2905 3652 2979; baseline 0.001 -16"><span class='ocrx_word' id='word_1_327' title='bbox 2143 2908 2238 2964; x_wconf 89' lang='lat' dir='ltr'><strong>Ille</strong></span> <span class='ocrx_word' id='word_1_328' title='bbox 2267 2916 2352 2963; x_wconf 89' lang='lat' dir='ltr'><strong>est</strong></span> <span class='ocrx_word' id='word_1_329' title='bbox 2398 2908 2524 2979; x_wconf 70' lang='lat' dir='ltr'><strong>felix</strong></span> <span class='ocrx_word' id='word_1_330' title='bbox 2575 2908 2665 2977; x_wconf 83' lang='lat' dir='ltr'><strong>qui</strong></span> <span class='ocrx_word' id='word_1_331' title='bbox 2695 2906 2864 2979; x_wconf 82' lang='lat' dir='ltr'><strong>potuit</strong></span> <span class='ocrx_word' id='word_1_332' title='bbox 2914 2905 3317 2979; x_wconf 13' lang='lat' dir='ltr'><strong>vidererfontem</strong></span> <span class='ocrx_word' id='word_1_333' title='bbox 3356 2908 3652 2965; x_wconf 81' lang='lat' dir='ltr'><strong>luminosunt</strong></span> 
     </span>
    </p>
   </div>
   <div class='ocr_carea' id='block_1_59' title="bbox 2075 2978 3656 3050">
    <p class='ocr_par' dir='ltr' id='par_1_59' title="bbox 2075 2978 3656 3050">
     <span class='ocr_line' id='line_1_60' title="bbox 2075 2978 3656 3050; baseline -0.002 -16"><span class='ocrx_word' id='word_1_334' title='bbox 2075 2981 2213 3045; x_wconf 85' lang='lat' dir='ltr'><strong>boni,</strong></span> <span class='ocrx_word' id='word_1_335' title='bbox 2245 2980 2372 3049; x_wconf 74' lang='lat' dir='ltr'><strong>fetis:</strong></span> <span class='ocrx_word' id='word_1_336' title='bbox 2400 2978 2529 3050; x_wconf 85' lang='lat' dir='ltr'><strong>item</strong></span> <span class='ocrx_word' id='word_1_337' title='bbox 2554 2980 2645 3048; x_wconf 86' lang='lat' dir='ltr'><strong>qui</strong></span> <span class='ocrx_word' id='word_1_338' title='bbox 2674 2978 2839 3050; x_wconf 62' lang='lat' dir='ltr'><strong>potuit</strong></span> <span class='ocrx_word' id='word_1_339' title='bbox 2861 2990 2920 3031; x_wconf 86' lang='lat' dir='ltr'><strong>se</strong></span> <span class='ocrx_word' id='word_1_340' title='bbox 2947 2978 3246 3050; x_wconf 54' lang='lat' dir='ltr'><strong>expediret:</strong></span> <span class='ocrx_word' id='word_1_341' title='bbox 3270 2978 3462 3049; x_wconf 82' lang='lat' dir='ltr'><strong>laqueis</strong></span> <span class='ocrx_word' id='word_1_342' title='bbox 3482 2997 3656 3050; x_wconf 83' lang='lat' dir='ltr'><strong>carpo.</strong></span> 
     </span>
    </p>
   </div>
   <div class='ocr_carea' id='block_1_60' title="bbox 2071 3047 3659 3123">
    <p class='ocr_par' dir='ltr' id='par_1_60' title="bbox 2071 3047 3659 3123">
     <span class='ocr_line' id='line_1_61' title="bbox 2071 3047 3659 3123; baseline 0.006 -25"><span class='ocrx_word' id='word_1_343' title='bbox 2071 3054 2145 3106; x_wconf 64' lang='lat' dir='ltr'><strong>ri;</strong></span> <span class='ocrx_word' id='word_1_344' title='bbox 2173 3047 2471 3122; x_wconf 57' lang='lat' dir='ltr'><strong>ponderosi.</strong></span> <span class='ocrx_word' id='word_1_345' title='bbox 2508 3049 2647 3123; x_wconf 75' lang='lat' dir='ltr'><strong>Olim</strong></span> <span class='ocrx_word' id='word_1_346' title='bbox 2676 3047 2950 3117; x_wconf 83' lang='lat' dir='ltr'><strong>Orpheus,</strong></span> <span class='ocrx_word' id='word_1_347' title='bbox 2990 3057 3137 3123; x_wconf 80' lang='lat' dir='ltr'><strong>poeta</strong></span> <span class='ocrx_word' id='word_1_348' title='bbox 3168 3047 3442 3116; x_wconf 80' lang='lat' dir='ltr'><strong>Thracius,</strong></span> <span class='ocrx_word' id='word_1_349' title='bbox 3472 3047 3659 3123; x_wconf 68' lang='lat' dir='ltr'><strong>deflens</strong></span> 
     </span>
    </p>
   </div>
   <div class='ocr_carea' id='block_1_61' title="bbox 2074 3121 3664 3196">
    <p class='ocr_par' dir='ltr' id='par_1_61' title="bbox 2074 3121 3664 3196">
     <span class='ocr_line' id='line_1_62' title="bbox 2074 3121 3664 3196; baseline 0.002 -20"><span class='ocrx_word' id='word_1_350' title='bbox 2074 3132 2291 3196; x_wconf 84' lang='lat' dir='ltr'><strong>mortem</strong></span> <span class='ocrx_word' id='word_1_351' title='bbox 2318 3136 2430 3176; x_wconf 71' lang='lat' dir='ltr'><strong>sua:</strong></span> <span class='ocrx_word' id='word_1_352' title='bbox 2462 3121 2656 3185; x_wconf 79' lang='lat' dir='ltr'><strong>uxoris,</strong></span> <span class='ocrx_word' id='word_1_353' title='bbox 2683 3129 2951 3196; x_wconf 64' lang='lat' dir='ltr'><strong>postquam</strong></span> <span class='ocrx_word' id='word_1_354' title='bbox 2968 3121 3190 3174; x_wconf 83' lang='lat' dir='ltr'><strong>carmine</strong></span> <span class='ocrx_word' id='word_1_355' title='bbox 3216 3122 3348 3175; x_wconf 84' lang='lat' dir='ltr'><strong>tristi</strong></span> <span class='ocrx_word' id='word_1_356' title='bbox 3370 3121 3543 3196; x_wconf 15' lang='lat' dir='ltr'><strong>coegit»</strong></span> <span class='ocrx_word' id='word_1_357' title='bbox 3574 3140 3664 3179; x_wconf 80' lang='lat' dir='ltr'><strong>ar-</strong></span> 
     </span>
    </p>
   </div>
   <div class='ocr_carea' id='block_1_62' title="bbox 2074 3190 3665 3265">
    <p class='ocr_par' dir='ltr' id='par_1_62' title="bbox 2074 3190 3665 3265">
     <span class='ocr_line' id='line_1_63' title="bbox 2074 3190 3665 3265; baseline -0.003 -18"><span class='ocrx_word' id='word_1_358' title='bbox 2074 3194 2222 3249; x_wconf 84' lang='lat' dir='ltr'><strong>bores</strong></span> <span class='ocrx_word' id='word_1_359' title='bbox 2253 3202 2417 3247; x_wconf 79' lang='lat' dir='ltr'><strong>matas</strong></span> <span class='ocrx_word' id='word_1_360' title='bbox 2444 3206 2673 3265; x_wconf 85' lang='lat' dir='ltr'><strong>currere,</strong></span> <span class='ocrx_word' id='word_1_361' title='bbox 2711 3200 2769 3245; x_wconf 89' lang='lat' dir='ltr'><strong>et</strong></span> <span class='ocrx_word' id='word_1_362' title='bbox 2806 3190 3022 3265; x_wconf 74' lang='lat' dir='ltr'><strong>ﬂumina</strong></span> <span class='ocrx_word' id='word_1_363' title='bbox 3051 3200 3187 3265; x_wconf 81' lang='lat' dir='ltr'><strong>stare</strong></span> <span class='ocrx_word' id='word_1_364' title='bbox 3214 3190 3477 3265; x_wconf 64' lang='lat' dir='ltr'><strong>immotaf</strong></span> <span class='ocrx_word' id='word_1_365' title='bbox 3514 3207 3665 3265; x_wconf 82' lang='lat' dir='ltr'><strong>post.</strong></span> 
     </span>
    </p>
   </div>
   <div class='ocr_carea' id='block_1_63' title="bbox 2074 3262 3666 3337">
    <p class='ocr_par' dir='ltr' id='par_1_63' title="bbox 2074 3262 3666 3337">
     <span class='ocr_line' id='line_1_64' title="bbox 2074 3262 3666 3337; baseline 0.003 -18"><span class='ocrx_word' id='word_1_366' title='bbox 2074 3279 2236 3337; x_wconf 85' lang='lat' dir='ltr'><strong>quam</strong></span> <span class='ocrx_word' id='word_1_367' title='bbox 2263 3265 2455 3337; x_wconf 88' lang='lat' dir='ltr'><strong>eodem</strong></span> <span class='ocrx_word' id='word_1_368' title='bbox 2478 3262 2717 3337; x_wconf 84' lang='lat' dir='ltr'><strong>carmine</strong></span> <span class='ocrx_word' id='word_1_369' title='bbox 2736 3277 2885 3337; x_wconf 72' lang='lat' dir='ltr'><strong>cerua</strong></span> <span class='ocrx_word' id='word_1_370' title='bbox 2905 3264 3111 3317; x_wconf 79' lang='lat' dir='ltr'><strong>sociavit</strong></span> <span class='ocrx_word' id='word_1_371' title='bbox 3125 3264 3357 3337; x_wconf 76' lang='lat' dir='ltr'><strong>leonibus</strong></span> <span class='ocrx_word' id='word_1_372' title='bbox 3383 3262 3666 3324; x_wconf 44' lang='lat' dir='ltr'><strong>diris‘latus</strong></span> 
     </span>
    </p>
   </div>
   <div class='ocr_carea' id='block_1_64' title="bbox 1997 3326 3663 3410">
    <p class='ocr_par' dir='ltr' id='par_1_64' title="bbox 1997 3326 3663 3410">
     <span class='ocr_line' id='line_1_65' title="bbox 1997 3326 3663 3410; baseline 0.001 -18"><span class='ocrx_word' id='word_1_373' title='bbox 1997 3326 2047 3392; x_wconf 83' lang='lat' dir='ltr'>C</span> <span class='ocrx_word' id='word_1_374' title='bbox 2076 3326 2233 3393; x_wconf 66' lang='lat' dir='ltr'><strong>suum</strong></span> <span class='ocrx_word' id='word_1_375' title='bbox 2263 3334 2603 3408; x_wconf 73' lang='lat' dir='ltr'><strong>impavidum,</strong></span> <span class='ocrx_word' id='word_1_376' title='bbox 2636 3349 2797 3406; x_wconf 83' lang='lat' dir='ltr'><strong>neque</strong></span> <span class='ocrx_word' id='word_1_377' title='bbox 2816 3333 2962 3404; x_wconf 79' lang='lat' dir='ltr'><strong>lepus</strong></span> <span class='ocrx_word' id='word_1_378' title='bbox 2983 3335 3154 3390; x_wconf 82' lang='lat' dir='ltr'><strong>metuit</strong></span> <span class='ocrx_word' id='word_1_379' title='bbox 3171 3352 3352 3393; x_wconf 79' lang='lat' dir='ltr'><strong>canem</strong></span> <span class='ocrx_word' id='word_1_380' title='bbox 3380 3346 3663 3410; x_wconf 75' lang='lat' dir='ltr'><strong>aspectum,</strong></span> 
     </span>
    </p>
   </div>
   <div class='ocr_carea' id='block_1_65' title="bbox 1894 3470 2127 3531">
    <p class='ocr_par' dir='ltr' id='par_1_65' title="bbox 1894 3470 2127 3531">
     <span class='ocr_line' id='line_1_66' title="bbox 1894 3470 2127 3531; baseline 0.004 -4"><span class='ocrx_word' id='word_1_381' title='bbox 1894 3470 2127 3531; x_wconf 68' lang='lat' dir='ltr'><strong>NOTAE.</strong></span> 
     </span>
    </p>
   </div>
   <div class='ocr_carea' id='block_1_66' title="bbox 442 3582 1967 3657">
    <p class='ocr_par' dir='ltr' id='par_1_66' title="bbox 442 3582 1967 3657">
     <span class='ocr_line' id='line_1_67' title="bbox 442 3582 1967 3657; baseline -0.006 -9"><span class='ocrx_word' id='word_1_382' title='bbox 442 3590 459 3621; x_wconf 80' lang='grc'><strong><em>¹</em></strong></span> <span class='ocrx_word' id='word_1_383' title='bbox 515 3589 767 3653; x_wconf 59' lang='lat' dir='ltr'><strong>nautae“,</strong></span> <span class='ocrx_word' id='word_1_384' title='bbox 795 3582 926 3657; x_wconf 88' lang='lat' dir='ltr'><strong>etc.]</strong></span> <span class='ocrx_word' id='word_1_385' title='bbox 959 3582 1073 3640; x_wconf 78' lang='lat' dir='ltr'><strong>Hoc</strong></span> <span class='ocrx_word' id='word_1_386' title='bbox 1099 3592 1209 3657; x_wconf 80' lang='lat' dir='ltr'><strong>est,</strong></span> <span class='ocrx_word' id='word_1_387' title='bbox 1234 3583 1463 3657; x_wconf 82' lang='lat' dir='ltr'><strong>divinum</strong></span> <span class='ocrx_word' id='word_1_388' title='bbox 1487 3598 1675 3657; x_wconf 80' lang='lat' dir='ltr'><strong>numen</strong></span> <span class='ocrx_word' id='word_1_389' title='bbox 1705 3594 1779 3639; x_wconf 85' lang='lat' dir='ltr'><strong>est</strong></span> <span class='ocrx_word' id='word_1_390' title='bbox 1798 3583 1967 3657; x_wconf 77' lang='lat' dir='ltr'><strong>simile</strong></span> 
     </span>
    </p>
   </div>
   <div class='ocr_carea' id='block_1_67' title="bbox 370 3654 1962 3730">
    <p class='ocr_par' dir='ltr' id='par_1_67' title="bbox 370 3654 1962 3730">
     <span class='ocr_line' id='line_1_68' title="bbox 370 3654 1962 3730; baseline -0.003 -14"><span class='ocrx_word' id='word_1_391' title='bbox 370 3660 495 3716; x_wconf 86' lang='lat' dir='ltr'><strong>moli</strong></span> <span class='ocrx_word' id='word_1_392' title='bbox 522 3661 737 3730; x_wconf 75' lang='lat' dir='ltr'><strong>splueraz</strong></span> <span class='ocrx_word' id='word_1_393' title='bbox 765 3654 991 3730; x_wconf 76' lang='lat' dir='ltr'><strong>undique</strong></span> <span class='ocrx_word' id='word_1_394' title='bbox 1018 3654 1289 3730; x_wconf 59' lang='lat' dir='ltr'><strong>rotunda;</strong></span> <span class='ocrx_word' id='word_1_395' title='bbox 1313 3665 1369 3708; x_wconf 89' lang='lat' dir='ltr'><strong>ut</strong></span> <span class='ocrx_word' id='word_1_396' title='bbox 1396 3656 1535 3730; x_wconf 81' lang='lat' dir='ltr'><strong>sicut</strong></span> <span class='ocrx_word' id='word_1_397' title='bbox 1546 3654 1696 3730; x_wconf 36' lang='lat' dir='ltr'><strong>“huic</strong></span> <span class='ocrx_word' id='word_1_398' title='bbox 1725 3656 1962 3730; x_wconf 65' lang='lat' dir='ltr'><strong>spherae,</strong></span> 
     </span>
    </p>
   </div>
   <div class='ocr_carea' id='block_1_68' title="bbox 370 3726 1970 3857">
    <p class='ocr_par' dir='ltr' id='par_1_68' title="bbox 370 3726 1970 3857">
     <span class='ocr_line' id='line_1_69' title="bbox 370 3726 1970 3799; baseline -0.005 -11"><span class='ocrx_word' id='word_1_399' title='bbox 370 3733 452 3789; x_wconf 91' lang='lat' dir='ltr'><strong>sic</strong></span> <span class='ocrx_word' id='word_1_400' title='bbox 478 3726 590 3787; x_wconf 81' lang='lat' dir='ltr'><strong>Deo</strong></span> <span class='ocrx_word' id='word_1_401' title='bbox 622 3730 757 3787; x_wconf 88' lang='lat' dir='ltr'><strong>nihil</strong></span> <span class='ocrx_word' id='word_1_402' title='bbox 780 3728 947 3799; x_wconf 88' lang='lat' dir='ltr'><strong>possit</strong></span> <span class='ocrx_word' id='word_1_403' title='bbox 989 3726 1113 3783; x_wconf 90' lang='lat' dir='ltr'><strong>addi</strong></span> <span class='ocrx_word' id='word_1_404' title='bbox 1133 3727 1219 3782; x_wconf 86' lang='lat' dir='ltr'><strong>vel</strong></span> <span class='ocrx_word' id='word_1_405' title='bbox 1259 3726 1492 3793; x_wconf 89' lang='lat' dir='ltr'><strong>detrahi,</strong></span> <span class='ocrx_word' id='word_1_406' title='bbox 1524 3726 1691 3783; x_wconf 67' lang='lat' dir='ltr'><strong>illaesa</strong></span> <span class='ocrx_word' id='word_1_407' title='bbox 1721 3728 1847 3797; x_wconf 86' lang='lat' dir='ltr'><strong>ejus</strong></span> <span class='ocrx_word' id='word_1_408' title='bbox 1874 3743 1970 3781; x_wconf 87' lang='lat' dir='ltr'><strong>na-</strong></span> 
     </span>
     <span class='ocr_line' id='line_1_70' title="bbox 370 3802 771 3857; baseline -0.005 0"><span class='ocrx_word' id='word_1_409' title='bbox 370 3816 510 3857; x_wconf 89' lang='lat' dir='ltr'><strong>tura.</strong></span> <span class='ocrx_word' id='word_1_410' title='bbox 551 3810 606 3857; x_wconf 89' lang='lat' dir='ltr'><strong>et</strong></span> <span class='ocrx_word' id='word_1_411' title='bbox 632 3802 771 3857; x_wconf 83' lang='lat' dir='ltr'><strong>idea.</strong></span> 
     </span>
    </p>
   </div>
   <div class='ocr_carea' id='block_1_69' title="bbox 369 3804 771 3865">
    <p class='ocr_par' dir='ltr' id='par_1_69' title="bbox 369 3804 771 3865">
     <span class='ocr_line' id='line_1_71' title="bbox 369 3804 771 3865; baseline -0.015 -4"><span class='ocrx_word' id='word_1_412' title='bbox 369 3816 510 3865; x_wconf 89' lang='lat' dir='ltr'><strong>tura,</strong></span> <span class='ocrx_word' id='word_1_413' title='bbox 551 3810 606 3858; x_wconf 89' lang='lat' dir='ltr'><strong>et</strong></span> <span class='ocrx_word' id='word_1_414' title='bbox 632 3804 771 3857; x_wconf 85' lang='lat' dir='ltr'><strong>idea.</strong></span> 
     </span>
    </p>
   </div>
   <div class='ocr_carea' id='block_1_70' title="bbox 445 3866 1968 3944">
    <p class='ocr_par' dir='ltr' id='par_1_70' title="bbox 445 3866 1968 3944">
     <span class='ocr_line' id='line_1_72' title="bbox 445 3866 1968 3944; baseline -0.002 -16"><span class='ocrx_word' id='word_1_415' title='bbox 445 3879 462 3898; x_wconf 82' lang='lat'><strong><em>‘</em></strong></span> <span class='ocrx_word' id='word_1_416' title='bbox 491 3874 643 3942; x_wconf 86' lang='lat' dir='ltr'><strong>Quod</strong></span> <span class='ocrx_word' id='word_1_417' title='bbox 665 3873 860 3928; x_wconf 92' lang='lat' dir='ltr'><strong>dicitur</strong></span> <span class='ocrx_word' id='word_1_418' title='bbox 876 3870 1206 3944; x_wconf 81' lang='lat' dir='ltr'><strong>Clyconium.</strong></span> <span class='ocrx_word' id='word_1_419' title='bbox 1233 3866 1460 3944; x_wconf 68' lang='lat' dir='ltr'><strong>Carmen</strong></span> <span class='ocrx_word' id='word_1_420' title='bbox 1488 3879 1741 3944; x_wconf 79' lang='lat' dir='ltr'><strong>constans</strong></span> <span class='ocrx_word' id='word_1_421' title='bbox 1764 3885 1833 3926; x_wconf 78' lang='lat' dir='ltr'><strong>ex</strong></span> <span class='ocrx_word' id='word_1_422' title='bbox 1851 3886 1968 3944; x_wconf 80' lang='lat' dir='ltr'><strong>uno</strong></span> 
     </span>
    </p>
   </div>
   <div class='ocr_carea' id='block_1_71' title="bbox 405 3940 1968 4071">
    <p class='ocr_par' dir='ltr' id='par_1_71' title="bbox 405 3940 1968 4071">
     <span class='ocr_line' id='line_1_73' title="bbox 405 3940 1968 4071; baseline -0.004 -68"><span class='ocrx_word' id='word_1_423' title='bbox 405 3940 570 4071; x_wconf 59' lang='lat' dir='ltr'><strong>enerf</strong></span> <span class='ocrx_word' id='word_1_424' title='bbox 597 3960 871 4069; x_wconf 44' lang='lat' dir='ltr'><strong>virsﬁm‘m,</strong></span> <span class='ocrx_word' id='word_1_425' title='bbox 901 3940 1128 4015; x_wconf 83' lang='lat' dir='ltr'><strong>quorum</strong></span> <span class='ocrx_word' id='word_1_426' title='bbox 1165 3940 1393 4013; x_wconf 88' lang='lat' dir='ltr'><strong>quilibet</strong></span> <span class='ocrx_word' id='word_1_427' title='bbox 1422 3940 1721 4011; x_wconf 89' lang='lat' dir='ltr'><strong>spondeum</strong></span> <span class='ocrx_word' id='word_1_428' title='bbox 1751 3951 1807 3999; x_wconf 87' lang='lat' dir='ltr'><strong>et</strong></span> <span class='ocrx_word' id='word_1_429' title='bbox 1832 3942 1968 3999; x_wconf 89' lang='lat' dir='ltr'><strong>duos</strong></span> 
     </span>
     <span class='ocr_line' id='line_1_74' title="bbox 411 4028 819 4071; baseline -0.005 0"><span class='ocrx_word' id='word_1_430' title='bbox 411 4028 532 4071; x_wconf 88' lang='lat' dir='ltr'><strong>actv</strong></span> <span class='ocrx_word' id='word_1_431' title='bbox 558 4031 617 4071; x_wconf 92' lang='lat' dir='ltr'><strong>os</strong></span> <span class='ocrx_word' id='word_1_432' title='bbox 674 4031 701 4069; x_wconf 89' lang='lat' dir='ltr'><strong>a</strong></span> <span class='ocrx_word' id='word_1_433' title='bbox 743 4030 775 4070; x_wconf 88' lang='lat' dir='ltr'><strong>e</strong></span> <span class='ocrx_word' id='word_1_434' title='bbox 805 4055 819 4068; x_wconf 94' lang='lat'><strong>.</strong></span> 
     </span>
    </p>
   </div>
   <div class='ocr_carea' id='block_1_72' title="bbox 411 4023 819 4073">
    <p class='ocr_par' dir='ltr' id='par_1_72' title="bbox 411 4023 819 4073">
     <span class='ocr_line' id='line_1_75' title="bbox 411 4023 819 4073; baseline -0.012 0"><span class='ocrx_word' id='word_1_435' title='bbox 411 4023 617 4073; x_wconf 90' lang='lat' dir='ltr'><strong>actvlos</strong></span> <span class='ocrx_word' id='word_1_436' title='bbox 639 4023 819 4070; x_wconf 87' lang='lat' dir='ltr'><strong>habet.</strong></span> 
     </span>
    </p>
   </div>
   <div class='ocr_carea' id='block_1_73' title="bbox 449 4034 1967 4157">
    <p class='ocr_par' dir='ltr' id='par_1_73' title="bbox 449 4034 1967 4157">
     <span class='ocr_line' id='line_1_76' title="bbox 449 4034 1795 4099; baseline -0.006 -27"><span class='ocrx_word' id='word_1_437' title='bbox 449 4034 617 4089; x_wconf 86' lang='lat' dir='ltr'><strong>ctylos</strong></span> <span class='ocrx_word' id='word_1_438' title='bbox 639 4034 819 4099; x_wconf 63' lang='lat' dir='ltr'><strong>navet.</strong></span> <span class='ocrx_word' id='word_1_439' title='bbox 923 4086 935 4097; x_wconf 45' lang='lat'>.</span> <span class='ocrx_word' id='word_1_440' title='bbox 1090 4084 1101 4096; x_wconf 42' lang='lat'><strong><em>.</em></strong></span> <span class='ocrx_word' id='word_1_441' title='bbox 1261 4085 1273 4096; x_wconf 42' lang='lat'><strong><em>.</em></strong></span> <span class='ocrx_word' id='word_1_442' title='bbox 1546 4084 1558 4096; x_wconf 39' lang='lat'><em>.</em></span> <span class='ocrx_word' id='word_1_443' title='bbox 1788 4086 1795 4092; x_wconf 81' lang='lat'>_</span> 
     </span>
     <span class='ocr_line' id='line_1_77' title="bbox 449 4084 1967 4157; baseline -0.005 -11"><span class='ocrx_word' id='word_1_444' title='bbox 449 4094 473 4146; x_wconf 86' lang='grc'><strong>1</strong></span> <span class='ocrx_word' id='word_1_445' title='bbox 506 4097 564 4144; x_wconf 88' lang='lat' dir='ltr'><strong>et</strong></span> <span class='ocrx_word' id='word_1_446' title='bbox 587 4088 643 4143; x_wconf 67' lang='lat'><strong>3.</strong></span> <span class='ocrx_word' id='word_1_447' title='bbox 662 4086 823 4157; x_wconf 69' lang='lat' dir='ltr'><strong>Felix</strong></span> <span class='ocrx_word' id='word_1_448' title='bbox 847 4103 935 4157; x_wconf 76' lang='lat' dir='ltr'><strong>qui</strong></span> <span class='ocrx_word' id='word_1_449' title='bbox 958 4094 1123 4156; x_wconf 76' lang='lat' dir='ltr'><strong>potuit</strong></span> <span class='ocrx_word' id='word_1_450' title='bbox 1150 4084 1273 4157; x_wconf 81' lang='lat' dir='ltr'><strong>bons</strong></span> <span class='ocrx_word' id='word_1_451' title='bbox 1291 4084 1479 4157; x_wconf 81' lang='lat' dir='ltr'><strong>fontem</strong></span> <span class='ocrx_word' id='word_1_452' title='bbox 1508 4084 1967 4157; x_wconf 12' lang='lat' dir='ltr'><strong>msereiluctdumJ</strong></span> 
     </span>
    </p>
   </div>
   <div class='ocr_carea' id='block_1_74' title="bbox 372 4156 1969 4225">
    <p class='ocr_par' dir='ltr' id='par_1_74' title="bbox 372 4156 1969 4225">
     <span class='ocr_line' id='line_1_78' title="bbox 372 4156 1969 4225; baseline -0.005 -8"><span class='ocrx_word' id='word_1_453' title='bbox 372 4162 429 4219; x_wconf 87' lang='lat' dir='ltr'><strong>Id</strong></span> <span class='ocrx_word' id='word_1_454' title='bbox 485 4167 586 4225; x_wconf 89' lang='lat' dir='ltr'><strong>est,</strong></span> <span class='ocrx_word' id='word_1_455' title='bbox 652 4156 830 4213; x_wconf 86' lang='lat' dir='ltr'><strong>Deum.</strong></span> <span class='ocrx_word' id='word_1_456' title='bbox 860 4156 1102 4212; x_wconf 85' lang='lat' dir='ltr'><strong>Primum</strong></span> <span class='ocrx_word' id='word_1_457' title='bbox 1154 4156 1295 4211; x_wconf 90' lang='lat' dir='ltr'><strong>enim</strong></span> <span class='ocrx_word' id='word_1_458' title='bbox 1353 4156 1491 4210; x_wconf 88' lang='lat' dir='ltr'><strong>Deus</strong></span> <span class='ocrx_word' id='word_1_459' title='bbox 1539 4165 1620 4212; x_wconf 89' lang='lat' dir='ltr'><strong>est</strong></span> <span class='ocrx_word' id='word_1_460' title='bbox 1663 4156 1777 4224; x_wconf 81' lang='lat' dir='ltr'><strong>fons</strong></span> <span class='ocrx_word' id='word_1_461' title='bbox 1812 4156 1969 4210; x_wconf 86' lang='lat' dir='ltr'><strong>boni:</strong></span> 
     </span>
    </p>
   </div>
   <div class='ocr_carea' id='block_1_75' title="bbox 371 4226 1965 4302">
    <p class='ocr_par' dir='ltr' id='par_1_75' title="bbox 371 4226 1965 4302">
     <span class='ocr_line' id='line_1_79' title="bbox 371 4226 1965 4302; baseline -0.004 -14"><span class='ocrx_word' id='word_1_462' title='bbox 371 4227 1105 4302; x_wconf 67' lang='lat' dir='ltr'><strong>quandoquidemexdictis</strong></span> <span class='ocrx_word' id='word_1_463' title='bbox 1133 4226 1273 4282; x_wconf 92' lang='lat' dir='ltr'><strong>Deus</strong></span> <span class='ocrx_word' id='word_1_464' title='bbox 1307 4235 1395 4302; x_wconf 84' lang='lat' dir='ltr'><strong>est</strong></span> <span class='ocrx_word' id='word_1_465' title='bbox 1437 4226 1704 4302; x_wconf 65' lang='lat' dir='ltr'><strong>summum</strong></span> <span class='ocrx_word' id='word_1_466' title='bbox 1743 4228 1965 4302; x_wconf 85' lang='lat' dir='ltr'><strong>bonum.</strong></span> 
     </span>
    </p>
   </div>
   <div class='ocr_carea' id='block_1_76' title="bbox 376 4298 1968 4364">
    <p class='ocr_par' dir='ltr' id='par_1_76' title="bbox 376 4298 1968 4364">
     <span class='ocr_line' id='line_1_80' title="bbox 376 4298 1968 4364; baseline -0.003 -4"><span class='ocrx_word' id='word_1_467' title='bbox 376 4298 581 4360; x_wconf 88' lang='lat' dir='ltr'><strong>Deinde</strong></span> <span class='ocrx_word' id='word_1_468' title='bbox 608 4298 729 4355; x_wconf 79' lang='lat' dir='ltr'><strong>inus</strong></span> <span class='ocrx_word' id='word_1_469' title='bbox 776 4300 864 4355; x_wconf 90' lang='lat' dir='ltr'><strong>ille</strong></span> <span class='ocrx_word' id='word_1_470' title='bbox 917 4299 1043 4355; x_wconf 91' lang='lat' dir='ltr'><strong>boni</strong></span> <span class='ocrx_word' id='word_1_471' title='bbox 1079 4298 1239 4364; x_wconf 89' lang='lat' dir='ltr'><strong>Deus,</strong></span> <span class='ocrx_word' id='word_1_472' title='bbox 1268 4308 1351 4352; x_wconf 92' lang='lat' dir='ltr'><strong>est</strong></span> <span class='ocrx_word' id='word_1_473' title='bbox 1379 4300 1579 4353; x_wconf 82' lang='lat' dir='ltr'><strong>lucidus</strong></span> <span class='ocrx_word' id='word_1_474' title='bbox 1623 4299 1741 4355; x_wconf 89' lang='lat' dir='ltr'><strong>sive</strong></span> <span class='ocrx_word' id='word_1_475' title='bbox 1790 4300 1968 4355; x_wconf 84' lang='lat' dir='ltr'><strong>lumen</strong></span> 
     </span>
    </p>
   </div>
   <div class='ocr_carea' id='block_1_77' title="bbox 374 4370 1966 4439">
    <p class='ocr_par' dir='ltr' id='par_1_77' title="bbox 374 4370 1966 4439">
     <span class='ocr_line' id='line_1_81' title="bbox 374 4370 1966 4439; baseline -0.007 -8"><span class='ocrx_word' id='word_1_476' title='bbox 374 4377 627 4431; x_wconf 83' lang='lat' dir='ltr'><strong>emittens</strong></span> <span class='ocrx_word' id='word_1_477' title='bbox 656 4389 669 4427; x_wconf 92' lang='lat'><strong>:</strong></span> <span class='ocrx_word' id='word_1_478' title='bbox 701 4372 843 4427; x_wconf 89' lang='lat' dir='ltr'><strong>Deus</strong></span> <span class='ocrx_word' id='word_1_479' title='bbox 871 4372 1012 4425; x_wconf 86' lang='lat' dir='ltr'><strong>enim</strong></span> <span class='ocrx_word' id='word_1_480' title='bbox 1047 4386 1152 4425; x_wconf 92' lang='lat' dir='ltr'><strong>non</strong></span> <span class='ocrx_word' id='word_1_481' title='bbox 1195 4372 1539 4439; x_wconf 86' lang='lat' dir='ltr'><strong>cognoscitur</strong></span> <span class='ocrx_word' id='word_1_482' title='bbox 1592 4370 1692 4424; x_wconf 85' lang='lat' dir='ltr'><strong>nisi</strong></span> <span class='ocrx_word' id='word_1_483' title='bbox 1741 4370 1966 4434; x_wconf 66' lang='lat' dir='ltr'><strong>lumine,</strong></span> 
     </span>
    </p>
   </div>
   <div class='ocr_carea' id='block_1_78' title="bbox 373 4439 1970 4514">
    <p class='ocr_par' dir='ltr' id='par_1_78' title="bbox 373 4439 1970 4514">
     <span class='ocr_line' id='line_1_82' title="bbox 373 4439 1970 4514; baseline -0.005 -12"><span class='ocrx_word' id='word_1_484' title='bbox 373 4447 519 4511; x_wconf 91' lang='lat' dir='ltr'><strong>quod</strong></span> <span class='ocrx_word' id='word_1_485' title='bbox 550 4444 687 4501; x_wconf 89' lang='lat' dir='ltr'><strong>Deus</strong></span> <span class='ocrx_word' id='word_1_486' title='bbox 722 4446 837 4514; x_wconf 89' lang='lat' dir='ltr'><strong>ipse</strong></span> <span class='ocrx_word' id='word_1_487' title='bbox 867 4442 1044 4514; x_wconf 73' lang='lat' dir='ltr'><strong>menti</strong></span> <span class='ocrx_word' id='word_1_488' title='bbox 1060 4442 1404 4514; x_wconf 89' lang='lat' dir='ltr'><strong>cognoscenti</strong></span> <span class='ocrx_word' id='word_1_489' title='bbox 1432 4440 1662 4514; x_wconf 83' lang='lat' dir='ltr'><strong>dederit.</strong></span> <span class='ocrx_word' id='word_1_490' title='bbox 1690 4439 1970 4514; x_wconf 68' lang='lat' dir='ltr'><strong>Postremo</strong></span> 
     </span>
    </p>
   </div>
   <div class='ocr_carea' id='block_1_79' title="bbox 377 4511 1969 4646">
    <p class='ocr_par' dir='ltr' id='par_1_79' title="bbox 377 4511 1969 4646">
     <span class='ocr_line' id='line_1_83' title="bbox 377 4511 1969 4646; baseline -0.003 -75"><span class='ocrx_word' id='word_1_491' title='bbox 377 4520 505 4646; x_wconf 54' lang='lat' dir='ltr'><strong>ﬁlia;</strong></span> <span class='ocrx_word' id='word_1_492' title='bbox 529 4526 632 4581; x_wconf 89' lang='lat' dir='ltr'><strong>est,</strong></span> <span class='ocrx_word' id='word_1_493' title='bbox 658 4511 758 4581; x_wconf 79' lang='lat' dir='ltr'><strong>qui</strong></span> <span class='ocrx_word' id='word_1_494' title='bbox 779 4514 996 4570; x_wconf 87' lang='lat' dir='ltr'><strong>notione</strong></span> <span class='ocrx_word' id='word_1_495' title='bbox 1025 4511 1118 4567; x_wconf 91' lang='lat' dir='ltr'><strong>Dei</strong></span> <span class='ocrx_word' id='word_1_496' title='bbox 1142 4513 1395 4583; x_wconf 63' lang='lat' dir='ltr'><strong>praeditus</strong></span> <span class='ocrx_word' id='word_1_497' title='bbox 1415 4520 1499 4568; x_wconf 86' lang='lat' dir='ltr'><strong>est</strong></span> <span class='ocrx_word' id='word_1_498' title='bbox 1520 4526 1535 4565; x_wconf 87' lang='lat'><strong>:</strong></span> <span class='ocrx_word' id='word_1_499' title='bbox 1559 4512 1681 4582; x_wconf 88' lang='lat' dir='ltr'><strong>quia</strong></span> <span class='ocrx_word' id='word_1_500' title='bbox 1710 4515 1856 4567; x_wconf 85' lang='lat' dir='ltr'><strong>notio</strong></span> <span class='ocrx_word' id='word_1_501' title='bbox 1882 4512 1969 4567; x_wconf 88' lang='lat' dir='ltr'><strong>illa</strong></span> 
     </span>
     <span class='ocr_line' id='line_1_84' title="bbox 424 4581 1969 4646; baseline -0.005 0"><span class='ocrx_word' id='word_1_502' title='bbox 424 4592 475 4646; x_wconf 89' lang='lat' dir='ltr'><strong>ei</strong></span> <span class='ocrx_word' id='word_1_503' title='bbox 522 4598 615 4643; x_wconf 89' lang='lat' dir='ltr'><strong>aut</strong></span> <span class='ocrx_word' id='word_1_504' title='bbox 660 4585 890 4642; x_wconf 83' lang='lat' dir='ltr'><strong>felicitas</strong></span> <span class='ocrx_word' id='word_1_505' title='bbox 917 4598 1000 4641; x_wconf 80' lang='lat' dir='ltr'><strong>eSt</strong></span> <span class='ocrx_word' id='word_1_506' title='bbox 1046 4593 1138 4639; x_wconf 89' lang='lat' dir='ltr'><strong>aut</strong></span> <span class='ocrx_word' id='word_1_507' title='bbox 1179 4586 1368 4639; x_wconf 90' lang='lat' dir='ltr'><strong>saltem</strong></span> <span class='ocrx_word' id='word_1_508' title='bbox 1409 4581 1561 4646; x_wconf 80' lang='lat' dir='ltr'><strong>origo</strong></span> <span class='ocrx_word' id='word_1_509' title='bbox 1606 4583 1969 4646; x_wconf 83' lang='lat' dir='ltr'><strong>cujuscunque</strong></span> 
     </span>
    </p>
   </div>
   <div class='ocr_carea' id='block_1_80' title="bbox 424 4581 1970 4652">
    <p class='ocr_par' dir='ltr' id='par_1_80' title="bbox 424 4581 1970 4652">
     <span class='ocr_line' id='line_1_85' title="bbox 424 4581 1970 4652; baseline -0.005 -6"><span class='ocrx_word' id='word_1_510' title='bbox 424 4592 475 4647; x_wconf 90' lang='lat' dir='ltr'><strong>ei</strong></span> <span class='ocrx_word' id='word_1_511' title='bbox 522 4598 615 4643; x_wconf 89' lang='lat' dir='ltr'><strong>aut</strong></span> <span class='ocrx_word' id='word_1_512' title='bbox 660 4585 890 4642; x_wconf 83' lang='lat' dir='ltr'><strong>felicitas</strong></span> <span class='ocrx_word' id='word_1_513' title='bbox 917 4598 1000 4641; x_wconf 80' lang='lat' dir='ltr'><strong>eSt</strong></span> <span class='ocrx_word' id='word_1_514' title='bbox 1046 4581 1154 4639; x_wconf 83' lang='lat' dir='ltr'><strong>aut</strong></span> <span class='ocrx_word' id='word_1_515' title='bbox 1179 4586 1368 4639; x_wconf 92' lang='lat' dir='ltr'><strong>saltem</strong></span> <span class='ocrx_word' id='word_1_516' title='bbox 1409 4581 1970 4652; x_wconf 49' lang='lat' dir='ltr'><strong>origo&#39;cujuscunque</strong></span> 
     </span>
    </p>
   </div>
   <div class='ocr_carea' id='block_1_81' title="bbox 377 4654 1973 4733">
    <p class='ocr_par' dir='ltr' id='par_1_81' title="bbox 377 4654 1973 4733">
     <span class='ocr_line' id='line_1_86' title="bbox 377 4654 1973 4733; baseline -0.006 -15"><span class='ocrx_word' id='word_1_517' title='bbox 377 4658 742 4733; x_wconf 80' lang='lat' dir='ltr'><strong>cogitationis,</strong></span> <span class='ocrx_word' id='word_1_518' title='bbox 777 4658 840 4733; x_wconf 90' lang='lat' dir='ltr'><strong>_in</strong></span> <span class='ocrx_word' id='word_1_519' title='bbox 872 4670 977 4733; x_wconf 86' lang='lat' dir='ltr'><strong>qua</strong></span> <span class='ocrx_word' id='word_1_520' title='bbox 1008 4656 1231 4733; x_wconf 62' lang='lat' dir='ltr'><strong>felicitas</strong></span> <span class='ocrx_word' id='word_1_521' title='bbox 1263 4654 1465 4733; x_wconf 76' lang='lat' dir='ltr'><strong>versari</strong></span> <span class='ocrx_word' id='word_1_522' title='bbox 1499 4654 1709 4733; x_wconf 87' lang='lat' dir='ltr'><strong>possit_:</strong></span> <span class='ocrx_word' id='word_1_523' title='bbox 1743 4669 1869 4709; x_wconf 90' lang='lat' dir='ltr'><strong>cum</strong></span> <span class='ocrx_word' id='word_1_524' title='bbox 1894 4655 1973 4710; x_wconf 82' lang='lat' dir='ltr'><strong>ie-</strong></span> 
     </span>
    </p>
   </div>
   <div class='ocr_carea' id='block_1_82' title="bbox 378 4724 1973 4799">
    <p class='ocr_par' dir='ltr' id='par_1_82' title="bbox 378 4724 1973 4799">
     <span class='ocr_line' id='line_1_87' title="bbox 378 4724 1973 4799; baseline -0.004 -11"><span class='ocrx_word' id='word_1_525' title='bbox 378 4724 555 4789; x_wconf 80' lang='lat' dir='ltr'><strong>licitas</strong></span> <span class='ocrx_word' id='word_1_526' title='bbox 579 4730 647 4786; x_wconf 89' lang='lat' dir='ltr'><strong>sit</strong></span> <span class='ocrx_word' id='word_1_527' title='bbox 673 4724 926 4799; x_wconf 80' lang='lat' dir='ltr'><strong>cOgitatio</strong></span> <span class='ocrx_word' id='word_1_528' title='bbox 948 4729 1140 4799; x_wconf 84' lang='lat' dir='ltr'><strong>mentis</strong></span> <span class='ocrx_word' id='word_1_529' title='bbox 1158 4727 1270 4783; x_wconf 89' lang='lat' dir='ltr'><strong>Deo</strong></span> <span class='ocrx_word' id='word_1_530' title='bbox 1295 4726 1411 4783; x_wconf 88' lang='lat' dir='ltr'><strong>sive</strong></span> <span class='ocrx_word' id='word_1_531' title='bbox 1437 4738 1647 4780; x_wconf 87' lang='lat' dir='ltr'><strong>summo</strong></span> <span class='ocrx_word' id='word_1_532' title='bbox 1674 4724 1814 4782; x_wconf 90' lang='lat' dir='ltr'><strong>bono</strong></span> <span class='ocrx_word' id='word_1_533' title='bbox 1840 4740 1973 4782; x_wconf 90' lang='lat' dir='ltr'><strong>con-</strong></span> 
     </span>
    </p>
   </div>
   <div class='ocr_carea' id='block_1_83' title="bbox 378 4798 1142 4861">
    <p class='ocr_par' dir='ltr' id='par_1_83' title="bbox 378 4798 1142 4861">
     <span class='ocr_line' id='line_1_88' title="bbox 378 4798 1142 4861; baseline -0.01 0"><span class='ocrx_word' id='word_1_534' title='bbox 378 4812 584 4861; x_wconf 81' lang='lat' dir='ltr'><strong>stanter</strong></span> <span class='ocrx_word' id='word_1_535' title='bbox 604 4798 927 4855; x_wconf 56' lang='lat' dir='ltr'><strong>adhmrentis</strong></span> <span class='ocrx_word' id='word_1_536' title='bbox 960 4816 971 4851; x_wconf 92' lang='lat'>:</span> <span class='ocrx_word' id='word_1_537' title='bbox 1003 4798 1142 4853; x_wconf 90' lang='lat' dir='ltr'><strong>unde</strong></span> 
     </span>
    </p>
   </div>
   <div class='ocr_carea' id='block_1_84' title="bbox 450 4864 1969 4940">
    <p class='ocr_par' dir='ltr' id='par_1_84' title="bbox 450 4864 1969 4940">
     <span class='ocr_line' id='line_1_89' title="bbox 450 4864 1969 4940; baseline -0.008 -8"><span class='ocrx_word' id='word_1_538' title='bbox 450 4877 486 4931; x_wconf 80' lang='grc'>5</span> <span class='ocrx_word' id='word_1_539' title='bbox 505 4885 564 4931; x_wconf 90' lang='lat' dir='ltr'><strong>et</strong></span> <span class='ocrx_word' id='word_1_540' title='bbox 584 4874 641 4927; x_wconf 74' lang='grc'><strong>4.</strong></span> <span class='ocrx_word' id='word_1_541' title='bbox 675 4870 829 4925; x_wconf 72' lang='lat' dir='ltr'><strong>Felix</strong></span> <span class='ocrx_word' id='word_1_542' title='bbox 843 4872 931 4938; x_wconf 86' lang='lat' dir='ltr'><strong>qui</strong></span> <span class='ocrx_word' id='word_1_543' title='bbox 952 4871 1120 4940; x_wconf 87' lang='lat' dir='ltr'><strong>potuit</strong></span> <span class='ocrx_word' id='word_1_544' title='bbox 1138 4868 1306 4939; x_wconf 80' lang='lat' dir='ltr'><strong>grauis</strong></span> <span class='ocrx_word' id='word_1_545' title='bbox 1332 4875 1483 4922; x_wconf 78' lang='lat' dir='ltr'><strong>teme</strong></span> <span class='ocrx_word' id='word_1_546' title='bbox 1502 4869 1694 4923; x_wconf 79' lang='lat' dir='ltr'><strong>solvere</strong></span> <span class='ocrx_word' id='word_1_547' title='bbox 1720 4864 1969 4939; x_wconf 79' lang='lat' dir='ltr'><strong>vincula.]</strong></span> 
     </span>
    </p>
   </div>
   <div class='ocr_carea' id='block_1_85' title="bbox 2073 3583 3666 3657">
    <p class='ocr_par' dir='ltr' id='par_1_85' title="bbox 2073 3583 3666 3657">
     <span class='ocr_line' id='line_1_90' title="bbox 2073 3583 3666 3657; baseline 0.003 -16"><span class='ocrx_word' id='word_1_548' title='bbox 2073 3585 2226 3641; x_wconf 91' lang='lat' dir='ltr'><strong>curio</strong></span> <span class='ocrx_word' id='word_1_549' title='bbox 2256 3591 2533 3655; x_wconf 84' lang='lat' dir='ltr'><strong>acceptam</strong></span> <span class='ocrx_word' id='word_1_550' title='bbox 2566 3585 2636 3639; x_wconf 89' lang='lat' dir='ltr'><strong>ita</strong></span> <span class='ocrx_word' id='word_1_551' title='bbox 2664 3583 2900 3657; x_wconf 76' lang='lat' dir='ltr'><strong>suaviter</strong></span> <span class='ocrx_word' id='word_1_552' title='bbox 2929 3585 3259 3657; x_wconf 88' lang='lat' dir='ltr'><strong>impellebat,</strong></span> <span class='ocrx_word' id='word_1_553' title='bbox 3294 3587 3439 3643; x_wconf 91' lang='lat' dir='ltr'><strong>illius</strong></span> <span class='ocrx_word' id='word_1_554' title='bbox 3466 3596 3523 3643; x_wconf 93' lang='lat' dir='ltr'><strong>ut</strong></span> <span class='ocrx_word' id='word_1_555' title='bbox 3543 3603 3666 3645; x_wconf 87' lang='lat' dir='ltr'><strong>can-</strong></span> 
     </span>
    </p>
   </div>
   <div class='ocr_carea' id='block_1_86' title="bbox 2074 3655 3670 3728">
    <p class='ocr_par' dir='ltr' id='par_1_86' title="bbox 2074 3655 3670 3728">
     <span class='ocr_line' id='line_1_91' title="bbox 2074 3655 3670 3728; baseline 0.003 -16"><span class='ocrx_word' id='word_1_556' title='bbox 2074 3668 2163 3713; x_wconf 90' lang='lat' dir='ltr'><strong>tus</strong></span> <span class='ocrx_word' id='word_1_557' title='bbox 2180 3657 2345 3713; x_wconf 89' lang='lat' dir='ltr'><strong>silvas</strong></span> <span class='ocrx_word' id='word_1_558' title='bbox 2361 3665 2416 3712; x_wconf 90' lang='lat' dir='ltr'><strong>et</strong></span> <span class='ocrx_word' id='word_1_559' title='bbox 2442 3671 2571 3728; x_wconf 83' lang='lat' dir='ltr'><strong>saxa</strong></span> <span class='ocrx_word' id='word_1_560' title='bbox 2596 3668 2845 3722; x_wconf 88' lang='lat' dir='ltr'><strong>movere;</strong></span> <span class='ocrx_word' id='word_1_561' title='bbox 2865 3655 3144 3728; x_wconf 83' lang='lat' dir='ltr'><strong>ﬂuminum</strong></span> <span class='ocrx_word' id='word_1_562' title='bbox 3158 3674 3375 3714; x_wconf 87' lang='lat' dir='ltr'><strong>cursum</strong></span> <span class='ocrx_word' id='word_1_563' title='bbox 3400 3661 3670 3728; x_wconf 86' lang='lat' dir='ltr'><strong>inhibere;</strong></span> 
     </span>
    </p>
   </div>
   <div class='ocr_carea' id='block_1_87' title="bbox 2072 3726 3669 3800">
    <p class='ocr_par' dir='ltr' id='par_1_87' title="bbox 2072 3726 3669 3800">
     <span class='ocr_line' id='line_1_92' title="bbox 2072 3726 3669 3800; baseline 0.005 -17"><span class='ocrx_word' id='word_1_564' title='bbox 2072 3728 2324 3800; x_wconf 82' lang='lat' dir='ltr'><strong>ferasque</strong></span> <span class='ocrx_word' id='word_1_565' title='bbox 2375 3727 2604 3784; x_wconf 89' lang='lat' dir='ltr'><strong>reddere</strong></span> <span class='ocrx_word' id='word_1_566' title='bbox 2652 3728 2896 3783; x_wconf 89' lang='lat' dir='ltr'><strong>mitiores</strong></span> <span class='ocrx_word' id='word_1_567' title='bbox 2938 3726 3112 3800; x_wconf 87' lang='lat' dir='ltr'><strong>dictus</strong></span> <span class='ocrx_word' id='word_1_568' title='bbox 3150 3730 3328 3800; x_wconf 75' lang='lat' dir='ltr'><strong>fuerit.</strong></span> <span class='ocrx_word' id='word_1_569' title='bbox 3382 3726 3669 3792; x_wconf 76' lang='lat' dir='ltr'><strong>Euridicen</strong></span> 
     </span>
    </p>
   </div>
   <div class='ocr_carea' id='block_1_88' title="bbox 2074 3796 3670 3870">
    <p class='ocr_par' dir='ltr' id='par_1_88' title="bbox 2074 3796 3670 3870">
     <span class='ocr_line' id='line_1_93' title="bbox 2074 3796 3670 3870; baseline 0.004 -17"><span class='ocrx_word' id='word_1_570' title='bbox 2074 3796 2260 3856; x_wconf 76' lang='lat' dir='ltr'><strong>babuit</strong></span> <span class='ocrx_word' id='word_1_571' title='bbox 2286 3814 2537 3865; x_wconf 80' lang='lat' dir='ltr'><strong>uxorem,</strong></span> <span class='ocrx_word' id='word_1_572' title='bbox 2569 3814 2689 3870; x_wconf 69' lang='lat' dir='ltr'><strong>qum</strong></span> <span class='ocrx_word' id='word_1_573' title='bbox 2729 3814 2850 3854; x_wconf 91' lang='lat' dir='ltr'><strong>cum</strong></span> <span class='ocrx_word' id='word_1_574' title='bbox 2890 3799 3175 3855; x_wconf 66' lang='lat' dir='ltr'><strong>Aristaeum</strong></span> <span class='ocrx_word' id='word_1_575' title='bbox 3207 3796 3353 3857; x_wconf 88' lang='lat' dir='ltr'><strong>illius</strong></span> <span class='ocrx_word' id='word_1_576' title='bbox 3378 3817 3562 3859; x_wconf 91' lang='lat' dir='ltr'><strong>amore</strong></span> <span class='ocrx_word' id='word_1_577' title='bbox 3582 3820 3670 3861; x_wconf 83' lang='lat' dir='ltr'><strong>ca-</strong></span> 
     </span>
    </p>
   </div>
   <div class='ocr_carea' id='block_1_89' title="bbox 2074 3870 3669 3943">
    <p class='ocr_par' dir='ltr' id='par_1_89' title="bbox 2074 3870 3669 3943">
     <span class='ocr_line' id='line_1_94' title="bbox 2074 3870 3669 3943; baseline 0.003 -16"><span class='ocrx_word' id='word_1_578' title='bbox 2074 3880 2225 3943; x_wconf 91' lang='lat' dir='ltr'><strong>ptum</strong></span> <span class='ocrx_word' id='word_1_579' title='bbox 2257 3886 2355 3942; x_wconf 91' lang='lat' dir='ltr'><strong>per</strong></span> <span class='ocrx_word' id='word_1_580' title='bbox 2374 3872 2493 3926; x_wconf 87' lang='lat' dir='ltr'><strong>avia</strong></span> <span class='ocrx_word' id='word_1_581' title='bbox 2524 3870 2755 3943; x_wconf 75' lang='lat' dir='ltr'><strong>fugeret,</strong></span> <span class='ocrx_word' id='word_1_582' title='bbox 2789 3873 3054 3943; x_wconf 84' lang='lat' dir='ltr'><strong>serpentis</strong></span> <span class='ocrx_word' id='word_1_583' title='bbox 3074 3888 3267 3943; x_wconf 88' lang='lat' dir='ltr'><strong>morsu</strong></span> <span class='ocrx_word' id='word_1_584' title='bbox 3297 3877 3423 3927; x_wconf 74' lang='lat' dir='ltr'><strong>laesa</strong></span> <span class='ocrx_word' id='word_1_585' title='bbox 3447 3875 3669 3941; x_wconf 89' lang='lat' dir='ltr'><strong>interiit,</strong></span> 
     </span>
    </p>
   </div>
   <div class='ocr_carea' id='block_1_90' title="bbox 2074 3941 3669 4013">
    <p class='ocr_par' dir='ltr' id='par_1_90' title="bbox 2074 3941 3669 4013">
     <span class='ocr_line' id='line_1_95' title="bbox 2074 3941 3669 4013; baseline 0.002 -15"><span class='ocrx_word' id='word_1_586' title='bbox 2074 3941 2217 4013; x_wconf 79' lang='lat' dir='ltr'><strong>quod</strong></span> <span class='ocrx_word' id='word_1_587' title='bbox 2245 3941 2472 3998; x_wconf 89' lang='lat' dir='ltr'><strong>maritus</strong></span> <span class='ocrx_word' id='word_1_588' title='bbox 2494 3941 2775 4012; x_wconf 63' lang='lat' dir='ltr'><strong>aegerrime</strong></span> <span class='ocrx_word' id='word_1_589' title='bbox 2802 3941 2981 3997; x_wconf 76' lang='lat' dir='ltr'><strong>ferens</strong></span> <span class='ocrx_word' id='word_1_590' title='bbox 3004 3942 3205 4001; x_wconf 82' lang='lat' dir='ltr'><strong>inferos</strong></span> <span class='ocrx_word' id='word_1_591' title='bbox 3227 3945 3377 4009; x_wconf 90' lang='lat' dir='ltr'><strong>adiit,</strong></span> <span class='ocrx_word' id='word_1_592' title='bbox 3407 3945 3669 4003; x_wconf 81' lang='lat' dir='ltr'><strong>internos-</strong></span> 
     </span>
    </p>
   </div>
   <div class='ocr_carea' id='block_1_91' title="bbox 2073 4013 3669 4086">
    <p class='ocr_par' dir='ltr' id='par_1_91' title="bbox 2073 4013 3669 4086">
     <span class='ocr_line' id='line_1_96' title="bbox 2073 4013 3669 4086; baseline 0.004 -19"><span class='ocrx_word' id='word_1_593' title='bbox 2073 4030 2178 4085; x_wconf 89' lang='lat' dir='ltr'><strong>que</strong></span> <span class='ocrx_word' id='word_1_594' title='bbox 2209 4023 2466 4086; x_wconf 85' lang='lat' dir='ltr'><strong>tyrannos</strong></span> <span class='ocrx_word' id='word_1_595' title='bbox 2506 4028 2606 4071; x_wconf 93' lang='lat' dir='ltr'><strong>suo</strong></span> <span class='ocrx_word' id='word_1_596' title='bbox 2650 4013 2889 4069; x_wconf 88' lang='lat' dir='ltr'><strong>carmine</strong></span> <span class='ocrx_word' id='word_1_597' title='bbox 2928 4013 3000 4086; x_wconf 84' lang='lat' dir='ltr'><strong>ita</strong></span> <span class='ocrx_word' id='word_1_598' title='bbox 3032 4015 3307 4082; x_wconf 87' lang='lat' dir='ltr'><strong>demulsit,</strong></span> <span class='ocrx_word' id='word_1_599' title='bbox 3340 4025 3397 4072; x_wconf 92' lang='lat' dir='ltr'><strong>ut</strong></span> <span class='ocrx_word' id='word_1_600' title='bbox 3424 4017 3500 4073; x_wconf 91' lang='lat' dir='ltr'><strong>illi</strong></span> <span class='ocrx_word' id='word_1_601' title='bbox 3532 4033 3669 4074; x_wconf 80' lang='lat' dir='ltr'><strong>uxo-</strong></span> 
     </span>
    </p>
   </div>
   <div class='ocr_carea' id='block_1_92' title="bbox 2075 4084 3671 4157">
    <p class='ocr_par' dir='ltr' id='par_1_92' title="bbox 2075 4084 3671 4157">
     <span class='ocr_line' id='line_1_97' title="bbox 2075 4084 3671 4157; baseline 0.003 -16"><span class='ocrx_word' id='word_1_602' title='bbox 2075 4084 2188 4141; x_wconf 86' lang='lat' dir='ltr'><strong>rem</strong></span> <span class='ocrx_word' id='word_1_603' title='bbox 2233 4084 2597 4152; x_wconf 76' lang='lat' dir='ltr'><strong>reddiderint,</strong></span> <span class='ocrx_word' id='word_1_604' title='bbox 2650 4099 2713 4139; x_wconf 83' lang='lat' dir='ltr'><strong>ea</strong></span> <span class='ocrx_word' id='word_1_605' title='bbox 2753 4094 2931 4139; x_wconf 85' lang='lat' dir='ltr'><strong>tamen</strong></span> <span class='ocrx_word' id='word_1_606' title='bbox 2982 4084 3121 4156; x_wconf 84' lang='lat' dir='ltr'><strong>lege,</strong></span> <span class='ocrx_word' id='word_1_607' title='bbox 3175 4097 3233 4142; x_wconf 92' lang='lat' dir='ltr'><strong>ut</strong></span> <span class='ocrx_word' id='word_1_608' title='bbox 3262 4087 3509 4157; x_wconf 90' lang='lat' dir='ltr'><strong>Orpbeus</strong></span> <span class='ocrx_word' id='word_1_609' title='bbox 3562 4105 3671 4145; x_wconf 90' lang='lat' dir='ltr'><strong>non</strong></span> 
     </span>
    </p>
   </div>
   <div class='ocr_carea' id='block_1_93' title="bbox 2076 4159 3668 4229">
    <p class='ocr_par' dir='ltr' id='par_1_93' title="bbox 2076 4159 3668 4229">
     <span class='ocr_line' id='line_1_98' title="bbox 2076 4159 3668 4229; baseline 0.004 -18"><span class='ocrx_word' id='word_1_610' title='bbox 2076 4159 2226 4227; x_wconf 90' lang='lat' dir='ltr'><strong>prius</strong></span> <span class='ocrx_word' id='word_1_611' title='bbox 2276 4160 2578 4213; x_wconf 85' lang='lat' dir='ltr'><strong>intueretur</strong></span> <span class='ocrx_word' id='word_1_612' title='bbox 2607 4170 2858 4229; x_wconf 84' lang='lat' dir='ltr'><strong>uxorem,</strong></span> <span class='ocrx_word' id='word_1_613' title='bbox 2904 4170 3063 4227; x_wconf 88' lang='lat' dir='ltr'><strong>quam</strong></span> <span class='ocrx_word' id='word_1_614' title='bbox 3095 4159 3161 4213; x_wconf 92' lang='lat' dir='ltr'><strong>ad</strong></span> <span class='ocrx_word' id='word_1_615' title='bbox 3206 4174 3431 4229; x_wconf 90' lang='lat' dir='ltr'><strong>superos</strong></span> <span class='ocrx_word' id='word_1_616' title='bbox 3473 4160 3668 4217; x_wconf 87' lang='lat' dir='ltr'><strong>rediis-</strong></span> 
     </span>
    </p>
   </div>
   <div class='ocr_carea' id='block_1_94' title="bbox 2076 4228 3671 4299">
    <p class='ocr_par' dir='ltr' id='par_1_94' title="bbox 2076 4228 3671 4299">
     <span class='ocr_line' id='line_1_99' title="bbox 2076 4228 3671 4299; baseline 0.004 -17"><span class='ocrx_word' id='word_1_617' title='bbox 2076 4238 2233 4283; x_wconf 83' lang='lat' dir='ltr'><strong>sent:</strong></span> <span class='ocrx_word' id='word_1_618' title='bbox 2266 4244 2425 4299; x_wconf 90' lang='lat' dir='ltr'><strong>quam</strong></span> <span class='ocrx_word' id='word_1_619' title='bbox 2452 4229 2623 4297; x_wconf 81' lang='lat' dir='ltr'><strong>legem</strong></span> <span class='ocrx_word' id='word_1_620' title='bbox 2651 4243 2774 4283; x_wconf 91' lang='lat' dir='ltr'><strong>cum</strong></span> <span class='ocrx_word' id='word_1_621' title='bbox 2805 4228 3054 4297; x_wconf 83' lang='lat' dir='ltr'><strong>Orpheus</strong></span> <span class='ocrx_word' id='word_1_622' title='bbox 3084 4230 3252 4285; x_wconf 88' lang='lat' dir='ltr'><strong>nimio</strong></span> <span class='ocrx_word' id='word_1_623' title='bbox 3274 4228 3459 4286; x_wconf 83' lang='lat' dir='ltr'><strong>amore</strong></span> <span class='ocrx_word' id='word_1_624' title='bbox 3488 4245 3671 4289; x_wconf 87' lang='lat' dir='ltr'><strong>corre-</strong></span> 
     </span>
    </p>
   </div>
   <div class='ocr_carea' id='block_1_95' title="bbox 2076 4299 3667 4370">
    <p class='ocr_par' dir='ltr' id='par_1_95' title="bbox 2076 4299 3667 4370">
     <span class='ocr_line' id='line_1_100' title="bbox 2076 4299 3667 4370; baseline 0.003 -17"><span class='ocrx_word' id='word_1_625' title='bbox 2076 4308 2199 4370; x_wconf 86' lang='lat' dir='ltr'><strong>ptus</strong></span> <span class='ocrx_word' id='word_1_626' title='bbox 2228 4315 2335 4355; x_wconf 90' lang='lat' dir='ltr'><strong>non</strong></span> <span class='ocrx_word' id='word_1_627' title='bbox 2382 4302 2749 4362; x_wconf 90' lang='lat' dir='ltr'><strong>observasset,</strong></span> <span class='ocrx_word' id='word_1_628' title='bbox 2800 4299 3052 4354; x_wconf 87' lang='lat' dir='ltr'><strong>Euridice</strong></span> <span class='ocrx_word' id='word_1_629' title='bbox 3103 4300 3297 4357; x_wconf 90' lang='lat' dir='ltr'><strong>iterum</strong></span> <span class='ocrx_word' id='word_1_630' title='bbox 3346 4311 3553 4356; x_wconf 86' lang='lat' dir='ltr'><strong>mortua</strong></span> <span class='ocrx_word' id='word_1_631' title='bbox 3603 4305 3667 4358; x_wconf 92' lang='lat' dir='ltr'><strong>ad</strong></span> 
     </span>
    </p>
   </div>
   <div class='ocr_carea' id='block_1_96' title="bbox 2076 4370 3673 4442">
    <p class='ocr_par' dir='ltr' id='par_1_96' title="bbox 2076 4370 3673 4442">
     <span class='ocr_line' id='line_1_101' title="bbox 2076 4370 3673 4442; baseline 0.004 -19"><span class='ocrx_word' id='word_1_632' title='bbox 2076 4370 2281 4426; x_wconf 82' lang='lat' dir='ltr'><strong>inferos</strong></span> <span class='ocrx_word' id='word_1_633' title='bbox 2296 4372 2483 4442; x_wconf 83' lang='lat' dir='ltr'><strong>rediit.</strong></span> <span class='ocrx_word' id='word_1_634' title='bbox 2512 4371 2636 4426; x_wconf 61' lang='lat' dir='ltr'><strong>Haec</strong></span> <span class='ocrx_word' id='word_1_635' title='bbox 2663 4370 2839 4426; x_wconf 79' lang='lat' dir='ltr'><strong>fabula</strong></span> <span class='ocrx_word' id='word_1_636' title='bbox 2867 4385 3009 4442; x_wconf 78' lang='lat' dir='ltr'><strong>nunc</strong></span> <span class='ocrx_word' id='word_1_637' title='bbox 3023 4372 3296 4442; x_wconf 86' lang='lat' dir='ltr'><strong>eleganter</strong></span> <span class='ocrx_word' id='word_1_638' title='bbox 3318 4374 3673 4429; x_wconf 86' lang='lat' dir='ltr'><strong>describitur:</strong></span> 
     </span>
    </p>
   </div>
   <div class='ocr_carea' id='block_1_97' title="bbox 2075 4440 3671 4515">
    <p class='ocr_par' dir='ltr' id='par_1_97' title="bbox 2075 4440 3671 4515">
     <span class='ocr_line' id='line_1_102' title="bbox 2075 4440 3671 4515; baseline 0.001 -18"><span class='ocrx_word' id='word_1_639' title='bbox 2075 4442 2169 4497; x_wconf 89' lang='lat' dir='ltr'><strong>sed</strong></span> <span class='ocrx_word' id='word_1_640' title='bbox 2203 4461 2231 4495; x_wconf 72' lang='grc' dir='ltr'><strong>ει</strong></span> <span class='ocrx_word' id='word_1_641' title='bbox 2262 4441 2490 4515; x_wconf 75' lang='lat' dir='ltr'><strong>Virgilio</strong></span> <span class='ocrx_word' id='word_1_642' title='bbox 2512 4445 2662 4515; x_wconf 84' lang='lat' dir='ltr'><strong>prius</strong></span> <span class='ocrx_word' id='word_1_643' title='bbox 2678 4442 2945 4515; x_wconf 74' lang='lat' dir='ltr'><strong>descripta</strong></span> <span class='ocrx_word' id='word_1_644' title='bbox 2974 4440 3148 4515; x_wconf 78' lang='lat' dir='ltr'><strong>fuerat</strong></span> <span class='ocrx_word' id='word_1_645' title='bbox 3167 4457 3219 4497; x_wconf 87' lang='lat' dir='ltr'><strong>tv</strong></span> <span class='ocrx_word' id='word_1_646' title='bbox 3238 4442 3459 4515; x_wconf 67' lang='lat' dir='ltr'><strong>Georg,</strong></span> <span class='ocrx_word' id='word_1_647' title='bbox 3483 4459 3536 4499; x_wconf 86' lang='lat' dir='ltr'><strong>v.</strong></span> <span class='ocrx_word' id='word_1_648' title='bbox 3566 4445 3671 4499; x_wconf 68' lang='lat'><strong>454</strong></span> 
     </span>
    </p>
   </div>
   <div class='ocr_carea' id='block_1_98' title="bbox 2076 4512 3672 4583">
    <p class='ocr_par' dir='ltr' id='par_1_98' title="bbox 2076 4512 3672 4583">
     <span class='ocr_line' id='line_1_103' title="bbox 2076 4512 3672 4583; baseline 0.002 -15"><span class='ocrx_word' id='word_1_649' title='bbox 2076 4521 2131 4568; x_wconf 87' lang='lat' dir='ltr'><strong>et</strong></span> <span class='ocrx_word' id='word_1_650' title='bbox 2167 4529 2321 4583; x_wconf 90' lang='lat' dir='ltr'><strong>seqq.</strong></span> <span class='ocrx_word' id='word_1_651' title='bbox 2353 4512 2451 4568; x_wconf 76' lang='lat' dir='ltr'><strong>ilic</strong></span> <span class='ocrx_word' id='word_1_652' title='bbox 2483 4514 2731 4581; x_wconf 89' lang='lat' dir='ltr'><strong>Orpheus</strong></span> <span class='ocrx_word' id='word_1_653' title='bbox 2757 4512 2951 4565; x_wconf 91' lang='lat' dir='ltr'><strong>dicitur</strong></span> <span class='ocrx_word' id='word_1_654' title='bbox 2977 4512 3088 4567; x_wconf 89' lang='lat' dir='ltr'><strong>suis</strong></span> <span class='ocrx_word' id='word_1_655' title='bbox 3117 4512 3446 4569; x_wconf 81' lang='lat' dir='ltr'><strong>carminibus</strong></span> <span class='ocrx_word' id='word_1_656' title='bbox 3476 4515 3672 4571; x_wconf 89' lang='lat' dir='ltr'><strong>vicisse</strong></span> 
     </span>
    </p>
   </div>
   <div class='ocr_carea' id='block_1_99' title="bbox 2079 4583 3671 4654">
    <p class='ocr_par' dir='ltr' id='par_1_99' title="bbox 2079 4583 3671 4654">
     <span class='ocr_line' id='line_1_104' title="bbox 2079 4583 3671 4654; baseline 0.002 -15"><span class='ocrx_word' id='word_1_657' title='bbox 2079 4585 2309 4654; x_wconf 89' lang='lat' dir='ltr'><strong>primum</strong></span> <span class='ocrx_word' id='word_1_658' title='bbox 2360 4600 2586 4654; x_wconf 85' lang='lat' dir='ltr'><strong>corpora</strong></span> <span class='ocrx_word' id='word_1_659' title='bbox 2608 4629 2621 4652; x_wconf 90' lang='lat'><strong>,</strong></span> <span class='ocrx_word' id='word_1_660' title='bbox 2672 4583 2866 4637; x_wconf 87' lang='lat' dir='ltr'><strong>deinde</strong></span> <span class='ocrx_word' id='word_1_661' title='bbox 2898 4594 3104 4638; x_wconf 87' lang='lat' dir='ltr'><strong>mentes</strong></span> <span class='ocrx_word' id='word_1_662' title='bbox 3141 4600 3156 4636; x_wconf 89' lang='lat'><strong>:</strong></span> <span class='ocrx_word' id='word_1_663' title='bbox 3188 4599 3416 4653; x_wconf 87' lang='lat' dir='ltr'><strong>corpora</strong></span> <span class='ocrx_word' id='word_1_664' title='bbox 3454 4586 3671 4652; x_wconf 89' lang='lat' dir='ltr'><strong>quidem</strong></span> 
     </span>
    </p>
   </div>
   <div class='ocr_carea' id='block_1_100' title="bbox 2078 4654 3671 4725">
    <p class='ocr_par' dir='ltr' id='par_1_100' title="bbox 2078 4654 3671 4725">
     <span class='ocr_line' id='line_1_105' title="bbox 2078 4654 3671 4725; baseline 0.001 -14"><span class='ocrx_word' id='word_1_665' title='bbox 2078 4665 2185 4711; x_wconf 84' lang='lat' dir='ltr'><strong>tam</strong></span> <span class='ocrx_word' id='word_1_666' title='bbox 2245 4658 2559 4719; x_wconf 84' lang='lat' dir='ltr'><strong>inanimata,</strong></span> <span class='ocrx_word' id='word_1_667' title='bbox 2610 4669 2836 4725; x_wconf 83' lang='lat' dir='ltr'><strong>quorum</strong></span> <span class='ocrx_word' id='word_1_668' title='bbox 2888 4654 3124 4715; x_wconf 85' lang='lat' dir='ltr'><strong>quietem</strong></span> <span class='ocrx_word' id='word_1_669' title='bbox 3158 4662 3328 4721; x_wconf 86' lang='lat' dir='ltr'><strong>motu,</strong></span> <span class='ocrx_word' id='word_1_670' title='bbox 3363 4663 3419 4711; x_wconf 91' lang='lat' dir='ltr'><strong>et</strong></span> <span class='ocrx_word' id='word_1_671' title='bbox 3468 4666 3671 4712; x_wconf 91' lang='lat' dir='ltr'><strong>motum</strong></span> 
     </span>
    </p>
   </div>
   <div class='ocr_carea' id='block_1_101' title="bbox 2077 4723 3672 4799">
    <p class='ocr_par' dir='ltr' id='par_1_101' title="bbox 2077 4723 3672 4799">
     <span class='ocr_line' id='line_1_106' title="bbox 2077 4723 3672 4799; baseline 0.001 -18"><span class='ocrx_word' id='word_1_672' title='bbox 2077 4728 2258 4799; x_wconf 90' lang='lat' dir='ltr'><strong>quiete</strong></span> <span class='ocrx_word' id='word_1_673' title='bbox 2286 4729 2530 4799; x_wconf 85' lang='lat' dir='ltr'><strong>mutavit,</strong></span> <span class='ocrx_word' id='word_1_674' title='bbox 2561 4723 2720 4797; x_wconf 88' lang='lat' dir='ltr'><strong>quam</strong></span> <span class='ocrx_word' id='word_1_675' title='bbox 2749 4723 3003 4799; x_wconf 77' lang='lat' dir='ltr'><strong>animata,</strong></span> <span class='ocrx_word' id='word_1_676' title='bbox 3032 4727 3281 4799; x_wconf 90' lang='lat' dir='ltr'><strong>nimirum</strong></span> <span class='ocrx_word' id='word_1_677' title='bbox 3314 4727 3532 4793; x_wconf 88' lang='lat' dir='ltr'><strong>bestias,</strong></span> <span class='ocrx_word' id='word_1_678' title='bbox 3556 4730 3672 4799; x_wconf 84' lang='lat' dir='ltr'><strong>qui-</strong></span> 
     </span>
    </p>
   </div>
   <div class='ocr_carea' id='block_1_102' title="bbox 2078 4796 3673 4871">
    <p class='ocr_par' dir='ltr' id='par_1_102' title="bbox 2078 4796 3673 4871">
     <span class='ocr_line' id='line_1_107' title="bbox 2078 4796 3673 4871; baseline 0.003 -19"><span class='ocrx_word' id='word_1_679' title='bbox 2078 4798 2175 4853; x_wconf 87' lang='lat' dir='ltr'><strong>bus</strong></span> <span class='ocrx_word' id='word_1_680' title='bbox 2203 4809 2262 4852; x_wconf 93' lang='lat' dir='ltr'><strong>ut</strong></span> <span class='ocrx_word' id='word_1_681' title='bbox 2286 4796 2597 4853; x_wconf 87' lang='lat' dir='ltr'><strong>crudelibus</strong></span> <span class='ocrx_word' id='word_1_682' title='bbox 2644 4796 3135 4864; x_wconf 87' lang='lat' dir='ltr'><strong>mansuetudinem,</strong></span> <span class='ocrx_word' id='word_1_683' title='bbox 3168 4797 3246 4871; x_wconf 86' lang='lat' dir='ltr'><strong>sic</strong></span> <span class='ocrx_word' id='word_1_684' title='bbox 3277 4798 3482 4855; x_wconf 83' lang='lat' dir='ltr'><strong>timidis</strong></span> <span class='ocrx_word' id='word_1_685' title='bbox 3508 4796 3673 4871; x_wconf 78' lang='lat' dir='ltr'><strong>inspi-</strong></span> 
     </span>
    </p>
   </div>
   <div class='ocr_carea' id='block_1_103' title="bbox 2077 4870 3367 4940">
    <p class='ocr_par' dir='ltr' id='par_1_103' title="bbox 2077 4870 3367 4940">
     <span class='ocr_line' id='line_1_108' title="bbox 2077 4870 3367 4940; baseline 0 -17"><span class='ocrx_word' id='word_1_686' title='bbox 2077 4871 2211 4923; x_wconf 85' lang='lat' dir='ltr'><strong>ravit</strong></span> <span class='ocrx_word' id='word_1_687' title='bbox 2240 4873 2692 4940; x_wconf 85' lang='lat' dir='ltr'><strong>generositatem;</strong></span> <span class='ocrx_word' id='word_1_688' title='bbox 2726 4879 2933 4923; x_wconf 89' lang='lat' dir='ltr'><strong>mentes</strong></span> <span class='ocrx_word' id='word_1_689' title='bbox 2956 4875 3085 4925; x_wconf 69' lang='lat' dir='ltr'><strong>Vero</strong></span> <span class='ocrx_word' id='word_1_690' title='bbox 3113 4870 3367 4927; x_wconf 78' lang='lat' dir='ltr'><strong>infernas.</strong></span> 
     </span>
    </p>
   </div>
   <div class='ocr_carea' id='block_1_104' title="bbox 380 4928 3674 5013">
    <p class='ocr_par' dir='ltr' id='par_1_104' title="bbox 380 4928 3674 5013">
     <span class='ocr_line' id='line_1_109' title="bbox 380 4928 3674 5013; baseline -0 -11"><span class='ocrx_word' id='word_1_691' title='bbox 380 4947 436 5003; x_wconf 89' lang='lat' dir='ltr'><strong>ld</strong></span> <span class='ocrx_word' id='word_1_692' title='bbox 458 4928 555 5002; x_wconf 29' lang='lat' dir='ltr'><strong>Vest</strong></span> <span class='ocrx_word' id='word_1_693' title='bbox 580 4944 806 5013; x_wconf 86' lang='lat' dir='ltr'><strong>corporis</strong></span> <span class='ocrx_word' id='word_1_694' title='bbox 848 4928 1079 4995; x_wconf 68' lang='lat' dir='ltr'><strong>immani.</strong></span> <span class='ocrx_word' id='word_1_695' title='bbox 1114 4928 1351 4995; x_wconf 66' lang='lat' dir='ltr'><strong>Primum</strong></span> <span class='ocrx_word' id='word_1_696' title='bbox 1382 4940 1527 4995; x_wconf 91' lang='lat' dir='ltr'><strong>enim</strong></span> <span class='ocrx_word' id='word_1_697' title='bbox 1556 4954 1750 5008; x_wconf 89' lang='lat' dir='ltr'><strong>corpus</strong></span> <span class='ocrx_word' id='word_1_698' title='bbox 1780 4928 1970 4995; x_wconf 56' lang='lat' dir='ltr'><strong>humai</strong></span> <span class='ocrx_word' id='word_1_699' title='bbox 1997 4928 2054 4991; x_wconf 85' lang='lat' dir='ltr'><strong>D</strong></span> <span class='ocrx_word' id='word_1_700' title='bbox 2149 4928 2385 5013; x_wconf 53' lang='grc' dir='ltr'><strong>ςϐξᾞςε</strong></span> <span class='ocrx_word' id='word_1_701' title='bbox 2423 4942 2510 5012; x_wconf 86' lang='lat' dir='ltr'><strong>qui</strong></span> <span class='ocrx_word' id='word_1_702' title='bbox 2538 4928 2719 4994; x_wconf 74' lang='lat' dir='ltr'><strong>cuncta</strong></span> <span class='ocrx_word' id='word_1_703' title='bbox 2749 4940 3069 5013; x_wconf 85' lang='lat' dir='ltr'><strong>subegerant,</strong></span> <span class='ocrx_word' id='word_1_704' title='bbox 3100 4942 3386 4998; x_wconf 79' lang='lat' dir='ltr'><strong>mulcerent</strong></span> <span class='ocrx_word' id='word_1_705' title='bbox 3410 4944 3674 5001; x_wconf 88' lang='lat' dir='ltr'><strong>dominum</strong></span> 
     </span>
    </p>
   </div>
   <div class='ocr_carea' id='block_1_105' title="bbox 381 5012 1968 5082">
    <p class='ocr_par' dir='ltr' id='par_1_105' title="bbox 381 5012 1968 5082">
     <span class='ocr_line' id='line_1_110' title="bbox 381 5012 1968 5082; baseline -0.007 -8"><span class='ocrx_word' id='word_1_706' title='bbox 381 5034 508 5074; x_wconf 86' lang='lat' dir='ltr'><strong>num</strong></span> <span class='ocrx_word' id='word_1_707' title='bbox 535 5012 676 5070; x_wconf 88' lang='lat' dir='ltr'><strong>terra</strong></span> <span class='ocrx_word' id='word_1_708' title='bbox 699 5023 801 5079; x_wconf 90' lang='lat' dir='ltr'><strong>est,</strong></span> <span class='ocrx_word' id='word_1_709' title='bbox 831 5017 972 5082; x_wconf 92' lang='lat' dir='ltr'><strong>quod</strong></span> <span class='ocrx_word' id='word_1_710' title='bbox 995 5028 1061 5066; x_wconf 82' lang='lat' dir='ltr'><strong>ex</strong></span> <span class='ocrx_word' id='word_1_711' title='bbox 1090 5021 1230 5067; x_wconf 90' lang='lat' dir='ltr'><strong>terra</strong></span> <span class='ocrx_word' id='word_1_712' title='bbox 1260 5018 1509 5082; x_wconf 85' lang='lat' dir='ltr'><strong>tanquam</strong></span> <span class='ocrx_word' id='word_1_713' title='bbox 1540 5026 1605 5064; x_wconf 83' lang='lat' dir='ltr'><strong>ex</strong></span> <span class='ocrx_word' id='word_1_714' title='bbox 1626 5026 1721 5065; x_wconf 91' lang='lat' dir='ltr'><strong>sua</strong></span> <span class='ocrx_word' id='word_1_715' title='bbox 1745 5012 1968 5067; x_wconf 88' lang='lat' dir='ltr'><strong>materia</strong></span> 
     </span>
    </p>
   </div>
   <div class='ocr_carea' id='block_1_106' title="bbox 382 5081 1972 5151">
    <p class='ocr_par' dir='ltr' id='par_1_106' title="bbox 382 5081 1972 5151">
     <span class='ocr_line' id='line_1_111' title="bbox 382 5081 1972 5151; baseline -0.006 -6"><span class='ocrx_word' id='word_1_716' title='bbox 382 5092 581 5145; x_wconf 79' lang='lat' dir='ltr'><strong>factum</strong></span> <span class='ocrx_word' id='word_1_717' title='bbox 613 5086 791 5151; x_wconf 83' lang='lat' dir='ltr'><strong>fuerit,</strong></span> <span class='ocrx_word' id='word_1_718' title='bbox 825 5081 991 5140; x_wconf 81' lang='lat' dir='ltr'><strong>Eecli.</strong></span> <span class='ocrx_word' id='word_1_719' title='bbox 1025 5100 1079 5147; x_wconf 75' lang='grc' dir='ltr'><strong>χ,</strong></span> <span class='ocrx_word' id='word_1_720' title='bbox 1129 5082 1267 5148; x_wconf 81' lang='lat' dir='ltr'><strong>Quid</strong></span> <span class='ocrx_word' id='word_1_721' title='bbox 1295 5081 1516 5149; x_wconf 84' lang='lat' dir='ltr'><strong>superbit</strong></span> <span class='ocrx_word' id='word_1_722' title='bbox 1542 5089 1678 5135; x_wconf 88' lang='lat' dir='ltr'><strong>terra</strong></span> <span class='ocrx_word' id='word_1_723' title='bbox 1716 5092 1767 5136; x_wconf 85' lang='lat' dir='ltr'><strong>et</strong></span> <span class='ocrx_word' id='word_1_724' title='bbox 1792 5084 1919 5135; x_wconf 78' lang='lat' dir='ltr'><strong>cinis</strong></span> <span class='ocrx_word' id='word_1_725' title='bbox 1948 5084 1972 5136; x_wconf 71' lang='grc' dir='ltr'><strong><em>Ρ</em></strong></span> 
     </span>
    </p>
   </div>
   <div class='ocr_carea' id='block_1_107' title="bbox 384 5152 1971 5225">
    <p class='ocr_par' dir='ltr' id='par_1_107' title="bbox 384 5152 1971 5225">
     <span class='ocr_line' id='line_1_112' title="bbox 384 5152 1971 5225; baseline -0.006 -8"><span class='ocrx_word' id='word_1_726' title='bbox 384 5161 586 5217; x_wconf 89' lang='lat' dir='ltr'><strong>Deinde</strong></span> <span class='ocrx_word' id='word_1_727' title='bbox 617 5158 755 5213; x_wconf 89' lang='lat' dir='ltr'><strong>idem</strong></span> <span class='ocrx_word' id='word_1_728' title='bbox 779 5170 976 5225; x_wconf 89' lang='lat' dir='ltr'><strong>corpus</strong></span> <span class='ocrx_word' id='word_1_729' title='bbox 999 5166 1079 5212; x_wconf 82' lang='lat' dir='ltr'><strong>est</strong></span> <span class='ocrx_word' id='word_1_730' title='bbox 1094 5153 1421 5224; x_wconf 85' lang='lat' dir='ltr'><strong>grave,un</strong></span> <span class='ocrx_word' id='word_1_731' title='bbox 1440 5166 1540 5225; x_wconf 91' lang='lat' dir='ltr'><strong>su_o</strong></span> <span class='ocrx_word' id='word_1_732' title='bbox 1563 5152 1801 5221; x_wconf 89' lang='lat' dir='ltr'><strong>pondere</strong></span> <span class='ocrx_word' id='word_1_733' title='bbox 1820 5168 1971 5207; x_wconf 87' lang='lat' dir='ltr'><strong>men-</strong></span> 
     </span>
    </p>
   </div>
   <div class='ocr_carea' id='block_1_108' title="bbox 384 5223 1970 5298">
    <p class='ocr_par' dir='ltr' id='par_1_108' title="bbox 384 5223 1970 5298">
     <span class='ocr_line' id='line_1_113' title="bbox 384 5223 1970 5298; baseline -0.007 -11"><span class='ocrx_word' id='word_1_734' title='bbox 384 5242 491 5287; x_wconf 90' lang='lat' dir='ltr'><strong>tem</strong></span> <span class='ocrx_word' id='word_1_735' title='bbox 522 5230 586 5285; x_wconf 90' lang='lat' dir='ltr'><strong>ad</strong></span> <span class='ocrx_word' id='word_1_736' title='bbox 616 5230 719 5284; x_wconf 85' lang='lat' dir='ltr'><strong>ima</strong></span> <span class='ocrx_word' id='word_1_737' title='bbox 749 5223 1034 5298; x_wconf 85' lang='lat' dir='ltr'><strong>deprimat,</strong></span> <span class='ocrx_word' id='word_1_738' title='bbox 1064 5223 1351 5298; x_wconf 72' lang='lat' dir='ltr'><strong>Sapientia:</strong></span> <span class='ocrx_word' id='word_1_739' title='bbox 1381 5240 1456 5288; x_wconf 81' lang='lat' dir='ltr'><strong>tx,</strong></span> <span class='ocrx_word' id='word_1_740' title='bbox 1475 5223 1672 5292; x_wconf 85' lang='lat' dir='ltr'><strong>Corpus</strong></span> <span class='ocrx_word' id='word_1_741' title='bbox 1701 5226 1838 5293; x_wconf 75' lang='lat' dir='ltr'><strong>quod</strong></span> <span class='ocrx_word' id='word_1_742' title='bbox 1857 5240 1970 5278; x_wconf 87' lang='lat' dir='ltr'><strong>cor-</strong></span> 
     </span>
    </p>
   </div>
   <div class='ocr_carea' id='block_1_109' title="bbox 384 5296 1968 5371">
    <p class='ocr_par' dir='ltr' id='par_1_109' title="bbox 384 5296 1968 5371">
     <span class='ocr_line' id='line_1_114' title="bbox 384 5296 1968 5371; baseline -0.005 -14"><span class='ocrx_word' id='word_1_743' title='bbox 384 5304 666 5371; x_wconf 82' lang='lat' dir='ltr'><strong>rurnpitur,</strong></span> <span class='ocrx_word' id='word_1_744' title='bbox 701 5296 943 5371; x_wconf 68' lang='lat' dir='ltr'><strong>aggravet</strong></span> <span class='ocrx_word' id='word_1_745' title='bbox 986 5299 1233 5371; x_wconf 81' lang='lat' dir='ltr'><strong>animum.</strong></span> <span class='ocrx_word' id='word_1_746' title='bbox 1268 5296 1539 5350; x_wconf 74' lang='lat' dir='ltr'><strong>Praeterea</strong></span> <span class='ocrx_word' id='word_1_747' title='bbox 1568 5310 1662 5371; x_wconf 78' lang='lat' dir='ltr'><strong>sua</strong></span> <span class='ocrx_word' id='word_1_748' title='bbox 1693 5305 1819 5351; x_wconf 85' lang='lat' dir='ltr'><strong>sunt</strong></span> <span class='ocrx_word' id='word_1_749' title='bbox 1842 5311 1968 5371; x_wconf 78' lang='lat' dir='ltr'><strong>cor-</strong></span> 
     </span>
    </p>
   </div>
   <div class='ocr_carea' id='block_1_110' title="bbox 384 5367 1971 5444">
    <p class='ocr_par' dir='ltr' id='par_1_110' title="bbox 384 5367 1971 5444">
     <span class='ocr_line' id='line_1_115' title="bbox 384 5367 1971 5444; baseline -0.002 -17"><span class='ocrx_word' id='word_1_750' title='bbox 384 5367 531 5444; x_wconf 86' lang='lat' dir='ltr'><strong>poris</strong></span> <span class='ocrx_word' id='word_1_751' title='bbox 558 5372 711 5427; x_wconf 88' lang='lat' dir='ltr'><strong>istius</strong></span> <span class='ocrx_word' id='word_1_752' title='bbox 734 5367 970 5444; x_wconf 75' lang='lat' dir='ltr'><strong>vincula,</strong></span> <span class='ocrx_word' id='word_1_753' title='bbox 996 5370 1189 5444; x_wconf 61' lang='lat' dir='ltr'><strong>quibus</strong></span> <span class='ocrx_word' id='word_1_754' title='bbox 1212 5375 1442 5422; x_wconf 91' lang='lat' dir='ltr'><strong>mentem</strong></span> <span class='ocrx_word' id='word_1_755' title='bbox 1456 5367 1815 5444; x_wconf 69' lang='lat' dir='ltr'><strong>constringat,</strong></span> <span class='ocrx_word' id='word_1_756' title='bbox 1831 5368 1971 5425; x_wconf 77' lang='lat' dir='ltr'><strong>vide-</strong></span> 
     </span>
    </p>
   </div>
   <div class='ocr_carea' id='block_1_111' title="bbox 384 5436 1967 5513">
    <p class='ocr_par' dir='ltr' id='par_1_111' title="bbox 384 5436 1967 5513">
     <span class='ocr_line' id='line_1_116' title="bbox 384 5436 1967 5513; baseline -0.005 -14"><span class='ocrx_word' id='word_1_757' title='bbox 384 5436 516 5499; x_wconf 78' lang='lat' dir='ltr'><strong>licet</strong></span> <span class='ocrx_word' id='word_1_758' title='bbox 561 5436 1030 5513; x_wconf 38' lang='lat' dir='ltr'><strong>perturbationem</strong></span> <span class='ocrx_word' id='word_1_759' title='bbox 1054 5442 1121 5495; x_wconf 88' lang='lat' dir='ltr'><strong>ad</strong></span> <span class='ocrx_word' id='word_1_760' title='bbox 1151 5440 1378 5494; x_wconf 80' lang='lat' dir='ltr'><strong>Roman.</strong></span> <span class='ocrx_word' id='word_1_761' title='bbox 1405 5453 1510 5513; x_wconf 65' lang='lat' dir='ltr'><strong>vn,</strong></span> <span class='ocrx_word' id='word_1_762' title='bbox 1549 5436 1759 5513; x_wconf 54' lang='lat' dir='ltr'><strong>Infulis</strong></span> <span class='ocrx_word' id='word_1_763' title='bbox 1793 5440 1967 5505; x_wconf 84' lang='lat' dir='ltr'><strong>homo,</strong></span> 
     </span>
    </p>
   </div>
   <div class='ocr_carea' id='block_1_112' title="bbox 384 5510 1972 5585">
    <p class='ocr_par' dir='ltr' id='par_1_112' title="bbox 384 5510 1972 5585">
     <span class='ocr_line' id='line_1_117' title="bbox 384 5510 1972 5585; baseline -0.003 -15"><span class='ocrx_word' id='word_1_764' title='bbox 384 5515 498 5585; x_wconf 80' lang='lat' dir='ltr'><strong>quis</strong></span> <span class='ocrx_word' id='word_1_765' title='bbox 534 5510 612 5569; x_wconf 72' lang='lat' dir='ltr'><strong>me</strong></span> <span class='ocrx_word' id='word_1_766' title='bbox 651 5512 882 5585; x_wconf 79' lang='lat' dir='ltr'><strong>liberabit</strong></span> <span class='ocrx_word' id='word_1_767' title='bbox 921 5515 984 5566; x_wconf 85' lang='lat' dir='ltr'><strong>de</strong></span> <span class='ocrx_word' id='word_1_768' title='bbox 1023 5527 1237 5581; x_wconf 80' lang='lat' dir='ltr'><strong>corpore</strong></span> <span class='ocrx_word' id='word_1_769' title='bbox 1273 5510 1453 5585; x_wconf 70' lang='lat' dir='ltr'><strong>mortis</strong></span> <span class='ocrx_word' id='word_1_770' title='bbox 1491 5510 1692 5585; x_wconf 57' lang='lat' dir='ltr'><strong>huius?</strong></span> <span class='ocrx_word' id='word_1_771' title='bbox 1734 5510 1972 5585; x_wconf 81' lang='lat' dir='ltr'><strong>Denique</strong></span> 
     </span>
    </p>
   </div>
   <div class='ocr_carea' id='block_1_113' title="bbox 384 5580 1971 5654">
    <p class='ocr_par' dir='ltr' id='par_1_113' title="bbox 384 5580 1971 5654">
     <span class='ocr_line' id='line_1_118' title="bbox 384 5580 1971 5654; baseline -0.003 -13"><span class='ocrx_word' id='word_1_772' title='bbox 384 5580 546 5642; x_wconf 77' lang='lat' dir='ltr'><strong>nemo</strong></span> <span class='ocrx_word' id='word_1_773' title='bbox 571 5595 697 5640; x_wconf 76' lang='lat' dir='ltr'><strong>ante</strong></span> <span class='ocrx_word' id='word_1_774' title='bbox 726 5584 872 5654; x_wconf 65' lang='lat' dir='ltr'><strong>telis,</strong></span> <span class='ocrx_word' id='word_1_775' title='bbox 915 5598 1074 5654; x_wconf 89' lang='lat' dir='ltr'><strong>quam</strong></span> <span class='ocrx_word' id='word_1_776' title='bbox 1107 5580 1221 5637; x_wconf 68' lang='lat' dir='ltr'><strong>haec</strong></span> <span class='ocrx_word' id='word_1_777' title='bbox 1252 5580 1477 5654; x_wconf 74' lang='lat' dir='ltr'><strong>vincula</strong></span> <span class='ocrx_word' id='word_1_778' title='bbox 1504 5582 1727 5654; x_wconf 71' lang='lat' dir='ltr'><strong>solverit</strong></span> <span class='ocrx_word' id='word_1_779' title='bbox 1756 5599 1770 5635; x_wconf 91' lang='lat'><strong>:</strong></span> <span class='ocrx_word' id='word_1_780' title='bbox 1804 5582 1971 5652; x_wconf 87' lang='lat' dir='ltr'><strong>siqui-</strong></span> 
     </span>
    </p>
   </div>
   <div class='ocr_carea' id='block_1_114' title="bbox 386 5650 1969 5724">
    <p class='ocr_par' dir='ltr' id='par_1_114' title="bbox 386 5650 1969 5724">
     <span class='ocr_line' id='line_1_119' title="bbox 386 5650 1969 5724; baseline -0.004 -12"><span class='ocrx_word' id='word_1_781' title='bbox 386 5658 508 5712; x_wconf 88' lang='lat' dir='ltr'><strong>dem</strong></span> <span class='ocrx_word' id='word_1_782' title='bbox 534 5655 788 5724; x_wconf 83' lang='lat' dir='ltr'><strong>praedicta</strong></span> <span class='ocrx_word' id='word_1_783' title='bbox 819 5652 915 5709; x_wconf 89' lang='lat' dir='ltr'><strong>Dei</strong></span> <span class='ocrx_word' id='word_1_784' title='bbox 932 5650 1215 5723; x_wconf 72' lang='lat' dir='ltr'><strong>cogitatio,</strong></span> <span class='ocrx_word' id='word_1_785' title='bbox 1248 5653 1299 5707; x_wconf 89' lang='lat' dir='ltr'><strong>in</strong></span> <span class='ocrx_word' id='word_1_786' title='bbox 1320 5666 1437 5724; x_wconf 4' lang='lat' dir='ltr'><strong>qua,</strong></span> <span class='ocrx_word' id='word_1_787' title='bbox 1454 5650 1682 5724; x_wconf 75' lang='lat' dir='ltr'><strong>felicitas</strong></span> <span class='ocrx_word' id='word_1_788' title='bbox 1702 5650 1969 5717; x_wconf 81' lang='lat' dir='ltr'><strong>versatur,</strong></span> 
     </span>
    </p>
   </div>
   <div class='ocr_carea' id='block_1_115' title="bbox 386 5722 1973 5791">
    <p class='ocr_par' dir='ltr' id='par_1_115' title="bbox 386 5722 1973 5791">
     <span class='ocr_line' id='line_1_120' title="bbox 386 5722 1973 5791; baseline -0.004 -10"><span class='ocrx_word' id='word_1_789' title='bbox 386 5728 466 5782; x_wconf 89' lang='lat' dir='ltr'><strong>his</strong></span> <span class='ocrx_word' id='word_1_790' title='bbox 498 5722 723 5782; x_wconf 84' lang='lat' dir='ltr'><strong>vinculis</strong></span> <span class='ocrx_word' id='word_1_791' title='bbox 754 5726 910 5779; x_wconf 88' lang='lat' dir='ltr'><strong>veluti</strong></span> <span class='ocrx_word' id='word_1_792' title='bbox 950 5722 1170 5779; x_wconf 81' lang='lat' dir='ltr'><strong>totidem</strong></span> <span class='ocrx_word' id='word_1_793' title='bbox 1209 5722 1493 5779; x_wconf 82' lang='lat' dir='ltr'><strong>contrariis</strong></span> <span class='ocrx_word' id='word_1_794' title='bbox 1524 5722 1836 5791; x_wconf 89' lang='lat' dir='ltr'><strong>impeditur,</strong></span> <span class='ocrx_word' id='word_1_795' title='bbox 1872 5725 1973 5779; x_wconf 86' lang='lat' dir='ltr'><strong>Sa-</strong></span> 
     </span>
    </p>
   </div>
   <div class='ocr_carea' id='block_1_116' title="bbox 386 5792 1982 5871">
    <p class='ocr_par' dir='ltr' id='par_1_116' title="bbox 386 5792 1982 5871">
     <span class='ocr_line' id='line_1_121' title="bbox 386 5792 1982 5871; baseline -0.004 -18"><span class='ocrx_word' id='word_1_796' title='bbox 386 5799 604 5871; x_wconf 60' lang='lat' dir='ltr'><strong>pientiae</strong></span> <span class='ocrx_word' id='word_1_797' title='bbox 626 5812 681 5852; x_wconf 74' lang='grc' dir='ltr'><strong>ιι</strong></span> <span class='ocrx_word' id='word_1_798' title='bbox 705 5814 717 5850; x_wconf 89' lang='lat'>:</span> <span class='ocrx_word' id='word_1_799' title='bbox 747 5794 973 5850; x_wconf 84' lang='lat' dir='ltr'><strong>Terrena</strong></span> <span class='ocrx_word' id='word_1_800' title='bbox 997 5794 1297 5850; x_wconf 65' lang='lat' dir='ltr'><strong>inhabitans</strong></span> <span class='ocrx_word' id='word_1_801' title='bbox 1320 5792 1562 5860; x_wconf 67' lang='lat' dir='ltr'><strong>deprimit</strong></span> <span class='ocrx_word' id='word_1_802' title='bbox 1582 5809 1789 5849; x_wconf 76' lang='lat' dir='ltr'><strong>sensum</strong></span> <span class='ocrx_word' id='word_1_803' title='bbox 1816 5796 1982 5848; x_wconf 79' lang='lat' dir='ltr'><strong>multa</strong></span> 
     </span>
    </p>
   </div>
   <div class='ocr_carea' id='block_1_117' title="bbox 387 5871 1663 5925">
    <p class='ocr_par' dir='ltr' id='par_1_117' title="bbox 387 5871 1663 5925">
     <span class='ocr_line' id='line_1_122' title="bbox 387 5871 1663 5925; baseline -0.009 -1"><span class='ocrx_word' id='word_1_804' title='bbox 387 5871 721 5925; x_wconf 71' lang='lat' dir='ltr'><strong>recitantem.</strong></span> <span class='ocrx_word' id='word_1_805' title='bbox 1658 5886 1663 5891; x_wconf 63' lang='grc' dir='ltr'><strong>ι</strong></span> 
     </span>
    </p>
   </div>
   <div class='ocr_carea' id='block_1_118' title="bbox 448 5888 1979 6007">
    <p class='ocr_par' dir='ltr' id='par_1_118' title="bbox 448 5888 1979 6007">
     <span class='ocr_line' id='line_1_123' title="bbox 448 5888 1979 6007; baseline 0.003 -20"><span class='ocrx_word' id='word_1_806' title='bbox 448 5888 721 5997; x_wconf 54' lang='lat' dir='ltr'><strong>Mitt;</strong></span> <span class='ocrx_word' id='word_1_807' title='bbox 747 5938 1029 5996; x_wconf 70' lang='lat' dir='ltr'><strong>Threicius.</strong></span> <span class='ocrx_word' id='word_1_808' title='bbox 1041 5934 1059 6007; x_wconf 69' lang='grc' dir='ltr'><strong>ι</strong></span> <span class='ocrx_word' id='word_1_809' title='bbox 1083 5935 1316 6006; x_wconf 75' lang='lat' dir='ltr'><strong>Orpheus</strong></span> <span class='ocrx_word' id='word_1_810' title='bbox 1355 5935 1553 5990; x_wconf 70' lang='lat' dir='ltr'><strong>Thrax.</strong></span> <span class='ocrx_word' id='word_1_811' title='bbox 1588 5936 1685 5990; x_wconf 88' lang='lat' dir='ltr'><strong>Hic</strong></span> <span class='ocrx_word' id='word_1_812' title='bbox 1717 5938 1979 6006; x_wconf 82' lang='lat' dir='ltr'><strong>Apollinis</strong></span> 
     </span>
    </p>
   </div>
   <div class='ocr_carea' id='block_1_119' title="bbox 392 6008 1980 6076">
    <p class='ocr_par' dir='ltr' id='par_1_119' title="bbox 392 6008 1980 6076">
     <span class='ocr_line' id='line_1_124' title="bbox 392 6008 1980 6076; baseline -0.005 -5"><span class='ocrx_word' id='word_1_813' title='bbox 392 6011 723 6075; x_wconf 57' lang='lat' dir='ltr'><strong>“Calliopes</strong></span> <span class='ocrx_word' id='word_1_814' title='bbox 746 6009 902 6075; x_wconf 83' lang='lat' dir='ltr'><strong>illius,</strong></span> <span class='ocrx_word' id='word_1_815' title='bbox 928 6010 1095 6076; x_wconf 82' lang='lat' dir='ltr'><strong>lyram</strong></span> <span class='ocrx_word' id='word_1_816' title='bbox 1124 6022 1154 6061; x_wconf 93' lang='lat' dir='ltr'><strong>a</strong></span> <span class='ocrx_word' id='word_1_817' title='bbox 1182 6016 1332 6075; x_wconf 82' lang='lat' dir='ltr'><strong>patre</strong></span> <span class='ocrx_word' id='word_1_818' title='bbox 1362 6008 1631 6075; x_wconf 87' lang='lat' dir='ltr'><strong>Apolline,</strong></span> <span class='ocrx_word' id='word_1_819' title='bbox 1664 6020 1756 6062; x_wconf 88' lang='lat' dir='ltr'><strong>aut</strong></span> <span class='ocrx_word' id='word_1_820' title='bbox 1777 6023 1807 6062; x_wconf 86' lang='lat' dir='ltr'><strong>a</strong></span> <span class='ocrx_word' id='word_1_821' title='bbox 1838 6009 1980 6063; x_wconf 85' lang='lat' dir='ltr'><strong>Mer-</strong></span> 
     </span>
    </p>
   </div>
   <div class='ocr_carea' id='block_1_120' title="bbox 2076 5011 3737 5083">
    <p class='ocr_par' dir='ltr' id='par_1_120' title="bbox 2076 5011 3737 5083">
     <span class='ocr_line' id='line_1_125' title="bbox 2076 5011 3737 5083; baseline 0.007 -18"><span class='ocrx_word' id='word_1_822' title='bbox 2076 5011 2263 5083; x_wconf 86' lang='lat' dir='ltr'><strong>modi.]</strong></span> <span class='ocrx_word' id='word_1_823' title='bbox 2296 5012 2411 5067; x_wconf 81' lang='lat' dir='ltr'><strong>Hoc</strong></span> <span class='ocrx_word' id='word_1_824' title='bbox 2440 5020 2520 5068; x_wconf 89' lang='lat' dir='ltr'><strong>est</strong></span> <span class='ocrx_word' id='word_1_825' title='bbox 2554 5030 2564 5064; x_wconf 90' lang='lat'><strong>:</strong></span> <span class='ocrx_word' id='word_1_826' title='bbox 2600 5011 2843 5083; x_wconf 86' lang='lat' dir='ltr'><strong>carmina</strong></span> <span class='ocrx_word' id='word_1_827' title='bbox 2887 5026 3005 5081; x_wconf 76' lang='lat' dir='ltr'><strong>quae</strong></span> <span class='ocrx_word' id='word_1_828' title='bbox 3033 5014 3212 5069; x_wconf 90' lang='lat' dir='ltr'><strong>omnia</strong></span> <span class='ocrx_word' id='word_1_829' title='bbox 3263 5017 3525 5083; x_wconf 89' lang='lat' dir='ltr'><strong>vicerant,</strong></span> <span class='ocrx_word' id='word_1_830' title='bbox 3564 5034 3673 5075; x_wconf 86' lang='lat' dir='ltr'><strong>non</strong></span> <span class='ocrx_word' id='word_1_831' title='bbox 3728 5040 3737 5076; x_wconf 76' lang='grc' dir='ltr'><em>ἶ</em></span> 
     </span>
    </p>
   </div>
   <div class='ocr_carea' id='block_1_121' title="bbox 2076 5082 3733 5167">
    <p class='ocr_par' dir='ltr' id='par_1_121' title="bbox 2076 5082 3733 5167">
     <span class='ocr_line' id='line_1_126' title="bbox 2076 5082 3733 5167; baseline 0.008 -32"><span class='ocrx_word' id='word_1_832' title='bbox 2076 5082 2371 5167; x_wconf 78' lang='lat' dir='ltr'><strong>vincebant</strong></span> <span class='ocrx_word' id='word_1_833' title='bbox 2400 5085 2575 5167; x_wconf 79' lang='lat' dir='ltr'><strong>ipsum</strong></span> <span class='ocrx_word' id='word_1_834' title='bbox 2617 5082 2888 5167; x_wconf 76' lang='lat' dir='ltr'><strong>Orpheum</strong></span> <span class='ocrx_word' id='word_1_835' title='bbox 2934 5085 3124 5167; x_wconf 69' lang='lat' dir='ltr'><strong>horum</strong></span> <span class='ocrx_word' id='word_1_836' title='bbox 3156 5087 3454 5167; x_wconf 77' lang='lat' dir='ltr'><strong>carminum</strong></span> <span class='ocrx_word' id='word_1_837' title='bbox 3485 5082 3672 5147; x_wconf 87' lang='lat' dir='ltr'><strong>aucto-</strong></span> <span class='ocrx_word' id='word_1_838' title='bbox 3728 5148 3733 5153; x_wconf 76' lang='grc'><strong><em>,</em></strong></span> 
     </span>
    </p>
   </div>
   <div class='ocr_carea' id='block_1_122' title="bbox 2076 5155 3735 5227">
    <p class='ocr_par' dir='ltr' id='par_1_122' title="bbox 2076 5155 3735 5227">
     <span class='ocr_line' id='line_1_127' title="bbox 2076 5155 3735 5227; baseline 0.005 -18"><span class='ocrx_word' id='word_1_839' title='bbox 2076 5170 2189 5210; x_wconf 87' lang='lat' dir='ltr'><strong>rem</strong></span> <span class='ocrx_word' id='word_1_840' title='bbox 2224 5169 2241 5209; x_wconf 89' lang='lat'><strong>:</strong></span> <span class='ocrx_word' id='word_1_841' title='bbox 2276 5155 2390 5211; x_wconf 88' lang='lat' dir='ltr'><strong>sive</strong></span> <span class='ocrx_word' id='word_1_842' title='bbox 2432 5157 2553 5225; x_wconf 87' lang='lat' dir='ltr'><strong>quia</strong></span> <span class='ocrx_word' id='word_1_843' title='bbox 2599 5155 2771 5227; x_wconf 85' lang='lat' dir='ltr'><strong>major</strong></span> <span class='ocrx_word' id='word_1_844' title='bbox 2824 5164 2939 5227; x_wconf 86' lang='lat' dir='ltr'><strong>erat</strong></span> <span class='ocrx_word' id='word_1_845' title='bbox 2970 5155 3113 5213; x_wconf 90' lang='lat' dir='ltr'><strong>illius</strong></span> <span class='ocrx_word' id='word_1_846' title='bbox 3147 5157 3321 5227; x_wconf 87' lang='lat' dir='ltr'><strong>dolor,</strong></span> <span class='ocrx_word' id='word_1_847' title='bbox 3367 5160 3481 5217; x_wconf 88' lang='lat' dir='ltr'><strong>sive</strong></span> <span class='ocrx_word' id='word_1_848' title='bbox 3509 5164 3669 5218; x_wconf 90' lang='lat' dir='ltr'><strong>etiam</strong></span> <span class='ocrx_word' id='word_1_849' title='bbox 3733 5157 3735 5161; x_wconf 53' lang='grc'><em>“</em></span> 
     </span>
    </p>
   </div>
   <div class='ocr_carea' id='block_1_123' title="bbox 2076 5221 3673 5304">
    <p class='ocr_par' dir='ltr' id='par_1_123' title="bbox 2076 5221 3673 5304">
     <span class='ocr_line' id='line_1_128' title="bbox 2076 5221 3673 5304; baseline 0.004 -23"><span class='ocrx_word' id='word_1_850' title='bbox 2076 5221 2619 5304; x_wconf 69' lang='lat' dir='ltr'><strong>quia,_utjl_oquuntur</strong></span> <span class='ocrx_word' id='word_1_851' title='bbox 2642 5221 2976 5297; x_wconf 84' lang='lat' dir='ltr'><strong>philosophi:</strong></span> <span class='ocrx_word' id='word_1_852' title='bbox 3003 5229 3081 5304; x_wconf 80' lang='lat' dir='ltr'><strong>Ab</strong></span> <span class='ocrx_word' id='word_1_853' title='bbox 3104 5221 3318 5304; x_wconf 73' lang='lat' dir='ltr'><strong>assuetis</strong></span> <span class='ocrx_word' id='word_1_854' title='bbox 3342 5248 3444 5287; x_wconf 81' lang='lat' dir='ltr'><strong>non</strong></span> <span class='ocrx_word' id='word_1_855' title='bbox 3470 5232 3527 5302; x_wconf 84' lang='lat' dir='ltr'><strong>ﬁt</strong></span> <span class='ocrx_word' id='word_1_856' title='bbox 3551 5251 3673 5304; x_wconf 83' lang='lat' dir='ltr'><strong>pas-</strong></span> 
     </span>
    </p>
   </div>
   <div class='ocr_carea' id='block_1_124' title="bbox 2073 5299 3672 5373">
    <p class='ocr_par' dir='ltr' id='par_1_124' title="bbox 2073 5299 3672 5373">
     <span class='ocr_line' id='line_1_129' title="bbox 2073 5299 3672 5373; baseline 0.006 -22"><span class='ocrx_word' id='word_1_857' title='bbox 2073 5300 2178 5373; x_wconf 77' lang='lat' dir='ltr'><strong>sio.</strong></span> <span class='ocrx_word' id='word_1_858' title='bbox 2216 5299 2436 5354; x_wconf 84' lang='lat' dir='ltr'><strong>Scilicet</strong></span> <span class='ocrx_word' id='word_1_859' title='bbox 2464 5299 2901 5373; x_wconf 86' lang='lat' dir='ltr'><strong>nullum_corpus</strong></span> <span class='ocrx_word' id='word_1_860' title='bbox 2946 5301 3229 5373; x_wconf 83' lang='lat' dir='ltr'><strong>sentimus,</strong></span> <span class='ocrx_word' id='word_1_861' title='bbox 3259 5302 3360 5358; x_wconf 83' lang='lat' dir='ltr'><strong>nisi</strong></span> <span class='ocrx_word' id='word_1_862' title='bbox 3409 5299 3672 5373; x_wconf 79' lang='lat' dir='ltr'><strong>quaténus</strong></span> 
     </span>
    </p>
   </div>
   <div class='ocr_carea' id='block_1_125' title="bbox 2082 5368 3674 5443">
    <p class='ocr_par' dir='ltr' id='par_1_125' title="bbox 2082 5368 3674 5443">
     <span class='ocr_line' id='line_1_130' title="bbox 2082 5368 3674 5443; baseline 0.006 -21"><span class='ocrx_word' id='word_1_863' title='bbox 2082 5370 2204 5435; x_wconf 89' lang='lat' dir='ltr'><strong>hoc,</strong></span> <span class='ocrx_word' id='word_1_864' title='bbox 2232 5385 2492 5443; x_wconf 84' lang='lat' dir='ltr'><strong>organum</strong></span> <span class='ocrx_word' id='word_1_865' title='bbox 2512 5368 2979 5443; x_wconf 36' lang='lat' dir='ltr'><strong>sensiferumtvel</strong></span> <span class='ocrx_word' id='word_1_866' title='bbox 3012 5374 3187 5441; x_wconf 86' lang='lat' dir='ltr'><strong>potius</strong></span> <span class='ocrx_word' id='word_1_867' title='bbox 3213 5368 3471 5443; x_wconf 80' lang='lat' dir='ltr'><strong>quasdam</strong></span> <span class='ocrx_word' id='word_1_868' title='bbox 3515 5375 3674 5442; x_wconf 89' lang='lat' dir='ltr'><strong>hujus</strong></span> 
     </span>
    </p>
   </div>
   <div class='ocr_carea' id='block_1_126' title="bbox 2080 5439 3673 5515">
    <p class='ocr_par' dir='ltr' id='par_1_126' title="bbox 2080 5439 3673 5515">
     <span class='ocr_line' id='line_1_131' title="bbox 2080 5439 3673 5515; baseline 0.006 -21"><span class='ocrx_word' id='word_1_869' title='bbox 2080 5444 2263 5515; x_wconf 78' lang='lat' dir='ltr'><strong>organi</strong></span> <span class='ocrx_word' id='word_1_870' title='bbox 2300 5439 2586 5515; x_wconf 77' lang='lat' dir='ltr'><strong>particulas</strong></span> <span class='ocrx_word' id='word_1_871' title='bbox 2622 5449 2819 5515; x_wconf 84' lang='lat' dir='ltr'><strong>movet.</strong></span> <span class='ocrx_word' id='word_1_872' title='bbox 2855 5439 3089 5515; x_wconf 82' lang='lat' dir='ltr'><strong>Corpora</strong></span> <span class='ocrx_word' id='word_1_873' title='bbox 3118 5439 3318 5515; x_wconf 79' lang='lat' dir='ltr'><strong>autem,</strong></span> <span class='ocrx_word' id='word_1_874' title='bbox 3352 5460 3470 5515; x_wconf 60' lang='lat' dir='ltr'><strong>quae</strong></span> <span class='ocrx_word' id='word_1_875' title='bbox 3498 5439 3673 5503; x_wconf 85' lang='lat' dir='ltr'><strong>rarius</strong></span> 
     </span>
    </p>
   </div>
   <div class='ocr_carea' id='block_1_127' title="bbox 2080 5512 3672 5594">
    <p class='ocr_par' dir='ltr' id='par_1_127' title="bbox 2080 5512 3672 5594">
     <span class='ocr_line' id='line_1_132' title="bbox 2080 5512 3672 5594; baseline 0.006 -31"><span class='ocrx_word' id='word_1_876' title='bbox 2080 5513 2261 5594; x_wconf 67' lang='lat' dir='ltr'><strong>sensui</strong></span> <span class='ocrx_word' id='word_1_877' title='bbox 2286 5513 2634 5581; x_wconf 89' lang='lat' dir='ltr'><strong>objiciuntur,</strong></span> <span class='ocrx_word' id='word_1_878' title='bbox 2662 5512 2799 5568; x_wconf 91' lang='lat' dir='ltr'><strong>hanc</strong></span> <span class='ocrx_word' id='word_1_879' title='bbox 2827 5514 3083 5582; x_wconf 83' lang='lat' dir='ltr'><strong>praedicto</strong></span> <span class='ocrx_word' id='word_1_880' title='bbox 3104 5512 3672 5594; x_wconf 31' lang='lat' dir='ltr'><strong>organo’m‘utationem</strong></span> 
     </span>
    </p>
   </div>
   <div class='ocr_carea' id='block_1_128' title="bbox 2082 5582 3675 5656">
    <p class='ocr_par' dir='ltr' id='par_1_128' title="bbox 2082 5582 3675 5656">
     <span class='ocr_line' id='line_1_133' title="bbox 2082 5582 3675 5656; baseline 0.008 -21"><span class='ocrx_word' id='word_1_881' title='bbox 2082 5582 2283 5637; x_wconf 78' lang='lat' dir='ltr'><strong>inferre</strong></span> <span class='ocrx_word' id='word_1_882' title='bbox 2330 5593 2553 5656; x_wconf 87' lang='lat' dir='ltr'><strong>possunt</strong></span> <span class='ocrx_word' id='word_1_883' title='bbox 2583 5603 2593 5635; x_wconf 88' lang='lat'><strong>:</strong></span> <span class='ocrx_word' id='word_1_884' title='bbox 2629 5599 2745 5656; x_wconf 64' lang='lat' dir='ltr'><strong>quae</strong></span> <span class='ocrx_word' id='word_1_885' title='bbox 2791 5599 2919 5638; x_wconf 90' lang='lat' dir='ltr'><strong>vero</strong></span> <span class='ocrx_word' id='word_1_886' title='bbox 2960 5588 3139 5641; x_wconf 91' lang='lat' dir='ltr'><strong>sensui</strong></span> <span class='ocrx_word' id='word_1_887' title='bbox 3172 5582 3311 5641; x_wconf 54' lang='lat' dir='ltr'><strong>&#39;suut</strong></span> <span class='ocrx_word' id='word_1_888' title='bbox 3340 5590 3528 5656; x_wconf 87' lang='lat' dir='ltr'><strong>obvia,</strong></span> <span class='ocrx_word' id='word_1_889' title='bbox 3562 5590 3675 5647; x_wconf 74' lang='lat' dir='ltr'><strong>lucc</strong></span> 
     </span>
    </p>
   </div>
   <div class='ocr_carea' id='block_1_129' title="bbox 2083 5654 3677 5728">
    <p class='ocr_par' dir='ltr' id='par_1_129' title="bbox 2083 5654 3677 5728">
     <span class='ocr_line' id='line_1_134' title="bbox 2083 5654 3677 5728; baseline 0.007 -20"><span class='ocrx_word' id='word_1_890' title='bbox 2083 5658 2268 5723; x_wconf 81' lang='lat' dir='ltr'><strong>organi</strong></span> <span class='ocrx_word' id='word_1_891' title='bbox 2297 5655 2535 5723; x_wconf 82' lang='lat' dir='ltr'><strong>ejusdem</strong></span> <span class='ocrx_word' id='word_1_892' title='bbox 2569 5654 2861 5728; x_wconf 80' lang='lat' dir='ltr'><strong>particulas</strong></span> <span class='ocrx_word' id='word_1_893' title='bbox 2888 5672 2916 5708; x_wconf 89' lang='lat' dir='ltr'><strong>a</strong></span> <span class='ocrx_word' id='word_1_894' title='bbox 2943 5658 3117 5728; x_wconf 89' lang='lat' dir='ltr'><strong>primo</strong></span> <span class='ocrx_word' id='word_1_895' title='bbox 3133 5672 3423 5725; x_wconf 88' lang='lat' dir='ltr'><strong>concursu,</strong></span> <span class='ocrx_word' id='word_1_896' title='bbox 3445 5654 3677 5720; x_wconf 19' lang='lat' dir='ltr'><strong>eo‘omni</strong></span> 
     </span>
    </p>
   </div>
   <div class='ocr_carea' id='block_1_130' title="bbox 2084 5725 3677 5795">
    <p class='ocr_par' dir='ltr' id='par_1_130' title="bbox 2084 5725 3677 5795">
     <span class='ocr_line' id='line_1_135' title="bbox 2084 5725 3677 5795; baseline 0.01 -19"><span class='ocrx_word' id='word_1_897' title='bbox 2084 5740 2190 5789; x_wconf 78' lang='lat' dir='ltr'><strong>quo</strong></span> <span class='ocrx_word' id='word_1_898' title='bbox 2212 5735 2523 5795; x_wconf 89' lang='lat' dir='ltr'><strong>potuerunt,</strong></span> <span class='ocrx_word' id='word_1_899' title='bbox 2556 5725 2717 5781; x_wconf 89' lang='lat' dir='ltr'><strong>modo</strong></span> <span class='ocrx_word' id='word_1_900' title='bbox 2740 5726 2808 5781; x_wconf 91' lang='lat' dir='ltr'><strong>ita</strong></span> <span class='ocrx_word' id='word_1_901' title='bbox 2837 5725 3134 5790; x_wconf 81' lang='lat' dir='ltr'><strong>mutavere,</strong></span> <span class='ocrx_word' id='word_1_902' title='bbox 3169 5740 3227 5785; x_wconf 91' lang='lat' dir='ltr'><strong>ut</strong></span> <span class='ocrx_word' id='word_1_903' title='bbox 3252 5736 3396 5787; x_wconf 87' lang='lat' dir='ltr'><strong>solas</strong></span> <span class='ocrx_word' id='word_1_904' title='bbox 3423 5734 3677 5791; x_wconf 81' lang='lat' dir='ltr'><strong>resisten-</strong></span> 
     </span>
    </p>
   </div>
   <div class='ocr_carea' id='block_1_131' title="bbox 2086 5803 3676 5879">
    <p class='ocr_par' dir='ltr' id='par_1_131' title="bbox 2086 5803 3676 5879">
     <span class='ocr_line' id='line_1_136' title="bbox 2086 5803 3676 5879; baseline 0.009 -30"><span class='ocrx_word' id='word_1_905' title='bbox 2086 5806 2186 5879; x_wconf 74' lang='lat' dir='ltr'><strong>tes,</strong></span> <span class='ocrx_word' id='word_1_906' title='bbox 2215 5811 2583 5879; x_wconf 38' lang='lat' dir='ltr'><strong>quarum-ope</strong></span> <span class='ocrx_word' id='word_1_907' title='bbox 2611 5803 3257 5879; x_wconf 75' lang='lat' dir='ltr'><strong>nequaquamsentimus,</strong></span> <span class='ocrx_word' id='word_1_908' title='bbox 3284 5806 3574 5879; x_wconf 72' lang='lat' dir='ltr'><strong>particulas</strong></span> <span class='ocrx_word' id='word_1_909' title='bbox 3598 5824 3676 5863; x_wconf 85' lang='lat' dir='ltr'><strong>re-</strong></span> 
     </span>
    </p>
   </div>
   <div class='ocr_carea' id='block_1_132' title="bbox 2085 5867 3675 5943">
    <p class='ocr_par' dir='ltr' id='par_1_132' title="bbox 2085 5867 3675 5943">
     <span class='ocr_line' id='line_1_137' title="bbox 2085 5867 3675 5943; baseline 0.009 -22"><span class='ocrx_word' id='word_1_910' title='bbox 2085 5867 2342 5943; x_wconf 79' lang='lat' dir='ltr'><strong>liquerint</strong></span> <span class='ocrx_word' id='word_1_911' title='bbox 2376 5888 2387 5920; x_wconf 87' lang='lat'><strong>:</strong></span> <span class='ocrx_word' id='word_1_912' title='bbox 2417 5867 2541 5924; x_wconf 77' lang='lat' dir='ltr'><strong>hinc</strong></span> <span class='ocrx_word' id='word_1_913' title='bbox 2572 5867 3014 5943; x_wconf 40' lang='lat' dir='ltr'><strong>nativum—cordis</strong></span> <span class='ocrx_word' id='word_1_914' title='bbox 3067 5867 3253 5929; x_wconf 80' lang='lat' dir='ltr'><strong>nostri</strong></span> <span class='ocrx_word' id='word_1_915' title='bbox 3285 5867 3547 5943; x_wconf 75' lang='lat' dir='ltr'><strong>calorem,</strong></span> <span class='ocrx_word' id='word_1_916' title='bbox 3582 5895 3675 5935; x_wconf 84' lang='lat' dir='ltr'><strong>no-</strong></span> 
     </span>
    </p>
   </div>
   <div class='ocr_carea' id='block_1_133' title="bbox 2081 5942 3675 6025">
    <p class='ocr_par' dir='ltr' id='par_1_133' title="bbox 2081 5942 3675 6025">
     <span class='ocr_line' id='line_1_138' title="bbox 2081 5942 3675 6025; baseline 0.011 -31"><span class='ocrx_word' id='word_1_917' title='bbox 2081 5942 2285 6009; x_wconf 88' lang='lat' dir='ltr'><strong>strique</strong></span> <span class='ocrx_word' id='word_1_918' title='bbox 2310 5943 2575 6025; x_wconf 77' lang='lat' dir='ltr'><strong>corporis,</strong></span> <span class='ocrx_word' id='word_1_919' title='bbox 2593 5942 2701 5997; x_wconf 93' lang='lat' dir='ltr'><strong>imo</strong></span> <span class='ocrx_word' id='word_1_920' title='bbox 2722 5952 2776 5998; x_wconf 92' lang='lat' dir='ltr'><strong>et</strong></span> <span class='ocrx_word' id='word_1_921' title='bbox 2797 5945 2961 5999; x_wconf 88' lang='lat' dir='ltr'><strong>vestis</strong></span> <span class='ocrx_word' id='word_1_922' title='bbox 2977 5955 3253 6004; x_wconf 84' lang='lat' dir='ltr'><strong>consuetae</strong></span> <span class='ocrx_word' id='word_1_923' title='bbox 3277 5950 3484 6020; x_wconf 89' lang='lat' dir='ltr'><strong>pondus</strong></span> <span class='ocrx_word' id='word_1_924' title='bbox 3504 5942 3675 6011; x_wconf 84' lang='lat' dir='ltr'><strong>sensu</strong></span> 
     </span>
    </p>
   </div>
   <div class='ocr_carea' id='block_1_134' title="bbox 2082 6027 2560 6083">
    <p class='ocr_par' dir='ltr' id='par_1_134' title="bbox 2082 6027 2560 6083">
     <span class='ocr_line' id='line_1_139' title="bbox 2082 6027 2560 6083; baseline 0.006 -16"><span class='ocrx_word' id='word_1_925' title='bbox 2082 6028 2187 6067; x_wconf 91' lang='lat' dir='ltr'><strong>non</strong></span> <span class='ocrx_word' id='word_1_926' title='bbox 2220 6027 2560 6083; x_wconf 78' lang='lat' dir='ltr'><strong>percipimus.</strong></span> 
     </span>
    </p>
   </div>
  </div>
