4290 6258
447 410 541 464 73;“;
866 402 869 404 '
1337 406 1421 461 DE
1463 404 1983 461 CONSOLATIONE
2027 401 2510 459 PHILOSOPHIAZ
2551 401 2679 458 LIB.
2718 402 2803 457 iV.
3618 398 3721 454 786

650 518 922 575 Donamus
954 519 1207 574 comitem
1234 519 1347 571 viro
2056 526 2105 582 Α
2355 517 2514 582 Vidit,
2543 517 2793 587 perdidit,
2825 518 3037 571 occidit.

652 612 901 681 Emptam
924 611 1167 666 carmine
1195 610 1477 680 conjugem
1515 627 1527 663 :
2351 610 2457 665 Vos
2486 610 2601 665 haec
2622 609 2798 664 fabula
2828 610 3062 679 respicit,

648 704 755 760 Sed
790 705 872 759 lex
896 703 1036 758 dona
1062 713 1331 769 coerceat,
2323 704 2662 772 Quicunque
2694 703 2747 757 in
2778 718 3032 772 superum
3061 701 3204 757 diem

539 799 610 855 45
646 798 745 867 Ne,
777 798 904 853 dum
936 797 1160 852 Tartara
1182 797 1419 868 liquerit,
2347 796 2575 851 Mentem
2598 795 2793 850 ducere
2823 794 3082 863 quaeritis.

651 890 756 947 Fas
786 891 857 944 sit
885 889 1081 944 lumina
1111 888 1348 947 ﬂectere.
2239 890 2309 945 55
2346 889 2478 945 Nam
2509 890 2597 959 qtti
2629 896 2921 943 tartareum
2954 889 3007 941 in
3039 901 3230 958 specus

647 981 781 1050 Quis
811 982 983 1051 legem
1006 980 1097 1036 det
1126 980 1479 1037 amantibus?
2357 982 2540 1037 Victus
2570 982 2769 1036 lttmina
2795 980 3027 1043 ﬂexerit,

645 1076 813 1146 Major
841 1074 925 1130 lex
956 1089 1107 1129 amor
1133 1084 1215 1131 est
1244 1075 1364 1131 sibi.
2346 1072 2615 1144 Quidquid
2640 1072 2963 1142 praecipuum
2990 1069 3170 1136 trahit,

649 1167 792 1223 Heu!
825 1168 996 1223 noctis
1028 1182 1193 1237 prope
1228 1168 1493 1229 terminos,
2352 1170 2554 1233 Perdit,
2581 1169 2707 1225 'dum
2736 1166 2881 1222 videt
2908 1165 3129 1221 inferos.

541 1264 611 1319 50
646 1259 892 1332 Orpheus
922 1260 1208 1318 Euridiccn
1233 1278 1383 1319 suam

1777 1395 2365 1454 INTEBPRETATIO.

434 1519 626 1585 uertere
644 1513 835 1585 oculos,
860 1524 1129 1585 postquam
1154 1530 1382 1584 egressus
1405 1515 1561 1585 fuerit
1580 1528 1643 1568 ex
1672 1514 1871 1585 inferis.
1902 1513 2029 1579 Quis

432 1583 660 1658 imponat
698 1584 854 1658 legem
897 1583 1415 1658 amantibusiamor
1444 1585 1558 1658 ipse
1604 1586 1706 1658 sibi
1730 1583 1821 1639 est
1859 1588 2029 1658 major

432 1653 536 1709 leaf.
573 1653 725 1728 Heu!
747 1653 853 1711 non
882 1658 1064 1728 procul
1088 1674 1118 1710 a
1144 1657 1327 1728 finibus
1349 1653 1647 1710 umbrarum
1672 1656 1914 1726 Orpheus
1937 1653 2024 1709 uia:

431 1726 650 1792 respexit
673 1743 821 1780 suam
862 1726 1087 1785 uxorem
1137 1727 1441 1792 Euridicen,
1494 1744 1610 1781 cum
1658 1728 1801 1781 illam
1849 1728 2021 1781 amisit

431 1797 749 1855 exstinctam.
785 1798 914 1854 Hrec
941 1799 1120 1869 fabula
1149 1809 1340 1873 spectat
1384 1815 1492 1867 vos,
1534 1800 1824 1872 quicunque
1865 1799 2017 1854 uultis

2136 1514 2370 1568 attollere
2400 1513 2628 1566 animum
2649 1510 2715 1562 ad
2749 1511 2913 1564 Deum
2942 1522 3236 1578 supremum
3264 1505 3433 1578 lumen
3464 1518 3481 1557 :
3510 1503 3723 1578 quicun-

2133 1602 2231 1657 que
2252 1586 2384 1657 enim
2416 1583 2661 1657 fatiscens
2684 1581 2986 1657 converterit
3011 1578 3183 1657 oculos
3211 1577 3276 1629 ad
3305 1578 3529 1657 infernas
3553 1577 3725 1657 darer:

2132 1644 2247 1721 nas,
2296 1656 2378 1708 hic
2408 1644 2531 1707 dum
2575 1654 2780 1724 respicit
2824 1654 2936 1706 loca
2971 1652 3195 1719 inferna,
3244 1649 3429 1701 amittit
3478 1644 3724 1716 quidquid

2132 1728 2278 1783 habet
2310 1727 2627 1799 pra'cipuum
2656 1724 3012 1795 cogitationis.

1963 1936 2199 1995 ΝΟΤᾹΞ.

501 2064 591 2119 44.
623 2063 727 2119 Lea:
755 2066 891 2118 dona
912 2059 1183 2133 coerceat.]
1216 2060 1469 2133 Princeps
1513 2060 1858 2117 tenebrarum
1886 2056 2020 2111 nihil
2057 2059 2099 2120 Β
2129 2057 2412 2133 propterea
2466 2044 2763 2133 ardentius
2792 2032 3722 2133 mensladhferei

436 2135 726 2204 voluptatis
754 2134 1022 2198 concedit,
1058 2132 1177 2188 nisi
1205 2133 1304 2188 sub
1332 2132 1769 2204 conditionibus,_
1784 2146 1906 2204 quae
1934 2138 2025 2183 aut

432 2224 538 2261 non
568 2201 812 2276 possunt,
863 2215 955 2260 aut
993 2220 1097 2260 non
1138 2204 1336 2259 debent
1363 2205 1594 2276 impleri.
1636 2202 1724 2257 Sic
1752 2201 1941 2256 Matth.
1973 2216 2022 2254 tv

429 2274 642 2332 Christo
664 2279 887 2332 ostendit
914 2278 1087 2331 omnia
1107 2292 1265 2344 regna
1288 2274 1467 2329 mundi
1497 2284 1542 2329 et
1574 2275 1793 2346 gloriam
1822 2288 2022 2335 eorum,

427 2359 474 2404 et
516 2349 645 2404 dixit
674 2366 691 2403 .'
716 2348 844 2403 Haec
889 2350 1064 2403 omnia
1090 2348 1181 2401 tibi
1225 2347 1384 2411 dabo,
1425 2348 1469 2400 si
1511 2344 1698 2401 cadens
1727 2344 2023 2399 adoraveris

431 2438 531 2476 me.

499 2492 587 2547 52.
620 2492 720 2547 Vos
749 2492 857 2547 hrec
887 2491 1067 2560 fabula
1092 2489 1345 2562 respicit.)
1375 2488 1578 2544 Fabula
1600 2498 1684 2543 est
1712 2487 2016 2557 exemplum

431 2564 614 2619 ﬁctum
645 2564 709 2617 ad
744 2562 1170 2633 persuadendam
1211 2564 1489 2633 veritatem
1523 2581 1535 2614 :
1565 2568 1870 2633 propterea,
1914 2573 2015 2633 au-

427 2646 577 2690 ctore
605 2630 869 2698 Varrone,
915 2635 1182 2704 theologia
1209 2632 1461 2703 antiquis,
1489 2633 1591 2686 alia
1622 2639 1740 2686 erat
1772 2630 2010 2704 physica,

426 2707 525 2761 alia
555 2706 790 2761 fabulosa
823 2725 835 2759 :
869 2706 953 2760 illa
988 2700 1356 2771 naturalibus,
1388 2703 1503 2758 haec
1530 2702 1912 2757 commentitiis
1937 2700 2015 2755 ef-

426 2778 605 2849 fectis,
630 2779 770 2849 quod
799 2777 867 2833 de
896 2778 1000 2831 diis
1028 2775 1356 2849 credendum
1388 2774 1688 2835 videbatur,
1721 2772 2013 2849 persuade

425 2847 536 2903 hat.
565 2843 823 2903 Nimirum
854 2855 1052 2916 quanto
1081 2848 1365 2901 obscurior
1394 2853 1449 2899 et
1485 2850 1710 2899 inventu
1739 2843 2013 2916 dilticilior

427 2922 627 2976 veritas
654 2921 735 2975 his
760 2915 953 2985 velata,
981 2928 1128 2974 tanto
1151 2916 1318 2987 magis
1335 2918 1548 2972 inventa
1574 2918 1764 2986 placet,
1790 2915 2017 2984 huicque

2129 2108 2283 2177 sacro
2299 2128 2441 2172 textu
2466 2116 2769 2184 frequentes
2787 2124 2912 2169 sunt
2935 2114 3192 2181 parabole:
3219 2108 3456 2178 apoiogis
3479 2108 3685 2161 similes
3709 2124 3720 2159 :

2130 2192 2254 2246 hinc
2283 2190 2534 2245 Horatius
2565 2191 2600 2241 Ι.
2634 2205 2646 2239 l
2683 2187 2885 2258 Satyr.,
2921 2195 3021 2240 sat.
3054 2184 3078 2237 i
3114 2199 3128 2235 :

2253 2325 2486 2375 Tantalus
2509 2337 2535 2373 a
2561 2324 2711 2373 labris
2744 2326 2919 2373 sitiens
2938 2323 3172 2383 fugientia
3197 2329 3357 2384 captat

2256 2388 2495 2438 Flumina.
2523 2386 2649 2444 Quid
2674 2386 2840 2435 rides?
2865 2390 3048 2435 inutato
3074 2386 3270 2433 nomine
3295 2386 3359 2432 dc
3380 2392 3429 2433 te

2255 2450 2437 2500 Fabula
2462 2455 2684 2497 narratur
2710 2463 2723 2499 :
2744 2450 2994 2508 congestis
3014 2449 3231 2510 undique
3263 2449 3419 2495 saccis

2256 2513 2488 2561 lndormis
2513 2512 2717 2569 inhians,
2745 2518 2797 2559 et
2822 2517 3048 2571 tanquam
3073 2522 3275 2571 parcere
3300 2512 3449 2571 sacris

2245 2576 2470 2637 (logeris,
2501 2580 2585 2622 aut
2605 2573 2747 2634 pictis
2764 2570 2991 2634 tanquam
3017 2570 3238 2634 gaudere
3260 2570 3470 2621 tabellis.

2121 2706 2191 2761 Ut
2212 2720 2340 2775 ergo
2369 2703 2636 2771 Orpheus,
2668 2702 2793 2757 dum
2830 2691 3029 2775 inieros
3058 2704 3297 2773 respicit,
3331 2702 3506 2775 perdit
3532 2698 3717 2766 conju-

2121 2792 2262 2848 gem,
2281 2773 2397 2846 'qua
2420 2786 2599 2848 empta
2628 2775 2909 2848 videbatur
2940 2773 3061 2828 felix
3090 2792 3104 2838 ;
3148 2775 3226 2848 sic
3252 2773 3509 2848 praecipiti
3539 2786 3717 2848 rerum

2122 2843 2445 2902 caducarum
2469 2843 2820 2916 cogitatione,
2839 2846 2951 2914 ipsa
2976 2846 3171 2899 summi
3200 2846 3324 2899 boni
3355 2843 3608 2913 cogitatio
3629 2849 3719 2894 aut

2123 2920 2502 2989 exstinguitur,
2536 2928 2628 2971 aut
2657 2917 2939 2972 exstinctae
2975 2917 3171 2971 similis
3199 2916 3535 2970 obscuratur.

1528 3156 1908 3257 LIBER
1964 3152 2619 3280 QUARTUS.

870 3321 1032 3394 256
1074 3319 1295 3376 PROSA
1326 3318 1567 3378 PRIMA.

426 3416 813 3471 Annuusmuu.
846 3445 912 3455 —
939 3414 1173 3469 Boetium
1212 3417 1505 3479 mirantem,
1551 3414 1688 3485 quod
1722 3412 1829 3467 Deo
1857 3430 2011 3467 mun-

494 3488 613 3540 dum
642 3496 843 3555 regente
874 3503 975 3541 non
1001 3488 1165 3541 solum
1200 3488 1335 3541 mala
1364 3488 1465 3540 sint
1512 3494 1559 3540 et
1600 3485 1878 3552 impunita,
1925 3487 2012 3539 sed

495 3560 649 3611 uirtus
670 3568 718 3612 et
742 3558 966 3628 pmmiis
984 3568 1174 3621 careat,
1199 3570 1247 3612 et
1271 3559 1638 3613 sceleratorum
1665 3557 1876 3625 pedibus
1894 3557 2013 3610 sub-

484 3634 624 3703 jecla
642 3630 887 3703 calcetur,
916 3629 1057 3703 docet
1096 3628 1456 3702 PhilosOphia,
1490 3644 1584 3683 nec
1610 3628 1734 3682 uitia
1765 3628 1874 3683 sine
1900 3645 2008 3700 pae-

495 3701 596 3766 nis,
628 3717 720 3755 nec
746 3701 982 3755 virtutem
1008 3702 1118 3757 sine
1143 3701 1353 3771 prwmio
1374 3716 1500 3757 esse.

491 3793 618 3849 Haec
646 3808 769 3850 cum
818 3792 1181 3863 Philosophia,
1219 3794 1236 3825 ⁸
1266 3792 1525 3863 dignitate
1571 3792 1770 3859 vultus,
1821 3800 1877 3847 et
1901 3793 2014 3847 oris

421 3887 682 3957 gravitate
713 3896 945 3949 servata.
978 3887 1169 3941 leniter
1196 3884 1537 3957 suaviterque
1561 3884 1865 3949 cecinisset,
1902 3894 2010 3938 tum

420 3991 539 4044 ego,
570 3977 806 4031 nondum
834 3987 860 4014 ⁸
886 3978 1101 4045 penitus
1128 3977 1272 4033 insiti
1301 3977 1553 4033 maeroris
1578 3975 1804 4039 oblitus,
1838 3975 2014 4030 inten-

420 4070 618 4126 tionem
647 4069 824 4124 dicere
851 4069 1024 4124 adhuc
1046 4069 1247 4141 aliquid
1275 4069 1513 4139 parantis
1540 4066 1568 4106 ι)
1598 4066 1810 4136 abrupi.
1840 4067 2009 4139 257

422 4162 493 4220 Et
522 4178 575 4229 ο,
629 4164 866 4233 inquam.
901 4164 921 4194 ³
953 4163 1063 4218 veri
1096 4163 1287 4233 praevia
1329 4161 1544 4216 luminis
1576 4171 1625 4224 ο.
1681 4174 1801 4231 qua:
1832 4173 2001 4229 usque

420 4259 593 4315 adhuc
639 4268 724 4314 tua
776 4257 909 4314 ludit
951 4258 1154 4323 oratio,
1194 4255 1221 4294 ά
1266 4270 1386 4311 cum
1449 4255 1532 4311 sui
1579 4254 1601 4287 ³
1640 4252 2010 4325 speculatione

2047 3318 2094 3384 C
2125 3319 2325 3386 divina,
2359 3330 2468 3375 tum
2500 3322 2604 3376 tuis
2636 3319 2929 3375 rationibus
2962 3319 3167 3375 invicta
3199 3326 3517 3389 patuerunt;
3547 3334 3719 3391 eaque

2123 3412 2275 3479 mihi,
2306 3420 2359 3468 et
2386 3414 2430 3467 si
2461 3414 2531 3468 ob
2560 3411 2772 3481 injurias
2800 3411 3040 3467 dolorem
3072 3427 3243 3483 nuper
3271 3412 3460 3476 oblita,
3493 3427 3596 3468 non
3635 3423 3716 3468 ta-

2123 3521 2244 3562 men
2289 3505 2519 3561 antebac
2571 3520 2790 3575 prorsus
2839 3506 3080 3575 ignorata
3109 3506 3314 3561 dixisti.
3351 3505 3456 3562 Sed
3493 3521 3555 3561 ea
3599 3508 3717 3575 ipsa

2120 3604 2203 3650 est
2231 3596 2315 3650 vel
2346 3599 2576 3650 maxima
2602 3593 2626 3627 ⁸
2651 3594 2821 3651 nostri
2845 3594 3102 3665 (5)causa
3136 3596 3406 3663 maeroris,
3430 3597 3571 3667 quod
3594 3612 3716 3652 cum

2120 3706 2299 3746 rerum
2350 3690 2521 3745 bonus
2552 3699 2729 3746 rector
2778 3692 2994 3755 existat,
3028 3689 3111 3745 vel
3156 3705 3277 3745 esse
3306 3690 3526 3745 omnino
3573 3691 3716 3746 mala

2119 3787 2345 3856 possint,
2373 3787 2455 3841 vel
2486 3786 2746 3855 impunita
2770 3794 3111 3855 prmtereant.
3136 3784 3297 3852 Quod
3322 3786 3495 3842 solum
3518 3797 3717 3856 quanta

2120 3879 2336 3949 dignum
2361 3881 2431 3934 sit
2460 3879 2837 3945 admiratione,
2861 3877 3105 3946 profecto
3130 3880 3464 3935 consideras.
3495 3881 3564 3935 At
3592 3879 3717 3935 huic

2118 3972 2259 4026 aliud
2294 3973 2469 4041 majus
2513 3972 2818 4043 adjungitur
2851 3990 2864 4027 :
2894 3986 3015 4025 nam
3048 3972 3348 4042 imperante
3377 3971 3708 4042 ﬂorenteque

2117 4068 2371 4138 nequitia,
2420 4069 2592 4123 virtus
2640 4082 2747 4122 nou
2796 4066 2969 4121 solum
3016 4067 3253 4137 praemiis
3299 4074 3465 4134 caret,
3526 4080 3711 4121 verum

2114 4161 2276 4215 etiam
2324 4159 2711 4214 sceleratorum
2744 4157 2968 4228 pedibus
3024 4157 3263 4228 subjecta
3290 4158 3545 4222 calcatur,
3574 4166 3629 4212 et
3658 4158 3709 4211 in

2116 4253 2291 4307 locum
2341 4251 2455 4322 (l0)
2500 4250 2792 4305 facinorum
2838 4247 3096 4331 supplicia
3131 4249 3245 4306 luit.
3288 4248 3417 4317 Quae
3458 4249 3570 4304 fieri
3610 4250 3629 4280 ⁵
3661 4251 3712 4308 in

1770 4389 2352 4447 INTERPRETATIO.

492 4515 517 4541 α
552 4503 796 4560 Interius.

496 4575 524 4616 δ
551 4575 900 4649 Interpellavi.

2197 4513 2217 4540 ο
2245 4503 2611 4573 Philosophia.

2197 4573 2220 4609 ι]
2251 4573 2315 4627 Et
2348 4576 2489 4628 clara
2516 4583 2562 4626 et
2588 4582 2747 4629 certa.

1947 4731 2177 4791 NOTAE.

480 4854 516 4888 “
554 4852 815 4926 Dignitate
859 4856 1111 4926 uultusiet
1157 4852 1259 4905 oris
1306 4852 1554 4926 gravitate
1600 4848 1846 4920 servata.]
1873 4847 2008 4926 Cum
2040 4851 2095 4913 D
2122 4850 2209 4905 hic
2238 4850 2687 4926 appellariillud,
2727 4865 2834 4926 quo
2873 4865 3272 4926 menssperat,
3332 4855 3501 4921 ruptis
3548 4856 3717 4926 ipsiul

420 4927 565 4982 enim
595 4921 757 4979 homo
776 4940 901 4980 suas
917 4921 1699 4993 signiﬁcaturus’cogitationes,
1716 4936 1823 4976 non
1852 4921 2013 4976 modo

424 4998 627 5068 lingua,
659 4998 752 5068 sed
783 4997 942 5068 etiam
989 4994 1181 5068 oculis,
1216 4996 1413 5056 fronte,
1439 5002 1602 5068 nutu,
1632 5002 2014 5068 gest_u,_catte-

422 5061 890 5139 risque'ejusmodi
914 5068 1006 5139 sic
1034 5067 1298 5139 loquatur,
1332 5075 1389 5120 ut
1414 5079 1511 5139 pro
1552 5061 2012 5139 diversisAborum

428 5134 673 5212 omnium
694 5137 869 5212 modis
895 5134 1140 5212 diversas
1159 5145 1211 5190 et
1238 5134 1505 5212 loquentis
1530 5136 1610 5189 sui
1644 5134 1927 5212 signiﬁcet,
1959 5144 2015 5190 et

428 5210 700 5266 audientis
753 5209 977 5264 alterius
1022 5206 1226 5262 excitet
1275 5206 1675 5275 cogitationes;
1727 5206 2012 5277 pr0pterea

426 5280 772 5349 Philosophia
801 5281 1087 5334 humanam
1105 5279 1328 5334 formam
1353 5277 1535 5332 induta
1559 5281 1696 5345 aptis
1724 5280 1825 5334 illis
1847 5279 2012 5349 signis

427 5354 710 5407 Veritatem
743 5352 947 5406 felicius
987 5350 1291 5418 persuadet,
1340 5351 1390 5403 in
1421 5364 1528 5420 quo
1572 5350 1808 5405 differta
1854 5351 2013 5404 musis

426 5424 659 5493 poeticis,
693 5438 825 5491 quas
849 5436 1008 5492 supra
1035 5422 1242 5475 vocavit
1260 5422 1609 5476 meretriculas
1630 5439 1786 5492 usque
1815 5422 1868 5475 in
1897 5422 2011 5476 easi-

427 5496 554 5548 tium
581 5493 779 5560 dulces,
810 5508 1032 5563 quzeque
1059 5493 1199 5563 quod
1230 5494 1336 5547 alio
1362 5494 1510 5547 vultu
1549 5494 1854 5557 loquantur,
1880 5494 2015 5549 alias

426 5564 588 5621 etiam
615 5575 954 5620 commovent
979 5566 1032 5618 in
1065 5564 1399 5618 auditoribus
1427 5564 1798 5632 cogitationes.

500 5641 520 5670 ⁸
574 5635 695 5691 Veri
730 5636 918 5706 prtevia
953 5633 1209 5706 luminis]
1236 5633 1599 5706 Plrilquhia,
1630 5651 1749 5706 qure
1777 5634 1919 5706 quod
1945 5635 2016 5691 sit

427 5709 665 5779 cognitio
718 5707 861 5763 clara
892 5714 947 5761 et
973 5706 1222 5762 distincta
1271 5706 1512 5779 adedque
1555 5707 1729 5761 errori
1782 5707 2013 5779 nonoh-

431 5777 613 5844 oniia,
644 5779 758 5848 ipsa
802 5793 987 5833 verum
1037 5779 1215 5832 lumen
1258 5787 1377 5841 est;
1408 5777 1502 5832 sed
1548 5779 1690 5848 quod
1720 5777 2015 5832 attendenti

430 5851 613 5906 lumen
632 5847 847 5905 luminis
868 5850 937 5903 sit
964 5849 1135 5919 origo,
1162 5860 1442 5919 propterea
1461 5847 1647 5902 eadem
1671 5848 2015 5917 Philosophia

429 5922 624 5983 dic'rrir
654 5921 757 5985 peri
786 5920 991 5995 luminis
1019 5918 1227 6005 prmia,
1275 5918 1383 5978 Nisi
1426 5919 1593 5987 dicas,
1634 5935 1805 5988 rerum
1836 5919 2011 5994 lumen

2119 4919 2994 4994 corporisAnexibus,’aliquando
3035 4919 3176 4979 frui:
3210 4924 3312 4982 hoc
3352 4919 3494 4982 enim
3534 4919 3714 4985 lumen

2122 4993 2322 5063 lumine
2352 4991 2725 5062 philosophica
2770 4991 3115 5063 praevenitur.

2118 5134 2149 5188 ὁ
2192 5062 2211 5187 ἰ
2265 5061 2671 5135 Speculatione.]
2714 5061 3036 5136 speculatio,
3071 5084 3171 5125 vox
3214 5070 3389 5127 minus
3420 5071 3603 5129 Latina
3646 5078 3718 5133 vi-

2156 5150 2187 5188 e
2215 5150 2297 5188 ur.
3302 5178 3303 5181 η

2156 5143 2297 5190 Cllll'.
3302 5178 3303 5181 η

2190 5204 2449 5282 “Nostri
2485 5223 2637 5282 causa
2688 5210 2966 5282 maeroris]
2999 5213 3064 5269 Ut
3093 5229 3302 5269 summa
3338 5216 3502 5271 animi
3535 5218 3717 5275 lzrtitia

2120 5277 2463 5356 perfunditur
2492 5278 2598 5343 ille,
2632 5284 2722 5349 qui
2746 5299 2816 5356 ex
2846 5277 3159 5356 quihusdam
3196 5286 3474 5356 principiis
3503 5290 3712 5356 positis,

2121 5350 2522 5417 conclusiones,
2556 5364 2690 5420 quas
2711 5353 2930 5407 aliunde
2956 5357 3056 5409 scit
3091 5350 3211 5411 esse.
3253 5350 3583 5421 verissimas,
3617 5350 3716 5415 im;

2122 5421 2340 5505 proviso
2365 5421 2570 5505 colligit
2593 5438 2606 5485 ;
2631 5422 2710 5478 sic
2740 5425 2952 5505 tristitia
2983 5426 3239 5493 afficitur,
3270 5429 3359 5497 qui
3384 5428 3524 5505 quod
3553 5446 3717 5499 expe-

2122 5493 2317 5573 rientia
2342 5492 2617 5573 probatur,
2646 5507 2767 5573 cum
2796 5499 2910 5573 suis
2936 5513 3039 5573 non
3062 5492 3237 5567 potest
3254 5492 3544 5573 conciliare
3570 5492 3717 5569 prin-

2120 5563 2275 5631 cipiis
2309 5581 2322 5638 ;
2356 5573 2415 5617 ut
2454 5563 2613 5638 enim
2645 5566 2796 5638 prius
2825 5582 2853 5623 a
2884 5563 3103 5634 lumine,
3148 5572 3289 5637 quod
3320 5563 3602 5638 amamus;
3636 5576 3714 5630 sic

2120 5634 2390 5706 posterius
2419 5650 2449 5687 τι
2477 5634 2734 5703 tenebris,
2759 5653 2889 5706 quas
2917 5639 3043 5693 odio
3071 5634 3348 5703 habemus,
3375 5641 3569 5696 oritur.

2194 5707 2214 5788 ἐ
2249 5704 2317 5788 in
2359 5721 2523 5788 regno
2569 5704 2841 5781 scientis.]
2882 5709 2939 5765 Si
2968 5710 3111 5788 _Deus
3139 5727 3243 5788 non
3286 5712 3450 5788 sciret
3492 5716 3711 5783 omnia;

2120 5787 2210 5855 aut
2230 5780 2280 5855 si_
2296 5780 2493 5842 sciens,
2514 5780 3043 5855 nonposset’omnia;
3066 5796 3153 5836 aut
3177 5784 3219 5837 si
3240 5785 3415 5840 sciens
3430 5793 3485 5840 et
3501 5780 3709 5855 potens,

2120 5849 2235 5925 sola
2267 5849 2403 5925 bona
2432 5863 2537 5903 non
2560 5851 2743 5925 vellet,
2770 5853 2900 5905 nihil
2922 5856 3135 5919 mirum,
3159 5856 3297 5925 quod
3322 5859 3457 5913 mala
3479 5849 3665 5919 essent
3692 5849 3707 5913 Ξ

2118 5920 2234 5991 harp
2261 5921 2403 5987 enim
2435 5929 2525 5983 aut
2558 5921 2833 5984 scientiam
2858 5920 3279 5996 praeterire,'aut
3303 5932 3591 6007 potentiam
3617 5945 3710 5993 ευ·
