4290 6258
530 409 628 466 737

1752 403 1862 459 AN.
1905 400 2113 458 MANL.
2154 396 2301 455 SEV.
2348 391 2572 451 BOETll

3700 370 3805 426 788

527 541 696 597 regno
722 526 942 583 scicntis
964 525 1166 593 omnia,
1197 521 1430 594 potentis
1454 520 1653 589 omnia,
1702 517 1797 575 sed
1829 518 1969 573 bona
2006 527 2125 571 tan-
2150 518 2205 581 Α
2231 507 2431 567 tudinis
2479 524 2566 564 me
2595 505 2620 543 ά
2654 503 2854 561 dudum
2898 505 3229 597 monstrante
3260 491 3461 560 vidisti,
3501 504 3607 562 quo
3645 490 3804 597 etiam

524 621 806 675 tummodo
834 620 1060 675 volemis
1092 618 1204 683 Dei,
1237 630 1392 671 nemo
1420 614 1549 670 satis
1592 621 1767 685 potest
1793 628 1893 668 nec
1927 611 2103 666 admi-

522 712 660 779 rari,
694 727 792 768 nec
810 712 1085 781 conqueri.
1119 709 1252 764 Tum
1273 709 1364 763 illa
1391 716 1440 775 ιι,
1475 708 1539 762 Et
1569 707 1586 739 ³
1618 712 1781 769 esset,
1813 703 2006 775 inquit,
2030 703 2112 757 in-

526 805 667 861 ﬁniti
688 805 715 843 b
750 804 1005 875 stuporis,
1035 802 1387 872 omnibusque
1409 799 1715 856 horribilius
1743 798 2019 864 monstris,
2043 798 2110 860 si,

527 899 611 953 uti
642 908 696 952 tu
723 898 1019 965 existimas,
1051 897 1104 951 in
1148 896 1283 951 tanti
1314 895 1475 951 veluti
1506 894 1899 965 patrisfamilias
1927 892 2112 962 dispo-

525 992 787 1048 sitissima
829 992 1009 1055 domo,
1062 991 1188 1052 vilia
1220 1004 1347 1045 vasa
1378 989 1707 1055 colerentur,
1741 988 1854 1060 (i5)
1879 985 2112 1057 pretiosa

2225 607 2329 662 sita
2360 605 2433 661 sit
2459 600 2740 671 agnovisti,
2769 595 3010 654 decursis
3033 591 3305 655 omnibus,
3332 602 3453 657 qua:
3482 583 3807 656 praemittere

2218 697 2587 756 necessarium
2619 704 2768 766 puto,
2795 691 2818 723 ⁸
2844 693 2985 745 viam
3023 687 3138 754 tibi,
3180 699 3300 756 quae
3341 692 3394 738 te
3421 690 3444 720 ο
3474 680 3692 734 domum
3722 691 3807 731 re-

2216 800 2399 859 vehat,
2452 790 2748 846 ostendam.
2781 787 2802 817 "
2830 786 3037 841 Pennas
3080 779 3198 853 (10)
3236 779 3399 837 etiam
3459 783 3563 830 tua:
3602 772 3765 829 menti
3790 812 3805 835 ,

2218 885 2414 957 quibus
2442 897 2501 937 se
2531 885 2583 937 in
2614 881 2779 935 altum
2802 877 2988 932 tollere
3018 874 3206 944 possit,
3234 869 3471 939 alligam.
3502 875 3559 919 ut
3595 872 3807 957 pertur-

2219 955 2434 1035 batione
2482 973 2725 1043 depulsa,
2758 972 2777 1002 ⁶
2802 982 2988 1039 sospes
3016 966 3069 1021 in
3097 963 3345 1033 patriam,
3402 961 3421 991 ⁷
3448 972 3571 1014 meo
3621 955 3804 1016 ductu,

527 1085 908 1140 sordescerent
938 1101 949 1136 :
981 1084 1003 1115 ³
1025 1084 1119 1138 sed
1150 1097 1256 1138 non
1275 1084 1345 1136 ita
1372 1090 1474 1136 est.
1500 1080 1663 1153 258
1683 1058 1813 1134 Nam
1836 1080 1880 1133 si
1911 1093 1975 1133 ea
1996 1092 2115 1147 quae
2221 1088 2345 1130 mea
2370 1071 2581 1137 semita,
2616 1070 2749 1122 meis
2779 1063 3038 1121 vehiculis
3071 1058 3380 1153 revertaris.

532 1178 699 1247 paulo
742 1189 870 1231 ante
924 1176 1175 1231 conclusa
1222 1185 1368 1242 sunt,
1401 1186 1423 1215 ε
1458 1175 1769 1230 inconvulsa
1810 1180 2114 1239 servantur,

529 1269 557 1300 ³
581 1268 720 1339 ipso,
750 1269 817 1323 de
843 1268 995 1339 cujus
1023 1282 1166 1323 nunc
1183 1282 1347 1338 regno
1362 1267 1653 1338 loquimur,
1675 1275 1894 1322 auctore
1920 1282 2120 1337 cogno-

530 1376 674 1425 sces,
700 1375 911 1429 semper
930 1359 1144 1429 quidem
1173 1368 1416 1429 potentes
1445 1359 1615 1413 bonos
1632 1372 1773 1425 esse,
1802 1359 1971 1415 malos
1990 1374 2119 1415 vero

529 1454 777 1521 abiectos
817 1467 1031 1524 semper
1074 1461 1232 1522 atque
1288 1451 1623 1517 imbecilles;
1677 1466 1777 1507 nec
1805 1452 1921 1507 sine
1961 1468 2115 1523 poena

534 1557 771 1615 unquam
812 1557 936 1598 esse
964 1544 1114 1609 vitia,
1162 1557 1261 1597 nec
1310 1543 1427 1598 sine
1474 1543 1700 1612 praemio
1745 1544 2001 1608 virtutes;
2036 1543 2116 1616 (5)

530 1634 693 1693 bonis
734 1635 933 1704 felicia,
981 1636 1138 1691 malis
1176 1649 1389 1706 semper
1420 1633 1739 1689 iniortunata
1784 1636 2120 1706 contingere,

534 1727 815 1798 multaque
842 1726 895 1781 id
921 1741 1109 1797 genus,
1142 1742 1261 1798 quae
1291 1727 1480 1797 sopitis
1524 1729 1759 1797 querelis
1782 1729 1930 1785 firma
1962 1741 2014 1786 te
2033 1746 2123 1786 so-

534 1827 743 1887 liditate
768 1829 1137 1886 corroborent.
1170 1829 1237 1886 Et
1263 1830 1519 1900 quoniam
1546 1847 1687 1889 verae
1711 1833 1939 1891 formam
1962 1836 2127 1891 beati-

2594 1161 2757 1233 259
2800 1154 3092 1215 METRUM
3120 1157 3137 1177 ⁶
3168 1148 3451 1208 PRIMUM.

2227 1262 2699 1316 Aacunsuruu.—
2718 1254 2805 1309 Me
2828 1257 3059 1328 juvante,
3088 1249 3254 1318 inquit
3283 1240 3638 1328 Philosophia,
3668 1254 3807 1328 manu

2300 1311 2521 1383 humana
2544 1311 2626 1381 res
2668 1311 2845 1380 omne;
2877 1311 3072 1376 creatas
3102 1311 3465 1372 transcenderis
3490 1311 3805 1385 pervenitad

2304 1403 2502 1465 Deum;
2539 1415 2637 1466 quo
2665 1397 2866 1469 cOgnito
2889 1436 2910 1469 ,_
2947 1406 3188 1446 conversa
3223 1388 3288 1443 ad
3353 1383 3514 1440 terras
3556 1386 3636 1439 hic
3675 1383 3805 1437 videt

2299 1473 2453 1525 etiam
2483 1465 2742 1542 principes
2764 1465 3021 1521 exsulare.

2372 1563 2507 1619 Sunt
2546 1561 2742 1617 etenim
2774 1572 2963 1630 penna:
2994 1555 3241 1610 volucres
3270 1550 3421 1617 mihi,

2439 1653 2571 1720 Quae
2597 1651 2741 1708 celsa
2772 1645 3138 1704 conscendant
3168 1643 3275 1713 poli
3307 1660 3321 1697 :

2369 1748 2514 1815 Quas
2539 1746 2639 1802 sibi
2669 1759 2789 1799 cum
2819 1743 2978 1798 velox
3011 1752 3164 1794 mens
3193 1735 3386 1802 induit,

2457 1845 2619 1917 260
2646 1843 2841 1898 Terras
2868 1853 3055 1911 perosa
3083 1836 3331 1907 despicit,

1921 1954 2497 2016 INTERPRETATIO.

614 2074 642 2103 ι
673 2063 1038 2135 Philosophia.

612 2136 639 2175 δ
664 2132 1288 2192 εαηιηιωάάηιίταιίοηῢε.

618 2219 640 2246 ο
664 2206 923 2263 Constent.

615 2276 642 2315 ἀ
671 2276 813 2332 Iam.

621 2362 644 2388 ο
678 2348 744 2403 1η
771 2349 991 2419 patriam
1012 2348 1281 2405 calestem.

2162 2075 2213 2136 B
2313 2072 2454 2127 Nam
2487 2086 2595 2141 ego
2624 2069 2784 2123 habeo
2815 2067 2928 2141 alas
2968 2068 3178 2132 celeres,
3225 2078 3342 2136 qua
3384 2062 3664 2141 ascenderit
3703 2059 3817 2141 loca

2239 2144 2482 2199 sublimia
2501 2131 2637 2208 cieli,
2659 2155 2787 2211 quas
2806 2140 2893 2193 ubi
2919 2153 3056 2193 mens
3082 2131 3316 2212 prompta
3339 2131 3684 2212 sociavit‘sibi,

2237 2216 2368 2268 odio’
2396 2214 2582 2267 habens
2614 2202 2796 2275 terras,
2833 2226 2927 2265 eas
2952 2202 3263 2271 contemnit;
3300 2202 3612 2275 transcendit
3654 2202 3821 2275 orbem

2237 2286 2372 2339 aeris
2396 2286 2561 2348 vasti;
2587 2283 2744 2336 cernit
2773 2273 2929 2335 nubes
2954 2289 3068 2349 post
3089 2293 3145 2333 se
3159 2295 3181 2349 7;
3210 2286 3255 2330 et
3280 2273 3658 2349 ιρσιιιῃςῃνοάίιιινΔ
3677 2273 3824 2340 {asti-

2202 2363 2207 2370 '
2236 2358 2377 2427 gium
2402 2344 2555 2427 ignis,
2587 2354 2673 2423 qui
2697 2354 2829 2406 calet
2853 2344 2994 2406 motu
3017 2348 3200 2418 rapido
3224 2344 3463 2409 aetheris;
3490 2344 3821 2414 quoadusque
3866 2414 3879 2426 Ι

2066 2472 2295 2531 NO'I‘IE.

550 2575 758 2634 perare,
792 2569 885 2634 aut
912 2561 1241 2617 voluntatem
1264 2560 1497 2617 divinam
1523 2562 1780 2630 consequi
1802 2562 2135 2629 viderentur;

548 2632 646 2705 sed
676 2632 817 2705 quod
842 2632 981 2687 Deus
1003 2646 1103 2705 nec
1131 2634 1363 2705 ignarus,
1392 2648 1489 2686 nec
1528 2634 1794 2702 impotens
1823 2635 1984 2697 mala,
2017 2650 2136 2705 qua:

549 2702 678 2759 odio
718 2701 897 2771 habet,
925 2703 1219 2772 permittat,
1254 2704 1356 2759 hoc
1383 2706 1600 2760 mirum.

629 2775 646 2806 ¹
690 2772 838 2827 Esset
876 2773 1358 2845 inﬁnitistuporis.]
1389 2776 1586 2842 Stupor
1628 2785 1714 2829 est
1735 2775 2022 2831 vehemens
2042 2777 2138 2831 ad-

552 2845 791 2911 miratio,
841 2860 945 2916 qua
987 2844 1077 2914 qui
1126 2844 1379 2907 afﬁcitur,
1436 2845 1524 2899 hic
1551 2846 1828 2915 spiritibus
1864 2847 2139 2915 cohibitis,

556 2925 981 2987 voceﬁmotuque
1004 2916 1191 2987 ‘omni,
1223 2915 1396 2971 instar
1425 2916 1623 2985 stipitis
1646 2917 1731 2973 vel
1763 2920 1935 2973 trunci
1969 2921 2144 2987 priva-

551 2996 661 3041 lur.
694 2986 881 3057 Virgil.
912 3002 949 3041 11
980 2985 1129 3051 Em,
1160 3002 1216 3041 v.
1246 2986 1348 3040 ’774
1382 3005 1393 3038 :

652 3079 895 3142 Obstupui
919 3085 1266 3141 steteruntque
1286 3092 1434 3127 comae
1460 3086 1512 3129 et
1536 3093 1628 3128 vox
1653 3078 1871 3129 faucibus
1894 3081 2051 3130 haesit.

560 3167 659 3225 Cui
705 3166 849 3221 favet
877 3167 1251 3235 interpretatio
1289 3166 1559 3221 nominis:
1593 3177 1771 3232 stupor
1798 3166 1942 3223 enim
1968 3176 2022 3222 et
2045 3176 2151 3221 stu-

604 3256 683 3293 ere
705 3253 735 3292 a
761 3240 916 3306 stipes
951 3237 1166 3292 videtur
1214 3237 1319 3291 dici
1346 3254 1359 3289 :
1394 3237 1536 3293 unde
1568 3239 1619 3291 in
1646 3238 1882 3306 antiquis
1919 3238 2147 3306 Virgilii,

604 3256 683 3293 ere
705 3255 735 3292 a
761 3255 824 3292 δη
864 3255 916 3292 88
951 3255 1166 3292 1110111111*
1214 3255 1319 3291 (llCl
1346 3255 1359 3289 ε
1394 3255 1536 3293 unae
1568 3255 1619 3291 111
1646 3255 1882 3306 anttquts
1928 3255 2147 3306 Vll‘gllll,

557 3257 793 3434 Eoruti‘i,
817 3255 1077 3391 ’ferentii,
1120 3309 1459 3379 aliorumque
1493 3309 1645 3365 libris
1672 3310 1949 3380 legebatur
1977 3312 2150 3379 stipet,

564 3390 621 3434 et
649 3398 679 3433 ο
713 3397 737 3433 s
761 3389 911 3434 mutt.

564 3390 621 3435 et
649 3390 911 3451 obstipuit.

638 3452 660 3482 ³
713 3447 820 3505 8εᾶ
852 3466 955 3504 non
986 3450 1059 3503 ita
1084 3447 1204 3519 est]
1243 3449 1373 3504 Nam
1403 3450 1571 3504 virtus
1618 3466 1891 3520 nunquam
1937 3461 2017 3505 est
2039 3450 2157 3506 sine

567 3536 671 3577 suo
690 3521 931 3589 praemio,
966 3535 1065 3575 nec
1095 3522 1279 3574 vitium
1323 3521 1440 3575 sine
1461 3534 1560 3575 suo
1588 3523 1877 3590 supplicio,
1920 3522 2057 3576 sicut
2088 3536 2155 3577 ex

565 3593 730 3647 dictis
756 3591 1094 3647 manifestum
1122 3600 1222 3647 est.

646 3662 667 3693 ⁸
706 3660 861 3732 Ipso,
886 3663 949 3715 de
979 3662 1613 3736 cujus_regno_loquimur,
1639 3662 1897 3736 auctora]
1929 3661 2037 3721 Deo
2067 3664 2161 3716 do-

574 3742 713 3787 cente
742 3749 761 3785 :
791 3741 901 3787 tum
932 3742 1110 3787 autem
1138 3732 1278 3787 Dens
1318 3732 1794 3799 hominem'docet,
1830 3732 1953 3789 cum
1983 3743 2160 3788 mente

573 3803 907 3874 prtejudiciis
933 3811 1112 3864 exuta.
1138 3804 1268 3872 ipsa:
1296 3805 1550 3859 duntaxat
1588 3806 1784 3859 mentis
1806 3806 2161 3874 cogitationes

578 3876 834 3931 attentius
860 3874 1301 3942 considerantur;
1332 3876 1472 3945 quod
1500 3884 1557 3929 ut
1578 3876 1726 3930 solus
1764 3876 1903 3931 Deus
1930 3887 2056 3931 tunc
2082 3876 2160 3930 in-

581 3954 903 4016 terrogatur,
933 3947 1010 4018 sic
1040 3945 1188 3999 solus
1217 3948 1380 4001 menti
1407 3947 1755 4018 interroganti
1783 3947 2128 4017 respondeat.

655 4018 676 4048 ⁸
722 4019 866 4070 Viam
922 4017 1038 4081 tibi,
1072 4032 1187 4087 qua:
1244 4028 1288 4070 te
1326 4018 1535 4071 domum
1578 4016 1802 4080 revehat,
1852 4016 2162 4088 ostendam]

582 4090 799 4145 Homini
824 4088 1168 4157 cognoscenti
1200 4101 1351 4142 suum
1382 4088 1625 4142 ultimum
1676 4089 1857 4152 finem,
1902 4089 2033 4143 nihil
2076 4105 2164 4144 su-

584 4171 769 4230 perest
800 4174 960 4228 quam
1001 4168 1059 4214 ut
1077 4168 1366 4229 cognoscat
1396 4160 1637 4225 modum,
1668 4176 1773 4228 quo
1802 4161 1866 4213 ad
1899 4160 2163 4227 ejusmodi

586 4229 749 4287 ﬁnem
795 4230 1075 4301 pervenire
1114 4230 1283 4300 possit
1315 4230 1537 4285 :Matth.
1571 4247 1659 4285 vt:
1695 4229 1919 4295 Qmerite
1945 4232 2166 4297 primum

588 4318 803 4371 regnum
833 4300 931 4354 Dei
957 4312 1003 4353 et
1021 4302 1279 4370 justitiam
1316 4302 1447 4370 ejus.
1476 4301 1652 4367 Quare
1675 4317 1795 4356 cum
1827 4300 2167 4368 Philosmihia

590 4370 698 4443 jam
740 4372 980 4427 docuerit
1008 4372 1250 4443 ultimum
1293 4370 1523 4443 hominis
1565 4373 1747 4437 linem,
1779 4374 2003 4425 instituti
2052 4372 2168 4440 eius

591 4442 731 4497 ratio
769 4444 1021 4513 postulat,
1052 4451 1111 4496 ut
1153 4442 1220 4497 de
1269 4444 1426 4497 modo
1458 4442 1615 4512 hujus
1651 4443 1770 4497 linis
1807 4444 2166 4509 consequendi

592 4522 818 4569 tractet:
838 4513 978 4578 quod
1008 4528 1147 4567 nunc
1179 4522 1399 4567 vocatur
1417 4517 1519 4580 via,
1547 4530 1662 4583 qua:
1681 4515 1891 4569 domum
1919 4513 2123 4568 revehat
2150 4530 2169 4568 :

568 4596 879 4655 ‘prouterea
908 4584 1167 4654 promittit
1192 4598 1414 4655 pennas.

2246 2579 2434 2620 versus
2454 2563 2658 2619 heroici
2689 2562 2857 2631 pedes
2879 2557 3077 2631 habet_;
3108 2547 3663 2631 posterioriambicus
3692 2562 3828 2631 qua-

2247 2618 2603 2703 tuoripariter
2635 2618 2828 2703 pe'des,
2869 2642 3016 2699 stepe
3047 2618 3180 2682 locis
3211 2622 3504 2693 imparibus
3536 2618 3825 2689 spondeos,

2247 2706 2467 2777 paribus
2491 2705 2716 2759 iambos.

2324 2798 2375 2851 1.
2412 2796 2545 2852 Sunt
2585 2809 2763 2867 penna:
2795 2790 2967 2867 mihi]
3007 2789 3224 2850 Pennte,
3257 2794 3393 2867 sunt;
3417 2783 3596 2867 avium
3631 2790 3827 2867 partes,

2250 2850 2447 2938 quibus
2475 2850 2601 2921 aves
2619 2867 2673 2920 in
2689 2878 2813 2938 aera
2835 2850 3222 2938 subvectagsua
3249 2863 3493 2926 repetunt
3523 2854 3671 2938 loca:
3698 2850 3835 2938 unde

2252 2924 2480 3010 propter
2518 2936 2802 3010 quamdam
2849 2931 3254 3010 similitudinem
3278 2924 3495 3010 pennae
3534 2924 3836 3010 triburuutur

2254 2992 2499 3079 sagittis,
2529 2992 2801 3079 navibus,
2826 3013 2882 3059 et
2926 3004 3140 3079 caeteris
3182 2992 3445 3079 ejusmodi
3490 2992 3830 3079 corporibus,

2257 3064 2376 3149 (μὴ
2398 3064 2623 3148 aequatis
2647 3064 2806 3149 veluti
2839 3074 3161 3149 ponderibus
3182 3064 3384 3149 rectius
3412 3064 3832 3149 moventurLSic

2257 3134 2386 3221 ergo
2422 3134 2580 3204 clarae
2611 3134 2980 3221 distinctaeque
3010 3134 3829 3221 notiones_,_dic‘unt'ur.pliilosu:

2259 3204 2432 3290 phvicte
2462 3204 2688 3289 pennae,
2730 3216 2872 3290 quod
2898 3204 3001 3290 'his
3045 3213 3211 3268 veluti
3258 3211 3445 3290 librata
3493 3204 3831 3290 Philosophia

2181 3280 2228 3346 C
2257 3280 2517 3347 rectius'a
2558 3280 2715 3345 terris
2749 3280 2819 3345 ad
2855 3288 3075 3351 omium,
3121 3299 3187 3339 ex
3218 3297 3324 3353 quo
3371 3289 3482 3335 orta
3512 3287 3613 3342 est,
3657 3288 3834 3345 regre-

2261 3363 2457 3417 diatur.

2335 3436 2387 3488 1.
2435 3427 2735 3500 Volucres.]
2775 3426 2991 3483 Volucer
3020 3440 3048 3478 a
3079 3425 3254 3500 uolatu
3307 3420 3502 3500 dicitur
3530 3435 3542 3471 :
3589 3429 3756 3487 quare
3783 3424 3841 3500 ut

2259 3505 2471 3558 volatus
2504 3511 2679 3556 motus
2708 3487 2790 3555 est
2815 3500 2971 3553 velox
2993 3538 3007 3563 ,
3044 3498 3124 3569 sic
3148 3494 3351 3569 uolucer
3392 3492 3530 3569 idem
3560 3500 3663 3552 εει,
3699 3487 3839 3569 quud

2260 3573 2408 3628 velox
2433 3557 2547 3627 sive
2584 3573 2755 3626 celer:
2789 3557 3056 3640 quomodo
3085 3565 3291 3642 Tullius
3318 3578 3414 3633 pro
3452 3562 3685 3642 Planco}
3718 3557 3841 3642 uihil

2265 3655 2369 3698 tam
2401 3647 2630 3704 volucre,
2662 3630 2865 3711 inquit,
2894 3654 3048 3713 quam
3072 3630 3413 3713 maledictum
3437 3647 3461 3713 :_
3483 3631 3613 3713 nihil
3642 3630 3842 3713 [acilius

2260 3717 2545 3779 emittitur;
2564 3703 2694 3767 nihil
2715 3703 2898 3767 certius
2908 3703 3167 3777 excipitur
3183 3724 3200 3773 ;
3219 3706 3349 3760 nihil
3370 3704 3524 3758 latius
3546 3703 3840 3772 dissipatur.

2265 3786 2415 3857 Virg.
2443 3785 2571 3842 En.
2606 3800 2660 3849 v,
2690 3799 2738 3838 ν.
2764 3782 2904 3842 24%:

2700 3897 2790 3947 Illa
2814 3904 2930 3946 noto
2952 3896 3096 3945 citius
3117 3891 3396 3951 volucrique
3428 3890 3602 3952 sagitta

2392 3962 2466 4014 Ad
2492 3968 2677 4013 terram
2695 3960 2839 4023 fugit,
2868 3966 2919 4009 et
2942 3964 3084 4021 portu
3103 3968 3161 4008 se
3178 3954 3392 4009 condidit
3412 3953 3525 4003 alto.

2267 4046 2400 4103 Cum
2442 4045 2603 4115 igitur
2651 4043 2921 4115 ιιι-3111111111
2956 4039 3315 4115 Philosophia:
3360 4036 3713 4115 cogitationes
3743 4042 3849 4089 tam

2269 4107 2490 4173 celeres
2508 4107 2740 4181 sint,'ut
2774 4114 2855 4168 vel
2896 4107 3208 4167 celerrimus
3247 4107 3486 4178 corporis
3519 4117 3697 4181 mutus
3728 4119 3851 4163 cum

2270 4189 2379 4243 illis
2410 4179 2667 4251 collatus,
2698 4183 3037 4239 tardissimus
3076 4181 3165 4250 sit,
3201 4189 3484 4250 propterea
3518 4192 3623 4232 non
3666 4179 3851 4230 imme-

2272 4260 2377 4314 rito
2407 4258 2659 4312 dicuntur
2685 4260 2865 4326 pennae
2893 4254 3140 4326 uolucres.

2342 4330 2394 4382 2.
2439 4329 2586 4383 Celsa
2628 4318 2780 4397 poli]
2824 4325 2973 4397 Celso
3020 4325 3126 4397 poli
3172 4336 3312 4397 nunc
3350 4321 3623 4397 dicuntur,
3654 4318 3793 4397 sicut
3825 4332 3852 4368 a

2278 4398 2501 4468 Virgilio
2518 4390 2739 4452 connexa
2760 4390 2906 4460 Ewli;
2928 4396 2995 4449 ab
3023 4394 3241 4468 Horatio
3264 4402 3413 4446 acuta
3435 4391 3585 4468 belli;
3610 4390 3855 4468 ulmoru-

2276 4473 2350 4525 tio
2372 4459 2555 4541 aperta
2584 4470 2719 4536 coeli,
2750 4459 2927 4541 serena
2952 4465 3086 4528 caeli,
3110 4465 3283 4541 abdita
3306 4472 3491 4541 terras,
3513 4459 3856 4541 intelligeudo

2279 4542 2391 4594 loca
2413 4530 2538 4595 'sive
2567 4530 2758 4610 spatia.
2794 4538 3199 4610 Penuteautem
3231 4533 3634 4610 philosophicas,
3668 4531 3721 4590 in
3754 4530 3855 4583 hoc

2279 4613 2534 4666 omnibus
2561 4604 2741 4664 avium
2774 4607 2964 4675 pennis
2992 4604 3260 4667 fortiores,
3294 4604 3360 4658 ad
3391 4617 3658 4658 summum
3687 4614 3856 4675 usque

671 4652 1219 4749 L.‘I€"3§i.“’ll.9i’!?fil
1256 4652 2178 4749 03533993953-1319935.Emit???
2202 4655 2257 4715 ι)
2280 4652 3169 4749 Ea;ii':;:uzs;;;;"qasts1;agiis;
3184 4652 3858 4744 missusmissus;

595 4728 639 4782 si
672 4743 823 4782 mens
850 4727 986 4781 bene
1024 4736 1222 4788 utatur,
1277 4726 1465 4781 eadem
1499 4728 1582 4781 his
1606 4727 1772 4782 veluti
1815 4729 2024 4794 pennis,
2056 4726 2180 4781 hinc

596 4797 813 4867 quidem
864 4796 1175 4867 prmjudicia
1226 4798 1434 4851 veritati
1483 4798 1750 4852 contraria
1800 4797 2006 4866 fugare,
2056 4798 2180 4852 inde

597 4866 733 4923 vero
762 4868 827 4921 ad
860 4872 1134 4922 veritatem
1165 4866 1333 4935 ipsum
1364 4867 1643 4935 pervenire
1684 4871 1894 4936 poterit.

674 4940 695 4970 ⁸⁵
736 4936 948 5005 Sospes.
983 4938 1001 5007 ’1
1041 4936 1231 4992 Salvus
1272 4951 1324 4992 et
1347 4938 1616 4993 incolumis
1642 4955 1660 4991 ι
1689 4940 1887 5009 Sospes
1919 4940 2061 4995 enim
2084 4940 2180 4994 di-

601 5008 770 5078 citur,
785 5009 869 5062 cui
902 5009 1044 5064 vires
1074 5008 1181 5062 sint
1210 5010 1451 5078 quolibet
1481 5010 1693 5064 meandi
1733 5008 2108 5066 etremeandi.

672 5077 835 5152 ἰβιεο
875 5079 1066 5143 ductu,
1109 5077 1462 5145 mea’semita,
1493 5082 1614 5135 uicis
1655 5080 1943 5152 vehiculis.)
2003 5082 2183 5136 Philo-

602 5148 823 5219 sophica
849 5152 1083 5218 cognitio
1114 5158 1259 5204 recte
1282 5152 1475 5205 dicitur
1491 5154 1616 5215 dux,
1650 5154 1841 5206 semita
1866 5148 1943 5207 et'
1963 5154 2185 5206 vehicu-

601 5222 736 5292 lum,
786 5219 978 5292 quibus
1018 5222 1177 5275 homo
1216 5235 1404 5289 sospes
1443 5223 1508 5276 ad
1542 5222 1731 5285 Deum,
1766 5220 1904 5276 unde
1935 5237 2184 5292 egressus

603 5291 727 5356 fuit,
776 5290 1128 5361 regrediatur.
1162 5292 1258 5346 Est
1295 5292 1508 5361 quidem
1549 5294 1674 5359 dux,
1715 5294 1838 5361 quia
1871 5290 2184 5362 hac'utpote

603 5363 837 5432 ingenita
870 5371 1141 5432 prateunte
1178 5378 1330 5418 mens
1352 5363 1419 5417 ad
1445 5363 1791 5431 judicandum
1830 5364 2061 5419 ducitur.
2093 5365 2187 5418 Est

605 5436 786 5488 semita
804 5474 820 5506 ,
851 5435 1132 5506 quiadsicut
1154 5436 1209 5489 in
1229 5436 1463 5506 eauclare
1482 5445 1536 5489 et
1555 5435 1809 5490 distincte
1835 5436 2188 5506 comprehen‘

603 5520 745 5564 sum.
777 5505 858 5573 sic,
878 5504 1245 5573 judicandum.
1286 5504 1382 5560 Εει
1414 5505 1719 5573 uehiculum,
1747 5509 1869 5575 quia
1903 5504 2001 5561 hac
2036 5520 2188 5561 mens

605 5575 773 5631 veluti
822 5577 1121 5651 constricta
1150 5578 1222 5634 ita
1266 5578 1489 5651 rapitur,
1539 5587 1595 5631 ut
1634 5593 1801 5651 penes
1841 5592 1958 5651 eam
1990 5594 2094 5634 non
2119 5581 2190 5633 sit

607 5646 935 5774 contrariuru
986 5647 1205 5704 sentire.
1269 5646 1557 5717 Propterea
1602 5646 1792 5706 eadem
1843 5648 2185 5721 Philosophia

607 5731 750 5771 nunc
778 5731 898 5772 cant
926 5756 942 5773 .

607 5731 750 5771 hunc
778 5731 942 5773 cantt.

684 5811 701 5830 ‘
727 5806 954 5865 Carmen
980 5820 1232 5869 constans
1260 5826 1326 5866 ex
1355 5812 1559 5883 duplici
1580 5826 1777 5881 genere
1808 5827 2060 5871 versuum
2106 5814 2188 5869 al-

554 5936 567 5975 δ
614 5885 919 5947 ternorum,
946 5897 1175 5950 quorum
1204 5883 1353 5951 prior
1391 5882 1687 5959 dactylicus
1731 5894 1959 5957 quatuor
1987 5886 2191 5956 primos

2286 4764 2391 4814 tur,
2424 4756 2751 4814 pertinguut.

2358 4767 2771 4879 Epit/33313332}
2796 4816 3008 4888 induit.]
3033 4814 3418 4889 Mensqnidem
3451 4816 3677 4869 humana
3706 4812 3858 4889 velox

2286 4903 2408 4953 est:
2441 4895 2562 4964 quia
2597 4908 2702 4967 quo
2736 4883 3008 4967 momento
3038 4888 3200 4967 veluti
3221 4883 3380 4967 extra
3407 4895 3637 4967 serapta
3666 4883 3733 4937 ad
3756 4892 3860 4939 ter-

2288 4980 2398 5029 ras,
2431 4958 2495 5017 ad
2539 4958 2734 5028 maria,
2767 4961 2833 5019 ad
2860 4961 3053 5015 ctelum
3097 4958 3270 5028 ipsum
3317 4958 3712 5029 dissitissimum
3736 4967 3860 5029 per-

2288 5026 2455 5101 venit,
2473 5036 2658 5090 eodem
2676 5026 2742 5089 ad
2765 5047 2823 5087 se
2845 5046 3089 5104 regressa
3119 5026 3492 5104 cogitationem
3524 5027 3623 5104 sibi
3648 5026 3861 5104 insitam

2289 5098 2705 5177 contemplatur,
2734 5105 2804 5158 ita
2838 5110 2897 5177 ut
2918 5098 3081 5177 hujus
3108 5098 3220 5155 sua:
3246 5098 3573 5157 circuitionis
3596 5109 3667 5177 ue
3695 5098 3861 5177 meriti

2289 5164 2637 5249 quidem'ipsi
2677 5164 2836 5230 liceat
2862 5164 3095 5249 initium,
3127 5177 3569 5249 progressumet
3593 5166 3750 5249 finem
3777 5164 3859 5249 dif

2291 5235 2582 5318 stinguere:
2618 5247 2673 5299 in
2700 5260 2804 5318 quo
2824 5258 2987 5318 tuens
3016 5235 3251 5318 [minanti
3288 5244 3358 5293 ita
3386 5235 3861 5318 divinamvidetur

2292 5306 2629 5387 exprimere,
2666 5306 2872 5387 utiiude
2899 5323 3108 5369 veteres
3150 5312 3478 5387 collegerint
3508 5317 3739 5387 mentem
3764 5306 3864 5387 hu-

2293 5378 2503 5444 manam
2551 5378 2669 5442 et‘a
2711 5386 2820 5442 Deo
2856 5395 3068 5450 ortam,
3112 5390 3167 5437 et
3194 5378 3360 5441 instar
3392 5380 3482 5435 Dei
3511 5378 3865 5450 immortalem

2294 5475 2433 5519 esse.
2471 5461 2541 5515 At
2570 5456 2758 5511 eadem
2803 5470 2954 5514 mens
2989 5448 3159 5525 induit
3202 5467 3405 5525 pennas
3446 5448 3864 5523 philosophicas,

2295 5531 2439 5584 clare
2464 5540 2517 5583 et
2545 5528 2795 5581 distincte
2822 5523 3214 5594 cognoscendo.

2366 5603 2418 5657 4.
2460 5598 2643 5657 Terras
2677 5612 2857 5668 perosa
2895 5591 3189 5668 despicit.)
3213 5592 3569 5668 continuatur
3614 5591 3869 5668 translata

2290 5662 2728 5743 ‘quuendiratio:
2742 5668 2951 5743 utsicut
2970 5662 3095 5743 aves
3109 5662 3337 5743 vdlando
3358 5680 3386 5723 a
3410 5666 3567 5743 terris
3591 5662 3869 5743 recedunt;

2297 5734 2382 5803 sit?
2414 5757 2565 5800 mens
2599 5739 2786 5808 pennis
2818 5736 3205 5810 philosophicis
3246 5736 3507 5790 instructa
3551 5734 3871 5810 intelligatur

2297 5823 2468 5875 terras
2505 5805 2665 5869 exosa
2696 5805 2991 5879 despicere.
3018 5805 3124 5861 Nec
3148 5808 3244 5879 abs
3274 5820 3334 5879 re
3362 5822 3374 5858 :
3414 5820 3539 5879 nam
3568 5821 3675 5873 quo
3706 5805 3872 5873 magis

2300 5886 2452 5947 mens
2494 5883 2649 5945 terris
2679 5876 2935 5945 adhmret,
2967 5893 3033 5937 eo
3062 5876 3416 5944 crassioribus
3456 5877 3698 5941 involuta
3728 5884 3868 5940 tene-
