4290 6258
523 789 529 829 i

569 397 663 451 7M

567 509 636 564 30
776 507 1039 578 Orbisque
1068 507 1304 562 habenas
1333 513 1620 574 temperat,

710 609 773 657 Ιαίι
804 602 1077 656 volucrem
1110 614 1326 654 currum
1355 598 1564 653 stabilis
1591 598 1749 669 regit,

787 696 982 750 lterum
1006 706 1265 748 coruscus
1288 692 1511 747 arbiter.

711 796 823 850 lluc
851 804 904 850 te
930 795 974 849 si
999 794 1253 850 reducem
1286 791 1485 847 referat
1514 793 1622 856 via,

780 889 950 956 Quam
980 902 1119 941 nunc
1153 885 1385 956 requiris
1413 887 1719 951 immemor,

564 979 636 1036 25
712 978 836 1034 Haec
863 980 1028 1043 dices,
1062 979 1302 1046 memini,
1336 978 1509 1048 patria
1535 985 1618 1032 est
1642 975 1794 1041 mihi,

781 1074 915 1128 llinc
946 1084 1115 1142 ortus,
1151 1075 1237 1129 hic
1264 1075 1449 1128 sistam
1478 1073 1722 1143 gradum.

707 1166 859 1230 Quod
892 1167 935 1219 si
971 1176 1235 1221 terrarum
1265 1166 1478 1234 placeat
1506 1164 1601 1218 tibi

778 1260 999 1315 Noctem
1033 1262 1282 1316 relictam
1312 1260 1513 1328 visere,

778 1352 937 1425 263
968 1353 1112 1420 Quos
1138 1353 1318 1408 miseri
1348 1362 1532 1406 torvos
1559 1348 1741 1421 populi
1774 1348 1984 1409 timent,

779 1450 980 1502 Cernes
1014 1458 1273 1519 tyrannos
1308 1446 1549 1501 exsules.

1095 1559 1257 1631 234
1299 1557 1527 1613 PROSA
1566 1555 1635 1609 ιι.

560 1655 956 1712 ΑΒΕΙῙΙΙΕΝΤΙῘΜ.
997 1684 1069 1695 --
1112 1652 1195 1707 Ea:
1247 1651 1508 1724 praedictis
1556 1647 1901 1724 Philosoiihia
1951 1645 2166 1698 demon-

621 1736 770 1792 strat,
796 1738 840 1780 et
857 1726 1041 1797 probos
1066 1719 1313 1795 potentes,
1332 1732 1378 1776 et
1401 1721 1662 1789 improbos
1683 1719 1985 1789 impotentes
2004 1734 2126 1770 esse.

562 1445 631 1502 50

548 1848 549 1851 η
635 1816 771 1871 Tum
804 1832 927 1886 ego,
959 1817 974 1847 ⁸
1004 1831 1178 1886 papae,
1211 1816 1451 1885 inquam,
1487 1819 1513 1847 ο
1544 1818 1606 1865 ut
1636 1823 1828 1879 magna
1856 1808 2162 1880 promittis!

1824 393 1934 447 AN.
1979 393 2186 447 MANL.
2230 392 2381 449 SEV.
2426 393 2678 449 BOETII'

2190 517 2244 574 Α
2270 508 2467 561 frustra
2498 508 2586 561 sit.
2624 509 2740 576 Quo
2767 509 2858 574 fit;
2893 518 2949 564 ut
2976 510 3020 564 si
3043 524 3205 581 quem
3235 509 3422 567 videas
3445 511 3668 584 adipisci
3696 513 3857 577 velle,

3754 400 3859 454 79?

2262 605 2405 676 quod
2455 606 2677 661 minime
2716 606 3071 676 adipiscatur,
3101 609 3226 663 huic
3266 608 3549 665 obtinendi
3580 610 3724 681 quod
3762 626 3859 664 vo-

2262 697 2445 762 luerit,
2470 697 2707 753 defuisse
2733 711 2755 738 ο
2791 702 3079 756 valentiam
3110 701 3226 774 (15)
3257 702 3503 759 dubitare
3533 720 3641 759 non
3662 706 3857 776 possis.

2262 788 2614 859 Perspicuum
2644 802 2750 856 est,
2796 792 3032 862 inquam,
3076 808 3178 849 nec
3216 794 3325 849 ullo
3364 795 3526 851 modo
3554 797 3736 867 negari
3768 814 3862 866 po-

2263 889 2387 935 test.
2422 882 2590 949 Quem
2615 896 2746 936 vero
2768 883 3014 939 effecisse
3043 885 3185 955 quod
3214 886 3462 949 voluerit.
3494 887 3699 953 videas,
3731 904 3860 944 num

2267 973 2428 1028 etiam
2452 975 2695 1044 potuisse
2725 969 3286 1032 dubitabisnlinime.
3308 978 3460 1044 Quod
3487 993 3613 1035 vero
3637 981 3863 1050 quisque

2263 1075 2462 1135 potest,
2503 1068 2645 1123 ineo
2672 1069 2917 1135 validus;
2950 1070 3093 1140 quod
3121 1086 3250 1126 vero
3294 1086 3401 1126 non
3437 1082 3635 1143 potest,
3666 1073 3718 1128 in
3760 1074 3864 1129 hoc

2265 1158 2550 1214 imbecillis
2578 1175 2700 1217 esse
2722 1162 3028 1218 censendus
3057 1174 3161 1218 est.
3189 1165 3352 1237 265
3375 1164 3591 1231 Fateor,
3620 1168 3858 1237 inquam.

2266 1251 2631 1309 Meministine
2679 1254 2865 1323 igitur,
2910 1256 3105 1327 inquit,
3148 1259 3517 1329 superioribus
3565 1262 3861 1317 rationibus

2267 1359 2388 1398 esse
2424 1346 2745 1411 'collectum,
2782 1350 3136 1407 intentionem
3177 1367 3394 1409 omnem
3432 1354 3723 1410 voluntatis
3764 1356 3864 1411 hu-

2269 1451 2464 1505 mante,
2498 1452 2619 1508 qua:
2656 1439 2886 1496 diversis
2926 1444 3119 1498 studiis
3147 1446 3344 1515 agitur,
3383 1446 3451 1501 ad
3477 1447 3863 1506 beatitudinem

2269 1533 2557 1590 festinare?
2590 1537 2830 1604 Memini,
2864 1539 3101 1610 inquam,
3135 1541 3188 1596 id
3225 1558 3439 1613 quoque
3482 1559 3604 1600 esse
3634 1545 3859 1602 demon-

2272 1636 2520 1683 stratum.
2562 1629 2698 1685 Num
2749 1635 3052 1688 recordaris
3094 1634 3476 1691 beatitudinem
3524 1638 3697 1707 ipsum
3745 1654 3865 1695 esse

2270 1722 2489 1789 bonum,
2520 1725 2602 1795 (5)
2628 1740 2803 1795 eoque
2848 1725 3010 1780 modo
3055 1742 3175 1781 cum
3214 1728 3489 1784 beatitudo
3538 1731 3756 1799 petitur,
3797 1732 3866 1788 ab

2274 1817 2525 1871 omnibus
2547 1818 2841 1874 desiderari
2875 1820 3113 1875 bonum?
3144 1819 3383 1885 Minime,
3414 1824 3652 1894 inquam,
3684 1840 3864 1880 recor-
3926 1864 3934 1871 ς

560 1923 665 1967 nec
693 1910 881 1965 dubito
906 1910 1036 1979 quin
1063 1909 1243 1980 possis
1263 1910 1482 1964 efficere
1507 1926 1519 1960 :
1556 1915 1613 1960 tu
1636 1905 1797 1960 modo
1823 1919 1985 1975 quem
2017 1903 2164 1959 exci-
2193 1899 2243 1960 Β
2270 1910 2388 1977 dor,
2410 1913 2660 1979 quoniam
2689 1913 2741 1967 id
2774 1914 3053 1969 memoriae
3078 1915 3245 1970 ﬁxum
3274 1926 3454 1971 teneo.
3478 1916 3683 1973 Omnes
3707 1919 3865 1989 igitur

561 2004 793 2073 taveris,
817 2019 886 2059 ne
907 2002 935 2042 δ
966 2004 1212 2058 moreris.
1246 2005 1265 2033 ’
1288 2002 1529 2057 Primum
1571 2000 1753 2071 igitur,
1779 1999 1973 2069 inquit,
2010 2000 2167 2056 bonis

562 2110 781 2166 semper
802 2096 996 2151 adesse
1028 2096 1345 2165 potentiam,
1381 2095 1555 2149 malos
1582 2094 1795 2149 cunctis
1823 2093 2027 2149 viribus
2046 2108 2169 2149 esse

560 2187 838 2253 desertos,
870 2202 1133 2257 agnoscas
1162 2187 1344 2241 licebit
1378 2200 1644 2255 :quorum
1679 2185 1911 2239 alterum
1944 2185 2169 2240 demon-

561 2290 765 2337 stratur
794 2282 874 2353 (ὅ)
907 2297 974 2336 ex
1013 2281 1203 2336 altero.
1253 2280 1385 2335 Nam
1424 2296 1547 2335 cum
1611 2280 1811 2333 bonum
1856 2278 2169 2350 malumque

560 2374 830 2429 contraria
865 2378 994 2437 sint,
1038 2374 1085 2428 si
1122 2374 1321 2428 bonum
1358 2382 1550 2441 potens
1579 2385 1701 2426 esse
1733 2370 2059 2440 constiterit,
2094 2373 2167 2427 li-

561 2482 690 2543 quet
718 2471 1061 2527 imbecillitas
1088 2469 1215 2524 mali
1239 2478 1326 2536 :_at
1355 2469 1404 2523 si
1432 2468 1693 2539 fragilitas
1724 2467 1989 2522 clarescat
2015 2468 2163 2536 mali,

562 2565 692 2619 boni
724 2564 949 2618 firmitas
980 2573 1104 2617 nota
1135 2570 1238 2617 est.
1273 2562 1378 2615 Sed
1422 2560 1498 2615 uti
1544 2569 1743 2615 nostra:
1771 2561 2074 2625 sententias,
2104 2560 2169 2615 fi-

562 2660 659 2713 des
687 2657 1048 2713 abundantior
1079 2656 1172 2720 sit,
1209 2655 1473 2709 allerutro
1505 2651 1644 2707 calle
1676 2652 1987 2721 procedam,
2019 2667 2164 2708 nunc

561 2751 688 2806 hinc
713 2792 729 2817 ,
765 2765 905 2804 nunc
942 2748 1067 2803 inde
1110 2746 1385 2816 proposita
1428 2745 1780 2800 confirmans.
1810 2745 1830 2775 ³
1856 2745 1973 2800 Duo
2014 2756 2160 2811 sunt,

560 2846 757 2915 quibus
786 2844 964 2898 omnis
997 2842 1357 2896 humanorum
1394 2840 1506 2909 (l0)
1537 2849 1752 2893 actuum
1792 2847 2001 2893 constat
2037 2838 2167 2894 effe-

561 2947 683 2995 ctus
708 2956 721 3003 ;
752 2937 999 2992 voluntas
1031 2935 1256 2997 scilicet,
1283 2947 1346 2987 ac
1372 2941 1611 3002 potestas
1636 2949 1648 2984 :
1671 2947 1901 3002 quorum
1930 2932 1976 2987 si
2001 2932 2165 2988 alter-

562 3043 745 3088 utrum
784 3029 957 3097 desit,
1011 3028 1147 3084 nihil
1187 3037 1271 3083 est
1316 3027 1458 3098 quod
1499 3027 1757 3097 explicari
1801 3037 1982 3103 queat.
2022 3026 2164 3081 Defi-

563 3128 741 3182 ciente
770 3125 969 3181 etenim
999 3123 1299 3188 voluntate,
1334 3135 1401 3175 ne
1432 3119 1743 3191 aggreditur
1770 3121 1987 3192 quidem
2018 3121 2165 3191 quis-

561 3234 667 3293 que
710 3218 852 3289 quod
896 3232 1004 3273 non
1054 3214 1205 3271 vult:
1232 3221 1289 3268 at
1332 3214 1377 3269 si
1408 3222 1647 3284 potestas
1693 3214 1853 3281 absit,
1914 3212 2163 3271 voluntas

2271 2005 2516 2060 homines
2544 2006 2670 2060 boni
2700 2006 2923 2075 pariter,
2956 2023 3019 2062 ac
3049 2008 3197 2074 mali,
3232 2008 3526 2065 indiscreta
3565 2010 3866 2068 intentione

2270 2099 2336 2153 ad
2382 2099 2582 2154 bonum
2616 2102 2900 2170 pervenire
2942 2101 3215 2155 nituntur?
3259 2102 3357 2166 Ita,
3403 2102 3645 2173 inquam,
3677 2118 3866 2159 conse-

2270 2206 2441 2261 quens
2481 2202 2584 2245 est.
2630 2191 2739 2247 Sed
2777 2200 2983 2247 certum
3030 2202 3132 2258 est,
3173 2194 3459 2264 adeptione
3501 2195 3650 2262 boui,
3696 2196 3866 2252 bonos

2270 2287 2407 2342 fieri.
2447 2287 2690 2341 Certum.
2737 2286 3126 2357 Adipiscuntur
3156 2288 3269 2359 (10)
3317 2288 3480 2359 igitur
3528 2289 3675 2354 boni,
3724 2289 3866 2360 quod

2272 2380 2572 2450 appetunt?
2616 2378 2705 2434 Sic
2734 2379 2969 2434 videtur.
3004 2379 3125 2434 Mali
3164 2394 3294 2435 vero
3323 2381 3368 2434 si
3414 2380 3863 2451 adipiscerentur,

2271 2473 2410 2544 quod
2458 2476 2719 2541 appetunt
2768 2474 2986 2541 bonum,
3043 2472 3167 2527 mali
3209 2488 3331 2529 esse
3372 2489 3478 2529 non
3518 2484 3762 2541 possent.
3792 2475 3867 2534 lta

2270 2574 2373 2621 est.
2403 2565 2535 2619 Cum
2565 2566 2726 2634 igitur
2748 2568 2963 2635 utrique
2994 2566 3190 2620 bonum
3217 2575 3423 2634 petant,
3446 2566 3542 2622 sed
3573 2567 3625 2621 bi
3651 2567 3865 2638 quidem

2271 2659 2636 2727 adipiscantur
2683 2658 2759 2714 illi
2795 2672 2924 2714 vero
2965 2659 3219 2725 minime;
3247 2674 3354 2714 non
3384 2658 3604 2714 dubium
3637 2671 3719 2716 est
3770 2661 3862 2715 bo-

2271 2766 2371 2807 nos
2394 2752 2609 2823 quidem
2641 2760 2887 2821 potentes
2917 2767 3062 2818 esse,
3095 2753 3185 2821 qui
3214 2762 3342 2806 Vero
3365 2752 3490 2806 mali
3516 2762 3667 2819 sunt,
3697 2752 3861 2807 imbe-
3930 2788 3947 2800 ι

2270 2844 2443 2899 cilles.
2507 2843 2781 2914 Quisquis,
2833 2834 3071 2912 inquam,
3120 2842 3352 2908 dubitat,
3400 2858 3501 2899 nec
3542 2857 3721 2899 rerum
3748 2840 3861 2916 (15)

2271 2946 2538 3001 naturam,
2578 2952 2679 2991 nec
2711 2938 3155 3005 consequentiam
3195 2946 3376 3007 potest
3402 2938 3746 2994 conSiderare
3775 2952 3864 2992 ra-

2270 3032 2500 3087 tionum.
2527 3030 2549 3062 "
2580 3031 2787 3087 RurSus
2818 3032 2985 3101 inquit
3011 3050 3024 3085 :
3056 3028 3112 3087 Si
3139 3031 3247 3086 duo
3274 3033 3404 3097 sint,
3444 3032 3636 3101 quibus
3667 3032 3807 3086 idem
3832 3027 3862 3069 ⁸

2270 3125 2570 3179 secundum
2605 3132 2850 3179 naturam
2894 3125 3226 3195 propositum
3272 3126 3362 3191 sit,
3401 3139 3689 3194 eorumque
3720 3139 3859 3179 unus

2269 3217 2502 3273 naturali
2548 3216 2725 3274 officio
2780 3216 3014 3286 idipsum
3046 3226 3169 3288 agat
3210 3226 3372 3289 atque
3412 3216 3687 3288 perficiat;
3722 3216 3858 3274 alter

1919 3347 2498 3406 INTERPRETATIO.
2583 3339 2589 3347 '

563 3473 843 3542 quiescam.
870 3470 947 3524 Ex
976 3483 1079 3539 qua
1109 3467 1240 3523 sede
1265 3467 1309 3520 si
1330 3466 1549 3542 uolueris
1574 3472 1862 3542 convertere
1886 3463 2062 3517 oculos
2087 3462 2155 3516 ad
2181 3465 2227 3526 C

560 3534 793 3596 tenebras
829 3534 1111 3603 terrarum,
1148 3553 1274 3607 quas
1320 3536 1618 3599 deseruisti,
1656 3534 2152 3607 videbistyrannos,

523 3610 526 3611 ⁷
562 3629 692 3679 quos
710 3622 879 3683 gentes
896 3612 1094 3682 aﬂlictw
1119 3605 1346 3665 metuunt
1374 3607 1474 3661 sibi
1497 3607 1748 3675 infensos,
1771 3620 1835 3659 ex
1864 3605 1963 3659 hac
1985 3606 2155 3675 patria

563 3688 750 3758 ejectos
783 3683 1033 3737 exsulare.

2340 3474 2364 3498 ιι
2399 3464 2621 3528 Quanta.

2335 3535 2364 3571 δ
2405 3535 2673 3588 Retardes.

2340 3618 2361 3641 θ
2398 3604 2729 3659 Potestatem.

2330 3678 2352 3713 ι¹
2388 3675 2470 3731 Ea:
2499 3677 2740 3730 instinctu
2765 3683 2979 3729 natum.

2097 3819 2298 3877 ΝΟΤιΕ
2308 3864 2319 3876 .

562 3960 670 4013 ms,
700 3961 729 3999 a
770 3956 876 4013 quo
902 3938 1061 4013 etiam
1085 3937 1161 3991 ad
1200 3928 1368 4013 Deum
1414 3943 1633 4004 propter
1669 3936 1955 4005 quamdam
1986 3951 2156 4005 unpe-

563 4009 719 4075 randi
748 4009 1155 4068 similitudinem
1190 4009 1531 4062 transfertur.

635 4088 724 4144 20.
761 4086 908 4139 Urbis
952 4079 1222 4150 habenas.]
1254 4080 1619 4134 Similitudine
1648 4088 1858 4146 sumpta
1883 4078 1951 4133 ab
1976 4081 2150 4143 equis.

562 4174 700 4230 quos
730 4156 953 4230 habenis
979 4157 1083 4230 huc
1111 4151 1347 4230 illucque
1376 4152 1443 4204 ad
1468 4159 1653 4230 nutum
1686 4151 1983 4205 flectimus:
2019 4150 2158 4230 [iens

562 4222 764 4302 quippe
784 4226 967 4282 omnia
1001 4227 1079 4279 sic
1107 4223 1265 4292 regit,
1301 4230 1358 4276 ut
1385 4222 1588 4288 omnia,
1621 4237 1940 4291 quocunque
1967 4224 2157 4276 voluc-

562 4305 654 4368 rit,
687 4309 1025 4357 moveantur.

635 4362 726 4429 2i.
765 4371 1038 4425 Volucrem
1087 4362 1350 4435 cunmm]

565 4445 871 4513 intelligere
894 4455 1111 4495 omnem
1133 4437 1344 4513 mobilis
1372 4437 1494 4492 ρωιί
1524 4437 1735 4513 orbem,
1760 4437 2055 4513 generatim
2081 4446 2159 4491 ta-

564 4532 691 4573 men
720 4507 1005 4569 ubiversus
1032 4511 1263 4565 mundus
1290 4522 1585 4577 corporeus
1615 4507 1719 4562 dici
1754 4518 1927 4576 potest
1957 4508 2159 4562 volucer

563 4603 748 4641 currus
771 4603 788 4637 :
816 4584 939 4653 quia
971 4598 1091 4637 cunt
1124 4581 1353 4653 mundus
1406 4580 1495 4633 ille
1526 4581 1598 4653 _sit
1645 4578 1816 4632 moles
1852 4579 1986 4633 adeo
2030 4595 2161 4653 con-

564 4660 750 4721 ferta;
803 4651 935 4709 nihil
984 4666 1037 4707 ut
1098 4652 1169 4706 sit
1231 4651 1340 4705 illic
1388 4651 1583 4717 vacui,
1643 4659 1927 4718 propterea
1980 4652 2158 4704 nullus

566 4731 625 4784 fit
668 4731 719 4783 in
761 4729 961 4782 mttndo
992 4733 1201 4788 motus,
1234 4726 1362 4792 quin
1404 4722 1531 4776 inibi
1582 4722 1672 4775 fiat
1714 4722 1955 4776 materia:
1998 4735 2157 4778 mota:

569 4800 850 4855 circuitus.

637 4871 708 4926 Q9
732 4880 785 4924 et
814 4872 899 4925 50.
939 4866 1131 4920 Tervos
1170 4862 1460 4935 tyrannos.]
1506 4863 1746 4923 Torvus,
1780 4879 1808 4916 a
1858 4864 2158 4933 torquendo

566 4941 760 5001 dictus,
798 4942 886 4993 ille
916 4947 997 4991 est
1030 4938 1122 5006 qui
1161 4934 1312 4988 vultu
1341 4938 1424 4987 vel
1463 4935 1640 5002 p0tius
1677 4934 1849 4989 oculis
1892 4939 2048 4989 tortis
2078 4936 2157 4988 in-

567 5013 825 5067 teriorem
860 5005 1056 5062 furoris
1114 5018 1313 5061 motum
1346 5005 1420 5059 ita
1460 5005 1757 5074 significat,
1794 5016 1850 5059 ut
1884 5007 2158 5061 tuentibus

569 5085 641 5137 sit
671 5081 926 5137 terribilis
953 5097 965 5133 :
999 5080 1120 5132 hinc
1147 5085 1333 5131 taurus
1363 5076 1659 5143 praesertim
1693 5085 1874 5129 torvus
1905 5078 2153 5143 habetur,

565 5155 709 5221 quod
738 5150 934 5205 animal
966 5149 1095 5221 illud
1126 5149 1324 5215 sapius
1356 5149 1495 5221 hanc
1524 5148 1748 5221 formam
1781 5147 1986 5221 induat.
2009 5149 2154 5216 Virg.

566 5216 763 5294 Georg.
816 5239 871 5277 Ill
905 5238 920 5276 :
966 5220 1173 5288 Optima
1203 5228 1370 5294 torva:
1392 5218 1587 5294 ⁵[ονηια
1628 5216 1811 5294 ὁουξετι
1841 5220 2007 5272 Porro
2036 5234 2159 5294 cum

565 5288 742 5359 exsul,
772 5295 886 5348 sive
926 5301 983 5346 ut
1014 5290 1255 5345 nonnulli
1297 5290 1563 5352 scribunt,
1592 5288 1731 5342 exsul
1759 5288 1974 5343 dicatur
2002 5290 2156 5357 quasi

566 5381 635 5422 ex
668 5369 782 5421 solo
814 5365 927 5419 sive
957 5363 1126 5431 patria
1157 5359 1373 5431 pulsus,
1402 5373 1632 5431 cumque
1663 5363 1871 5429 tyranni
1914 5364 1965 5412 in
2001 5361 2159 5414 terris

564 5439 867 5493 habitantes
892 5429 968 5489 ex'
991 5433 1107 5487 solo
1152 5429 1268 5485 Sive
1310 5429 1486 5498 potius
1514 5431 1674 5494 caelo,
1708 5432 1876 5498 patria
1914 5446 2010 5485 sua
2045 5432 2163 5484 vel-

566 5509 645 5563 uti
697 5506 904 5578 expulsi
936 5505 1112 5578 __sint_,
1150 5502 1285 5578 ideo
1326 5500 1497 5578 videri
1549 5513 1769 5570 possunt
1798 5502 2042 5578 casulas.
2079 5502 2160 5578 Ad

569 5579 735 5632 llebr.
767 5571 858 5633 itu
882 5593 895 5630 :
924 5575 1045 5629 Non
1074 5573 1317 5627 habemus
1339 5571 1419 5625 hic
1449 5583 1734 5626 manentem
1763 5574 2040 5640 civitatem,
2069 5574 2157 5626 sed

568 5650 796 5717 futuram
824 5648 1151 5717 inquirimus.

642 5721 654 5747 ¹
704 5717 911 5785 Papia]
937 5716 1119 5784 Papte,
1155 5717 1268 5770 sive
1295 5722 1353 5768 ut
1374 5714 1610 5782 loquitur
1633 5713 1854 5768 Plautus
1886 5714 2042 5778 babae,
2075 5722 2158 5768 est

569 5787 872 5853 interjectio
896 5785 1135 5839 hominis
1158 5787 1289 5839 mira
1319 5786 1497 5837 subito
1528 5786 1872 5851 accipientis;
1901 5785 2069 5852 quod,
2103 5794 2159 5838 ut

570 5854 908 5920 conjicimus,
952 5858 1034 5907 hac
1063 5868 1222 5907 voces
1250 5856 1435 5921 prima:
1466 5854 1592 5914 sint,
1626 5869 1761 5921 quas
1789 5857 1938 5921 pueri
1978 5857 2155 5909 omnia

570 5933 629 5998 ut
666 5926 971 5987 ignorantes
999 5925 1078 5980 sic
1113 5924 1438 5982 admirantes
1471 5925 1709 5988 proferre
1728 5924 1971 5985 ,soleant.

1392 4365 1599 4420 Auctor
1629 4363 1840 4418 videtur
1880 4365 2155 4433 speciatim

2187 4691 2240 4752 D

2340 3940 2359 3968 ²
2395 3936 2629 3991 Primum
2680 3938 2858 4006 igitui,
2903 3932 3047 4062 etc},
3068 3935 3412 4002 Philosophia
3445 3932 3692 4004 proponit
3714 3934 3855 4006 quod

2340 4008 2370 4061 ii
2404 4009 2455 4062 in
2491 4010 2590 4062 hac
2635 4011 2880 4062 oratione
2911 4024 3008 4062 nro
3049 4008 3247 4061 andum
3297 4006 3578 4062 incumbit.
3609 4006 3855 4062 videlicet

2267 4008 2370 4061 sibi
2404 4009 2455 4062 in
2491 4010 2590 4063 hac
2635 4011 2880 4063 oratione
2911 4006 3247 4077 probandum
3297 4006 3578 4070 incumbit,
3609 4006 3856 4062 videlicet

2267 4090 2323 4134 et
2358 4080 2549 4148 probos
2591 4089 2837 4147 potentes
2865 4089 2921 4136 et
2961 4080 3236 4149 improbos
3281 4078 3639 4149 impotentes:
3673 4077 3725 4132 id
3764 4092 3856 4133 au-

2271 4144 2376 4205 tem
2440 4144 2686 4219 probabit
2742 4152 2937 4220 triplici
2990 4144 3425 4221 argumentorum
3476 4144 3694 4219 genere,
3737 4164 3856 4220 qua:

2268 4224 2585 4276 contrahere
2608 4225 2939 4277 mirabimur.

2344 4292 2513 4365 3Duo
2549 4304 2688 4351 sunt.
2722 4292 2849 4365 etc.]
2879 4294 2918 4347 l.
2953 4293 3268 4365 Argumenti
3299 4306 3487 4362 genus.
3531 4291 3848 4365 Quicunque

2271 4363 2435 4419 homo
2467 4364 2517 4417 id
2543 4363 2858 4433 adipiscitur
2882 4365 3024 4433 quod
3047 4365 3179 4430 vult,
3205 4363 3252 4418 is
3275 4374 3471 4434 potens
3491 4375 3575 4417 est
3599 4380 3612 4416 :
3632 4364 3852 4434 quicun-

2268 4450 2373 4505 que
2406 4451 2536 4489 vero
2571 4437 2685 4489 vult
2714 4437 2939 4504 aliquid,
2971 4435 3114 4505 quod
3163 4450 3273 4489 non
3320 4435 3654 4505 adipiscitur,
3700 4435 3745 4489 is
3771 4443 3854 4489 est

2269 4504 2580 4575 impotens:
2614 4508 2756 4577 quod
2796 4504 3019 4561 effectus
3060 4505 3345 4571 humanus,
3382 4504 3523 4560 unde
3568 4509 3686 4575 quis
3712 4506 3852 4574 judi-

2267 4588 2421 4632 catur
2507 4594 2626 4631 esse
2696 4579 2775 4632 vel
2843 4594 2947 4631 non
3018 4592 3138 4631 esse
3212 4587 3437 4645 potens,
3496 4577 3849 4630 nebessiuuli-

2271 4665 2390 4703 nem
2450 4649 2645 4704 habeat
2687 4665 2807 4703 cum
2853 4649 3123 4703 voluntate
3176 4659 3229 4702 et
3279 4658 3568 4716 potestate,
3627 4662 3850 4715 quarum

2266 4731 2492 4787 utraque
2535 4732 2619 4774 est
2662 4720 2716 4773 in
2750 4721 2942 4785 primo,
2984 4720 3235 4774 et‘altera
3279 4728 3482 4773 tantum
3531 4722 3583 4772 in
3611 4721 3848 4772 secundo

2266 4793 2359 4845 illo
2390 4792 2626 4846 homine.
2657 4792 2811 4861 Atqui
2858 4794 3020 4845 homo
3047 4793 3246 4859 probus
3281 4790 3334 4844 id
3361 4790 3678 4859 adipiscitur
3703 4789 3844 4858 quod

2266 4863 2413 4915 vult:
2445 4863 2721 4931 improbus
2746 4878 2874 4916 vero
2902 4862 3043 4932 quod
3072 4862 3182 4915 vult
3209 4876 3314 4915 non
3348 4861 3661 4932 adipiscitur
3688 4874 3849 4915 :cum

2265 4945 2489 5001 uterque
2519 4930 2668 4987 Suam
2700 4934 2829 4988 velit
2864 4930 3270 4996 beatitudinem,
3303 4946 3460 5001 quam
3487 4930 3704 4999 probus,
3741 4947 3847 4984 non

2267 5005 2547 5068 improbus
2582 5004 2892 5074 adipiscitur
2920 5023 2930 5054 :
2962 5004 3223 5074 siquidem
3256 5014 3326 5074 ut
3370 5003 3540 5055 bonus
3580 5016 3683 5054 non
3716 5002 3849 5074 {tici-

2267 5086 2355 5129 tur
2382 5077 2483 5129 nisi
2513 5071 2800 5144 adeptione
2831 5075 2955 5129 boni
2999 5071 3214 5141 summi,
3249 5073 3316 5127 ita
3358 5075 3529 5127 malus
3571 5087 3676 5125 non
3707 5071 3844 5126 dici-

2267 5156 2353 5200 tur
2382 5148 2484 5201 nisi
2519 5148 2813 5214 privatione
2842 5146 3081 5214 eiusdem
3110 5147 3257 5199 boni.

2337 5216 2357 5246 ⁸
2390 5217 2587 5272 Rursus
2627 5219 2671 5271 si
2707 5220 2810 5270 duo
2849 5219 2971 5276 sint.
3014 5216 3143 5288 etc.]
3178 5215 3242 5269 ll.
3292 5215 3601 5283 Argumenti
3652 5228 3841 5282 genus.

2267 5288 2347 5341 Ex
2382 5290 2612 5350 duobus,
2645 5288 2836 5358 quibus
2860 5289 2927 5341 ab
2960 5291 3074 5356 ipso
3115 5296 3318 5341 natura:
3347 5296 3563 5339 auctore
3589 5295 3848 5341 constitu-

2266 5367 2377 5412 tum
2400 5369 2485 5412 est
2509 5359 2691 5429 aliquo
2724 5360 2967 5421 tendere,
3002 5360 3045 5412 si
3077 5359 3301 5429 alterum
3326 5358 3504 5411 officio
3536 5372 3748 5425 parens,
3786 5359 3850 5410 il-

2270 5429 2355 5482 luc
2382 5428 2852 5494 tendat;’alterum
2882 5431 2949 5483 ab
2969 5429 3151 5483 officio
3178 5428 3445 5483 decedens
3470 5438 3560 5481 ant
3588 5438 3846 5489 moretur,

2267 5508 2360 5553 aut
2392 5510 2539 5554 certe
2580 5501 2686 5553 alio
2720 5501 2993 5566 deflectat,
3026 5503 3173 5568 prius
3202 5508 3411 5565 potens,
3445 5500 3715 5568 posterius
3746 5501 3847 5551 im-

2268 5581 2460 5639 potens
2508 5571 2695 5625 haberi
2739 5573 2897 5626 debet
2938 5587 3097 5623 :cum
3136 5574 3278 5623 enim
3318 5571 3556 5639 potentia
3610 5571 3739 5623 nihil
3782 5572 3850 5622 sit

2266 5641 2430 5709 aliud,
2460 5657 2617 5711 quam
2646 5644 2932 5697 instinctus
2977 5643 3067 5696 ille
3107 5642 3175 5694 ab
3204 5652 3424 5695 auctore
3452 5650 3656 5695 natura:
3698 5655 3846 5693 acre-

2265 5721 2408 5782 ptus,
2440 5712 2690 5781 potentia:
2722 5722 2807 5768 est
2835 5716 3136 5781 pervenire,
3177 5712 3562 5767 imbecillitatis
3593 5728 3696 5765 non
3731 5726 3846 5774 pcr-

2262 5785 2448 5838 venire
2479 5800 2584 5851 qtto
2626 5784 2769 5839 Deus
2809 5794 3005 5837 vocat:
3038 5784 3115 5837 sic
3157 5798 3222 5837 ex
3266 5784 3476 5836 duobus
3522 5784 3841 5844 hominibus,

2261 5855 2457 5923 quibus
2486 5855 2554 5908 ab
2585 5857 2700 5923 ipsi»
2733 5864 2937 5908 natura:
2966 5864 3186 5908 auctore
3214 5856 3565 5908 constitutum
3589 5866 3670 5907 est
3701 5853 3843 5921 pcth-

2262 5924 2363 5980 bus
2393 5926 2690 5990 ambulare,
2719 5926 2765 5979 si
2793 5926 2927 5982 alter
2954 5925 3132 5983 officio
3163 5925 3376 5980 functus
3412 5926 3673 5987 ambulet,
3715 5924 3845 5979 alter
