4290 6258
450 401 555 458 795

1358 397 1445 453 DE
1485 397 2006 455 CONSOLATIONE
2045 398 2517 489 PHILOSOPHle
2556 405 2684 462 LIB.
2727 406 2816 463 IV.

3632 407 3735 462 794

450 531 580 571 vero
630 514 876 571 naturale
931 513 1063 570 illud
1107 513 1343 570 ofﬁcium
1390 515 1611 571 minime
1662 515 2039 572 administrare
2068 518 2120 580 Α
2152 518 2298 589 pellit
2336 521 2581 575 intentio.
2632 523 2698 576 Et
2725 521 2888 593 quid?
2935 522 2977 576 si
3007 523 3107 577 hoc
3140 531 3244 577 tam
3277 536 3469 594 magno
3510 535 3570 577 ac
3602 538 3737 593 pene

448 619 632 684 queat,
668 610 777 664 alio
804 625 937 665 vero
974 609 1156 678 modo,
1203 624 1364 679 quam
1390 619 1597 666 naturae
1627 612 1901 676 convenit,
1935 627 2042 667 non

448 705 668 776 quidem
700 703 922 774 impleat
961 703 1293 774 propositum
1325 720 1503 772 suum,
1535 705 1653 776 (20)
1682 706 1774 761 sed
1808 706 2045 761 imitetur

448 796 798 869 implentem;
823 810 1110 866 quemnam
1138 795 1329 851 horum
1368 805 1394 834 ει
1417 797 1772 852 valentiorem
1804 811 1923 852 esse
1953 797 2045 852 de-

447 891 662 950 cernis?
684 889 712 929 δ
734 891 848 946 Etsi
877 891 1146 961 conjecto,
1179 892 1418 962 inquam,
1451 893 1577 963 quid
1601 893 1755 959 velis,
1786 876 2044 965 c'planius

451 994 628 1040 tamen
673 983 865 1040 audire
892 983 1160 1040 desidero.
1205 985 1549 1051 Ambulandi,
1600 987 1793 1057 inquit,
1838 996 2043 1042 motum

452 1077 749 1133 secundum
794 1084 1040 1133 naturam
1083 1092 1204 1133 esse
1246 1074 1578 1146 hominibus,
1623 1095 1749 1133 num
1782 1080 2043 1150 negabis?

447 1171 689 1236 Minime,
728 1170 969 1243 inquam.
1004 1170 1245 1242 Ejusque
1286 1172 1366 1226 rei
1417 1171 1611 1240 pedum
1649 1172 1889 1228 ofﬁcium
1922 1188 2043 1228 esse

447 1263 695 1321 naturale
724 1279 851 1320 num
882 1263 1138 1319 dubitas?
1167 1263 1245 1319 Ne
1286 1263 1390 1320 hoc
1434 1264 1672 1333 quidem,
1706 1266 1948 1336 inquam.
1989 1266 2044 1322 Si

446 1360 567 1430 quis
608 1358 771 1429 igitur
823 1357 1050 1428 pedibus
1087 1356 1201 1431 (25)
1230 1358 1481 1414 incedere
1529 1358 1715 1413 valens
1780 1359 2040 1426 ambulet,

446 1452 711 1522 aliusque,
736 1450 822 1506 cui
853 1450 955 1505 hoc
984 1452 1228 1507 naturale
1249 1451 1445 1521 pedum
1469 1452 1610 1507 desit
1635 1453 1897 1520 ofﬁcium,
1925 1469 2042 1509 ma-

451 1544 607 1605 nibus
648 1544 847 1609 nitens,
891 1544 1173 1599 ambulare
1211 1555 1461 1611 conetur,
1507 1547 1627 1618 quis
1684 1549 1877 1603 horum
1924 1549 2046 1620 jure

450 1638 715 1694 valentior
763 1620 1069 1694 exisﬁmari
1102 1640 1313 1709 potest?
1342 1639 1606 1709 Contexe,
1650 1642 1890 1712 inquam,
1941 1659 2044 1698 ca:-

452 1740 567 1785 tera
596 1745 753 1785 :nam
783 1729 910 1800 quin
934 1730 1200 1786 naturalis
1227 1730 1394 1786 ofﬁcii
1425 1742 1637 1801 potens,
1665 1749 1751 1801 eo,
1783 1738 1872 1804 qui
1901 1735 2044 1791 idem

452 1831 702 1892 nequeat,
748 1822 1013 1877 valentior
1053 1823 1142 1890 sit,
1185 1823 1362 1879 nullus
1398 1820 1425 1861 ἀ
1456 1824 1701 1896 ambigit.
1735 1828 1897 1899 266
1937 1827 2044 1883 Sed

2156 614 2354 669 invicto
2382 616 2674 684 prmeuntis
2706 624 2911 671 natura:
2940 616 3319 672 desererentur
3346 616 3577 671 auxilio?
3597 615 3736 673 Con-

2148 708 2326 763 sidera
2353 724 2481 764 vero
2509 719 2705 778 quanta
2738 710 3035 766 sceleratos
3068 710 3315 765 homines
3342 710 3536 766 habeat
3567 711 3737 781 impo-

2150 803 2338 856 tentia.
2384 802 2572 873 Neque
2617 802 2760 857 enim
2793 803 2948 869 levia,
3001 812 3091 858 aut
3133 803 3337 858 ludicra
3365 803 3478 874 (l5)
3512 803 3735 872 praemia

2150 905 2361 968 petunt,
2394 913 2513 966 quae
2555 899 2807 965 consequi
2858 906 3019 967 atque
3047 898 3295 953 obtinere
3335 912 3442 952 non
3476 908 3737 966 possunt:

2148 989 2241 1045 sed
2279 991 2421 1043 circa
2468 990 2636 1060 ipsam
2678 1005 2856 1045 rerum
2888 1006 3175 1055 summam,
3208 991 3571 1061 verticemque
3610 989 3740 1045 deﬁ-

2148 1083 2319 1145 ciunt,
2349 1098 2447 1139 nec
2477 1084 2529 1137 in
2560 1099 2623 1138 eo
2656 1084 2869 1139 miseris
2907 1086 3168 1155 contingit
3195 1084 3440 1149 effectus,
3473 1083 3613 1153 quod
3652 1097 3742 1139 so-

2150 1176 2259 1230 lum
2304 1176 2441 1242 dies,
2469 1185 2766 1248 noctesque
2797 1178 3090 1234 moliuntur
3117 1196 3130 1232 :
3154 1179 3207 1234 in
3239 1193 3342 1249 qua
3372 1193 3433 1234 re
3478 1178 3739 1234 bonorum

2151 1268 2295 1323 vires
2320 1270 2580 1324 eminent.
2606 1270 2756 1326 Sicut
2776 1272 2918 1327 enim
2943 1288 3065 1327 eum
3094 1272 3183 1344 qui
3208 1272 3435 1342 pedibus
3461 1273 3738 1340 incedens,

2150 1362 2215 1416 ad
2255 1377 2376 1416 eum
2416 1362 2590 1417 locum
2627 1380 2796 1435 usque
2824 1366 3108 1434 pervenire
3153 1369 3437 1437 potuisset,
3470 1382 3577 1436 quo
3608 1368 3739 1423 nihil

2151 1457 2375 1513 ulterius
2422 1458 2661 1528 pervium
2709 1458 2919 1528 jaceret
2960 1460 3216 1527 incessui,
3261 1460 3376 1533 (20)
3435 1461 3740 1518 ambulandi

2151 1552 2581 1621 potentissimum
2605 1566 2725 1607 esse
2763 1568 3018 1609 censeres
3050 1572 3063 1608 :
3094 1555 3165 1608 ita
3187 1570 3332 1620 eum,
3363 1556 3452 1626 qui
3485 1564 3736 1626 expeten-

2150 1646 2341 1700 dorum
2385 1647 2568 1711 ﬁnem,
2602 1662 2707 1717 quo
2739 1648 2871 1702 nihil
2917 1649 3055 1703 ultra
3105 1658 3207 1713 est,
3245 1649 3618 1721 apprehendit,
3648 1665 3742 1720 po-

2150 1739 2510 1794 tentissimmn
2543 1755 2765 1795 necesse
2806 1749 2891 1796 est
2928 1742 3156 1811 jndices.
3188 1743 3263 1797 Ex
3296 1759 3402 1813 quo
3445 1745 3523 1810 ﬁt,
3551 1753 3576 1789 κ
3600 1744 3742 1814 Quod

2152 1832 2276 1886 huic
2307 1830 2542 1901 objacet,
2570 1843 2627 1887 ut
2652 1832 2813 1888 iidem
2854 1835 3093 1903 scelesti,
3136 1834 3298 1890 iidem
3332 1835 3533 1890 viribus
3570 1836 3743 1889 omni-

450 1931 743 1981 summum,
764 1917 954 1987 inquit,
982 1916 1205 1985 bonum,
1240 1919 1384 1989 quod
1417 1935 1571 1989 aeque
1600 1921 1757 1976 malis
1782 1921 2046 1993 bonisque
2074 1921 2123 1982 Β
2153 1923 2253 1977 bus
2283 1925 2564 1980 videantur
2610 1940 2732 1980 esse
2778 1925 3000 1982 deserti.
3033 1928 3191 1999 267
3238 1925 3349 1981 Cur
3386 1928 3529 1981 enim
3559 1927 3742 1982 relicta

449 2011 811 2083 propositum,
852 2011 979 2066 boni
1030 2012 1245 2082 quidem
1291 2013 1523 2068 naturali
1575 2013 1752 2069 ofﬁcio
1786 2016 2042 2072 virtutum

449 2116 640 2179 petunt
672 2123 688 2162 :
721 2107 848 2162 mali
888 2122 1019 2163 vero
1066 2108 1270 2163 variam
1328 2124 1421 2179 per
1470 2110 1842 2181 cupiditatem,
1899 2114 2043 2184 quod

451 2200 783 2271 adipiscendi
825 2201 953 2256 boni
1003 2202 1243 2256 naturale
1295 2201 1534 2258 ofﬁcium
1577 2220 1682 2259 non
1742 2218 1843 2271 est,
1901 2208 2041 2263 idem

450 2292 625 2363 ipsum
649 2301 919 2349 conantur
944 2292 1191 2362 adipisci.
1218 2293 1301 2349 An
1344 2304 1399 2349 tu
1428 2296 1584 2351 aliter
1612 2297 1920 2354 existimas?
1948 2299 2045 2355 Mi-

449 2388 615 2455 nime,
632 2386 713 2458 (5)
738 2386 994 2458 inquam°
1014 2401 1137 2442 nam
1170 2387 1353 2453 etiam,
1384 2389 1528 2459 quod
1558 2401 1639 2444 est
1677 2405 2036 2463 consequens,

450 2488 617 2550 patet.
650 2478 730 2534 Ex
761 2479 844 2533 liis
872 2479 1019 2535 enim
1044 2494 1165 2550 qua:
1185 2493 1593 2550 concesseram,
1618 2482 1789 2538 bonos
1820 2485 2038 2555 quidem

447 2581 717 2641 potentes,
762 2572 932 2627 malos
980 2587 1113 2627 vero
1156 2587 1279 2629 esse
1317 2588 1539 2629 necesse
1590 2584 1674 2629 est
1718 2577 2035 2633 imbecilles.

448 2664 634 2733 Recte,
683 2663 877 2733 inquit,
910 2666 1227 2734 praeeurris,
1260 2666 1440 2736 idque,
1470 2667 1543 2721 uti
1586 2667 1777 2723 medici
1817 2683 2041 2739 sperare

447 2762 646 2828 solent,
677 2760 932 2816 indicium
978 2769 1062 2816 est
1088 2771 1285 2818 erecta:
1312 2763 1444 2833 jam,
1483 2764 1897 2834 resistentisque
1942 2781 2040 2819 na-

447 2861 601 2908 turae.
635 2854 651 2884 ¹
683 2852 789 2909 Sed
821 2855 1076 2924 quoniam
1124 2864 1177 2908 te
1206 2854 1271 2909 ad
1316 2853 1725 2926 intelligendum
1754 2859 2043 2928 promptis-

447 2946 645 3001 simum
685 2961 808 3001 esse
849 2947 1148 3015 conspicio,
1186 2945 1454 3004 fcrebras
1503 2952 1833 3005 coacervabo
1879 2954 2045 3006 ratio-

447 3052 568 3095 nes.
611 3038 733 3109 (10)
769 3038 902 3093 Vide
948 3038 1091 3093 enim
1146 3049 1344 3109 quanta
1386 3041 1700 3095 vitiosorum
1765 3041 2041 3099 hominum

448 3137 631 3200 pateat
669 3128 976 3194 inﬁrmitas,
1024 3128 1112 3199 qui
1142 3144 1209 3183 ne
1238 3129 1304 3183 ad
1350 3129 1452 3186 hoc
1497 3130 1713 3199 quidem
1759 3133 2044 3200 pervenire

2150 2019 2349 2073 virtute
2399 2018 2523 2072 vitia
2575 2018 2925 2074 sectantur'.H
2970 2017 3259 2073 inscitiane
3297 2019 3598 2073 bonorum?
3646 2018 3741 2075 sed

2150 2113 2277 2185 quid
2302 2110 2328 2149 ιι
2351 2112 2664 2167 enervatins
2701 2111 3021 2179 ignorantia:
3064 2110 3345 2165 caecitate?
3375 2110 3453 2165 An
3487 2111 3742 2166 sectanda

2150 2208 2457 2264 noverunt?
2483 2207 2576 2263 sed
2600 2207 2621 2238 ³
2646 2218 2990 2262 transversos
3016 2220 3108 2261 eos
3138 2205 3302 2260 libido
3326 2205 3644 2274 praecipitat,
3666 2205 3743 2262 sic

2149 2316 2363 2370 quoque
2408 2300 2821 2371 intemperantia
2871 2298 3103 2369 fragiles,
3138 2297 3227 2369 qui
3258 2296 3272 2334 ί
3305 2298 3568 2353 obluctari
3609 2298 3743 2353 vitio

2147 2403 2443 2463 nequeunt.
2472 2392 2493 2423 ⁸
2526 2394 2606 2447 An
2638 2393 2894 2457 scientes,
2929 2392 3282 2460 volentesque
3310 2392 3508 2445 bonum
3537 2392 3616 2463 (5)
3646 2391 3742 2448 de-

2147 2496 2359 2550 serunt,
2391 2484 2457 2539 ad
2486 2484 2612 2540 vitia
2645 2484 3039 2539 deﬁectuntur?
3059 2483 3163 2539 Sed
3195 2483 3299 2538 hoc
3333 2485 3492 2539 modo
3524 2498 3632 2539 non
3661 2498 3743 2540 so-

2147 2581 2256 2635 lum
2289 2578 2557 2649 potenteis
2584 2587 2730 2642 esse,
2769 2578 2868 2634 sed
2901 2579 3121 2633 omnino
3152 2593 3274 2633 esse
3303 2577 3579 2632 desinunt.
3613 2577 3744 2633 Nam

2148 2675 2240 2746 qui
2297 2687 2641 2729 communem
2695 2672 2959 2738 omnium,
3002 2686 3120 2740 qua:
3169 2680 3313 2737 sunt,
3367 2670 3527 2724 ﬁnem
3582 2670 3744 2725 relin-

2150 2775 2339 2838 quunt,
2372 2766 2577 2836 pariter
2601 2779 2815 2835 quoque
2860 2779 2982 2819 esse
3019 2764 3306 2818 desistunt.
3331 2761 3484 2830 Quod
3525 2761 3744 2832 quidem

2151 2863 2382 2930 cuipiam
2426 2860 2620 2915 mirum
2646 2859 2785 2914 forte
2813 2858 3077 2921 videatur,
3108 2867 3166 2911 ut
3198 2856 3391 2923 malos,
3436 2857 3524 2925 qui
3567 2855 3745 2924 plures

2152 2954 2429 3008 hominum
2472 2962 2617 3017 sunt,
2660 2952 2880 3008 eosdem
2929 2965 3037 3005 non
3076 2964 3197 3004 esse
3234 2949 3513 3004 dicamus:
3541 2948 3633 3002 sed
3674 2948 3746 3002 ita

2151 3062 2275 3103 sese
2319 3062 2409 3103 res
2439 3047 2627 3101 habet.
2650 3046 2784 3101 Nam
2820 3046 2909 3115 qui
2954 3044 3081 3099 mali
3124 3050 3269 3109 sunt,
3301 3041 3415 3116 (10)
3453 3056 3548 3097 eos
3579 3041 3746 3096 malos

2154 3157 2277 3196 esse
2309 3157 2415 3196 non
2448 3140 2627 3196 abnuo
2654 3158 2668 3196 :
2699 3140 2817 3209 sed,
2849 3138 3069 3195 eosdem
3100 3153 3245 3202 esse,
3279 3152 3410 3208 pure
3432 3146 3592 3208 atque
3619 3136 3746 3190 sim-

448 3229 672 3293 queunt,
705 3220 773 3277 ad
800 3220 946 3292 quod
976 3236 1071 3277 eos
1100 3221 1363 3277 naturalis
1405 3221 1574 3289 ἀιιοίι,
1624 3238 1689 3279 ac
1732 3239 1867 3292 Pelle
1896 3240 2047 3280 com-
2078 3240 2122 3303 ρ
2157 3235 2368 3304 pliciter
2398 3249 2557 3305 nego.
2589 3233 2718 3289 Nam
2764 3233 2837 3289 uti
2885 3231 3121 3289 cadaver
3157 3231 3428 3286 hominem
3477 3237 3745 3284 mortuum

1806 3368 2242 3430 INTERPBETA
2254 3374 2385 3430 TIO.

526 3487 551 3515 η
583 3477 951 3534 Potentiorem.

522 3548 549 3588 δ
583 3550 827 3623 Quamvis
856 3551 1151 3623 conjectura
1179 3565 1440 3618 assequar.

529 3632 552 3660 ι·
581 3621 805 3676 Clarius.

522 3689 547 3727 ἀ
582 3692 811 3746 Dubitat.

526 3774 549 3800 ⁸
583 3764 741 3830 Quin.

2236 3489 2255 3527 τ
2287 3488 2624 3561 Erequentes.

2233 3572 2257 3607 κ
2288 3560 2339 3614 E
2341 3560 2514 3616 contra
2522 3566 2616 3617 rio.

2231 3630 2260 3669 ιι
2304 3632 2592 3701 lnﬁrmius.

2238 3704 2250 3740 ί
2294 3705 2566 3762 Resistere.

1988 3910 2216 3969 NOTAE.

452 4025 519 4080 ab
540 4023 720 4079 ofﬁcio
745 4021 1026 4078 discedens
1051 4031 1147 4077 aut
1170 4023 1418 4092 quiescat
1442 4033 1533 4078 aut
1560 4023 1807 4080 manibus
1827 4033 2037 4080 tantum

452 4098 630 4152 nitens
672 4094 938 4159 ambulet;
987 4093 1133 4162 prior
1181 4104 1396 4164 potens,
1447 4097 1712 4165 posterior
1755 4096 2038 4151 imbecillis

454 4168 731 4222 habendus
776 4176 878 4221 est.
919 4165 1078 4236 Atqui
1108 4179 1176 4220 ex
1206 4164 1348 4220 bono
1385 4164 1619 4239 ethan
1649 4168 1888 4231 homine,
1918 4169 2037 4239 qui-

451 4240 552 4295 bus
573 4241 641 4291 ab
669 4240 783 4307 ipso
807 4245 1013 4292 naturae
1038 4246 1261 4292 auctore
1289 4238 1638 4292 constitutum
1672 4251 1754 4292 est
1782 4241 1847 4292 ad
1891 4238 2035 4294 sum-

451 4326 594 4366 mum
625 4310 822 4364 bonum
856 4324 940 4374 ea,
972 4324 1131 4377 quam
1155 4307 1297 4362 Deus
1326 4310 1537 4377 utrique
1565 4313 1633 4364 ab
1661 4320 1780 4363 ortu
1810 4311 2038 4378 impres-

451 4382 543 4447 sit,
575 4382 935 4450 pr0pensione
977 4379 1227 4442 tendere;
1262 4380 1435 4433 bonus
1477 4380 1655 4435 ofﬁcio
1695 4396 1794 4435 suo
1823 4382 2039 4437 functus

451 4454 517 4507 ad
545 4467 811 4506 summum
844 4452 1040 4510 bonum
1086 4451 1276 4515 tendit,
1308 4451 1480 4504 malus
1502 4467 1633 4505 vero
1664 4468 1691 4504 a
1725 4468 1823 4505 suo
1859 4454 2039 4508 ofﬁcio

452 4523 721 4579 decedens
761 4532 851 4576 aut
882 4523 1104 4592 gradum
1136 4522 1299 4586 sistit,
1333 4532 1424 4575 aut
1453 4524 1615 4575 variis
1655 4524 2039 4591 cupiditatibus

453 4595 705 4665 abreptus
734 4594 800 4648 ad
832 4594 970 4648 bona
993 4594 1188 4665 caduca
1220 4592 1476 4665 deflectit.
1518 4594 1684 4663 Igitur
1742 4596 1912 4647 bonus
1949 4610 2042 4663 po-

456 4663 598 4728 tens,
618 4666 790 4720 malus
821 4680 951 4720 vero
972 4664 1259 4719 imbecillis
1285 4663 1567 4727 habeatur,
1604 4679 1827 4719 necesse
1859 4677 1964 4719 est.

526 4740 540 4769 ¹
576 4737 679 4792 Sed
716 4738 963 4803 quoniam
1005 4746 1082 4799 te,
1122 4733 1250 4805 etc.]
1281 4734 1367 4788 Ill.
1403 4738 1717 4805 Argumenti
1747 4751 1935 4805 genus.
1982 4737 2038 4792 Si

454 4824 558 4876 quo
604 4817 811 4877 spectet
846 4808 1093 4871 intentio,
1135 4806 1587 4869 consideraveris,
1632 4808 1757 4861 hinc
1797 4808 2040 4876 qumdam

454 4890 560 4933 tam
592 4882 875 4941 bonorum,
906 4893 1065 4949 quam
1090 4878 1353 4932 malorum
1381 4878 1584 4946 patebit
1605 4877 1921 4941 inﬁrmitas;
1947 4878 2044 4933 sed

454 4951 718 5005 malorum
770 4948 959 5018 major.
1010 4948 1395 5019 Utrorumque,
1438 4951 1676 5019 inquam,
1724 4949 1927 5017 patebit
1962 4952 2046 5004 in-

455 5024 681 5075 ﬁrmitas
719 5022 1018 5090 :quoniam
1073 5035 1196 5074 cum
1246 5020 1459 5089 utrique
1506 5023 1573 5074 ad
1631 5035 1900 5074 summum
1949 5021 2044 5076 bo-

456 5108 580 5147 num
625 5092 888 5160 aspirent,
944 5093 1048 5146 huc
1090 5093 1266 5146 neutri
1322 5094 1603 5160 pervenire
1645 5102 1888 5159 possunt,
1941 5093 2043 5149 nisi

454 5174 755 5234 praeeunte,
786 5164 1033 5226 ducente,
1070 5171 1162 5216 aut
1187 5162 1297 5218 fere
1328 5163 1686 5231 compellente
1716 5162 2038 5229 intentione,

455 5250 651 5305 magno
677 5236 768 5289 illo
794 5251 857 5289 ac
886 5250 1025 5305 pene
1054 5234 1249 5289 invicto
1277 5234 1565 5300 praeuntis
1596 5245 1801 5288 natura:
1828 5237 1910 5290 vel
1944 5252 2038 5305 po-

457 5304 558 5358 tius
597 5307 687 5361 Dei
719 5304 941 5370 auxilio,
971 5319 1129 5374 quam
1163 5304 1521 5359 intentionem
1557 5321 1587 5359 a
1622 5307 1730 5360 Deo
1767 5306 1834 5359 ad
1868 5304 2034 5361 Deum

456 5378 630 5446 ipsum
672 5377 1079 5448 adipiscendum
1110 5388 1469 5446 acceperunt:
1502 5392 1608 5448 quo
1636 5386 1812 5431 autem
1848 5380 2037 5447 majori

454 5464 590 5516 upus
617 5458 700 5503 est
742 5450 944 5503 auxilio
976 5447 1042 5502 ad
1082 5447 1553 5517 progrediendum,
1595 5464 1660 5503 eo
1692 5450 1926 5504 minores
1956 5451 2036 5503 vi-

454 5519 651 5590 dentur
681 5519 1058 5590 progrediendi
1086 5520 1245 5573 vires.
1282 5523 1348 5573 At
1387 5520 1560 5589 major
1590 5521 1852 5574 malorum
1886 5530 2039 5589 pate-

454 5589 531 5643 bit
560 5588 842 5645 inﬁrmitas
866 5609 881 5649 :
912 5590 1051 5645 sicut
1077 5592 1218 5645 enim
1248 5606 1312 5644 ex
1339 5591 1550 5646 duobus
1574 5588 2036 5660 proﬁciscentibus

456 5662 546 5732 ilie
575 5663 868 5731 potentior,
903 5663 991 5730 qui
1033 5662 1284 5721 incedens
1327 5663 1393 5715 ad
1435 5678 1558 5717 eum
1590 5677 1761 5731 usque
1799 5662 2043 5732 pervenit

452 5731 658 5800 locum,
700 5734 839 5787 ultra
868 5747 1026 5803 quem
1061 5733 1309 5803 progredi
1353 5749 1460 5787 non
1490 5735 1643 5796 licet;
1674 5735 1762 5790 ille
1792 5731 1920 5788 vero
1960 5732 2043 5785 in—

455 5811 687 5867 numer.
717 5805 809 5875 qui
840 5806 908 5858 ab
934 5818 1020 5869 eo,
1049 5804 1115 5858 ad
1148 5820 1304 5875 quem
1338 5805 1618 5874 pervenire
1647 5805 1893 5867 intendit,
1924 5804 2044 5859 loco

457 5874 763 5938 deﬂectens
796 5890 863 5930 ue
891 5876 1039 5937 illum
1077 5874 1290 5945 quidem
1327 5875 1538 5943 attingit
1566 5875 1751 5929 “locum
1785 5876 1851 5930 ad
1881 5891 2039 5946 quem

455 5966 641 6010 errore
683 5970 781 6011 suo
821 5946 1104 6016 iidebatur
1138 5946 1260 6007 duci
1292 5964 1303 5999 :
1337 5948 1412 6006 ita
1443 5946 1587 6015 boni,
1640 5957 1823 6020 utpote
1854 5948 1941 6030 qui
1976 5948 2040 6006 ad

2067 4348 2122 4411 D

2152 4028 2397 4082 ultimum
2442 4028 2627 4091 ﬁnem,
2677 4025 3035 4096 compellente
3072 4033 3250 4079 tamen
3289 4026 3421 4091 Deo,
3467 4024 3748 4092 accedunt,

2151 4101 2516 4168 potentiores;
2550 4097 2676 4152 mali
2701 4112 2852 4161 vero,
2886 4107 3069 4166 utpote
3091 4096 3209 4165 qui,
3236 4097 3368 4151 nihil
3396 4097 3642 4151 obstante
3671 4099 3749 4151 in-

2148 4172 2249 4225 sita
2295 4172 2679 4239 pr0pensione,
2720 4171 2789 4223 ab
2821 4171 3009 4224 ultimo
3054 4168 3159 4223 ﬁne
3196 4168 3509 4223 aberrantes
3542 4185 3607 4222 ne
3638 4170 3750 4222 haec

2149 4243 2366 4311 quidem
2420 4243 2687 4311 attingunt
2730 4243 2891 4306 bona,
2939 4240 3130 4310 quibus
3181 4252 3367 4294 noctes
3405 4240 3633 4311 diesque
3671 4240 3749 4293 in-

2150 4315 2323 4377 hiant,
2362 4312 2688 4366 inﬁrmiores
2732 4323 2860 4368 sunt
2888 4330 2900 4366 :
2926 4312 3067 4380 quod
3106 4313 3403 4368 attendenti
3455 4312 3519 4365 ad
3560 4325 3750 4366 causas

2150 4383 2460 4453 hujusmodi
2490 4385 2692 4437 err0ris
2722 4385 2892 4454 magis
2923 4399 2985 4438 ac
3026 4385 3199 4451 magis
3240 4384 3444 4451 patebit
3476 4401 3488 4436 :
3516 4398 3636 4437 nam
3665 4382 3748 4437 vel

2147 4458 2273 4508 mali
2313 4456 2579 4510 recedunt
2620 4456 2688 4507 ab
2732 4471 2818 4517 eo,
2855 4469 2962 4524 quo
3014 4456 3171 4508 insita
3217 4455 3428 4509 illorum
3473 4455 3750 4507 inclinatio

2148 4526 2289 4582 ferre
2336 4526 2570 4588 videtur,
2628 4527 2989 4593 ignoratione,
3050 4527 3130 4579 vel
3184 4526 3610 4595 perturbatione,
3659 4524 3743 4579 vel

2148 4599 2373 4653 scientia
2408 4598 2816 4667 voluntateque.

2221 4694 2242 4722 ³
2275 4687 2616 4760 InscitianeP]
2648 4690 2756 4745 Seu
2792 4691 2915 4745 honi
2940 4690 3077 4753 veri,
3122 4704 3149 4740 a
3177 4703 3285 4759 quo
3314 4687 3611 4753 recedunt;
3651 4703 3748 4744 seu

2150 4762 2279 4817 boni
2313 4761 2555 4818 ementiti
2590 4760 2656 4815 ad
2689 4761 2831 4829 quod
2857 4760 3158 4816 accedunt?
3187 4761 3284 4815 sed
3315 4760 3666 4830 ignoratione,
3691 4770 3751 4818 ut

2150 4843 2278 4903 pote
2306 4848 2425 4903 qua:
2450 4832 2582 4887 nihil
2613 4843 2714 4897 est,
2743 4834 2873 4888 nihil
2909 4834 3193 4887 infirmius.
3224 4832 3329 4887 Au.

2225 4928 2247 4957 ³
2277 4926 2614 4982 Transverso:
2663 4944 2749 4981 eos
2795 4926 2955 4980 libido
2999 4924 3347 4999 prwcipitat?]
3389 4926 3502 4981 Hoc
3540 4937 3748 4999 est,an

2151 4999 2597 5070 perturbatione?
2642 5011 2697 5053 at
2731 5002 2832 5053 hoc
2863 5012 3113 5068 magnum
3147 5008 3227 5052 est
3258 4998 3627 5069 argumentum
3660 4998 3747 5053 in-

2150 5072 2407 5126 ﬁrmioris
2437 5072 2655 5135 mentis,
2684 5071 3033 5140 quippequm
3068 5070 3319 5139 mancipii
3348 5070 3590 5140 corporis
3620 5086 3744 5124 mo-

2151 5144 2293 5197 tibus
2325 5144 2465 5197 victa
2494 5142 2836 5204 obsequitur.

2225 5234 2246 5263 ⁸
2277 5236 2356 5287 An
2396 5234 2607 5288 scientes
2648 5234 2971 5304 volentesque
3014 5232 3200 5286 bonum
3246 5231 3504 5297 deserunt,
3532 5233 3599 5285 ad
3629 5232 3749 5286 uitia

2150 5305 2553 5378 deﬂectuntur?]
2595 5303 2700 5359 Sed
2757 5303 3080 5378 hoc_m_odo
3133 5318 3237 5357 non
3287 5304 3459 5378 solum
3504 5312 3750 5378 potentes

2145 5374 2290 5439 esse,
2333 5377 2425 5429 sed
2460 5374 2678 5431 omnino
2705 5390 2827 5430 esse
2865 5375 3139 5441 desinunt,
3173 5391 3277 5430 non
3314 5375 3530 5445 quidem
3562 5374 3737 5442 quoad

2148 5462 2260 5501 rem
2291 5457 2536 5515 spectat:
2571 5447 2797 5515 improbi
2832 5448 2974 5501 enim
3014 5446 3089 5501 illi
3130 5460 3345 5516 semper
3371 5462 3437 5499 ex
3472 5454 3651 5499 inente
3683 5454 3737 5498 et

2145 5531 2394 5587 corpore,
2424 5518 2628 5573 duabus
2653 5518 2815 5572 rebus
2844 5518 2985 5573 inter
3015 5532 3074 5571 se
3100 5517 3705 5585 conjunctis,‘constant
3730 5537 3741 5569 :

2146 5592 2240 5643 sed
2263 5590 2437 5659 quoad
2463 5590 2677 5643 modum
2701 5591 2892 5644 attinet
2912 5608 2925 5643 :
2943 5604 3064 5644 cum
3096 5588 3238 5643 enim
3265 5588 3407 5643 Deus
3426 5603 3539 5659 non
3567 5590 3742 5641 minus

2153 5660 2225 5714 sit
2257 5657 2376 5714 linis
2408 5660 2629 5715 ultimus
2665 5661 2861 5715 mentis
2888 5663 3160 5723 humanae,
3189 5674 3346 5728 quam
3389 5657 3628 5727 ejusdem
3665 5669 3748 5713 est

2156 5733 2324 5799 prima
2356 5746 2553 5795 causa;
2600 5740 2657 5785 ut
2698 5748 2852 5787 mens
2881 5732 3112 5786 humana
3152 5729 3358 5784 dicatur
3400 5746 3522 5783 esse
3555 5744 3748 5783 secun-

2155 5803 2278 5857 dum
2308 5802 2546 5869 modum,
2572 5803 2688 5858 haec
2715 5804 2780 5857 ad
2805 5803 2972 5858 Deum
2995 5802 3155 5857 debet
3182 5801 3401 5856 tendere
3424 5811 3479 5855 ut
3507 5801 3743 5862 notione.

2153 5874 2232 5928 sic
2283 5876 2580 5928 voluntaria
2624 5876 3007 5945 pr0pensione,
3052 5887 3159 5945 quo
3200 5875 3365 5938 modo
3406 5874 3637 5945 improbi
3677 5873 3744 5939 ad

2157 5945 2320 6003 Deum
2356 5961 2458 6004 non
2488 5947 2731 6004 tendunt.
3078 5952 3079 5955 ‘
