4290 6258
511 384 615 441 795

1742 379 1854 434 AN.
1896 377 2104 433 MANL.
2145 377 2296 435 SEV.
2341 378 2562 435 DOE'I'II
3672 368 3765 421 .96

507 499 737 567 dixeris,
784 498 1099 569 simpliciter
1145 510 1274 553 vero
1316 496 1587 552 hominem
1641 495 1910 566 appellare
1969 507 2073 547 non
2105 494 2355 553 'Aomnis
2395 496 2629 565 pctentia
2668 492 2969 565 expetenda
3016 498 3118 546 est.
3154 490 3343 560 Liquet
3384 489 3546 560 igitur
3595 494 3763 545 mulo-

510 596 687 664 possis
712 612 727 653 ;
752 593 825 649 ita
852 596 1092 659 vitiosos,
1111 594 1282 648 malos
1306 593 1526 661 quidem
1550 605 1671 646 esse
1696 588 2081 653 concesserim,

507 687 605 743 sed
637 701 757 742 esse
785 687 1028 742 absolute
1052 700 1313 755 nequeam
1342 684 1603 740 conﬁteri.
1632 683 1726 737 Est
1752 683 1920 747 enim,
1944 681 2084 751 quod

506 778 749 835 ordinem
790 780 1008 844 retinet,
1052 786 1338 848 servatque
1375 786 1619 831 naturam
1648 774 1830 846 :quod
1863 788 1993 828 vero
2019 773 2087 826 ab

514 871 614 925 hac
655 870 859 938 deﬁcit,
902 884 1023 924 esse
1069 869 1254 935 etiam,
1288 869 1402 938 (15)
1427 877 1453 905 ι
1483 868 1626 937 quod
1663 870 1716 922 in
1760 881 1854 921 sua
1897 874 2086 919 natura

506 962 666 1018 situm
693 970 797 1028 est,
833 960 1174 1030 derelinquit.
1222 960 1325 1015 Sed
1358 969 1605 1031 possunt,
1649 959 1883 1029 inquies,
1914 957 2039 1012 mali
2067 974 2080 1012 :

510 1068 611 1109 nec
640 1066 739 1123 ego
760 1051 974 1123 quidem
1006 1052 1349 1121 negaverim;
1377 1051 1472 1106 sed
1500 1051 1613 1106 haec
1633 1065 1818 1105 eorum
1845 1050 2085 1119 potentia

506 1160 661 1206 nona
683 1145 909 1213 viribus,
940 1144 1036 1200 sed
1066 1145 1134 1199 ab
1150 1145 1512 1201 imbecillitate
1532 1142 1831 1199 descendit.
1857 1142 2089 1197 Possunt

506 1240 649 1295 enim
688 1241 849 1302 mala.
887 1254 1007 1309 quae
1045 1239 1268 1295 minime
1308 1240 1570 1307 valerent,
1618 1240 1663 1293 si
1715 1239 1769 1293 in
1818 1238 2084 1292 bonorum

505 1332 799 1387 efﬁcientia
834 1346 1055 1388 manere
1099 1331 1417 1400 potuissent.
1459 1330 1589 1399 Quae
1629 1330 1955 1399 possibilitas
1993 1344 2089 1385 eos

506 1424 808 1478 evidentius
863 1422 994 1478 nihil
1049 1439 1241 1492 posset,
1286 1424 1641 1479 demonstrat.
1669 1424 1685 1454 ¹
1712 1423 1843 1477 Nam
1894 1424 1977 1490 si,
2014 1425 2090 1479 uti

510 1514 671 1585 paulo
708 1524 831 1570 ante
862 1515 976 1585 (20)
1009 1516 1343 1585 collegimus,
1397 1518 1595 1572 malum
1638 1517 1772 1573 nihil
1819 1526 1921 1584 est,
1964 1532 2089 1573 cum

508 1607 879 1661 tantummodo
908 1608 1134 1675 possint,
1178 1608 1308 1662 nihil
1338 1610 1503 1680 268
1532 1623 1693 1676 posse
1723 1610 2000 1679 improbos
2029 1612 2091 1664 ii—

508 1705 656 1768 quet.
703 1697 1049 1767 Perspicuum
1091 1710 1193 1753 est.
1237 1700 1412 1769 Atque
1440 1710 1499 1755 ut
1530 1701 1816 1772 intelligas,
1845 1717 2088 1771 quaenam

507 1792 577 1845 sit
603 1791 760 1862 hujus
794 1792 1046 1861 potentia:
1088 1794 1195 1859 vis,
1237 1808 1446 1848 summo
1482 1794 1623 1850 bono
1658 1795 1790 1849 nihil
1820 1797 2093 1865 potentius

508 1882 669 1953 paulo
700 1891 827 1938 ante
868 1883 1227 1939 deﬁnivimus.
1261 1884 1332 1939 ita
1373 1895 1493 1951 est,
1512 1887 1749 1956 inquam.
1787 1886 1892 1942 Sed
1922 1887 2086 1955 idem,
2118 1880 2169 1942 B

506 1975 702 2045 inquit,
732 1974 910 2030 facere
933 1976 1130 2030 malum
1160 1976 1363 2047 nequit.
1396 1977 1640 2033 Minime.
1671 1978 1767 2034 Est
1793 1978 1975 2049 igitur,
2008 1982 2090 2034 in-

507 2072 643 2139 quit,
691 2067 902 2138 aliquis,
945 2069 1036 2139 qui
1074 2070 1255 2124 omnia
1302 2084 1461 2138 posse
1505 2071 1751 2125 homines
1780 2072 1860 2141 (5)
1905 2074 2092 2141 putet?

508 2158 617 2215 Nisi
648 2161 736 2231 qui
768 2160 1020 2228 insaniat,
1065 2175 1246 2217 nemo.
1280 2162 1441 2233 Atqui
1481 2162 1643 2218 iidem
1671 2175 1899 2233 possunt
1927 2166 2086 2220 mala.

509 2250 723 2307 Utinam
751 2251 988 2322 quidem,
1032 2253 1274 2323 inquam,
1316 2269 1423 2309 non
1459 2264 1698 2325 possent.
1742 2255 1876 2311 Cum
1908 2256 2089 2328 igitur,

509 2344 770 2401 bonorum
823 2347 1190 2402 tantummodo
1241 2356 1460 2419 potens,
1508 2349 1677 2417 possit
1720 2348 1929 2415 omnia;
1982 2364 2090 2406 non

510 2454 638 2494 vero
662 2450 857 2508 queant
876 2443 1054 2496 omnia
1083 2450 1326 2511 potentes
1352 2444 1511 2499 etiam
1537 2444 1797 2500 malorum
1817 2464 1828 2498 :
1845 2446 2084 2513 eosdem,

510 2532 599 2602 qui
627 2532 764 2587 maia
792 2542 1038 2603 possunt,
1075 2535 1253 2590 minus
1281 2550 1439 2604 posse
1476 2534 1815 2591 manifestum
1842 2546 1946 2593 est.
1976 2538 2091 2596 Huc

512 2626 738 2691 accedit,
769 2625 913 2693 quod
940 2640 1153 2680 omnem
1180 2627 1474 2697 potentiam
1505 2628 1644 2681 inter
1661 2628 1967 2697 expetenda
1991 2645 2090 2685 nu-

512 2715 848 2781 merandam,
882 2716 996 2789 (10)
1025 2719 1313 2789 omniaque
1343 2719 1641 2789 expetenda
1668 2721 1860 2777 referri
1887 2723 1953 2778 ad
1995 2723 2091 2778 bo-

513 2824 666 2872 num,
694 2810 841 2865 velut
860 2810 927 2865 ad
950 2811 1216 2883 quoddam
1244 2821 1448 2868 natura:
1482 2828 1591 2868 suae
1612 2829 1889 2883 cacumen,
1912 2825 2095 2873 osten.

513 2901 710 2959 dimus.
742 2902 847 2958 Sed
872 2905 896 2941 δ
920 2905 1164 2974 patrandi
1194 2907 1418 2962 sceleris
1440 2907 1764 2976 possibilitas
1792 2908 1982 2966 referri
2024 2911 2090 2965 ad

516 2994 713 3051 bonum
740 3011 850 3052 non
872 3006 1070 3068 potest.
1111 2997 1424 3072 Expetenda
1449 2999 1611 3071 igitur
1648 3017 1758 3058 non
1785 3013 1888 3059 est.
1929 3006 2092 3063 Alani

2192 604 2309 644 rum
2340 589 2747 660 possibilitatem
2792 601 2899 641 non
2943 599 3064 640 esse
3104 584 3417 654 putentiam.
3452 583 3530 639 Ex
3576 584 3768 653 quibus

2191 682 2439 736 omnibus
2482 681 2744 735 bonorum
2783 678 2999 749 quidem
3037 677 3297 747 potentia,
3326 676 3592 733 malorum
3638 691 3771 733 vero

2196 774 2308 844 (ίὸ)
2352 774 2577 829 minime
2606 772 2920 827 dubitabilis
2957 780 3183 843 apparet
3218 771 3522 826 inﬁrmitas.
3548 770 3769 828 Veram-

2192 881 2293 934 que
2338 866 2481 920 illam
2508 876 2530 904 ο
2563 865 2800 919 Platonis
2826 879 2950 920 esse
2990 866 3311 921 sententiam
3354 866 3543 935 liquet,
3590 867 3771 936 solos,

2192 959 2332 1030 quod
2374 959 2701 1024 desiderent,
2731 958 2910 1013 facere
2950 972 3109 1027 posse
3151 958 3463 1028 sapientes:
3496 959 3763 1029 improbat

2194 1066 2322 1107 vero
2359 1067 2616 1109 exercere
2644 1051 2857 1120 quidem
2889 1046 3031 1120 quod
3074 1052 3256 1115 libeat,
3287 1052 3434 1123 quod
3465 1065 3598 1108 vero
3629 1052 3744 1108 desl

2194 1144 2403 1208 derent,
2450 1144 2668 1212 explere
2697 1158 2804 1198 non
2834 1157 3012 1213 posse.
3056 1142 3281 1198 Faciunt
3309 1143 3453 1199 enim
3499 1144 3769 1223 quaelibe',

2194 1239 2320 1294 dum
2351 1254 2446 1308 per
2469 1254 2555 1306 ea,
2577 1239 2769 1307 quibus
2795 1238 3154 1304 delectantur,
3186 1236 3237 1292 id
3259 1237 3479 1305 bonum,
3509 1238 3650 1309 quod
3674 1240 3769 1295 de-

2195 1333 2453 1397 siderant,
2488 1347 2548 1387 se
2574 1332 2865 1403 adepturus
2894 1339 3108 1401 putant;
3142 1331 3239 1386 sed
3268 1330 3491 1387 minime
3515 1331 3631 1403 (ευ)
3656 1330 3769 1386 adi-

2196 1425 2493 1495 piscuntur,
2538 1423 2791 1495 quoniam
2839 1423 2906 1479 ad
2947 1421 3591 1495 beatitudinemdprobra
3647 1438 3754 1481 non

2194 1520 2433 1575 veniunt.

2676 1654 2838 1727 269
2862 1652 3153 1711 uernum
3184 1662 3198 1678 ·
3234 1656 3295 1711 ιι.

2195 1772 2584 1845 Ancuumfwu.
2614 1802 2685 1813 —
2713 1772 3053 1845 Phitowphia
3092 1774 3388 1843 praedictam
3427 1773 3775 1845 improborum

2266 1844 2615 1910 inﬁrmitatem
2641 1844 2872 1912 exemplo
2897 1844 3226 1913 conﬁrmans,
3261 1844 3477 1898 ostendit
3531 1854 3776 1913 tyrannos

2268 1916 2403 1983 sede,
2435 1925 2584 1981 veste,
2616 1914 2793 1981 armis,
2828 1916 2991 1978 vultu,
3022 1914 3306 1983 aﬂ'ectuque
3346 1913 3612 1978 terribiles,
3654 1921 3776 1983 quot

2269 1986 2747 2055 perturbationibus,
2786 1985 2995 2040 totidem
3021 1986 3238 2040 dominis
3277 1985 3500 2039 subditos
3538 1985 3774 2056 opprimi.

2409 2080 2555 2146 Quos
2584 2080 2735 2133 vides
2766 2079 2953 2133 sedere
2981 2078 3151 2133 celsos

2480 2168 2610 2225 Solii
2637 2168 2869 2224 culmine
2900 2183 3075 2237 reges,

2409 2262 2648 2331 Purpura
2676 2261 2848 2316 claros
2876 2261 3100 2326 nitente,

2482 2354 2678 2423 Septos
2704 2354 2940 2411 tristibus
2969 2354 3153 2417 armis,

2338 2450 2372 2505 5
2411 2449 2517 2503 Ore
2540 2459 2689 2503 torvo
2717 2448 3107 2502 comminantes

2484 2541 2651 2596 Babie
2675 2539 2855 2595 cordis
2883 2539 3135 2602 anhelos;

2422 2628 2677 2691 Detrahat
2696 2633 2742 2688 si
2772 2634 2889 2704 quis
2916 2633 3160 2702 superbis

2484 2727 2618 2782 Vani
2650 2726 2881 2796 tegmina
2909 2725 3104 2795 cultus,

2419 2821 2535 2877 iam
2568 2820 2767 2875 videbit
2793 2820 2935 2874 intus
2959 2828 3135 2875 arctas

2310 2914 2376 2970 10
2482 2912 2739 2968 Dominos
2766 2909 2908 2966 ferre
2936 2920 3174 2966 catenas.

2412 3005 2575 3075 £70
2601 3002 2735 3057 Hinc
2758 3002 2900 3058 enim
2931 3001 3095 3057 libido
3121 3012 3303 3058 versat

1866 3116 2443 3175 ΙΝΤΕΒΡΒΕΤΑΤΙΟ.

589 3236 616 3296 ξι
648 3225 835 3290 Quoad
862 3234 1046 3296 potest.

590 3294 617 3334 δ
648 3294 891 3350 Potentia
920 3296 1189 3367 peccandi.

592 3376 614 3404 ο
648 3368 699 3420 In
728 3368 921 3435 Gorgia
951 3379 1004 3421 et
1035 3368 1308 3425 Alcibiade
1346 3370 1550 3438 primo;
1582 3369 1722 3423 unde
1756 3368 1971 3425 Boetius
2007 3369 2086 3424 vi-

517 3438 672 3494 detur
699 3452 798 3491 sua
836 3438 947 3490 haec
970 3440 1234 3493 rationum
1259 3450 1525 3495 momenta
1558 3440 1819 3495 hausisse.

585 3507 611 3544 ά
639 3508 810 3576 Quam
841 3517 1017 3563 tamen
1049 3508 1298 3578 improbi,
1316 3511 1474 3566 etiam
1498 3509 1767 3580 peccando
1789 3551 1804 3576 ,
1826 3518 2100 3580 expetunt.

2280 3228 2419 3292 Quos
2448 3226 2702 3297 principes
2732 3224 2895 3279 cernis
2923 3225 3092 3278 sedere
3121 3224 3357 3278 sublimes
3386 3224 3437 3276 in
3473 3222 3672 3295 fastigio
3700 3239 3777 3276 se-

2207 3298 2287 3352 dis
2308 3304 2481 3369 regite,
2506 3298 2799 3366 splendidos
2828 3306 2961 3349 ostro
2984 3297 3224 3364 fulgente,
3251 3297 3462 3369 stipatos
3488 3299 3640 3347 armis
3666 3310 3780 3369 cru-

2208 3365 2426 3436 delibus,
2450 3371 2669 3421 minaces
2700 3369 2841 3421 vultu
2864 3381 3076 3431 aspero,
3125 3369 3336 3436 percitos
3377 3365 3551 3433 furore
3590 3365 3779 3427 cordis,

2211 3441 2279 3493 ab
2308 3440 2391 3493 his
2420 3440 2773 3509 arrogantibus
2801 3440 2842 3491 si
2864 3438 2977 3506 quis
3002 3437 3203 3509 auferat
3232 3435 3483 3509 velamina
3506 3437 3785 3489 ornamenti

2212 3511 2413 3578 inanis,
2447 3499 2617 3564 statim
2644 3499 3006 3565 animadvertat
3050 3499 3142 3562 Iios'
3185 3499 3440 3578 principes
3486 3509 3784 3561 intrinsecus

2048 3621 2275 3678 NOTAE).

589 3716 606 3746 ί
641 3714 782 3789 Nam
804 3716 1070 3789 simalum
1100 3719 1347 3789 nihilost,
1372 3718 1500 3789 etc.]
1526 3717 1784 3772 Praedicta
1818 3717 2087 3787 improbo—
2112 3715 2163 3779 Ο
2201 3719 2341 3783 quod
2397 3720 2885 3787 perturbationibus
2929 3722 3041 3774 suis
3090 3718 3213 3771 victi
3267 3718 3349 3771 his
3394 3716 3740 3782 subjiciantur
3770 3734 3783 3767 :

520 3798 631 3843 rum
676 3785 957 3841 inﬁrmitas
1003 3788 1309 3843 conﬁrmari
1356 3785 1525 3857 potest
1576 3804 1641 3843 ex
1680 3798 1865 3843 natura
1897 3785 2088 3856 'ipsius

520 3858 664 3925 mali,
694 3873 759 3911 ex
788 3867 1048 3925 potestate
1071 3860 1183 3927 Dei,
1208 3869 1261 3913 et
1285 3874 1346 3914 ex
1371 3860 1607 3927 appetitu
1631 3860 1798 3929 ipsius
1828 3860 2088 3913 hominis:

521 3930 576 3983 1“
605 3929 815 4001 quidem
846 3945 910 3984 ex
942 3940 1127 3984 natura
1164 3931 1325 3999 ipsius
1353 3932 1514 3985 mali:
1550 3946 1669 3984 nam
1705 3934 1794 4001 qui
1836 3932 1968 3985 nihil
2000 3945 2092 4000 po-

522 4008 648 4071 test,
677 3999 765 4054 i!le
801 4016 904 4054 non
935 4012 1125 4067 potens
1153 4002 1246 4055 sed
1277 4006 1451 4071 potius
1482 3999 1746 4071 impotens
1788 4002 1970 4056 haberi
1995 3999 2091 4055 de-

522 4068 611 4142 bet
638 4088 650 4121 :
677 4072 767 4125 sed
796 4073 1072 4141 improbus
1113 4073 1243 4125 nihil
1271 4068 1447 4142 potest
1477 4092 1488 4125 :
1516 4068 1947 4142 quandoquidem
1976 4086 2090 4125 ma-

522 4141 653 4204 lum,
684 4143 824 4210 quod
868 4158 1025 4210 posse
1051 4141 1285 4205 dicitur,
1312 4159 1375 4197 ex
1419 4141 1576 4199 dictis
1616 4141 1886 4207 nihil’est;
1920 4144 1985 4197 2°
2026 4157 2095 4197 ex

523 4221 788 4281 potestate
812 4214 902 4268 Dei
933 4232 946 4266 :
977 4216 1098 4281 quia
1129 4214 1379 4283 quidquid
1408 4225 1491 4270 est
1524 4217 1795 4283 potentiae,
1822 4215 1951 4268 illttd
1987 4214 2096 4269 Deo

525 4284 773 4338 convenit
797 4303 808 4336 :
842 4285 1100 4353 siquidem
1132 4284 1271 4339 Deus
1300 4297 1383 4339 est
1410 4301 1677 4339 summum
1707 4287 1926 4350 bonum,
1954 4285 2094 4355 quod

524 4369 684 4422 supra
717 4356 994 4423 probatum
1033 4365 1115 4410 est
1142 4370 1263 4410 esse
1306 4357 1662 4423 omnipotens.
1716 4356 1819 4412 Sed
1853 4356 1961 4411 Deo
1991 4370 2096 4410 non

525 4427 800 4491 convenit,
826 4426 965 4494 quod
994 4427 1356 4496 improborum
1384 4438 1486 4491 est,
1518 4442 1674 4495 posse
1703 4428 1899 4481 malum
1932 4427 2098 4480 talio-

526 4496 613 4565 qui
648 4511 751 4549 nou
783 4506 925 4552 esset
951 4512 1219 4551 summum
1254 4498 1449 4551 bonum
1478 4517 1489 4551 ε
1526 4500 1683 4567 igitur
1730 4499 1860 4551 nihil
1894 4508 1975 4552 est
1997 4512 2099 4564 ,μθ-

527 4568 708 4620 tentiae
730 4568 781 4621 in
814 4569 953 4621 maio
980 4570 1220 4637 adeoque
1246 4585 1342 4623 nec
1368 4570 1418 4623 in
1444 4569 1687 4635 improbo
1714 4570 1945 4632 homine,
1974 4582 2100 4637 qua-

529 4647 684 4691 tenus
714 4639 797 4693 liic
823 4640 1096 4708 improbus
1126 4650 1235 4703 est;
1277 4641 1333 4694 5°
1364 4656 1428 4693 ex
1466 4641 1703 4709 appetitu
1733 4641 1899 4707 ipsius
1930 4640 2102 4692 homi-

529 4709 614 4792 nis
642 4709 1111 4792 :Anaquuidquid
1158 4711 1323 4792 habet
1364 4710 1928 4792 rationempotentim,
1973 4709 2101 4792 illud

533 4780 692 4833 habet
738 4778 1015 4835 rationem
1048 4783 1168 4835 boni
1212 4782 1450 4852 adeOQue
1493 4778 1671 4849 expeti
1722 4791 1917 4847 potest,
1955 4788 2008 4835 et
2036 4778 2102 4833 ad

531 4864 799 4922 summum
823 4853 1040 4917 bonum,
1064 4852 1215 4922 cujus
1244 4856 1414 4920 gratia
1440 4861 1758 4921 expetuntur
1780 4854 1977 4914 omnia,
2012 4866 2102 4920 po-

532 4930 637 4973 test
664 4920 873 4975 referri.
898 4925 1055 4991 Atqui
1084 4920 1324 4987 patrandi
1346 4920 1566 4977 sceleris
1590 4923 1832 4985 facultas,
1862 4937 1963 4989 qua
1987 4924 2101 4975 sola

534 4991 768 5066 gloriari
806 5002 979 5059 potest
1025 4993 1321 5060 improbus,
1374 4996 1572 5047 nullam
1632 4992 1794 5066 habet
1842 4993 2104 5047 ratiOnem

534 5062 945 5130 boni,'adeoque
990 5066 1167 5129 espeti
1218 5080 1321 5117 non
1363 5074 1560 5132 potest,
1591 5078 1689 5117 nec
1732 5063 1797 5116 ad
1837 5076 2105 5117 summum

538 5133 733 5185 bonum
762 5133 948 5187 referri
980 5152 993 5191 ε
1022 5145 1073 5187 ιιι
1097 5135 1289 5202 cuique
1318 5134 1610 5189 attendenti
1642 5141 1808 5203 patet.

609 5204 740 5269 Qua:
769 5205 946 5258 omnia
975 5205 1356 5259 confirmantur
1378 5207 1700 5261 auctoritate
1730 5204 1991 5267 Platonis,
2021 5206 2109 5272 qui

539 5274 592 5329 in
614 5275 805 5343 Gorgia
838 5285 891 5329 et
913 5276 1185 5329 Alcibiade
1211 5278 1497 5346 maximam
1528 5288 1729 5344 partem
1760 5290 1970 5339 eorum,
1992 5292 2111 5346 qua:

539 5347 591 5399 in
626 5346 721 5399 hac
740 5349 980 5402 oratione
1006 5347 1142 5401 dicta
1172 5357 1319 5409 sunt,
1348 5345 1595 5402 docuisse
1623 5348 1853 5402 videtur.

614 5420 627 5437 ‘
646 5416 870 5473 Carmen
892 5428 1143 5473 constans
1162 5433 1226 5472 ex
1243 5418 1439 5487 duplici
1460 5434 1657 5487 genere
1680 5434 1925 5472 \ersuum
1950 5417 2114 5474 alter-

540 5504 754 5555 norunt,
782 5506 1008 5559 quorum
1042 5490 1186 5558 prior
1210 5504 1277 5543 es
1306 5500 1535 5559 quatuor
1566 5488 1843 5554 trochzeis,
1874 5490 2114 5559 spondeo

539 5561 822 5630 aliquando
844 5561 1239 5631 permutandis;
1274 5562 1536 5628 posterior
1561 5576 1626 5615 ex
1662 5561 1832 5615 tribus
1862 5561 2112 5629 pedibus,

541 5645 734 5700 nempe
766 5637 1009 5701 Spondeo
1049 5633 1131 5688 vel
1167 5643 1473 5701 anapaesto,
1524 5632 1735 5702 dactylo
1779 5642 1833 5687 et
1876 5632 2115 5701 spondeo

540 5714 767 5757 εθιιειιιι.
994 5742 1000 5749 ι

596 5773 634 5829 ,1
666 5783 718 5824 et
742 5772 800 5825 2.
831 5773 970 5839 Quos
994 5776 1134 5830 uides
1153 5774 1340 5845 reges.]
1368 5774 1709 5845 Philosophia
1733 5776 1962 5841 amplius
1988 5788 2113 5843 pro-

544 5841 728 5895 batura
772 5845 941 5913 malos
970 5859 1092 5898 esse
1132 5841 1406 5910 inﬁrmos,
1435 5841 1671 5899 ostendit
1703 5846 1865 5899 etiam
1916 5841 2115 5913 princi-

542 5924 637 5985 pes
662 5914 749 5980 qui
780 5912 934 5979 vulgo
963 5914 1225 5967 habentur
1249 5914 1542 5982 fortissimi,
1570 5916 1621 5971 in
1652 5918 1752 5970 hoc
1777 5912 2115 5987 impotentes,

2198 3800 2483 3857 propterea
2524 3792 2833 3845 earumdem
2881 3791 3177 3857 principum
3211 3798 3529 3857 poteSIatem
3563 3791 3788 3853 primum

2195 3863 2570 3942 coinmendat;
2606 3862 2803 3916 deinde
2833 3872 3115 3916 enumerat
3150 3859 3465 3914 eorutndem
3510 3859 3789 3927 perturba-

2197 3939 2391 3987 tiones.

2266 4024 2488 4098 2._Sotii
2518 4025 2778 4098 culmine.]
2824 4022 3079 4098 Primum
3114 4039 3297 4098 regum
3349 4018 3587 4098 potestas
3644 4037 3791 4098 com-

2197 4096 2498 4159 mendatur,
2535 4098 2593 4149 1°
2638 4099 2704 4149 ab
2751 4092 2935 4151 eorum
2988 4092 3144 4160 sede,
3178 4092 3413 4150 'culmine
3455 4094 3612 4157 solii;
3662 4093 3725 4147 ‘2°
3757 4107 3787 4146 a

2197 4167 2459 4231 vestibus,
2494 4184 2718 4236 purpura
2739 4168 2939 4233 claros;
2983 4166 3039 4219 5⁸
3071 4166 3138 4219 ab
3169 4168 3331 4219 armis
3374 4167 3489 4219 sive
3538 4164 3786 4219 satelliti-

2197 4238 2318 4303 bus,
2351 4248 2517 4309 septos
2545 4239 2768 4292 tristibus
2799 4239 2987 4301 armis;
3010 4236 3073 4290 40
3098 4251 3126 4290 a
3158 4236 3329 4309 vultu,
3361 4252 3448 4289 ore
3475 4246 3617 4309 torvo
3637 4251 3789 4309 com-

2197 4304 2449 4365 minantes
2474 4325 2491 4365 :
2523 4310 2583 4363 5°
2608 4311 2674 4363 ab
2705 4309 2893 4363 aﬁ'ectu
2929 4309 3123 4361 mentis
3145 4348 3157 4369 ,
3192 4308 3331 4361 rabie
3361 4308 3529 4360 cordis
3555 4304 3787 4360 anhelos.

2200 4368 2302 4435 Ubi
2342 4381 2472 4433 nihil
2498 4380 2705 4435 videtur
2730 4379 3051 4443 notandum;
3086 4368 3206 4433 cum
3237 4380 3343 4449 jam
3377 4378 3793 4447 expiicuerimus

2201 4450 2412 4514 solium,
2438 4466 2743 4521 purpuram,
2778 4467 2832 4503 os
2857 4460 3075 4503 torvum.
3254 4470 3259 4475 ·

2276 4543 2362 4598 Η.
2392 4543 2527 4598 Hinc
2561 4547 2697 4598 enim
2736 4544 2894 4598 libido
2920 4542 3127 4615 versat.]
3159 4542 3363 4597 Deinde
3409 4550 3795 4615 enumerantur

2206 4616 2639 4686 perturbationes
2682 4615 2985 4686 prmcjipum,
3035 4612 3435 4686 quibus‘reges
3479 4612 3605 4667 victi
3638 4613 3795 4686 obse_~

2205 4681 2473 4753 quiintur;
2520 4681 2769 4739 nimirum
2820 4684 3005 4752 libido,
3045 4681 3119 4739 ira
3145 4727 3160 4751 ,
3194 4681 3407 4738 tristitia
3449 4694 3503 4738 et
3540 4697 3687 4751 spes,
3726 4681 3794 4737 ab

2209 4757 2492 4812 undecimo
2519 4772 2698 4819 versu,
2729 4754 2795 4810 ad
2824 4755 3093 4811 decimum
3125 4754 3431 4826 septimum.

2284 4851 2338 4903 1⁸
2365 4851 2588 4920 Quidem
2620 4851 2924 4904 nominatur
2951 4849 3139 4915 libido,
3171 4850 3283 4903 sive
3308 4849 3562 4902 effrenata
3590 4848 3794 4917 cupidi-

2210 4934 2291 4976 tas
2322 4940 2333 4974 :
2360 4938 2478 4975 cum
2511 4923 2653 4975 enim
2687 4922 2798 4975 sola
2825 4922 3129 4973 auctoritate
3168 4924 3592 4990 nutuquegtegum
3612 4959 3625 4982 ,
3661 4929 3793 4971 teste

2211 4994 2386 5048 Tullio
2418 4995 2521 5048 ide
2557 4993 2729 5056 0rat.,
2756 4994 3028 5044 doceamur
3068 4992 3287 5043 domitas
3328 4988 3508 5043 habere
3537 4989 3789 5051 libidines,

2136 5097 2190 5159 ι)
2214 5081 2443 5159 esse"?
2471 5059 3648 5159 σωθείοιιτίείίιιεεθ.ε,ιξτί.τ;⁴ἕῑιξε.ιηὲι.ξ’;ϋξξὶ

2219 5137 2298 5190 dit
2324 5151 2382 5190 se
2412 5137 2579 5191 tein-ri
2612 5136 2835 5202 legibus,
2866 5133 3070 5187 libidini
3116 5132 3347 5185 maxime
3391 5130 3650 5185 obnoxius
3688 5139 3790 5202 est.

2220 5208 2345 5261 Haec
2364 5218 2543 5262 autem
2566 5200 2832 5271 cupiditas
2850 5218 2990 5258 nunc
3010 5203 3204 5258 dicitur
3219 5202 3379 5257 avidis
3411 5202 3611 5255 venenis
3636 5200 3794 5271 corda

2219 5293 2459 5332 versare:
2488 5270 2738 5346 quoniam
2787 5277 2927 5329 sicut
2967 5289 3231 5346 venenum
3276 5283 3575 5346 corpusest
3599 5314 3613 5336 ,
3650 5270 3791 5346 quod

2220 5363 2385 5403 venas
2412 5342 2704 5416 ingressum
2738 5357 2789 5401 et
2822 5345 3148 5400 circumfuso
3176 5349 3434 5416 sanguine
3462 5343 3695 5416 delatum
3723 5342 3794 5395 ita

2221 5415 2497 5482 discurrit,
2532 5430 2586 5471 ut
2630 5419 2860 5471 animam
2905 5417 3234 5484 exstinguat,
3267 5415 3346 5468 sic
3392 5415 3643 5481 pmdicta
3677 5428 3797 5481 per-

2221 5491 2458 5545 turbatio
2490 5491 2653 5543 menti
2696 5489 2861 5541 infusa
2907 5486 3121 5541 tandem
3171 5486 3455 5553 aliquando
3482 5486 3674 5539 bonam
3705 5498 3798 5537 vo-

2222 5561 2500 5623 luntatem,
2536 5560 2855 5627 praecipuam
2881 5558 3122 5627 ejusdem
3166 5558 3361 5610 mentis
3400 5558 3597 5624 vitam,
3632 5554 3796 5627 fugat.

2290 5632 2347 5686 2"
2388 5626 2711 5686 Nominatur
2743 5631 2850 5693 ira,
2882 5626 2995 5683 sive
3030 5638 3086 5683 ut
3125 5628 3355 5696 loquitur
3382 5628 3609 5689 Tullius,
3642 5626 3799 5680 libido

2222 5704 2467 5775 puniendi
2498 5703 2637 5771 ejus,
2665 5701 2754 5771 qui
2778 5702 3021 5775 rideatur
3050 5699 3237 5775 (tuisse
3264 5699 3454 5765 iniuria
3476 5742 3491 5765 ,
3523 5699 3648 5775 quia
3674 5711 3797 5751 cum

2220 5769 2479 5843 ejusmodi
2500 5769 2827 5843 perturbatio
2846 5786 2910 5826 ex
2935 5770 3183 5843 Opinione
3211 5778 3553 5837 contemptus
3570 5769 3793 5843 oriatur,

2222 5838 2451 5915 cumque
2491 5838 2756 5913 princeps,
2804 5850 3023 5915 quanto
3050 5838 3219 5915 major
3248 5853 3369 5915 est_,
3406 5850 3552 5894 tanto
3578 5839 3797 5915 facilius

2224 5910 2430 5991 Opina'ri
2461 5910 2633 5990 possit
2661 5910 2718 5975 se
2759 5910 3065 5986 contemni,
3110 5911 3312 5971 idcirco
3340 5911 3434 5971 ἱππ
3462 5911 3659 5983 sapius
3696 5910 3793 5978 σὺν
