4290 6258
406 391 503 447 797

678 488 867 559 lividis
889 504 1055 562 corda
1086 504 1327 569 venenis,

612 595 750 652 Hinc
775 595 1005 667 llagellat
1030 599 1113 653 ira
1142 606 1376 653 mentem

684 688 909 746 Fluctus
939 689 1152 746 turbida
1180 688 1394 754 tollens,

506 782 573 839 i5
611 782 813 840 Masror
843 794 936 839 aut
958 793 1146 853 captos
1172 783 1375 852 fatigat.

683 877 792 930 Aut
820 889 945 945 spes
962 874 1171 930 lubrica
1202 882 1439 944 torquet.

620 966 781 1037 Ergo,
808 980 930 1020 cum
962 974 1120 1036 caput
1150 973 1229 1023 tot
1250 979 1414 1021 unum

688 1056 895 1113 Cernas
914 1057 1057 1115 ferre
1086 1067 1365 1128 tyrannos,

622 1148 739 1206 Non
761 1148 909 1219 facit,
941 1149 1085 1221 quod
1111 1158 1279 1220 optat,
1308 1151 1428 1221 ipse

506 1242 577 1299 20
686 1243 949 1300 Dominus
979 1258 1199 1315 pressus
1226 1244 1449 1316 iniquis.

925 1340 1086 1411 271
1128 1339 1353 1396 PROSA
1391 1338 1482 1394 ιιι.

408 1433 795 1502 Aacuussruu.
826 1429 1283 1502 -ΫΡΙιίιοεορΙιίαν
1323 1432 1469 1486 addit
1528 1431 1714 1501 probos
1752 1430 1997 1502 praemiis,

478 1501 732 1585 improbos
754 1501 1026 1585 suppliciis
1051 1496 1288 1585 itaJaﬂi‘ci
1330 1496 1664 1567 intrinsecus,
1696 1508 1751 1552 ut
1786 1510 1833 1553 et
1856 1496 2000 1572 probi

475 1574 526 1625 in
553 1572 702 1639 deos,
731 1581 781 1627 et
810 1572 1026 1644 improbi
1051 1573 1103 1625 in
1130 1573 1309 1627 bestias
1336 1582 1710 1628 convertantur.

479 1683 709 1740 Videsne
742 1685 905 1756 igitur
934 1696 960 1723 ει
990 1696 1194 1757 quanto
1233 1685 1287 1741 in
1318 1684 1345 1724 δ
1374 1700 1531 1742 (εωηο
1554 1686 1752 1760 probra
1777 1688 1998 1743 volvan-

409 1788 515 1849 tur,
540 1794 643 1851 qua
676 1779 912 1849 probitas
951 1779 1073 1835 luce
1122 1780 1503 1851 reSplendeat‘l
1544 1782 1599 1838 in
1639 1798 1746 1853 quo
1797 1782 2006 1855 perspi-

1254 389 1340 445 DE
1381 382 1894 443 CONSOLATIONE
1936 378 2405 438 PHILOSOPHUS
2444 377 2571 435 LIB.
2608 376 2699 435 IV.

2017 503 2072 561 Α
2099 513 2248 563 num,
2299 496 2466 550 veluti
2509 496 2788 565 praemium
2832 505 3117 547 commune
3158 489 3555 563 propositum.‘
3586 493 3679 543 At-

2093 588 2183 658 qui
2226 588 2327 641 hoc
2375 601 2405 639 a
2450 586 2606 641 bonis
2652 600 2757 641 non
2801 594 2978 655 potest
3023 584 3279 653 separari.
3324 581 3507 649 Neque
3536 570 3678 635 enim

3570 371 3674 427 798
3694 426 3699 431 .

2096 681 2269 739 bonus
2312 680 2425 751 (10)
2466 679 2602 733 ultra
2637 676 2757 751 jure
2802 674 3098 741 vocabitur,
3148 675 3237 744 qui
3281 680 3462 727 careat
3499 671 3683 739 bono;

2097 787 2265 840 quare
2305 769 2504 839 probos
2552 783 2733 824 mores
2776 782 2869 821 sua
2924 765 3140 836 praemia
3193 779 3300 819 non
3356 762 3685 833 relinquunt.

2099 862 2366 933 Quantum
2414 858 2547 915 libet
2590 856 2752 928 igitur
2788 855 3011 913 saeviant
3051 855 3209 920 mali,
3251 851 3481 924 sapienti
3512 861 3687 907 tamen

2101 970 2301 1011 corona
2332 969 2438 1009 non
2467 950 2701 1016 decidet,
2736 964 2840 1003 non
2872 954 3102 1005 arescet.
3126 945 3308 1017 Neque
3336 946 3478 1001 enim
3510 943 3692 1014 probis

2100 1047 2294 1103 animis
2326 1046 2600 1118 preprium
2649 1043 2834 1107 decus,
2865 1040 3040 1095 aliena
3069 1038 3309 1107 decerpit
3356 1035 3691 1107 improbitas.

2100 1139 2254 1209 Quod
2287 1139 2331 1194 si
2372 1137 2711 1197 extrinsecus
2740 1142 2963 1204 accepto
3002 1126 3296 1197 laetaretur,
3336 1137 3546 1200 poterat
3593 1126 3697 1183 hoc

2099 1234 2187 1289 vel
2212 1234 2347 1288 alius
2375 1228 2657 1301 quispiam,
2690 1226 2773 1283 vel
2820 1228 2939 1296 ipse
2990 1226 3172 1289 etiam,
3215 1223 3304 1293 qui
3352 1221 3692 1287 contulisset,

2103 1324 2267 1396 272
2296 1322 2529 1378 auierre.
2566 1318 2672 1377 Sed
2703 1318 2954 1390 quoniam
3000 1312 3051 1371 id
3099 1330 3194 1369 sua
3240 1315 3433 1384 cuique
3462 1312 3699 1383 probitas

2104 1416 2333 1480 confert,
2364 1423 2473 1467 tum
2504 1425 2600 1466 suo
2630 1409 2853 1481 praemio
2898 1406 3123 1471 carebit,
3168 1418 3290 1459 cum
3339 1402 3539 1473 probus
3580 1418 3699 1458 esse

2107 1504 2346 1561 desierit.
2379 1504 2661 1559 Postremo
2687 1517 2807 1557 cum
2839 1514 2999 1554 omne
3038 1498 3315 1568 praemium
3364 1494 3563 1551 idcirco
3601 1510 3698 1565 ap-

2109 1605 2342 1667 petatur,
2392 1594 2649 1665 quoniam
2697 1592 2897 1647 bonum
2938 1605 3062 1645 esse
3104 1589 3364 1652 creditur,
3412 1588 3531 1658 quis
3571 1586 3700 1642 boni

2108 1690 2494 1761 “compotem,
2546 1688 2754 1759 praemii
2796 1686 3001 1757 judicet
3048 1682 3370 1753 eXpertem?
3398 1681 3418 1713 ³
3442 1683 3509 1737 At
3546 1682 3702 1749 cujus

2112 1782 2351 1854 ρι’ωωίἱῖ
2393 1780 2632 1835 omnium
2660 1777 2742 1851 (5)
2792 1776 3166 1848 pulcherrimi.
3208 1774 3558 1841 maximique.
3593 1772 3703 1827 Me-

409 1889 563 1931 cuum
610 1884 725 1943 est,
774 1887 1043 1943 nunquam
1094 1873 1249 1928 bonis
1298 1874 1557 1946 praemia,
1592 1892 1862 1948 nunquam
1905 1892 2000 1931 sua
2031 1859 2081 1923 Β
2109 1884 2292 1932 mento
2337 1875 2538 1929 etenim
2582 1869 2853 1927 corollarii
2893 1869 3035 1924 illius
3093 1876 3140 1932 ο,
3189 1865 3331 1936 quod
3378 1866 3534 1935 paulo
3576 1874 3704 1919 ante

408 1966 703 2023 sceleribus
747 1966 938 2023 deesse
991 1965 1272 2038 supplicia.
1322 1968 1339 1998 ¹
1398 1967 1597 2024 Rerum
1644 1970 1840 2024 etenim
1885 1980 2006 2041 qua:

417 2070 699 2131 geruntur,
726 2059 854 2113 illud
881 2066 1101 2129 propter
1127 2054 1271 2128 quod
1299 2074 1629 2130 unaquaaque
1658 2074 1747 2115 res
1773 2058 2001 2131 geritur,

411 2152 650 2223 ejusdem
676 2153 756 2206 rei
796 2150 878 2223 (5)
907 2151 1187 2221 praemium
1230 2166 1352 2206 esse
1385 2161 1408 2189 ο
1443 2166 1550 2206 non
1600 2150 1792 2221 injuria
1839 2150 2005 2207 videri

412 2254 591 2316 potest
622 2261 635 2297 :
667 2243 743 2301 uti
774 2243 1009 2299 currenti
1042 2243 1096 2298 in
1137 2243 1334 2312 stadio,
1380 2250 1601 2314 propter
1638 2258 1797 2314 quam
1840 2246 2009 2302 curri-

414 2346 520 2404 tur,
541 2337 683 2407 jacet
724 2335 1004 2408 prremium
1036 2349 1260 2393 corona.
1305 2334 1413 2392 Sed
1454 2335 1841 2393 beatitudinum
1884 2350 2007 2393 esse

415 2430 555 2486 idem
600 2432 775 2502 ipsum
808 2432 1024 2497 bonum,
1058 2439 1275 2500 prepter
1321 2427 1463 2497 quod
1495 2428 1675 2482 omnia
1722 2437 2004 2498 geruntur,

417 2522 769 2581 ostendimus.
811 2522 910 2580 Est
942 2522 1103 2593 igitur
1148 2521 1395 2577 humanis
1442 2522 1649 2577 actibus
1695 2522 1868 2592 ipsum
1902 2523 2003 2579 bo-

2110 1967 2436 2039 pratcipumn
2468 1965 2623 2032 dedi,
2665 1979 2728 2019 ac
2772 1964 2849 2018 sic
2879 1961 3089 2033 collige.
3116 1961 3251 2015 Cum
3304 1960 3476 2028 ipsum
3504 1958 3704 2013 bonum

2110 2058 2387 2115 beatitudo
2414 2059 2506 2125 sit,
2538 2059 2710 2113 bonos
2742 2068 2929 2111 omnes
2960 2069 3027 2109 eo
3071 2054 3191 2123 ipso
3226 2051 3367 2123 quod
3416 2051 3541 2106 boni
3573 2051 3705 2116 sint,

2113 2152 2229 2210 ﬂeri
2254 2152 2442 2208 beatos
2470 2151 2659 2222 liquet.
2692 2149 2799 2207 Sed
2825 2150 2915 2220 qui
2939 2148 3079 2204 beati
3109 2156 3255 2214 sunt,
3281 2148 3409 2201 deos
3431 2158 3551 2201 esse
3579 2159 3705 2199 con-

2111 2247 2281 2303 venit.
2326 2244 2426 2301 Est
2462 2247 2623 2319 igitur
2676 2245 2954 2315 praemium
2997 2242 3288 2309 bonorum,
3338 2240 3481 2308 quod
3528 2238 3705 2294 nullus

2114 2340 2320 2395 deterat
2349 2339 2487 2406 dies,
2521 2337 2718 2393 nullius
2760 2336 2965 2391 minuat
2996 2342 3255 2404 potestas,
3290 2333 3488 2388 nullius
3522 2330 3543 2370 τ
3584 2332 3698 2387 fus-

2114 2442 2202 2488 cet
2245 2432 2359 2504 (10)
2389 2431 2737 2502 improbitas,
2781 2430 2911 2483 deos
2956 2427 3089 2481 ﬁeri.
3137 2427 3268 2493 Qua:
3303 2440 3423 2481 cum
3459 2426 3529 2480 ita
3562 2424 3704 2493 sint,

2118 2525 2137 2555 ⁸
2156 2526 2224 2581 de
2250 2526 2514 2579 malorum
2542 2537 2753 2593 quoque
2792 2519 3134 2589 inse‘parabili
3161 2533 3315 2587 poma
3345 2518 3590 2572 dubitare
3619 2529 3703 2568 sa«

1768 2658 2350 2719 INTERPRETATIO.
2390 2638 2395 2645 ’

420 2778 580 2861 premi
608 2772 821 2861 vinculis
865 2771 1127 2861 tenacibus
1158 2787 1175 2824 :
1219 2768 1503 2861 neptium
1538 2770 1819 2861 ’cupiditas
1849 2771 2010 2861 aqitat

422 2840 629 2903 illorum
659 2857 859 2917 pectora
887 2844 1072 2898 morbis
1099 2840 1472 2917 insatiabilibus
1493 2883 1505 2905 ,
1534 2845 1653 2917 inde
1683 2843 1761 2895 ira
1806 2842 2010 2917 turbata

420 2914 859 2976 verberat‘eorum
892 2927 1105 2971 mentem
1125 2956 1140 2983 ,
1170 2914 1394 2967 excitans
1433 2915 1709 2977 tumultus;
1742 2930 1876 2967 nunc
1920 2914 2009 2966 tri-

419 2992 557 3061 stitia
584 2988 776 3061 [rangit
803 2987 976 3061 victos,
1007 3000 1138 3039 nunc
1188 2998 1301 3061 spes
1328 2984 1519 3037 incerta
1542 2984 1737 3061 cruciat
1759 2984 2004 3040 eosdem.

422 3060 547 3115 Cum
576 3053 751 3131 igitur,
784 3068 838 3131 ut
873 3058 1031 3131 vides,
1062 3072 1190 3109 unus
1217 3053 1457 3131 princeps
1486 3053 1801 3131 subjiciatur
1819 3064 1889 3108 tot
1919 3064 1999 3125 ly-

420 3125 614 3186 rannis'
634 3128 912 3184 affectibus
932 3170 945 3193 ,
974 3129 1080 3195 ipse
1118 3136 1325 3180 vexatus
1373 3125 1593 3178 dominis
1622 3125 1828 3197 injustis
1850 3170 1864 3194 ,
1899 3140 2003 3179 non

422 3203 526 3274 agit
546 3202 682 3271 quod
704 3199 831 3254 vult.

2027 3185 2076 3253 ϐ

2190 2783 2215 2811 ⁸
2246 2774 2290 2830 Ο
2320 2773 2492 2828 Boeti.

2188 2844 2212 2883 δ
2243 2844 2399 2897 Luto.

2190 2927 2211 2954 ο
2249 2914 2456 2968 Merito.

2186 2985 2210 3022 ἀ
2251 2986 2447 3038 Partici
2452 3002 2585 3053 pem.

2190 3067 2213 3094 ε
2249 3056 2583 3111 Consectarii.

2196 3126 2214 3166 ι
2253 3128 2573 3182 Obscurabit.

1954 3306 2187 3363 NOTAE.

422 3428 615 3484 noxius
642 3433 747 3482 est.
772 3424 947 3495 Atque
978 3423 1094 3480 haec
1113 3422 1260 3491 regis
1280 3423 1359 3480 ira
1388 3432 1539 3481 tanto
1560 3419 1796 3495 majores
1822 3424 2009 3495 ﬂuctus

424 3499 561 3553 tollet
588 3498 831 3563 turbida;
854 3493 1053 3565 quanto
1084 3495 1255 3562 major
1283 3504 1363 3551 est
1390 3495 1510 3551 irati
1531 3493 1842 3565 auctoritas.

493 3570 550 3625 3°
578 3562 893 3625 Nominatur
910 3566 1114 3621 tristitia
1133 3569 1247 3621 sive
1270 3582 1499 3623 mceror:
1526 3562 1779 3637 quoniam
1800 3577 2011 3637 pertur-

424 3641 697 3697 hatiohaac
710 3648 793 3696 est
821 3637 1280 3709 llebilisquaedam
1304 3638 1587 3709 aegritudo,
1604 3646 1724 3709 orta
1746 3653 1809 3693 ex
1832 3640 2007 3707 malis,

423 3728 541 3781 qua:
565 3707 1077 3781 nequeantrrepelli;
1111 3709 1250 3763 unde
1271 3724 1335 3763 eo
1359 3707 1536 3779 major
1568 3708 1781 3781 videtur
1812 3724 1932 3765 esse
1956 3711 2007 3769 itt

425 3776 684 3852 principe,
712 3780 853 3852 quod
882 3776 993 3835 stite
1023 3780 1359 3835 auctoritatis
1377 3776 1625 3836 conscius
1644 3776 2012 3852 facilecredat

422 3850 523 3910 sibi
544 3850 682 3909 nulla
694 3850 938 3909 accidere
954 3852 1152 3907 debere
1174 3852 1334 3919 mala,
1349 3867 1468 3922 qua:
1491 3867 1593 3906 non
1615 3851 1783 3921 possit
1802 3850 2005 3922 fugare.

492 3926 552 3980 4⁸
592 3925 913 3995 Nominatur
950 3939 1085 3995 spes,
1118 3922 1241 3995 sive
1283 3922 1616 3995 exspectatio
1660 3923 1780 3977 boni
1816 3941 1827 3976 :
1866 3922 2008 3995 quod

425 3999 567 4053 enim
613 4013 705 4052 rex
751 3994 949 4051 divitiis
999 3993 1330 4064 subditisque
1388 3994 1616 4064 stipatus
1643 4034 1658 4057 .
1724 3993 1901 4050 omnia
1947 4011 2006 4051 se

428 4082 585 4136 posse
615 4075 782 4135 putet,
807 4080 903 4136 spe
933 4064 1087 4120 facile
1112 4062 1364 4121 afﬁcitur.

500 4140 563 4194 l7
590 4148 645 4195 et
674 4140 757 4194 i8.
794 4135 922 4191 Cum
961 4147 1111 4206 caput
1153 4145 1223 4191 tot
1264 4151 1422 4207 unum
1465 4151 1639 4193 cernas
1676 4137 2009 4207 ferretyran-

424 4208 720 4279 nos.qum
752 4209 964 4268 videas.
1008 4205 1168 4265 unum
1198 4205 1494 4279 principem
1534 4218 1611 4279 tot
1654 4205 2006 4277 perturbatio-

425 4278 604 4346 nibus,
639 4279 799 4334 veluti
833 4278 1054 4334 totidem
1088 4278 1347 4349 tyrannis,
1373 4278 1585 4348 subjici.

500 4352 587 4409 i9.
636 4350 812 4421 Ipsa]
863 4346 1409 4421 Cuidam’videbitur
1454 4346 1740 4421 dicendum
1795 4349 2005 4417 ipsum;

424 4437 618 4491 nempe
663 4419 809 4491 quia‘
831 4421 1037 4476 videtur
1088 4419 1274 4491 referri
1311 4419 1377 4475 ad
1422 4419 1735 4491 praedictum
1757 4462 1772 4485 .
1807 4432 1957 4491 caput
1988 4436 2006 4475 .'

424 4494 519 4549 sed
556 4489 779 4547 hate—est
807 4493 1073 4563 syllepsis,
1106 4490 1219 4545 sive
1250 4489 1571 4563 compositio
1599 4506 1790 4563 sensus
1833 4489 2007 4559 potius

424 4580 583 4633 quam
607 4560 888 4619 verborum
922 4560 945 4615 :'
970 4560 1605 4633 sicutgdicituriTerentio
1631 4579 1643 4613 :
1675 4561 1760 4616 ubi
1784 4570 1864 4614 est
1886 4576 2005 4615 sce-

426 4631 509 4690 lus
539 4639 626 4705 qui
659 4650 744 4688 me
790 4633 1063 4702 perdidit?
1088 4631 1390 4705 iCiceroni:
1421 4631 1528 4686 duo
1558 4634 1862 4705 importuna
1886 4647 2007 4705 pro-

426 4702 587 4776 digia,
614 4722 737 4775 quos
767 4714 979 4773 egestas
1010 4720 1024 4757 :
1058 4704 1276 4758 Horatio
1302 4721 1315 4756 :
1341 4704 1501 4776 daret
1526 4714 1580 4757 ut
1607 4703 1814 4757 catonis
1845 4702 2004 4757 fatale

426 4774 745 4841 mensuum,
768 4792 882 4846 qua:
901 4776 1217 4842 generosius
1241 4774 1417 4843 perire
1440 4789 1710 4846 quatrens,
1736 4782 1842 4846 etc.

499 4851 514 4879 ¹
549 4848 737 4901 Rerum
776 4843 959 4900 etenim
991 4862 1105 4910 qut:
1149 4856 1410 4916 geruntur,
1442 4843 1570 4916 etc.]
1602 4845 1643 4898 I.
1688 4844 1844 4916 Probi
1889 4844 2005 4898 alli-

424 4920 640 4973 ciunlur
668 4918 903 4987 praemiis
936 4934 948 4969 ε
978 4920 1100 4985 quia
1131 4931 1251 4969 cum
1276 4915 1560 4983 pratmium
1587 4916 1639 4969 id
1669 4915 1877 4968 dicatur
1895 4917 2003 4987 lto-

425 4991 721 5053 norarium,
756 5004 863 5058 quo
884 4988 1254 5041 efﬁciebantur
1279 4987 1313 5058 ii
1346 4987 1432 5052 qui
1464 4988 1617 5055 primi
1647 5001 1710 5040 ac
1738 4986 2005 5058 principes

425 5060 623 5130 aliquid
646 5054 883 5128 prsec'lari
904 5056 1349 5130 gesserant(u_nde
1367 5054 1639 5124 Sra'ligero
1662 5054 2005 5125 pluribusque

424 5127 545 5185 aliis
580 5127 845 5200 praemium
870 5131 1065 5200 dicitur
1092 5127 1243 5194 quasi
1274 5130 1564 5200 prteemium
1591 5144 1619 5179 a
1662 5143 1768 5197 pra:
1803 5136 1855 5181 et
1896 5142 2006 5181 emo

424 5198 619 5269 capia),
646 5202 847 5255 idcirco
874 5198 1004 5253 illud
1038 5207 1254 5268 propter
1275 5199 1417 5265 quod
1449 5213 1777 5267 unaquaque
1806 5213 1893 5253 res
1912 5213 2005 5265 ge-

426 5274 584 5337 ritur,
617 5274 857 5341 ejusdem
892 5273 966 5324 rei
1000 5270 1275 5338 prtemium
1320 5284 1461 5335 esse,
1505 5287 1610 5325 non
1656 5270 1870 5338 injuria,
1918 5272 2001 5322 vi-

426 5346 537 5397 deri
593 5353 767 5411 potest
805 5362 817 5396 :
863 5342 1129 5411 siquidem
1173 5349 1257 5394 est
1304 5341 1645 5397 honorarium
1694 5356 1802 5408 quo
1852 5350 2002 5395 actor

427 5415 704 5481 victorque
741 5413 969 5467 afficitur
1000 5428 1014 5464 :
1046 5411 1126 5465 sic
1171 5413 1408 5466 currenti
1441 5412 1493 5466 in
1529 5412 1702 5467 stadio
1729 5412 1820 5466 illa
1842 5452 1857 5476 ,
1883 5428 2005 5479 pro~

426 5495 542 5555 pter
556 5500 710 5552 quam
727 5486 961 5538 curritur
991 5498 1188 5555 corona
1211 5494 1295 5537 est
1329 5483 1629 5555 prasinium,
1652 5482 2003 5551 quemadmo-

426 5557 547 5609 dum
562 5556 618 5611 S.
638 5555 869 5611 Paulus‘l
890 5554 1197 5609 Gornx’ait:
1218 5555 1319 5618 Qui
1330 5555 1383 5607 in
1399 5554 1568 5608 stadio
1579 5562 1812 5617 currunt,
1827 5570 2001 5609 omnes

425 5628 624 5696 quidem
662 5634 904 5689 currunt,
944 5626 1033 5679 sed
1060 5642 1189 5678 unus
1223 5626 1405 5694 accipit
1435 5626 1684 5679 brevium.
1708 5626 1867 5693 Atqui
1902 5626 1999 5679 viri

426 5698 576 5766 probi
624 5698 673 5750 id
716 5708 1104 5767 assequuntur,
1134 5706 1349 5765 propter
1375 5696 1519 5765 quod
1539 5710 1728 5767 omnes
1760 5696 1999 5767 homines

425 5765 533 5827 tam
561 5770 708 5838 probi
744 5765 902 5839 quam
933 5770 1156 5839 improbi
1200 5778 1364 5837 agunt
1386 5783 1411 5839 7:,
1434 5767 1685 5839 nimirum
1717 5765 2001 5839 beatitudiv
2027 5820 2035 5826 ,

426 5837 701 5896 ηειηεὶνθ
743 5837 1021 5899 summum
1058 5837 1255 5895 bonum
1295 5856 1310 5893 :
1346 5838 1582 5906 alioquin
1623 5837 1748 5891 boni
1780 5851 1885 5892 non
1915 5849 2001 5891 es-

426 5924 541 5977 sent
573 5930 587 5970 :
619 5927 739 5979 cum
766 5913 938 5968 bonus
965 5925 1070 5967 non
1096 5909 1187 5980 sit,
1215 5910 1305 5980 qui
1331 5916 1512 5973 careat
1540 5906 1701 5963 bono.

2192 3423 2213 3455 ⁹
2242 3421 2399 3493 Atqui
2426 3421 2524 3480 hoc
2549 3440 2580 3479 a
2601 3420 2769 3494 bonis,
2790 3422 2920 3497 etc.]
2961 3422 3023 3481 ll.
3055 3420 3339 3482 Prremium
3364 3466 3381 3493 ,
3420 3440 3527 3495 quo
3555 3426 3706 3496 probi
3804 3428 3809 3435 '

2115 3494 2444 3567 afficiuntur,
2497 3506 2581 3551 est
2626 3497 2728 3553 illis
2772 3494 2992 3567 insitum
3034 3515 3046 3551 :
3089 3500 3209 3567 quia
3255 3499 3395 3567 quod
3429 3494 3707 3567 praemium

2118 3576 2361 3623 versatur
2381 3566 2435 3621 in
2459 3568 2785 3638 cogitatione
2814 3566 3068 3635 hominis,
3103 3570 3229 3624 illud
3257 3566 3458 3624 homini
3484 3570 3703 3626 insitum

2114 3638 2262 3693 credi
2297 3649 2473 3710 potest
2500 3638 2809 3710 _;_siquidem
2842 3641 3093 3710 cogitatio
3124 3650 3206 3695 est
3254 3640 3482 3709 qualitas
3533 3641 3704 3697 menti

2115 3710 2297 3765 insita.
2346 3709 2451 3765 Sed
2498 3708 2659 3778 illud,
2702 3727 2811 3781 quo
2852 3708 3004 3782 probi
3048 3708 3372 3776 afﬁciuntur,
3425 3715 3704 3781 praemium

2114 3793 2357 3837 versatur
2389 3782 2439 3836 in
2487 3782 2809 3852 cogitatione
2845 3801 2857 3836 :
2892 3782 3021 3837 alias
3064 3784 3339 3850 praemium
3372 3785 3569 3837 bonum
3596 3799 3706 3840 non

2113 3854 2425 3924 crederetur
2456 3871 2467 3905 :
2501 3869 2622 3908 cum
2665 3870 2822 3908 nemo
2861 3854 2986 3910 b0ni
3021 3865 3358 3921 compotem,
3382 3856 3587 3923 praemii
3613 3856 3702 3924 ju-

2114 3922 2254 3978 dicet
2281 3933 2557 3992 expertem
2592 3942 2603 3977 :
2638 3924 2759 3979 hinc
2782 3926 3174 3995 quantumlibet
3204 3922 3423 3980 saaviant
3456 3926 3581 3979 mali
3606 3922 3623 3988 ,⁷
3645 3936 3704 3982 ut

2114 4011 2219 4049 non
2247 3994 2611 4061 contulerunt,
2636 3996 2715 4050 sic
2754 3994 2966 4052 auferre
3012 4006 3283 4065 nequeunt
3332 3998 3461 4051 illud
3510 3997 3703 4065 proho-

2113 4081 2228 4139 rum
2268 4067 2572 4135 praemium,
2604 4067 2767 4135 quod,
2804 4083 2910 4121 non
2943 4064 3043 4122 nisi
3068 4064 3202 4122 mala
3229 4068 3393 4139 ipsius
3417 4064 3695 4139 possiden-

2114 4135 2184 4192 tis
2214 4138 2505 4202 voluntate,
2539 4139 2710 4192 amitti
2746 4148 2937 4206 potest.

2185 4206 2205 4237 ³
2236 4208 2299 4261 At
2322 4209 2469 4277 cujus
2490 4209 2716 4279 prwmit',
2748 4207 2881 4280 etc.]
2905 4210 2987 4264 ΙΙΙ.
3025 4207 3181 4264 Probi
3223 4210 3274 4265 in
3316 4210 3445 4265 deos
3467 4226 3697 4267 conver-

2114 4288 2299 4332 tuntur
2346 4296 2358 4330 :
2402 4280 2703 4350 quicunque
2748 4283 2889 4334 enim
2942 4282 3077 4335 beati
3116 4290 3270 4350 sunt,
3305 4282 3387 4336 his
3421 4282 3551 4335 deos
3577 4298 3699 4337 esse

2111 4350 2361 4422 convenit
2396 4348 2560 4404 :‘non
2598 4348 2814 4422 quidam
2860 4360 3079 4418 natura,
3131 4348 3224 4404 sed
3268 4352 3695 4418 necessitudine,

2110 4430 2211 4488 qua
2241 4421 2489 4474 nimirum
2524 4421 2709 4475 eorum
2740 4438 2891 4475 mens
2911 4463 2923 4483 .
2960 4438 3063 4474 non
3093 4424 3469 4491 cognoscendo
3497 4432 3694 4491 solum,

2108 4491 2203 4542 sed
2234 4492 2393 4543 etiam
2436 4492 2665 4547 volendo
2704 4494 2759 4546 lit
2804 4509 2965 4545 unum
2999 4493 3197 4560 aliquid
3228 4508 3346 4546 cum
3382 4492 3490 4547 Deo
3519 4512 3529 4544 :
3563 4497 3701 4548 sicut

2108 4560 2376 4634 corollarii
2402 4562 2567 4616 instar
2590 4578 2652 4616 ex
2681 4562 2947 4634 praedictis
2977 4579 3135 4632 supra
3167 4564 3368 4616 illatum
3401 4574 3501 4617 est.
3538 4565 3697 4632 Atqui

2108 4630 2231 4702 boni
2272 4645 2487 4695 omnes,
2539 4630 2800 4702 quatenus
2848 4632 2931 4699 hi,
2967 4642 3021 4686 ttt
3046 4630 3440 4701 probavimus,
3478 4630 3697 4700 prmniio

2109 4699 2414 4754 afficiuntur
2440 4699 2779 4767 intrinsecus,
2809 4712 2933 4757 sunt
2975 4699 3109 4758 beati
3155 4703 3268 4759 sive
3309 4718 3429 4757 cum
3482 4718 3696 4759 summo

2028 4754 2085 4814 Ῑ)
2109 4771 2368 4843 bono_sua
2393 4754 3041 4843 cogitationeconjuncii:

2181 4840 2202 4871 "
2234 4840 2309 4917 De
2331 4840 2589 4917 malorum
2633 4840 3209 4917 quoque—inseparabili
3233 4861 3413 4913 parua,
3438 4844 3571 4917 etc.]
3607 4844 3697 4903 IV.

2111 4913 2343 4981 lmprohi
2372 4928 2403 4967 e
2433 4913 2699 4985 contrario
2742 4916 3021 4985 suppliciis
3057 4919 3128 4970 ita
3159 4916 3469 4971 afﬁciuntur
3501 4913 3694 4972 iit-triu-

2110 4997 2287 5049 secus,
2309 4992 2366 5037 ut
2397 4985 2450 5037 in
2469 4984 2664 5039 bestias
2686 4984 3068 5042 convertantur
3095 5006 3105 5039 :
3134 5004 3255 5041 nam
3278 4990 3695 5054 contrariorum,

2111 5055 2286 5131 inquit
2327 5055 2552 5131 Tullius,
2581 5063 2845 5113 contraria
2886 5069 3010 5113 sunt
3052 5061 3436 5130 consequentia
3488 5078 3501 5114 :
3551 5063 3696 5131 atqui

2110 5124 2310 5203 bonum
2339 5138 2392 5179 et
2423 5126 2619 5189 malum
2652 5140 2777 5203 sunt
2804 5131 3071 5203 contraria
3118 5124 3489 5186 antecedentia
3514 5174 3528 5195 ,
3563 5124 3699 5203 pra:-

2112 5196 2280 5273 mium
2322 5205 2545 5273 vero‘et
2587 5198 2905 5273 supplicium
2954 5211 3219 5256 contraria
3270 5196 3651 5273 consequentia
3678 5246 3695 5269 ,

2112 5269 2246 5345 sive.
2279 5270 2419 5335 quod
2463 5268 2601 5345 idem
2645 5282 2747 5333 est,
2776 5271 2984 5345 adversa
3030 5277 3198 5342 fronte
3229 5268 3498 5328 dissident.
3537 5268 3700 5345 Igitur

2113 5349 2171 5415 ut
2200 5340 2367 5415 bonis
2399 5342 2674 5415 praemium
2698 5381 2713 5405 ,
2746 5342 2824 5397 sic
2855 5343 3006 5415 malis
3031 5340 3191 5415 Suum
3222 5357 3313 5415 est
3350 5340 3693 5415 supplicium.

2111 5412 2247 5476 Quin
2279 5420 2416 5464 sucut
2444 5410 2709 5464 bonorum
2754 5412 3066 5481 prtemium.
3106 5414 3263 5470 bonis
3304 5410 3576 5471 mentibus
3620 5419 3669 5470 in

2110 5482 2295 5546 situm,
2326 5482 2654 5554 versaturin
2686 5497 2873 5537 eorum
2915 5487 3263 5554 cogitatione,
3311 5488 3379 5541 ita
3428 5488 3691 5541 malorum

2110 5554 2451 5634 supplicium,
2485 5553 2640 5634 malis
2664 5556 2933 5634 mentibus
2961 5556 3200 5634 insitum,
3227 5566 3471 5634 vi-rsatur
3496 5560 3698 5623 pariter

2112 5626 2165 5677 in
2194 5640 2379 5677 eorum
2408 5626 2733 5692 cogitatione
2764 5644 2775 5676 :
2805 5626 3056 5679 nimirum
3098 5629 3147 5680 in
3190 5630 3510 5684 conscientia
3545 5648 3555 5681 :
3587 5647 3696 5683 ma-

2104 5711 2205 5771 ρέα
2230 5696 2365 5748 enim
2388 5697 2715 5771 conscientia:
2726 5698 2799 5750 vis
2821 5706 2896 5750 est
2918 5698 2971 5748 in
2994 5708 3260 5771 utramque
3286 5712 3499 5769 partem.
3526 5701 3697 5771 inquit

2103 5765 2296 5839 Cicero
2336 5781 2430 5833 pro
2458 5768 2689 5829 Milone;
2722 5776 2776 5819 ut
2815 5784 2977 5832 neque
3019 5765 3226 5821 timeant
3268 5765 3304 5823 ii
3334 5774 3419 5839 qui
3452 5772 3574 5825 nihil
3600 5765 3696 5826 ad-

2104 5837 2374 5915 miserunt,
2397 5847 2441 5891 et
2466 5854 2671 5915 prendas
2693 5855 2895 5915 semper
2913 5837 3453 5915 antepcuiosuersari
3497 5856 3693 5915 putent,

2104 5909 2192 5989 qui
2213 5919 2563 5979 peccaverunt.
2589 5909 2644 5967 S.
2676 5910 2955 5979 Ambros.,
2980 5926 2996 5965 ι
3024 5910 3203 5981 Oflie.,
3236 5912 3440 5987 Impius
3464 5956 3479 5985 ,
3497 5909 3696 5989 inquit,
