4290 6258
573 385 674 445 709

1810 386 1921 441 ΑΝ.
1965 385 2176 443 MANL.
2224 384 2377 442 θεν.
2413 383 2632 441 ΒΟΕΤΙΙ

3749 388 3853 443 800

572 506 726 576 piens
773 512 1035 576 nequeat.
1055 501 1185 560 Nam
1229 516 1351 557 cum
1400 502 1598 557 bonum
1642 501 1981 585 malumque,
2030 501 2155 555 item
2185 503 2235 562 Α
2263 515 2529 570 quemque
2551 496 2846 569 provehere
2871 500 2980 553 sola
3018 499 3257 568 probitas
3287 497 3475 569 possit,
3501 514 3723 557 necesse
3746 516 3849 569 est,

571 614 745 670 ptenae
766 608 925 670 atque
949 592 1225 668 praemium
1250 597 1475 652 adversa
1507 596 1682 652 fronte
1705 596 2019 663 dissideant,
2044 610 2161 665 quae

570 690 623 747 in
672 690 799 746 boni
848 689 1068 761 praemio
1117 689 1359 746 videmus
1400 689 1676 757 accidere,
1720 688 1907 745 eadem
1942 703 2162 746 necesse

569 795 653 841 est
684 784 737 840 in
767 785 892 839 mali
930 798 1087 853 poena
1118 784 1386 839 contraria
1412 793 1563 855 parte
1598 785 1981 855 respondeant.
2014 785 2163 840 Sicut

568 877 727 949 igitur
772 876 957 948 probis
998 875 1236 947 probitas
1281 877 1394 948 ipsa
1449 876 1506 931 fit
1558 878 1872 946 praemium;
1920 877 2039 950 (lii)
2088 878 2161 932 ita

567 970 830 1047 improbis
861 969 1095 1040 nequitia
1120 969 1443 1041 supplicium
1468 980 1572 1026 est.
1615 971 1732 1025 .lam
1764 986 1894 1027 vero
1918 970 2161 1042 quisquis

566 1064 797 1120 afficitur
828 1079 1010 1136 poena,
1044 1065 1186 1122 malo
1217 1081 1275 1121 se
1297 1064 1547 1121 affectum
1577 1080 1697 1121 esse
1724 1082 1828 1120 non
1850 1065 2075 1120 dubitat.
2101 1065 2160 1121 Si

567 1156 729 1229 igitur
767 1171 890 1213 sese
935 1158 1036 1226 ipsi
1083 1165 1111 1195 ⁸
1160 1157 1428 1213 aestimare
1455 1157 1650 1221 velint,
1680 1164 1905 1228 possunt
1948 1173 2017 1213 ne
2055 1156 2159 1213 sibi

565 1250 812 1320 supplicii
842 1261 1093 1322 expertes
1122 1251 1318 1316 videri,
1344 1267 1480 1323 quos
1504 1253 1742 1308 omnium
1773 1252 2033 1308 malorum
2063 1269 2160 1308 ex-

569 1352 736 1400 trema
768 1344 1003 1415 nequitia
1037 1361 1143 1400 non
1175 1344 1343 1400 aflicit
1374 1347 1555 1412 modo,
1586 1362 1772 1403 verum
1804 1348 1966 1403 etiam
1998 1347 2161 1403 vehe-

567 1445 779 1492 menter
807 1436 1007 1492 inlicit?
1033 1436 1168 1494 Vide
1218 1447 1396 1493 autem
1431 1454 1497 1494 ex
1528 1439 1755 1493 adversa
1799 1448 1952 1509 parte
1991 1439 2158 1496 bono-

565 1544 725 1595 rum,
775 1546 895 1602 quae
938 1532 1213 1601 improbos
1257 1531 1373 1603 (20)
1419 1548 1574 1603 paena
1625 1534 1933 1589 comitetur.
1990 1536 2160 1594 Omne

565 1639 817 1696 namque,
862 1627 1002 1697 quod
1056 1628 1144 1694 sit,
1176 1643 1341 1682 unum
1384 1642 1524 1696 esse,
1563 1628 1844 1700 ipsumque
1876 1645 2036 1685 unum
2066 1630 2159 1686 bo-

566 1730 694 1772 num
723 1730 844 1773 esse
874 1719 1034 1789 paulo
1062 1729 1187 1774 ante
1228 1720 1486 1776 didicisti.
1536 1722 1630 1775 Cui
1672 1736 2009 1791 consequens
2053 1734 2155 1787 est.

565 1820 621 1867 ut
645 1826 804 1867 omne
825 1813 964 1883 quod
991 1814 1085 1878 sit,
1118 1814 1167 1868 id
1191 1816 1353 1881 etiam
1376 1814 1575 1870 bonum
1608 1831 1729 1872 esse
1752 1817 2013 1874 videatur.
2043 1818 2155 1874 Hoc

2266 603 2323 648 ut
2350 608 2484 664 quos
2510 593 2576 647 ab
2604 593 2832 647 lutmana
2857 592 3165 647 conditione
3199 593 3423 663 dejecit,
3453 593 3587 649 infra
3619 595 3853 652 hominis

2264 687 2510 741 meritum
2539 684 2783 740 detrudat
2815 685 3149 755 improbitas.
3172 686 3363 741 Evenit
3392 687 3572 757 igitur,
3605 697 3664 743 ut
3690 706 3849 757 quem

2265 778 2698 835 transformatum
2729 779 2872 833 vitiis
2902 779 3111 847 videas,
3142 780 3414 835 hominem
3446 781 3715 838 aestimare
3746 798 3850 838 non

2263 871 2458 940 possis.
2493 870 2651 943 273
2692 871 2707 901 ί
2758 868 2783 906 ιι
2837 871 3074 926 Avaritia
3124 870 3293 926 fervet
3341 871 3639 928 alienarum
3690 890 3849 945 opum

2262 963 2529 1018 violentus
2555 962 2811 1033 ereptor?
2833 963 2941 1033 lupi
2965 963 3196 1018 similem
3228 964 3452 1022 dixeris.
3492 978 3513 1005 ο
3545 967 3740 1034 Ferox,
3776 978 3852 1023 at.-

2260 1071 2367 1126 que
2396 1055 2629 1123 inquies,
2666 1055 2899 1126 linguam
2932 1055 3112 1127 litigiis
3134 1060 3390 1113 exercet?
3431 1060 3549 1115 cani
3572 1074 3850 1131 compara-

2262 1146 2365 1202 bis.
2394 1144 2421 1183 τί
2450 1145 2738 1202 lnsidiator
2776 1147 3000 1203 occultis
3038 1148 3360 1220 surripuisse
3410 1150 3683 1209 fraudibus
3720 1169 3849 1222 gau-

2261 1239 2390 1296 det?
2436 1240 2731 1310 vulpeculis
2768 1249 3109 1312 exaequetur.
3143 1251 3167 1279 ε
3199 1242 3297 1297 Irae
3342 1244 3704 1316 intemperans
3748 1245 3848 1301 fre-

2261 1333 2395 1389 mit?
2423 1334 2595 1390 leonis
2625 1336 2861 1390 animum
2893 1345 3104 1406 gestare
3132 1337 3404 1393 credatur.
3432 1340 3506 1411 (5)
3542 1339 3561 1378 ί
3620 1341 3845 1400 Pavidus

2261 1440 2323 1481 ac
2348 1426 2505 1498 fugax
2542 1442 2647 1482 non
2677 1427 2963 1482 metuenda
2995 1427 3280 1483 formidat?
3307 1431 3482 1486 cervis
3521 1432 3711 1487 similis
3750 1433 3844 1487 ha-

2260 1519 2469 1575 beatur.
2502 1530 2527 1568 ε
2555 1520 2768 1592 Segnis,
2793 1537 2855 1576 ac
2884 1523 3130 1593 stupidus
3157 1526 3372 1594 torpet?
3401 1527 3419 1555 ²
3457 1524 3664 1580 asinum
3696 1527 3843 1583 vivit.

2259 1612 2286 1653 ¹³
2316 1615 2474 1671 Levis
2496 1624 2654 1684 atque
2688 1617 3001 1672 inconstans
3030 1616 3203 1672 studia
3255 1620 3553 1689 permutat?
3598 1620 3730 1675 nihil
3780 1621 3846 1677 ab

2259 1709 2449 1764 avibus
2468 1708 2665 1765 difiert.
2702 1708 2717 1747 ί
2752 1709 2933 1766 Fmdis
2969 1710 3366 1782 immundisque
3406 1712 3712 1767 libidinibus
3750 1714 3846 1768 im-

2261 1801 2555 1872 mergitur?
2581 1802 2814 1858 sordidaa
2856 1805 2969 1859 suis
3017 1804 3284 1873 voluptate
3321 1805 3609 1861 detinetur.
3649 1806 3719 1860 Ita
3752 1806 3845 1877 fit,

564 1901 725 1974 igitur
765 1906 925 1960 modo
956 1906 1210 1977 quidquid
1254 1922 1284 1961 a
1316 1907 1458 1963 bono
1500 1908 1713 1975 deﬁcit,
1745 1925 1866 1967 esse
1896 1911 2106 1967 desistit
2138 1930 2153 1968 :
2188 1891 2235 1952 Β

2151 1933 2153 1965 ε
2188 1891 2235 1952 Β
2261 1896 2452 1967 utqui,
2482 1896 2746 1966 probitate
2776 1896 3013 1963 deserta,
3045 1897 3204 1953 homo
3232 1913 3351 1955 esse
3374 1898 3614 1966 desierit,
3645 1914 3765 1954 cum
3795 1901 3845 1955 in

565 2012 674 2068 quo
703 1998 783 2064 fit,
804 2008 862 2055 ut
883 2001 1009 2055 mali
1038 2001 1281 2057 desinant
1303 2017 1423 2058 esse
1442 2003 1582 2073 quod
1610 2003 1840 2060 fuerant.
1862 2006 1968 2061 Sed
1993 2005 2158 2063 fuisse

563 2086 835 2155 homines.
867 2091 1041 2147 adhuc
1064 2094 1178 2164 ipsa
1209 2093 1426 2150 immani
1452 2098 1697 2165 corporis
1725 2098 1932 2170 reliqua
1953 2101 2160 2170 species

567 2179 681 2252 (25)
727 2191 980 2238 ostentat.
1020 2185 1195 2253 Quare
1246 2188 1383 2241 versi
1428 2190 1477 2241 in
1525 2190 1813 2259 malitiam,
1869 2192 2155 2248 humanam

563 2288 775 2345 quoque
818 2279 1047 2336 amisere
1096 2291 1363 2337 naturam.
1413 2282 1516 2337 Sed
1565 2298 1685 2340 cum
1728 2286 1865 2341 ultra
1912 2288 2157 2344 homines

2261 1987 2496 2045 divinam
2526 1990 2890 2047 conditionem
2921 1993 3038 2064 (10)
3066 1994 3294 2049 transire
3326 1980 3429 2049 non
3462 1994 3648 2065 possit,
3675 2004 3846 2050 verta-

2264 2089 2350 2136 tur
2379 2082 2435 2137 iu
2460 2082 2712 2138 belluam.

2716 2155 2879 2229 27!.
2915 2156 3204 2213 uernum
3250 2162 3266 2182 ι
3307 2157 3392 2214 Ill.

2266 2244 2748 2321 Anguusmuu.——
2772 2249 2910 2321 Quin
2939 2250 3063 2321 mali
3088 2266 3276 2313 mores,
3303 2251 3467 2321 inquit
3491 2249 3846 2320 PhilosOphia,

2336 2316 2541 2373 Circwis
2584 2320 2895 2376 carminibus
2929 2317 3259 2392 poteittiores,
3308 2316 3411 2376 non
3452 2325 3613 2376 instar
3647 2316 3845 2391 horum,

1920 2401 2501 2467 INTERPRETATIO.

635 2494 663 2522 ει
692 2484 958 2542 ludicare.

633 2553 661 2595 ι)
682 2558 882 2632 ᾼινᾳνυε
911 2562 1050 2632 lupo.

636 2638 657 2698 ς
690 2627 974 2698 ιὶιὶθίοειιέ
993 2633 1126 2688 cani.

634 2694 660 2735 δ
691 2694 976 2773 lnsidiator
1006 2703 1170 2773 vulpi.

635 2779 658 2806 ο
693 2769 988 2827 Iracundus
1018 2769 1170 2829 leoni.

634 2839 656 2878 ί
690 2839 913 2901 Ianavus
938 2861 1101 2901 cerro.

633 2921 659 2985 ε
691 2916 849 2985 Piger
873 2917 1041 2971 asino.

626 2979 657 3021 λι
699 2979 956 3041 νᾰιαιὶευε
982 2989 1082 3043 avi.

634 3054 651 3092 ί
697 3054 1031 3126 Voluptarius
1056 3078 1211 3130 porco
1232 3063 1435 3121 similis.

2345 2505 2539 2573 Navis,
2571 2525 2672 2577 qua
2709 2510 2817 2563 dua:
2846 2508 3052 2579 Ulysses
3096 2524 3217 2564 cum
3246 2510 3407 2564 sociis
3433 2510 3707 2579 ferebatur,
3741 2524 3850 2577 post

2259 2580 2428 2631 varios
2449 2595 2642 2632 errores
2664 2581 2715 2633 in
2749 2582 2897 2646 mari,
2927 2582 3085 2634 ventis
3112 2582 3337 2634 adducta
3365 2591 3439 2634 est
3460 2581 3529 2633 ad
3558 2582 3779 2635 insulam
3800 2586 3847 2637 in

2258 2665 2360 2723 qua
2387 2647 2550 2723 Circe,
2579 2652 2676 2703 dea
2699 2651 2935 2722 pulchra,
2963 2669 2995 2704 a
3028 2651 3151 2707 Sole
3179 2663 3320 2718 nata,
3350 2652 3583 2706 habitans
3614 2658 3846 2723 prapiuat

2260 2721 2444 2792 calices
2474 2721 2757 2777 incantatos
2779 2723 2985 2777 advenis
3012 2725 3173 2776 novis.
3207 2723 3343 2789 Quos
3367 2724 3452 2777 ubi
3478 2724 3643 2788 Circe,
3672 2721 3841 2792 potens

2258 2788 2445 2856 herbis,
2472 2797 2682 2847 mutavit
2712 2796 2764 2847 in
2796 2796 2991 2863 formas
3020 2788 3264 2860 diversas,
3295 2811 3424 2847 unus
3451 2796 3619 2848 induit
3652 2788 3841 2848 uultum

2256 2865 2370 2937 apri
2386 2881 2404 2925 ;
2432 2864 2561 2937 alter
2589 2864 2761 2919 factus
2786 2870 2864 2918 leo
2889 2866 3165 2937 Africanus
3193 2868 3372 2919 crescit
3399 2866 3632 2920 dentibus
3659 2868 3844 2936 ungui-

2256 2934 2447 3004 busque
2474 2951 2493 2989 :
2522 2936 2605 2990 hic
2649 2934 3009 2991 annumeraius
3052 2938 3187 3005 lupis
3228 2937 3411 3002 ululat,
3467 2953 3580 2990 cum
3631 2934 3847 2991 conatur

2178 3050 2227 3116 C
2255 3006 2468 3077 lugere;
2493 3007 2581 3063 ille
2629 3008 2762 3062 velut
2805 3009 2947 3080 tigris
2978 3008 3146 3063 India:
3190 3009 3372 3063 circuit
3402 3010 3597 3077 domos,
3628 3010 3847 3066 clemens

2085 3184 2316 3242 NOTIE.

556 3266 664 3338 ipse
682 3267 781 3321 sibi
798 3285 949 3349 paena
975 3278 1071 3335 est,
1086 3275 1461 3349 justusautem
1487 3275 1596 3347 ipse
1613 3276 1710 3330 sibi
1731 3280 1917 3349 gratia,
1942 3288 1996 3333 ut
2016 3280 2146 3333 utri-

556 3354 648 3418 que
676 3349 764 3390 aut
791 3340 1040 3418 bonorum
1059 3340 1151 3418 aut
1174 3346 1429 3399 malorum
1456 3340 1663 3414 operum
1690 3340 1878 3403 merces
1898 3340 1962 3404 ea:
1980 3351 2146 3418 seipse

556 3410 802 3490 s_olvatur_.
830 3410 1069 3490 Denique
1098 3414 1238 3469 sicut
1262 3418 1432 3490 bonus
1459 3410 1554 3490 sua
1576 3417 1716 3490 bona
1739 3410 2067 3490 cogitatione
2089 3422 2146 3476 fit

557 3479 719 3561 deus;
747 3482 825 3535 sic
854 3482 1025 3561 malus
1065 3498 1159 3537 sua
1189 3487 1325 3561 mala
1369 3489 1693 3561 cogitatione
1739 3479 2025 3549 fitvbestia.
2053 3492 2147 3548 Ni-

556 3556 751 3605 mirum
785 3567 936 3608 mens
969 3556 1198 3611 humana
1230 3557 1300 3611 ita
1329 3556 1505 3614 media
1546 3570 1630 3615 est
1676 3561 1816 3617 inter
1859 3565 2019 3618 Deum
2052 3580 2145 3617 au-

555 3631 782 3703 ctorem,
811 3633 866 3678 et
893 3639 1090 3703 corpus
1119 3638 1453 3703 consorstut
1480 3645 1575 3703 pro
1616 3633 1763 3686 varia
1806 3648 1899 3689 sua
1941 3636 2144 3703 cogita-

555 3692 721 3757 tione,
748 3695 887 3750 bona
917 3696 1125 3751 scilicet
1159 3699 1262 3773 vel‘
1284 3692 1444 3765 mala,
1474 3692 1555 3755 vel
1585 3718 1706 3757 cum
1738 3703 1872 3773 Deo,
1904 3707 1987 3760 vel
2010 3692 2139 3760 'cum

556 3777 1097 3846 corpore,_contracta
1123 3768 1352 3839 quadam
1377 3773 1793 3837 necessitudine,
1824 3768 1913 3830 fiat
1942 3776 2143 3846 aliquid

556 3850 743 3889 unum.
785 3838 1154 3902 Quamobrem
1189 3856 1311 3897 cum
1360 3851 1508 3897 tanta
1549 3846 1621 3898 sit
1662 3846 1962 3903 similitudo
2008 3838 2149 3903 inter

556 3921 754 3987 corpus
802 3907 1037 3987 hominis
1073 3920 1146 3987 et_
1167 3904 1363 3987 corpus
1402 3915 1617 3980 besﬁaa,
1649 3926 1708 3970 ut
1736 3918 1879 3986 prius
1907 3935 1936 3973 a
1969 3930 2148 3987 poste-

556 3978 685 4070 εξοςί
710 3995 815 4070 ηορ
837 3980 1069 4070 differat,
1096 3984 1196 4037 nisi
1220 3978 1384 4070 penes
1404 3978 1657 4069 mentem,
1682 3978 2147 4070 quia_in[orrnatur,

556 4048 753 4128 idcirco
784 4050 943 4128 homo
974 4054 1179 4109 ratione
1197 4048 1349 4110 malae
1364 4071 1477 4110 sua:
1502 4048 1835 4128 cogitationis
1858 4060 1915 4114 ﬁt
1951 4048 2148 4116 bestia;

555 4122 696 4198 quod
728 4122 1020 4198 prohibens
1049 4128 1304 4194 propheta
1330 4142 1449 4195 rex,
1481 4122 1615 4198 psal.
1651 4146 1773 4185 χχχι
1805 4149 1817 4184 :
1854 4131 2051 4195 Nolite,
2077 4133 2161 4188 in-

554 4192 686 4262 quit,
709 4193 824 4261 ﬁeri
838 4192 1205 4265 sicutequus‘et
1226 4198 1417 4265 mulus,
1436 4192 1616 4269 quibus
1638 4218 1738 4255 non
1760 4212 1831 4255 est
1848 4192 2153 4259 intellectus.

628 4285 645 4364 ξ
685 4285 914 4364 avaritia
939 4287 1115 4364 fervet,
1140 4287 1273 4364 etc.]
1311 4290 1401 4346 Sic
1430 4308 1627 4348 avarus
1654 4294 1847 4348 similis
1869 4304 1953 4349 est
1980 4295 2106 4364 lupo
2136 4310 2149 4347 :

555 4356 679 4427 quia
710 4357 867 4426 lupus
888 4368 972 4413 est
999 4360 1198 4413 animal
1233 4356 1637 4419 voracissimnm
1672 4382 1684 4417 :
1726 4366 1867 4420 unde
1906 4356 2152 4421 meretri-

553 4442 667 4505 c_es,
693 4428 833 4497 quod
858 4429 1322 4505 luporuminstar,
1356 4434 1463 4489 sint
1492 4451 1731 4505 rapaces,
1758 4445 1895 4491 teste
1919 4436 2144 4503 Isidoro,

552 4496 717 4578 dictat
738 4509 862 4555 sunt
894 4496 1077 4578 lupis;
1106 4502 1255 4578 ferox
1280 4496 1439 4574 atque
1464 4496 1675 4577 inq'uies
1704 4496 1817 4562 sive
1851 4496 2140 4578 inquietus,

551 4570 691 4648 cani,
732 4586 840 4641 quo
869 4572 1012 4648 nihil
1040 4570 1403 4648 impudentius
1446 4570 1570 4633 est':
1606 4570 2140 4648 insidiator,'vulpe4

551 4642 707 4705 culte,
738 4658 860 4712 qua:
886 4653 969 4698 est
996 4642 1165 4699 bestia
1196 4647 1568 4713 callidissima,
1602 4651 1725 4704 vitae
1755 4642 2139 4708 conservanda:

550 4725 754 4788 causa:
788 4715 882 4769 irae
907 4714 1189 4788 obnoxius,
1222 4718 1382 4785 leoni,
1420 4722 1508 4788 qui
1539 4721 1731 4775 Ovidio
1773 4735 1997 4778 vocatur
2036 4724 2141 4777 ira-

551 4784 990 4863 putidus,_quod,
1022 4796 1078 4840 ut
1103 4787 1177 4863 ait
1207 4784 1501 4863 Lucretius,
1526 4792 1563 4863 ἓ.
1595 4807 1674 4857 tu,
1718 4792 1889 4848 Calidi
1923 4796 2038 4863 plus
2068 4805 2140 4849 est

550 4853 631 4929 illi
654 4871 673 4912 .'
697 4856 948 4924 pavidus,
974 4860 1147 4913 cervis
1170 4899 1184 4922 ,
1209 4860 1400 4929 quibus
1427 4853 1630 4918 nullum
1658 4853 1852 4918 animal
1884 4853 1965 4919 est
1991 4865 2138 4919 timi-

551 4924 672 4996 dius
699 4943 711 4978 :
738 4937 1017 4996 propterea
1040 4924 1269 4985 cerviuus
1294 4932 1377 4986 vir
1406 4932 1532 4987 olim
1568 4933 1846 4989 dicebatur
1881 4934 2137 4990 formido-

551 4994 701 5050 losus
725 4994 781 5076 et
808 4994 945 5076 fuga;
974 5002 1165 5076 magis,
1192 5018 1351 5070 quam
1378 5004 1580 5076 viribus
1607 5005 1777 5061 fidens
1810 5023 1825 5060 :
1850 5007 2014 5076 quod,
2044 5022 2140 5061 au-

554 5067 980 5147 ctore_Lucret_io
1009 5072 1044 5129 l.
1070 5067 1338 5147 meme
1368 5072 1486 5147 plus
1507 5076 1572 5147 sit
1602 5077 1778 5146 frigidi
1823 5094 1842 5131 :
1868 5067 2057 5147 segnis
2079 5093 2142 5133 ac

554 5138 831 5213 stupidus,
859 5142 1042 5207 asino,
1075 5144 1164 5213 qui
1207 5152 1291 5197 est
1328 5138 1525 5199 animal
1571 5138 1981 5202 tardissimum?
2011 5149 2142 5203 levis

553 5220 713 5279 atque
740 5210 1071 5285 inconstans,
1094 5210 1310 5281 avibus,
1355 5231 1473 5285 qua:
1520 5217 1625 5273 huc
1671 5218 1901 5285 illucque
1936 5218 2143 5273 discur-

555 5290 726 5358 runt_:
763 5282 1099 5349 libidinosus,
1151 5282 1385 5351 suibus,'
1419 5288 1540 5354 qui,
1590 5290 1761 5358 inquit
1808 5282 2030 5355 Festus,
2082 5307 2145 5345 ea:

556 5353 697 5408 omni
716 5365 980 5425 mansueto
1006 5372 1187 5425 pecore
1206 5353 1605 5413 immundissimi
1631 5353 1773 5425 sunt,
1805 5371 1851 5414 et
1881 5353 2140 5415 ardentis-

554 5427 699 5478 sima:
755 5424 1027 5501 libidinis;
1070 5428 1149 5501 ita,
1191 5439 1245 5480 ut
1297 5430 1625 5501 opprobrium
1665 5424 1965 5487 mulieribus
2015 5433 2138 5487 inde

557 5505 775 5550 tractum
795 5498 882 5562 sit,
910 5514 1028 5551 cum
1067 5500 1249 5553 subere
1294 5511 1338 5553 et
1364 5498 1539 5556 'surire
1589 5503 1851 5558 dicuntur.

591 5590 645 5673 ’ξ’
676 5592 892 5673 Asitium
917 5590 1083 5673 vivit_.]
1103 5591 1300 5673 Modus
1319 5594 1572 5673 loquendi
1597 5596 1730 5673 satis
1777 5597 2045 5673 u_sitatus,_
2065 5596 2145 5650 di-

554 5661 697 5736 citur
716 5661 912 5736 ellipsis
943 5678 962 5716 :
991 5661 1359 5736 ubi‘intelligi
1386 5661 1548 5721 debet
1592 5668 1853 5735 particula
1894 5668 2142 5736 quaedam

558 5730 715 5782 tacita
742 5746 756 5786 :
783 5732 866 5784 hic
891 5742 1067 5786 autem
1100 5730 1411 5804 intelligitur
1438 5730 1753 5804 secundum;
1781 5747 1841 5793 ut
1860 5730 1979 5795 cum
2008 5739 2145 5795 dici-

558 5807 687 5919 tur
728 5816 968 5921 umquam
1014 5813 1211 5873 partem
1250 5806 1490 5860 mentitur
1521 5823 1540 5862 :
1570 5818 1751 5863 caetera
1789 5810 2015 5878 prudens
2049 5819 2147 5865 :et

558 5882 637 5924 etc
691 5882 722 5921 e
750 5884 779 5922 a
806 5885 891 5924 Its.

590 5882 637 5921 te
656 5882 722 5921 ue
786 5882 835 5921 ιν
878 5910 891 5923 .

557 5882 585 5929 8
629 5884 1055 6015 *ρξοὲθάίοἱιυι
1088 5940 1458 6015 Glyconicum,
1500 5960 1717 6009 carmen
1767 5958 2018 6012 constans
2067 5966 2131 6005 ex

2257 3294 2375 3351 uno
2392 3294 2595 3351 genere
2626 3294 2899 3348 versuum,
2932 3294 3157 3351 quorum
3176 3280 3401 3349 quilibet
3433 3295 3495 3336 ex
3529 3278 3763 3335 trochaeo
3791 3290 3846 3337 et

2255 3350 2466 3427 duobus
2493 3352 2721 3427 dactylis
2764 3350 3104 3427 componitur
3146 3369 3182 3427 :_
3203 3352 3256 3407 in
3287 3367 3392 3427 quo
3416 3353 3515 3407 hoc
3544 3366 3710 3427 genus
3740 3351 3847 3427 dif-_

2253 3422 2357 3477 fert
2403 3423 2472 3477 ab
2518 3422 2638 3478 alio'
2668 3425 2908 3478 carmine
2957 3422 3379 3495 Glyconico,de
3404 3440 3510 3492 quo
3547 3427 3656 3492 jam
3686 3423 3848 3481 locuti

2253 3507 2461 3560 sumus,
2494 3495 2544 3549 in
2576 3510 2680 3565 quo
2710 3496 2980 3565 spondeus
3014 3494 3422 3564 prazceditduos
3455 3495 3719 3565 dactylos.

2323 3564 2551 3621 Carmen
2579 3566 2680 3621 hoc
2705 3581 2811 3621 non
2834 3575 2958 3621 ante
2980 3565 3250 3634 intelliges
3274 3582 3433 3636 quam
3458 3566 3510 3620 in
3534 3564 3847 3622 memoriam

2254 3638 2593 3692 revocaveris
2623 3654 2682 3692 ea
2707 3652 2826 3707 qua:
2851 3653 2879 3691 a
2908 3637 3079 3706 poetis
3104 3637 3211 3691 dici
3240 3637 3416 3691 solent
3437 3652 3556 3691 cum
3584 3637 3652 3692 de
3670 3636 3843 3705 Circe,

2254 3714 2369 3781 tum
2396 3709 2648 3781 etiamde
2672 3707 3085 3781 lllysse.7Circe,
3111 3707 3629 3781 inquiunt,_So|isAe_t
3654 3708 3846 3781 Perses

2256 3776 2518 3850 Nymphae
2549 3780 2685 3848 filia,
2741 3776 3121 3836 veneficiorum
3171 3776 3498 3849 peritissima
3549 3778 3666 3834 fuit.
3720 3777 3847 3850 liter:

2258 3849 2625 3906 sartnatarum
2655 3853 2764 3921 regi
2811 3853 3017 3920 nupsit,
3046 3866 3153 3921 quo
3183 3852 3405 3906 venenis
3443 3850 3623 3905 occiso
3658 3851 3712 3904 in
3742 3849 3845 3904 Ita-

2261 3922 2387 3975 liam
2417 3921 2547 3992 fugit
2576 3923 2641 3976 ad
2673 3920 2913 3977 mantem
2934 3964 2947 3985 ,
2971 3920 3337 3993 qui’quoniam
3366 3920 3689 3993 quibusdam
3726 3920 3842 3976 cin-

2260 3994 2401 4063 gitur
2426 3990 2731 4063 paludibus,
2758 3994 2882 4049 ideo
2908 3990 3354 4048 ins‘ulte'formam
3385 3991 3585 4047 habere
3608 3992 3842 4057 videtur,

2263 4065 2461 4134 quique
2487 4079 2514 4117 a
2545 4079 2639 4119 sua
2670 4065 2881 4135 hospite
2910 4074 3093 4132 postea
3123 4063 3299 4119 dictus
3328 4071 3411 4135 est
3448 4063 3705 4117 Circaaus.
3742 4064 3844 4135 Hic

2262 4150 2390 4205 saga
2412 4136 2648 4191 crudelis
2673 4134 2918 4191 homines
2944 4138 2995 4190 in
3024 4135 3255 4203 bestias,
3288 4134 3483 4188 oblatis
3525 4134 3843 4204 quibusdam

2261 4208 2466 4274 poculis
2496 4250 2510 4272 ,
2559 4207 2842 4277 verbisque
2883 4206 3197 4277 quibusdam
3250 4206 3499 4274 prolatis,
3527 4217 3842 4262 conivertere

2258 4279 2554 4344 ferebatur;
2596 4280 2730 4333 alios
2758 4276 2981 4348 quidem
3025 4281 3078 4331 in
3118 4276 3338 4343 leones,
3389 4278 3541 4331 alios
3570 4277 3623 4348 in
3657 4278 3840 4345 lupos,

2254 4349 2391 4403 alios
2433 4350 2484 4404 in
2528 4351 2689 4419 tigres
2710 4391 2724 4415 ,
2761 4347 2894 4405 alios
2926 4350 2978 4405 in
3011 4365 3165 4409 sues.
3188 4348 3322 4404 alios
3353 4349 3404 4402 in
3436 4350 3567 4402 alias
3596 4347 3794 4403 b'estias
3826 4366 3838 4402 :

2253 4421 2393 4488 quod
2424 4424 2698 4491 eleganter
2722 4422 2799 4476 sic
2819 4421 3083 4491 expressit
3107 4420 3441 4477 clarissimus
3470 4427 3653 4474 noster
3674 4421 3841 4475 Auto-

2252 4493 2372 4547 nius
2395 4492 2623 4547 Hallaeus
2645 4508 2711 4547 ex
2741 4493 2974 4547 Homero
2998 4510 3011 4545 :

2310 4572 2462 4633 Queis
2487 4573 2735 4622 hominum
2757 4572 3027 4623 abstulerat
3048 4572 3224 4621 faciem
3247 4571 3555 4634 dederatque
3576 4570 3788 4621 ferarum

2312 4634 2432 4683 Diva
2449 4635 2603 4685 salax.
2629 4634 2719 4683 Hic
2736 4648 2945 4696 namque
2965 4634 3062 4697 lupi
3081 4635 3382 4697 curvatusgin
3406 4644 3563 4695 artus,

2310 4697 2396 4760 Est
2418 4700 2500 4760 qui
2528 4698 2698 4754 ululat,
2718 4694 2936 4759 seseque
2958 4694 3129 4760 pavet;
3157 4697 3240 4758 qui
3263 4694 3418 4760 dénte
3441 4697 3528 4745 sed
3556 4701 3719 4745 insons

2311 4759 2500 4809 Crescit
2523 4770 2576 4810 et
2598 4772 2763 4822 ungue
2784 4760 2881 4819 leo,
2904 4766 2988 4808 aut
3010 4759 3137 4822 villis
3155 4759 3464 4822 nigrantibus
3488 4770 3650 4822 ursus,

2312 4821 2505 4885 Quique
2527 4819 2711 4885 amplas
2735 4822 2874 4882 tigris
2898 4819 3138 4870 maculosa
3158 4819 3473 4882 perambulat
3497 4820 3653 4870 ardes.

2251 4892 2470 4966 Ulysses
2499 4908 2625 4948 vero
2652 4902 2801 4966 ortus
2825 4902 2913 4966 est
2936 4908 3000 4946 ex
3032 4892 3423 4966 Neritomonte
3444 4892 3659 4957 Ithacae,
3693 4903 3839 4959 patre

2249 4963 2463 5034 Laerta,
2489 4968 2595 5027 vel,
2631 4974 2689 5017 ut
2715 4965 2807 5018 alii
2832 4964 3039 5027 volunt,
3064 4963 3314 5033 Sisypho,
3342 4973 3515 5018 matre
3555 4978 3685 5018 vero
3711 4968 3836 5018 Au—

2250 5037 2405 5091 ticlea
2429 5033 2455 5089 :'
2477 5036 2693 5105 ﬁngitur
2717 5038 2785 5089 ah
2816 5034 3049 5090 Homero
3076 5035 3157 5088 vir
3181 5033 3344 5089 multa
3368 5034 3625 5103 praeditus
3656 5034 3826 5089 facun-

2248 5106 2333 5161 dia
2378 5122 2476 5163 nec
2517 5109 2727 5163 minore
2756 5106 3108 5175 experientia,
3141 5106 3290 5160 vafer
3323 5106 3567 5162 consilio.
3592 5106 3838 5175 egregius

2248 5178 2416 5244 bello,
2449 5179 2691 5233 laborum
2727 5178 3171 5248 patientissimus.
3202 5177 3317 5241 Hic,
3348 5186 3498 5244 capta
3518 5175 3714 5248 ‘g’l‘roja,
3744 5192 3839 5231 na—

2247 5249 2354 5304 vim
2384 5251 2698 5306 conscendit
2721 5246 2741 5315 ,ἡ
2770 5250 2822 5303 in
2855 5248 3083 5318 patriam
3114 5247 3380 5303 rediturus
3401 5288 3415 5311 ,
3446 5246 3538 5301 sed
3580 5255 3697 5315 post
3724 5262 3837 5318 iva-

2247 5321 2358 5375 rios
2386 5336 2629 5385 errores,
2652 5320 2723 5376 de
2748 5317 2942 5391 quibus
2973 5320 3058 5373 hic
3098 5335 3201 5374 non
3234 5320 3405 5391 agitur
3423 5359 3438 5382 ,
3468 5319 3646 5391 ventis
3671 5317 3839 5371 addu—

2245 5402 2364 5447 etus
2390 5403 2471 5447 est
2501 5392 2568 5445 ad
2612 5387 2850 5447 montem
2880 5390 3173 5453 Circaeum,
3207 5390 3295 5444 ubi
3323 5387 3478 5444 Circe
3508 5388 3626 5457 ejus
3654 5390 3832 5458 explo-

2248 5472 2457 5517 ratores
2488 5465 2537 5517 in
2574 5478 2699 5519 sues
2728 5465 2970 5531 mutavit,
3003 5462 3118 5532 ipse
3140 5477 3291 5525 vero,
3320 5469 3529 5530 sumpta
3554 5474 3615 5514 ea
3637 5505 3651 5527 ,
3679 5476 3835 5531 quant

2251 5536 2545 5588 Mercurius
2586 5535 2797 5596 docuit.
2827 5534 3023 5598 herba,
3054 5533 3191 5603 Moly
3214 5541 3439 5598 vocata,
3472 5532 3694 5603 illa‘sam
3724 5546 3839 5585 ser-

2250 5607 2391 5659 vavit
2432 5621 2585 5660 suam
2630 5606 2889 5671 formam,
2920 5605 3061 5676 quod
3093 5602 3171 5661 sic
3212 5603 3505 5674 descripsit
3548 5602 3836 5674 przedictus

2251 5676 2481 5733 “allatus
2507 5677 2828 5733 continuans
2862 5696 2873 5730 :

2347 5772 2478 5830 Quas
2502 5772 2643 5821 simul
2666 5774 2863 5822 intravit
2884 5784 3009 5823 nova
3026 5771 3190 5831 turba,
3206 5772 3336 5821 haud
3360 5772 3617 5821 immemor
3638 5770 3756 5821 artis

2343 5835 2631 5898 Colchiacae,
2656 5836 2871 5898 attonitis
2886 5837 3157 5885 medicatos
3176 5835 3303 5897 Saga
3328 5834 3557 5898 propinat
3583 5866 3591 5878 .

2342 5896 2626 5959 Hospitibus
2647 5896 2850 5955 calices;
2880 5898 3233 5957 vertendisque
3250 5896 3365 5958 apta
3387 5896 3558 5956 ﬁguris

2344 5958 2560 6019 Carmina
2583 5961 2765 6021 Titanis
2788 5959 3133 6020 demurmurat.
3162 5960 3344 6021 Ordine
3373 5966 3423 6017 et
3448 5970 3620 6017 omnes
