4290 6258
444 4932 464 4990 i

557 423 659 481 803

848 543 966 600 Jam
995 558 1118 599 sues
1145 541 1387 599 Cerealia

833 635 1039 692 Glande
1061 636 1252 707 pabula
1274 644 1568 691 verterant.

732 727 804 783 25
841 726 912 782 Et
934 728 1066 782 nihil
1094 735 1275 783 manet
1303 728 1565 798 integrum

842 819 1007 885 Voce,
1030 834 1278 890 corpore,
1304 819 1544 890 perditis.

837 912 964 968 Sola
984 926 1141 969 mens
1161 912 1390 980 stabilis,
1414 926 1579 981 super

832 1006 1090 1073 Monstra,
1121 1020 1239 1076 quin
1262 1006 1480 1075 patitur,
1504 1006 1688 1077 gemit.

833 1098 878 1155 Ο
904 1101 1075 1156 levem
1105 1100 1331 1156 nimium
1362 1114 1602 1167 manum,

728 1191 798 1248 30
834 1191 945 1248 Nec
974 1194 1209 1262 potentia
1240 1194 1508 1264 gramina,

834 1286 1071 1341 Membra
1096 1301 1215 1354 quae
1239 1286 1455 1341 valeant
1474 1285 1620 1349 licet,

830 1376 1006 1433 Corda
1037 1387 1248 1433 vertere
1278 1391 1386 1433 non
1417 1377 1617 1433 valent.

829 1467 978 1525 Intus
1004 1478 1089 1525 est
1117 1469 1397 1525 hominum
1426 1470 1580 1540 vigor

834 1563 974 1620 Arce
1000 1564 1251 1620 conditus
1281 1563 1487 1620 abdita.

723 1656 794 1714 '55
827 1656 953 1713 Haec
983 1672 1192 1713 venena
1222 1659 1492 1728 potentius

827 1753 1129 1809 Detrahunt
1157 1754 1431 1810 hominem
1459 1753 1563 1811 sibi

832 1845 980 1914 Dira,
1011 1862 1133 1917 qua:
1159 1846 1373 1917 penitus
1401 1854 1604 1915 meant,

829 1937 941 1994 Nec
966 1939 1211 1994 nocentia
1242 1940 1457 2009 corpori

828 2030 1022 2087 Mentis
1045 2030 1227 2088 ulcere
1256 2032 1505 2088 saeviunt.

1060 2144 1601 2215 «ετθιπηβΑιν.

544 2242 934 2295 Amunsnwn.
966 2266 1037 2277 —
1081 2234 1420 2308 PhilosOphia
1466 2238 1818 2306 improborum
1876 2240 2135 2295 miseriam

617 2308 842 2372 amplius
873 2308 1275 2376 conﬁrmatum,
1319 2310 1411 2361 hoc
1458 2324 1541 2362 eos
1573 2326 1681 2369 esse
1718 2310 2003 2364 miseriores
2047 2328 2131 2367 or-

613 2378 796 2445 tendit,
822 2378 958 2449 quod
1000 2378 1466 2452 cupitajperﬁciant
1508 2379 1736 2452 diutius;
1778 2383 2019 2452 impuniti
2060 2384 2133 2437 vi-

610 2459 764 2513 vent;
793 2452 1089 2517 ueterisque
1111 2449 1338 2519 inferant
1363 2450 1631 2520 iniuriam.

613 2560 747 2615 Tum
790 2575 891 2631 ego
916 2570 941 2597 "
973 2560 1192 2627 Fateor,
1222 2560 1470 2632 inquam,
1504 2577 1602 2618 nec
1632 2562 1659 2601 δ
1693 2563 1889 2634 injuria
1919 2564 2023 2621 diei
2054 2567 2134 2621 vi-

541 2654 644 2710 deo
684 2655 932 2723 vitiosos,
960 2654 1177 2712 tametsi
1209 2656 1425 2711 humani
1456 2658 1705 2727 corporis
1746 2660 1988 2728 speciem
2019 2677 2135 2717 ser-

542 2756 699 2815 vent,
730 2747 784 2801 in
815 2746 1023 2803 belluas
1072 2757 1247 2805 tamen
1290 2748 1593 2805 animorum
1624 2752 1884 2822 qualitate
1912 2755 2128 2813 matari.

541 2838 650 2895 Sed
675 2855 905 2909 quorum
933 2850 1091 2901 atrox
1127 2841 1497 2914 scelerataque
1524 2858 1681 2899 mens
1706 2846 1971 2902 bonorum
2012 2864 2134 2916 per-

541 2934 680 2990 nicie
706 2934 890 3004 saevit,
921 2936 1154 3006 idipsum
1183 2937 1264 2993 eis
1296 2937 1458 2995 licere
1490 2940 1805 2996 noluissem.
1834 2939 1945 2999 Nec
1975 2943 2129 3008 licet,

539 3025 745 3099 inquit,
777 3029 858 3101 (5)
902 3030 979 3085 uti
1027 3031 1371 3087 convenienti
1416 3034 1805 3109 monstrabitur
1849 3035 2008 3099 loco:
2040 3039 2137 3095 sed

539 3128 721 3179 tamen
764 3120 812 3177 si
856 3121 1088 3193 idipsum
1117 3124 1262 3194 quod
1308 3125 1388 3181 eis
1422 3127 1586 3184 licere
1630 3129 1888 3197 crediutr,
1923 3131 2136 3188 anien-

539 3224 648 3283 tur,
680 3230 870 3288 magna
912 3232 977 3272 ex
1017 3228 1171 3287 parte
1210 3219 1597 3297 sceleratorum
1645 3221 1926 3285 hominum
1976 3239 2132 3295 pcena

542 3317 568 3347 ο
591 3309 884 3367 relevetur.
911 3309 930 3341 ¹
958 3308 1173 3367 Etenim
1208 3310 1349 3383 quod
1376 3310 1693 3371 incredibile
1718 3316 1967 3387 cuiquam
1997 3316 2139 3375 forte

1790 422 1900 485 AN.
1934 410 2149 485 IANL.
2191 424 2342 486 sev.
2386 428 2607 489 somn

2175 553 2227 615 Α
2260 548 2521 614 videatur,
2566 549 2890 604 inieliciores
2931 561 3052 603 esse
3096 560 3315 603 necesse
3351 556 3435 603 est
3479 546 3681 615 malos,
3710 562 3833 606 cum

3730 430 3834 487 804

2247 644 2425 711 cupita
2456 641 2815 710 perfecerint,
2846 654 3004 710 quam
3045 637 3093 693 si
3135 653 3230 707 ea,
3272 653 3391 708 qua:
3436 640 3690 708 cupiunt,
3737 642 3832 695 im-

2246 734 2395 804 plere
2424 750 2529 788 non
2560 734 2785 803 possint.
2816 731 2949 787 Nam
2979 732 3027 787 si
3053 732 3307 788 miserum
3336 742 3421 787 est
3447 732 3685 787 voluisse
3714 748 3832 801 pra-

2245 843 2339 893 va,
2375 828 2489 899 (l0)
2519 828 2757 898 potuisse
2801 827 3050 882 miserius
3094 834 3206 891 est,
3239 826 3359 881 sine
3402 840 3510 896 quo
3540 827 3832 881 voluntatis

2246 920 2457 975 miserae
2489 919 2765 989 langueret
2801 918 3044 974 effectus.
3084 918 3267 988 itaque
3307 932 3430 973 cum
3471 932 3566 973 sua
3608 918 3832 988 singulis

2247 1012 2463 1067 miseria
2492 1013 2589 1077 sit,
2622 1011 2817 1081 triplici
2848 1010 3142 1066 infortunio
3168 1024 3394 1065 necesse
3416 1020 3500 1065 est
3522 1020 3830 1080 urgeantur,

2245 1118 2380 1173 quos
2412 1097 2593 1158 videas
2636 1104 2812 1158 scelus
2843 1103 3003 1169 velle,
3046 1116 3223 1172 posse,
3272 1102 3553 1172 perlicere.
3592 1102 3831 1167 Accedo,

2247 1197 2501 1266 inquam:
2532 1196 2625 1252 sed
2654 1196 2730 1250 uti
2763 1196 2864 1252 hoc
2913 1195 3210 1273 infortunio
3250 1197 3359 1250 cito
3399 1202 3653 1260 careant,
3678 1192 3703 1231 ἀ
3741 1211 3828 1265 pa-

2247 1289 2423 1344 trandi
2477 1290 2700 1345 sceleris
2763 1290 3115 1359 possibilitate
3184 1290 3420 1356 deserti,
3483 1290 3828 1345 vehementer

2232 1394 2463 1458 exopto.
2496 1384 2798 1449 Carebunt,
2824 1384 3030 1453 inquit,
3060 1394 3084 1422 ⁸
3116 1399 3303 1456 ocyue,
3331 1370 3490 1455 quam
3521 1384 3639 1457 (15)
3665 1385 3747 1440 vel
3774 1394 3827 1441 tu

2245 1478 2462 1532 forsitan
2491 1478 2645 1543 velis,
2672 1479 2756 1534 vel
2787 1478 2863 1533 illi
2894 1493 3016 1534 sese
3045 1478 3356 1534 existiment
3386 1493 3508 1533 esse
3544 1478 3828 1535 carituros.

2242 1571 2427 1641 Neque
2467 1572 2610 1626 enim
2643 1582 2729 1627 est
2755 1571 2961 1643 aliquid
2988 1573 3041 1627 in
3070 1580 3177 1627 tam
3215 1571 3469 1628 brevibus
3510 1572 3634 1628 vitae
3676 1574 3831 1630 metis

2244 1667 2314 1721 ita
2363 1664 2383 1702 ¹
2427 1680 2642 1731 serum,
2690 1667 2833 1736 quod
2878 1676 3195 1737 exspectare
3248 1666 3465 1737 longum
3514 1666 3831 1722 immortalis

2245 1757 2540 1827 praesertim
2590 1758 2801 1815 animus
2865 1768 3058 1828 putet:
3101 1774 3327 1830 quorum
3373 1774 3564 1830 magna
3613 1772 3737 1828 spes
3767 1767 3832 1830 ,οι

2241 1850 2454 1906 excelsa
2502 1850 2799 1905 facinorum
2848 1850 3097 1905 machina
3148 1851 3432 1921 repentino
3462 1856 3622 1920 atque
3651 1850 3829 1921 inSpe-

2167 1939 2218 2001 Β
2244 1957 2360 2001 rato
2385 1960 2527 2016 saepe
2558 1944 2664 2001 fine
2691 1946 2981 2001 destruitur
3003 1960 3017 2000 :
3043 1946 3183 2017 quod
3209 1946 3423 2016 quidem
3455 1945 3564 2000 illis
3594 1944 3827 2034 miseria:

2246 2057 2273 2095 κ
2306 2048 2520 2103 modum
2567 2049 2771 2102 statuit.
2812 2048 2976 2118 280
3000 2052 3021 2081 ²
3050 2046 3183 2103 Nam
3228 2047 3277 2103 si
3315 2046 3553 2117 nequitia
3601 2045 3829 2102 miseros

2241 2145 2397 2213 facit,
2428 2147 2675 2202 miserior
2701 2146 2772 2201 sit
2817 2161 3038 2201 necesse
3079 2156 3161 2201 est
3191 2146 3497 2200 diuturnior
3543 2159 3778 2214 nequam
3806 2161 3821 2199 :

2240 2254 2374 2309 quos
2415 2239 2812 2295 infelicissimos
2858 2254 2980 2294 esse
3024 2239 3353 2308 judicarem,
3393 2240 3439 2294 si
3481 2253 3585 2293 non
3637 2252 3826 2292 eorum

2240 2330 2497 2385 malitiam
2527 2330 2718 2386 saltem
2749 2345 2895 2385 mors
2936 2338 3181 2385 extrema
3212 2330 3413 2385 finiret.
3444 2329 3653 2386 Etenim
3686 2330 3729 2384 si
3762 2329 3829 2384 de

2244 2422 2524 2490 pravitatis
2563 2420 2857 2477 infortunio
2887 2436 3013 2476 vera
3056 2422 3446 2489 conciusimus,
3476 2424 3735 2477 infinitam
3768 2422 3830 2477 li-

2240 2519 2369 2582 quet
2393 2526 2515 2567 esse
2544 2511 2816 2567 miseriam
2834 2554 2851 2579 ,
2874 2523 3035 2582 quam
3058 2525 3180 2569 esse
3207 2520 3419 2568 constat
3441 2519 3719 2568 mternam.
3747 2512 3828 2584 (5)

2238 2604 2373 2658 Tum
2404 2617 2525 2673 ego,
2570 2602 2700 2658 Mira
2742 2603 2989 2672 quidem,
3024 2603 3274 2674 inquam,
3305 2611 3362 2658 et
3397 2618 3659 2661 concessu
3689 2602 3831 2659 diffi-

2238 2698 2356 2753 cilis
2376 2695 2403 2735 ιι
2426 2698 2620 2763 illatio;
2645 2696 2740 2752 sed
2762 2696 2846 2751 his
2871 2712 2989 2753 eam
3006 2739 3022 2765 ,
3052 2712 3175 2769 qua:
3202 2696 3353 2768 prius
3382 2711 3641 2754 concessa
3668 2706 3826 2763 sunt,

2239 2791 2460 2846 nimium
2508 2790 2803 2844 convenire
2832 2803 3121 2859 cognosco.
3168 2790 3355 2855 Recte,
3397 2788 3601 2860 inquit,
3640 2788 3827 2844 existi-

2242 2897 2404 2936 mas:
2446 2879 2539 2935 sed
2586 2880 2677 2950 qui
2721 2879 3056 2934 conclusioni
3097 2877 3357 2957 accedere
3406 2878 3599 2934 durum
3646 2887 3831 2951 putat,

2242 2988 2456 3045 aequum
2492 2982 2574 3029 est
2613 2971 2700 3027 vei
2741 2970 2934 3026 falsum
2976 2970 3175 3040 aliquid
3215 2968 3564 3041 praecessisse
3603 2969 3829 3025 demon-

2240 3074 2397 3131 stret,
2426 3064 2515 3120 vel
2536 3061 2880 3120 collationem
2907 3062 3337 3132 propositionum
3366 3075 3473 3117 non
3498 3074 3619 3115 esse
3642 3058 3825 3115 efca-

2244 3172 2360 3213 cem
2392 3155 2714 3212 necessariae
2741 3153 3105 3211 conclusionis
3133 3152 3422 3208 ostendat:
3451 3153 3569 3223 (10)
3591 3150 3824 3217 alioquin

2243 3250 2516 3305 concessis
2546 3245 2998 3319 praecedentibus,
3032 3244 3164 3301 nihil
3196 3258 3415 3317 prorsus
3439 3253 3551 3304 est,
3578 3240 3719 3312 quod
3757 3240 3827 3296 de

2254 3338 2271 3377 ί
2306 3341 2546 3397 illatione
2573 3346 2841 3395 causetur.
2872 3336 2894 3369 ³
2922 3335 3055 3393 Nam
3083 3336 3186 3393 hoc
3211 3344 3425 3408 quoque
3453 3333 3593 3406 quod
3618 3331 3816 3401 dicam,

1909 3448 2486 3515 INTERPRETATIO.

538 3558 735 3643 ducunt
1037 3557 1286 3643 eﬁcecfus
1307 3576 1340 3613 a
1361 3560 1648 3643 semetipso,
1672 3561 1868 3643 quippe
1895 3578 2011 3643 quis
2040 3582 2133 3631 pe-
2162 3562 2210 3626 C
2313 3562 2341 3602 ἀ
2370 3564 2591 3643 ξρςοανε
2616 3564 2796 3620 nescii.

538 3640 736 3686 netrant
765 3630 819 3681 in
862 3638 1079 3706 mentem
1098 3667 1114 3693 ,
1141 3637 1189 3684 et
1219 3629 1343 3685 dum
1382 3629 1598 3699 parch
1623 3629 1861 3701 corpori,
1889 3629 2124 3706 affligunt

538 3710 752 3757 utentem
778 3700 925 3768 gravi
953 3698 1177 3755 vulnere.

607 3781 634 3810 ⁸·
668 3772 908 3827 Boetius.

606 3840 634 3882 ³
668 3841 947 3897 Immerito.

612 3924 635 3954 ο
669 3914 946 3969 Minuitur.

2312 3645 2336 3673 ο
2367 3634 2551 3691 Citius.

2311 3702 2331 3743 ί
2367 3706 2617 3764 Tardum.

2307 3786 2332 3847 β
2364 3776 2548 3847 incm
2578 3770 2794 3847 imponit

2307 3845 2335 3919 ξι
2361 3845 2755 3919 Consequentia.

2313 3916 2329 3955 ί
2364 3916 2728 3974 Consecutione
2746 3926 3106 3988 conqueratur.

2070 4038 2312 4117 Nom.

660 4172 894 4234 Murmur,
921 4175 1036 4222 etin
1062 4175 1246 4221 terram
1270 4178 1372 4221 toto
1391 4174 1715 4233 procumbere
1740 4174 1877 4225 vultu

659 4235 824 4294 Osque
843 4247 1008 4283 meum
1030 4236 1162 4283 sensi
1182 4234 1337 4296 pando
1353 4234 1682 4284 occallescere
1701 4246 1875 4293 rostro,

661 4297 792 4361 Colla
817 4306 1015 4361 tumere
1035 4299 1181 4361 toris,
1209 4304 1262 4346 et
1284 4308 1380 4361 qua
1406 4297 1546 4345 modo
1571 4297 1743 4361 pocula
1774 4305 1912 4361 parte

661 4311 792 4348 bona
817 4311 1015 4370 tumere
1038 4311 1181 4357 lOI'lS,
1209 4311 1380 4408 etqga
1406 4311 1548 4371 atoue
1571 4311 1724 4371 pocula

661 4360 861 4423 Sumpta
885 4360 1011 4409 mihi
1029 4357 1244 4419 fuerant,
1269 4359 1304 4411 tl
1371 4366 1583 4422 vestigia
1603 4359 1724 4411 fect.

604 4467 694 4523 27.
739 4466 873 4538 Sola
894 4482 1061 4533 mens,
1092 4466 1222 4538 etc.)
1253 4463 1409 4520 Circe
1442 4466 1611 4520 instar
1638 4465 1799 4535 Solis,
1833 4468 1984 4538 cujus
2014 4477 2131 4525 erat

538 4540 664 4602 ﬁlia,
690 4538 740 4592 vi
764 4537 1074 4602 herbarum,
1098 4537 1408 4609 verborum,
1444 4538 1607 4608 278
1636 4548 1687 4590 et
1712 4537 1909 4609 virgae,
1933 4540 2125 4607 quibus

537 4611 805 4671 utebatur.
837 4624 1063 4678 corpora
1095 4608 1309 4680 quidem
1340 4618 1547 4680 mutare
1576 4608 1813 4676 poterat,
1840 4626 1942 4664 non
1976 4626 2128 4665 men-

536 4690 644 4747 tes,
676 4681 873 4751 quippe
894 4695 1015 4749 qnze
1046 4678 1157 4734 ut'a
1197 4679 1314 4733 solo
1345 4678 1457 4733 Deo
1488 4692 1686 4734 creatae
1716 4694 2124 4746 conservantur,

536 4754 615 4807 sic
644 4768 673 4805 a
700 4752 815 4806 solo
844 4752 951 4805 Deo
974 4751 1167 4805 mutari
1194 4757 1445 4819 possunt;
1470 4752 1571 4805 nisi
1593 4752 1736 4821 quod
1758 4752 1934 4809 eidem
1960 4754 2125 4807 menti

536 4822 776 4892 qumdam
803 4823 972 4877 virtus
998 4822 1254 4876 divinitus
1278 4891 1281 4892 ν
1301 4821 1456 4874 insita
1484 4830 1596 4892 est;
1637 4824 1884 4878 voluntas
1918 4825 2125 4878 scilicet

536 4891 619 4965 sui
652 4894 904 4965 domina,
939 4891 1577 4965 quaeiperturbationibus
1615 4892 1867 4965 obsecuta
1910 4895 2123 4965 corpori

533 4964 749 5033 quidem
777 4961 998 5031 parcere
1026 4961 1271 5033 videtur,
1300 4961 1393 5015 sed
1427 4970 1692 5033 mentem,
1727 4974 1756 5017 a
1788 4964 1900 5019 Deo
1937 4961 2128 5019 sic're-

536 5031 721 5101 trahit,
740 5045 795 5087 ut
816 5033 1058 5087 eamdem
1086 5034 1151 5086 ad
1183 5032 1420 5086 inﬁmam
1452 5031 1741 5088 bestiarum
1764 5034 2123 5090 conditionem

535 5105 839 5174 deprimere
862 5103 1126 5157 videatur.

611 5172 627 5207 ί
661 5173 863 5228 Etenim
886 5174 1026 5245 quod
1051 5172 1366 5245 incredibile,
1391 5172 1524 5245 etc.]
1547 5173 1588 5227 Ι.
1619 5172 1965 5243 Philosophia
1997 5191 2115 5245 pro.

536 5245 627 5303 bat
656 5245 931 5313 improbos
959 5244 1060 5317 hoc
1085 5259 1205 5317 esse
1233 5244 1558 5307 miseriores,
1591 5246 1731 5314 quod
1773 5247 1953 5315 cupita
1997 5244 2118 5317 per-

536 5317 755 5372 ficiant:
786 5331 909 5371 nam
938 5316 1078 5371 velle
1098 5315 1293 5377 scelus,
1326 5329 1514 5383 magna
1547 5317 1759 5370 miseria
1784 5325 1899 5383 est,
1932 5315 2115 5383 posse,

535 5390 729 5457 major,
763 5387 1044 5457 perﬁcere.
1077 5384 1350 5440 maxima:
1383 5384 1812 5454 quandoquidem
1853 5387 2115 5444 defectio-

535 5474 634 5515 nes
675 5467 829 5523 sunt,
855 5473 979 5529 quae
1015 5467 1163 5515 tanto
1206 5464 1482 5529 crescturt,
1526 5466 1725 5529 quanto
1773 5474 1803 5512 a
1845 5459 1954 5514 Deo
2002 5462 2115 5515 sive

535 5544 746 5585 summo
778 5526 921 5585 bono
954 5530 1124 5598 magis
1151 5542 1214 5584 ac
1242 5527 1411 5599 magis
1436 5526 1692 5581 recedunt
1718 5547 1730 5581 :
1764 5531 2116 5599 quamobrem

536 5602 583 5655 si
610 5602 838 5671 improbi
876 5615 982 5656 non
1013 5596 1188 5656 solum
1227 5596 1427 5671 velint,
1456 5606 1513 5653 et
1559 5596 1796 5665 possint,
1829 5601 1922 5658 sed
1950 5603 2112 5656 etiam

538 5670 815 5752 perficiant
849 5672 1044 5752 scelus,
1077 5672 1224 5752 hinec
1254 5670 1369 5752 ipso
1396 5676 1551 5752 erunt
1582 5671 1893 5752 miseriores
1919 5689 1931 5725 :
1967 5675 2115 5741 atqui

538 5738 769 5821 improbi
812 5743 993 5821 cupita
1028 5738 1381 5821 perficiendo,
1416 5739 1691 5821 perﬁciunt
1729 5744 1946 5821 scelus:
1993 5738 2114 5821 cum

539 5812 682 5881 enim
703 5808 929 5879 improbi
952 5808 1079 5875 sint,
1104 5812 1157 5864 hi
1177 5809 1306 5863 nihil
1335 5808 1433 5863 nisi
1459 5808 1655 5865 malum
1677 5813 1919 5881 adeoque
1940 5813 2115 5867 scelus

543 5880 798 5948 perficere
821 5890 1102 5933 conantur.

612 5950 634 5979 ¹
668 5947 805 6003 Nam
842 5950 888 6001 si
928 5950 1150 6014 nequitia
1191 5950 1398 6011 miseros
1441 5951 1595 6016 facit,
1637 5947 1769 6016 etc.)
1810 5949 1875 6004 ιι.
1908 5950 2113 6008 Eadem

2242 4179 2578 4251 philosophia
2634 4182 2826 4248 probat
2879 4180 3158 4251 improbos
3187 4181 3292 4237 hoc
3326 4195 3448 4236 esse
3493 4178 3821 4243 miseriores,

2240 4250 2382 4319 quod
2420 4252 2807 4308 diuturniorem
2854 4250 3018 4306 vitam
3055 4263 3276 4322 agentes
3314 4252 3493 4318 cupita
3546 4252 3827 4320 perficiant

2240 4322 2440 4377 diutius
2464 4340 2477 4374 :
2507 4323 2628 4392 quia
2648 4338 2772 4378 cum
2799 4323 3014 4379 miseria
3035 4321 3114 4378 sic
3137 4326 3390 4378 miserum
3414 4321 3597 4384 faciat.
3618 4332 3678 4377 ut
3703 4321 3824 4376 l‘eli-

2237 4394 2373 4449 citas
2402 4392 2611 4449 felicem
2631 4436 2646 4459 ,
2676 4394 3126 4463 quemadmodum
3154 4408 3222 4449 eo
3259 4394 3449 4463 aliquis
3479 4393 3685 4449 felicior
3716 4402 3822 4455 est,

2239 4480 2345 4535 quo
2385 4465 2501 4531 ejus
2542 4466 2770 4520 felicitas
2808 4474 2891 4520 est
2919 4464 3254 4529 diuturnior;
3294 4466 3372 4520 sic
3411 4479 3476 4520 eo
3522 4464 3713 4533 aliquis
3741 4471 3825 4517 est

2239 4536 2508 4602 miserior,
2538 4551 2646 4607 quo
2684 4536 2798 4605 ejus
2837 4537 3051 4607 miseria
3094 4536 3396 4591 diuturnior
3437 4544 3558 4591 est:
3600 4544 3823 4607 utraque

2240 4607 2380 4661 enim
2403 4604 2577 4661 tantas
2593 4604 2733 4662 vires
2758 4606 2983 4676 acquirit
3003 4608 3201 4672 eundo,
3228 4618 3284 4661 ut
3302 4621 3410 4675 quo
3433 4604 3726 4675 antiquior,
3755 4620 3821 4659 eo

2157 4651 2209 4722 ι)
2235 4651 2313 4732 dif
2315 4651 2500 4733 [icilius
2517 4651 2891 4733 altei'ii‘irausvift‘)~
2902 4651 3213 4733 destruatur
3226 4651 3408 4732 cor‘ftra
3418 4651 3527 4730 rio:
3539 4651 3697 4744 thui
3712 4651 3821 4744 ,quo

2234 4750 2435 4802 diutius
2464 4749 2720 4819 improbi,
2752 4750 3141 4803 diuturniorem
3172 4749 3330 4801 vitam
3362 4757 3605 4819 agentes,
3640 4748 3821 4814 cupita

2234 4820 2550 4888 perficiunt,
2592 4834 2660 4874 eo
2696 4820 2996 4873 diuturnior
3036 4829 3117 4873 est
3166 4833 3353 4874 eorum
3378 4819 3634 4873 miseria:
3666 4831 3813 4882 cum,

2236 4900 2292 4944 ut
2322 4890 2574 4955 diximus,
2632 4890 2995 4945 miserrimum
3026 4892 3096 4943 sit
3122 4891 3297 4945 scelus
3324 4888 3584 4959 perficere
3612 4907 3625 4943 :
3655 4903 3821 4959 quare

2235 4961 2576 5028 infelicissimi
2627 4971 2822 5025 essent,
2877 4963 2921 5015 si
2972 4977 3074 5014 non
3119 4977 3298 5013 eorum
3328 4958 3591 5013 ’malitiatn
3637 4958 3818 5013 saltem

2238 5049 2373 5086 mors
2402 5043 2627 5085 extrema
2654 5032 2824 5100 ﬁniret
2848 5046 2866 5085 :
2894 5031 3036 5098 quod
3066 5045 3231 5098 mors,
3266 5031 3394 5087 licet
3419 5039 3523 5085 nun
3548 5031 3619 5084 sit
3644 5029 3819 5100 cujus-

2240 5103 2368 5157 libet
2415 5103 2626 5157 illorum
2656 5099 2893 5157 miseriae
2936 5111 3111 5170 meta,
3142 5112 3229 5157 est
3274 5108 3453 5157 tamen
3500 5100 3720 5156 sceleris
3749 5099 3817 5153 ab

2231 5174 2423 5243 iisdem
2450 5174 2762 5243 perficiendi
2791 5174 2931 5230 linis.

2298 5245 2318 5276 ³
2352 5240 2492 5298 Nam
2526 5243 2622 5297 hoc
2648 5260 2847 5314 quoque
2874 5246 3010 5313 quod
3051 5246 3256 5309 dicam,
3288 5240 3422 5315 etc.]
3451 5242 3540 5299 ιιι.
3572 5241 3819 5315 Philoso-

2229 5316 2349 5385 phia
2381 5316 2568 5380 probat
2603 5312 2875 5383 improbos
2906 5316 3006 5371 hoc
3033 5331 3155 5371 esse
3185 5312 3518 5381 miseriores,
3550 5312 3692 5384 quod
3724 5314 3821 5367 im-

2229 5386 2395 5455 puniti
2430 5387 2648 5439 vivant:
2679 5401 2788 5440 non
2817 5387 2992 5442 solum
3036 5386 3159 5455 quia
3207 5387 3381 5456 pinnis
3422 5396 3478 5443 et
3507 5395 3690 5440 sontes
3723 5386 3819 5437 de-

2225 5463 2411 5512 serunt
2451 5465 2504 5510 et
2536 5458 2776 5510 insontes
2813 5462 2984 5511 vitant
3011 5458 3262 5524 crimina,
3294 5472 3478 5511 verum
3510 5458 3670 5512 etiam
3699 5456 3820 5525 quia

2225 5543 2346 5583 cum
2378 5527 2591 5581 miseria
2639 5537 2849 5581 crescat
2884 5530 3194 5583 accessione
3237 5528 3396 5591 mali,
3426 5542 3535 5583 non
3572 5541 3730 5582 secus
3762 5541 3822 5579 ac

2222 5597 2460 5653 felicitas
2498 5598 2811 5669 accessione
2852 5598 2976 5654 boni
3028 5599 3192 5669 (quod
3224 5608 3283 5652 ut
3322 5599 3522 5654 bonum
3570 5598 3817 5659 felicitas,

2223 5670 2300 5724 sic
2319 5670 2517 5723 malum
2539 5668 2751 5739 miseria
2783 5669 2852 5722 sit
2874 5684 2939 5725 ex
2966 5670 3171 5735 dictis),
3204 5678 3488 5739 propterea
3514 5670 3821 5736 cuicunque

2225 5742 2422 5796 misero
2451 5738 2647 5811 accidit
2688 5739 2891 5809 aliquid
2923 5742 3081 5806 mali,
3117 5738 3217 5811 ille;
3256 5740 3359 5797 hoc
3410 5743 3528 5811 ipso
3567 5740 3822 5811 miserior

2222 5820 2344 5868 est:
2377 5810 2827 5882 quemadmodum
2870 5814 3171 5882 cuicunque
3197 5810 3343 5868 felici
3388 5809 3585 5868 accidit
3615 5809 3817 5880 aliquid

2225 5882 2382 5947 boni,
2411 5881 2503 5937 ille
2528 5898 2594 5939 eo
2621 5884 2739 5953 ipso
2764 5892 2848 5939 est
2877 5881 3105 5940 felicior.
3141 5883 3300 5952 Atqui
3334 5884 3605 5951 improbo.
3637 5898 3703 5936 ex
3752 5894 3818 5936 eo

2226 5953 2368 6021 quod
2399 5953 2485 6011 hic
2512 5955 2805 6025 impunitus
2836 5956 3007 6022 vivat,
3036 5954 3233 6011 accidit
3258 5953 3459 6024 aliquid
3489 5954 3618 6013 mali
3647 5971 3659 6007 :
3694 5966 3816 6032 cum
