  <div class='ocr_page' id='page_1' title='image "/cluster/home/n/w/nwhite01/storage/ocr_20150623/63/hvd.32044073498792/409.png"; bbox 0 0 4290 6258; ppageno 0'>
   <div class='ocr_carea' id='block_1_1' title="bbox 566 384 665 442">
    <p class='ocr_par' dir='ltr' id='par_1_1' title="bbox 566 384 665 442">
     <span class='ocr_line' id='line_1_1' title="bbox 566 384 665 442; baseline -0.03 0"><span class='ocrx_word' id='word_1_1' title='bbox 566 384 665 442; x_wconf 84' lang='grc'><strong>807</strong></span> 
     </span>
    </p>
   </div>
   <div class='ocr_carea' id='block_1_2' title="bbox 1804 383 2613 443">
    <p class='ocr_par' dir='ltr' id='par_1_2' title="bbox 1804 383 2613 443">
     <span class='ocr_line' id='line_1_2' title="bbox 1804 383 2613 443; baseline -0.002 -2"><span class='ocrx_word' id='word_1_2' title='bbox 1804 386 1917 443; x_wconf 78' lang='lat' dir='ltr'><strong>AN.</strong></span> <span class='ocrx_word' id='word_1_3' title='bbox 1957 385 2161 441; x_wconf 80' lang='lat' dir='ltr'><strong>MANL.</strong></span> <span class='ocrx_word' id='word_1_4' title='bbox 2204 385 2360 443; x_wconf 80' lang='lat' dir='ltr'><strong>SEV.</strong></span> <span class='ocrx_word' id='word_1_5' title='bbox 2390 383 2613 441; x_wconf 84' lang='lat' dir='ltr'><strong>BOETII</strong></span> 
     </span>
    </p>
   </div>
   <div class='ocr_carea' id='block_1_3' title="bbox 3756 377 3860 436">
    <p class='ocr_par' dir='ltr' id='par_1_3' title="bbox 3756 377 3860 436">
     <span class='ocr_line' id='line_1_3' title="bbox 3756 377 3860 436; baseline 0.019 -2"><span class='ocrx_word' id='word_1_6' title='bbox 3756 377 3860 436; x_wconf 80' lang='lat'><strong>808</strong></span> 
     </span>
    </p>
   </div>
   <div class='ocr_carea' id='block_1_4' title="bbox 562 498 3860 575">
    <p class='ocr_par' dir='ltr' id='par_1_4' title="bbox 562 498 3860 575">
     <span class='ocr_line' id='line_1_4' title="bbox 562 498 3860 575; baseline 0 -16"><span class='ocrx_word' id='word_1_7' title='bbox 562 518 690 561; x_wconf 77' lang='lat' dir='ltr'><strong>suos</strong></span> <span class='ocrx_word' id='word_1_8' title='bbox 719 503 993 561; x_wconf 74' lang='lat' dir='ltr'><strong>intuentur</strong></span> <span class='ocrx_word' id='word_1_9' title='bbox 1033 506 1284 573; x_wconf 72' lang='lat' dir='ltr'><strong>allectus,</strong></span> <span class='ocrx_word' id='word_1_10' title='bbox 1316 506 1399 561; x_wconf 86' lang='lat' dir='ltr'><strong>vel</strong></span> <span class='ocrx_word' id='word_1_11' title='bbox 1432 504 1743 570; x_wconf 91' lang='lat' dir='ltr'><strong>licentiam,</strong></span> <span class='ocrx_word' id='word_1_12' title='bbox 1776 505 1859 559; x_wconf 88' lang='lat' dir='ltr'><strong>vel</strong></span> <span class='ocrx_word' id='word_1_13' title='bbox 1909 504 2154 575; x_wconf 85' lang='lat' dir='ltr'><strong>impuni-</strong></span> <span class='ocrx_word' id='word_1_14' title='bbox 2195 506 2251 567; x_wconf 82' lang='grc' dir='ltr'><strong>Α</strong></span> <span class='ocrx_word' id='word_1_15' title='bbox 2278 520 2441 572; x_wconf 89' lang='lat' dir='ltr'><strong>nunc,</strong></span> <span class='ocrx_word' id='word_1_16' title='bbox 2474 505 2577 575; x_wconf 89' lang='lat' dir='ltr'><strong>ait,</strong></span> <span class='ocrx_word' id='word_1_17' title='bbox 2608 510 2795 560; x_wconf 89' lang='lat' dir='ltr'><strong>contra</strong></span> <span class='ocrx_word' id='word_1_18' title='bbox 2841 500 3044 557; x_wconf 90' lang='lat' dir='ltr'><strong>faciunt</strong></span> <span class='ocrx_word' id='word_1_19' title='bbox 3070 498 3097 538; x_wconf 73' lang='grc' dir='ltr'>ἀ</span> <span class='ocrx_word' id='word_1_20' title='bbox 3124 506 3388 557; x_wconf 89' lang='lat' dir='ltr'><strong>oratores.</strong></span> <span class='ocrx_word' id='word_1_21' title='bbox 3430 499 3538 556; x_wconf 85' lang='lat' dir='ltr'><strong>Pro</strong></span> <span class='ocrx_word' id='word_1_22' title='bbox 3587 500 3672 556; x_wconf 91' lang='lat' dir='ltr'><strong>bis</strong></span> <span class='ocrx_word' id='word_1_23' title='bbox 3713 500 3860 559; x_wconf 89' lang='lat' dir='ltr'><strong>enim</strong></span> 
     </span>
    </p>
   </div>
   <div class='ocr_carea' id='block_1_5' title="bbox 565 597 2160 674">
    <p class='ocr_par' dir='ltr' id='par_1_5' title="bbox 565 597 2160 674">
     <span class='ocr_line' id='line_1_5' title="bbox 565 597 2160 674; baseline -0.003 -17"><span class='ocrx_word' id='word_1_24' title='bbox 565 609 726 659; x_wconf 90' lang='lat' dir='ltr'><strong>tatem</strong></span> <span class='ocrx_word' id='word_1_25' title='bbox 772 603 1038 659; x_wconf 90' lang='lat' dir='ltr'><strong>scelerum</strong></span> <span class='ocrx_word' id='word_1_26' title='bbox 1101 612 1287 674; x_wconf 83' lang='lat' dir='ltr'><strong>putant</strong></span> <span class='ocrx_word' id='word_1_27' title='bbox 1334 616 1455 658; x_wconf 89' lang='lat' dir='ltr'><strong>esse</strong></span> <span class='ocrx_word' id='word_1_28' title='bbox 1512 599 1740 656; x_wconf 80' lang='lat' dir='ltr'><strong>felicem.</strong></span> <span class='ocrx_word' id='word_1_29' title='bbox 1788 597 1922 654; x_wconf 93' lang='lat' dir='ltr'><strong>Vide</strong></span> <span class='ocrx_word' id='word_1_30' title='bbox 1979 610 2160 654; x_wconf 86' lang='lat' dir='ltr'><strong>autem</strong></span> 
     </span>
    </p>
   </div>
   <div class='ocr_carea' id='block_1_6' title="bbox 564 691 2156 765">
    <p class='ocr_par' dir='ltr' id='par_1_6' title="bbox 564 691 2156 765">
     <span class='ocr_line' id='line_1_6' title="bbox 564 691 2156 765; baseline -0.003 -16"><span class='ocrx_word' id='word_1_31' title='bbox 564 694 690 765; x_wconf 90' lang='lat' dir='ltr'><strong>quid</strong></span> <span class='ocrx_word' id='word_1_32' title='bbox 721 702 919 749; x_wconf 75' lang='lat' dir='ltr'><strong>aeterna</strong></span> <span class='ocrx_word' id='word_1_33' title='bbox 950 696 1032 749; x_wconf 80' lang='lat' dir='ltr'><strong>lex</strong></span> <span class='ocrx_word' id='word_1_34' title='bbox 1064 694 1307 749; x_wconf 77' lang='lat' dir='ltr'><strong>sanciat?</strong></span> <span class='ocrx_word' id='word_1_35' title='bbox 1338 692 1648 749; x_wconf 83' lang='lat' dir='ltr'><strong>Melior-ibus</strong></span> <span class='ocrx_word' id='word_1_36' title='bbox 1676 691 1914 746; x_wconf 87' lang='lat' dir='ltr'><strong>animum</strong></span> <span class='ocrx_word' id='word_1_37' title='bbox 1942 691 2156 745; x_wconf 89' lang='lat' dir='ltr'><strong>confor-</strong></span> 
     </span>
    </p>
   </div>
   <div class='ocr_carea' id='block_1_7' title="bbox 565 781 2159 856">
    <p class='ocr_par' dir='ltr' id='par_1_7' title="bbox 565 781 2159 856">
     <span class='ocr_line' id='line_1_7' title="bbox 565 781 2159 856; baseline -0.001 -17"><span class='ocrx_word' id='word_1_38' title='bbox 565 786 836 849; x_wconf 91' lang='lat' dir='ltr'><strong>maveris;</strong></span> <span class='ocrx_word' id='word_1_39' title='bbox 867 784 999 840; x_wconf 87' lang='lat' dir='ltr'><strong>nihil</strong></span> <span class='ocrx_word' id='word_1_40' title='bbox 1044 799 1178 856; x_wconf 90' lang='lat' dir='ltr'><strong>opus</strong></span> <span class='ocrx_word' id='word_1_41' title='bbox 1209 793 1292 842; x_wconf 91' lang='lat' dir='ltr'><strong>est</strong></span> <span class='ocrx_word' id='word_1_42' title='bbox 1316 785 1500 855; x_wconf 86' lang='lat' dir='ltr'><strong>judice</strong></span> <span class='ocrx_word' id='word_1_43' title='bbox 1532 784 1809 853; x_wconf 69' lang='lat' dir='ltr'><strong>praemium</strong></span> <span class='ocrx_word' id='word_1_44' title='bbox 1849 781 2159 847; x_wconf 77' lang='lat' dir='ltr'><strong>deferente;</strong></span> 
     </span>
    </p>
   </div>
   <div class='ocr_carea' id='block_1_8' title="bbox 565 876 2161 950">
    <p class='ocr_par' dir='ltr' id='par_1_8' title="bbox 565 876 2161 950">
     <span class='ocr_line' id='line_1_8' title="bbox 565 876 2161 950; baseline -0.003 -16"><span class='ocrx_word' id='word_1_45' title='bbox 565 886 623 934; x_wconf 93' lang='lat' dir='ltr'><strong>tu</strong></span> <span class='ocrx_word' id='word_1_46' title='bbox 651 888 705 935; x_wconf 93' lang='lat' dir='ltr'><strong>te</strong></span> <span class='ocrx_word' id='word_1_47' title='bbox 732 878 848 950; x_wconf 88' lang='lat' dir='ltr'><strong>ipse</strong></span> <span class='ocrx_word' id='word_1_48' title='bbox 874 878 1348 936; x_wconf 78' lang='lat' dir='ltr'><strong>excellentioribus</strong></span> <span class='ocrx_word' id='word_1_49' title='bbox 1380 878 1651 934; x_wconf 74' lang='lat' dir='ltr'><strong>addidisti.</strong></span> <span class='ocrx_word' id='word_1_50' title='bbox 1698 876 1944 933; x_wconf 90' lang='lat' dir='ltr'><strong>Studium</strong></span> <span class='ocrx_word' id='word_1_51' title='bbox 1973 876 2040 931; x_wconf 87' lang='lat' dir='ltr'><strong>ad</strong></span> <span class='ocrx_word' id='word_1_52' title='bbox 2073 890 2161 947; x_wconf 86' lang='lat' dir='ltr'><strong>pe-</strong></span> 
     </span>
    </p>
   </div>
   <div class='ocr_carea' id='block_1_9' title="bbox 564 968 2165 1046">
    <p class='ocr_par' dir='ltr' id='par_1_9' title="bbox 564 968 2165 1046">
     <span class='ocr_line' id='line_1_9' title="bbox 564 968 2165 1046; baseline -0.004 -15"><span class='ocrx_word' id='word_1_53' title='bbox 564 975 677 1046; x_wconf 86' lang='lat' dir='ltr'><strong>iora</strong></span> <span class='ocrx_word' id='word_1_54' title='bbox 707 974 1027 1046; x_wconf 70' lang='lat' dir='ltr'><strong>deflexeris;</strong></span> <span class='ocrx_word' id='word_1_55' title='bbox 1061 985 1210 1032; x_wconf 74' lang='lat' dir='ltr'><strong>extra</strong></span> <span class='ocrx_word' id='word_1_56' title='bbox 1239 991 1307 1031; x_wconf 93' lang='lat' dir='ltr'><strong>ne</strong></span> <span class='ocrx_word' id='word_1_57' title='bbox 1337 972 1615 1044; x_wconf 69' lang='lat' dir='ltr'><strong>quaasieris</strong></span> <span class='ocrx_word' id='word_1_58' title='bbox 1642 973 1904 1037; x_wconf 88' lang='lat' dir='ltr'><strong>ultorem;</strong></span> <span class='ocrx_word' id='word_1_59' title='bbox 1946 968 2063 1043; x_wconf 86' lang='grc'>(10)</span> <span class='ocrx_word' id='word_1_60' title='bbox 2108 979 2165 1024; x_wconf 83' lang='grc' dir='ltr'><strong>ιιι</strong></span> 
     </span>
    </p>
   </div>
   <div class='ocr_carea' id='block_1_10' title="bbox 567 1067 2162 1144">
    <p class='ocr_par' dir='ltr' id='par_1_10' title="bbox 567 1067 2162 1144">
     <span class='ocr_line' id='line_1_10' title="bbox 567 1067 2162 1144; baseline -0.005 -15"><span class='ocrx_word' id='word_1_61' title='bbox 567 1084 619 1130; x_wconf 90' lang='lat' dir='ltr'><strong>te</strong></span> <span class='ocrx_word' id='word_1_62' title='bbox 662 1075 778 1144; x_wconf 89' lang='lat' dir='ltr'><strong>ipse</strong></span> <span class='ocrx_word' id='word_1_63' title='bbox 823 1074 879 1130; x_wconf 89' lang='lat' dir='ltr'><strong>in</strong></span> <span class='ocrx_word' id='word_1_64' title='bbox 930 1075 1196 1131; x_wconf 74' lang='lat' dir='ltr'><strong>deteriora</strong></span> <span class='ocrx_word' id='word_1_65' title='bbox 1243 1071 1569 1129; x_wconf 89' lang='lat' dir='ltr'><strong>detrusisti:</strong></span> <span class='ocrx_word' id='word_1_66' title='bbox 1612 1070 1775 1125; x_wconf 91' lang='lat' dir='ltr'><strong>veluti</strong></span> <span class='ocrx_word' id='word_1_67' title='bbox 1822 1069 1868 1123; x_wconf 89' lang='lat' dir='ltr'><strong>si</strong></span> <span class='ocrx_word' id='word_1_68' title='bbox 1901 1077 1927 1105; x_wconf 70' lang='grc' dir='ltr'><strong>ει</strong></span> <span class='ocrx_word' id='word_1_69' title='bbox 1954 1067 2162 1123; x_wconf 90' lang='lat' dir='ltr'><strong>vicibus</strong></span> 
     </span>
    </p>
   </div>
   <div class='ocr_carea' id='block_1_11' title="bbox 565 1158 2164 1235">
    <p class='ocr_par' dir='ltr' id='par_1_11' title="bbox 565 1158 2164 1235">
     <span class='ocr_line' id='line_1_11' title="bbox 565 1158 2164 1235; baseline -0.006 -12"><span class='ocrx_word' id='word_1_70' title='bbox 565 1165 838 1223; x_wconf 83' lang='lat' dir='ltr'><strong>sordidam</strong></span> <span class='ocrx_word' id='word_1_71' title='bbox 879 1166 1134 1232; x_wconf 88' lang='lat' dir='ltr'><strong>humum,</strong></span> <span class='ocrx_word' id='word_1_72' title='bbox 1163 1165 1470 1235; x_wconf 75' lang='lat' dir='ltr'><strong>coelumque</strong></span> <span class='ocrx_word' id='word_1_73' title='bbox 1515 1161 1795 1231; x_wconf 87' lang='lat' dir='ltr'><strong>respicias,</strong></span> <span class='ocrx_word' id='word_1_74' title='bbox 1825 1158 2035 1215; x_wconf 88' lang='lat' dir='ltr'><strong>cunctis</strong></span> <span class='ocrx_word' id='word_1_75' title='bbox 2064 1173 2164 1214; x_wconf 82' lang='lat' dir='ltr'><strong>ex-</strong></span> 
     </span>
    </p>
   </div>
   <div class='ocr_carea' id='block_1_12' title="bbox 568 1254 2158 1330">
    <p class='ocr_par' dir='ltr' id='par_1_12' title="bbox 568 1254 2158 1330">
     <span class='ocr_line' id='line_1_12' title="bbox 568 1254 2158 1330; baseline -0.006 -16"><span class='ocrx_word' id='word_1_76' title='bbox 568 1270 646 1314; x_wconf 86' lang='lat' dir='ltr'><strong>tra</strong></span> <span class='ocrx_word' id='word_1_77' title='bbox 677 1259 1039 1326; x_wconf 88' lang='lat' dir='ltr'><strong>cessantibus,</strong></span> <span class='ocrx_word' id='word_1_78' title='bbox 1084 1259 1198 1330; x_wconf 87' lang='lat' dir='ltr'><strong>ipsa</strong></span> <span class='ocrx_word' id='word_1_79' title='bbox 1238 1255 1497 1313; x_wconf 86' lang='lat' dir='ltr'><strong>cernendi</strong></span> <span class='ocrx_word' id='word_1_80' title='bbox 1536 1254 1749 1310; x_wconf 74' lang='lat' dir='ltr'><strong>ratione</strong></span> <span class='ocrx_word' id='word_1_81' title='bbox 1794 1266 1937 1307; x_wconf 91' lang='lat' dir='ltr'><strong>nunc</strong></span> <span class='ocrx_word' id='word_1_82' title='bbox 1980 1265 2158 1316; x_wconf 87' lang='lat' dir='ltr'><strong>coeno,</strong></span> 
     </span>
    </p>
   </div>
   <div class='ocr_carea' id='block_1_13' title="bbox 567 1343 2163 1414">
    <p class='ocr_par' dir='ltr' id='par_1_13' title="bbox 567 1343 2163 1414">
     <span class='ocr_line' id='line_1_13' title="bbox 567 1343 2163 1414; baseline -0.008 -7"><span class='ocrx_word' id='word_1_83' title='bbox 567 1366 708 1407; x_wconf 91' lang='lat' dir='ltr'><strong>nunc</strong></span> <span class='ocrx_word' id='word_1_84' title='bbox 730 1350 998 1407; x_wconf 85' lang='lat' dir='ltr'><strong>sideribus</strong></span> <span class='ocrx_word' id='word_1_85' title='bbox 1026 1351 1291 1406; x_wconf 89' lang='lat' dir='ltr'><strong>interesse</strong></span> <span class='ocrx_word' id='word_1_86' title='bbox 1319 1348 1577 1405; x_wconf 90' lang='lat' dir='ltr'><strong>videaris.</strong></span> <span class='ocrx_word' id='word_1_87' title='bbox 1603 1351 1672 1401; x_wconf 87' lang='lat' dir='ltr'><strong>At</strong></span> <span class='ocrx_word' id='word_1_88' title='bbox 1695 1344 1883 1414; x_wconf 84' lang='lat' dir='ltr'><strong>vulgus</strong></span> <span class='ocrx_word' id='word_1_89' title='bbox 1910 1343 2013 1398; x_wconf 89' lang='lat' dir='ltr'><strong>ista</strong></span> <span class='ocrx_word' id='word_1_90' title='bbox 2056 1356 2163 1396; x_wconf 88' lang='lat' dir='ltr'><strong>non</strong></span> 
     </span>
    </p>
   </div>
   <div class='ocr_carea' id='block_1_14' title="bbox 567 1433 2166 1515">
    <p class='ocr_par' dir='ltr' id='par_1_14' title="bbox 567 1433 2166 1515">
     <span class='ocr_line' id='line_1_14' title="bbox 567 1433 2166 1515; baseline -0.008 -15"><span class='ocrx_word' id='word_1_91' title='bbox 567 1443 810 1515; x_wconf 87' lang='lat' dir='ltr'><strong>respicit.</strong></span> <span class='ocrx_word' id='word_1_92' title='bbox 833 1443 973 1513; x_wconf 88' lang='lat' dir='ltr'><strong>Quid</strong></span> <span class='ocrx_word' id='word_1_93' title='bbox 1003 1443 1199 1514; x_wconf 80' lang='lat' dir='ltr'><strong>igitur?</strong></span> <span class='ocrx_word' id='word_1_94' title='bbox 1224 1443 1310 1498; x_wconf 91' lang='lat' dir='ltr'><strong>his</strong></span> <span class='ocrx_word' id='word_1_95' title='bbox 1338 1457 1407 1499; x_wconf 92' lang='lat' dir='ltr'><strong>ne</strong></span> <span class='ocrx_word' id='word_1_96' title='bbox 1433 1441 1778 1503; x_wconf 88' lang='lat' dir='ltr'><strong>accedamus,</strong></span> <span class='ocrx_word' id='word_1_97' title='bbox 1803 1451 1942 1508; x_wconf 87' lang='lat' dir='ltr'><strong>quos</strong></span> <span class='ocrx_word' id='word_1_98' title='bbox 1968 1433 2166 1491; x_wconf 90' lang='lat' dir='ltr'><strong>belluis</strong></span> 
     </span>
    </p>
   </div>
   <div class='ocr_carea' id='block_1_15' title="bbox 569 1529 2166 1603">
    <p class='ocr_par' dir='ltr' id='par_1_15' title="bbox 569 1529 2166 1603">
     <span class='ocr_line' id='line_1_15' title="bbox 569 1529 2166 1603; baseline -0.005 -12"><span class='ocrx_word' id='word_1_99' title='bbox 569 1534 774 1592; x_wconf 87' lang='lat' dir='ltr'><strong>similes</strong></span> <span class='ocrx_word' id='word_1_100' title='bbox 822 1550 944 1592; x_wconf 89' lang='lat' dir='ltr'><strong>esse</strong></span> <span class='ocrx_word' id='word_1_101' title='bbox 992 1535 1447 1592; x_wconf 81' lang='lat' dir='ltr'><strong>monstravimus?</strong></span> <span class='ocrx_word' id='word_1_102' title='bbox 1489 1534 1659 1603; x_wconf 86' lang='lat' dir='ltr'><strong>Quid,</strong></span> <span class='ocrx_word' id='word_1_103' title='bbox 1709 1532 1754 1588; x_wconf 88' lang='lat' dir='ltr'><strong>si</strong></span> <span class='ocrx_word' id='word_1_104' title='bbox 1801 1531 1921 1602; x_wconf 85' lang='lat' dir='ltr'><strong>quis</strong></span> <span class='ocrx_word' id='word_1_105' title='bbox 1965 1529 2166 1584; x_wconf 90' lang='lat' dir='ltr'><strong>amisso</strong></span> 
     </span>
    </p>
   </div>
   <div class='ocr_carea' id='block_1_16' title="bbox 567 1621 2167 1700">
    <p class='ocr_par' dir='ltr' id='par_1_16' title="bbox 567 1621 2167 1700">
     <span class='ocr_line' id='line_1_16' title="bbox 567 1621 2167 1700; baseline -0.006 -15"><span class='ocrx_word' id='word_1_106' title='bbox 567 1630 780 1700; x_wconf 85' lang='lat' dir='ltr'><strong>penitus</strong></span> <span class='ocrx_word' id='word_1_107' title='bbox 808 1629 957 1694; x_wconf 91' lang='lat' dir='ltr'><strong>visu,</strong></span> <span class='ocrx_word' id='word_1_108' title='bbox 1000 1630 1177 1699; x_wconf 90' lang='lat' dir='ltr'><strong>ipsum</strong></span> <span class='ocrx_word' id='word_1_109' title='bbox 1216 1629 1381 1685; x_wconf 88' lang='lat' dir='ltr'><strong>etiam</strong></span> <span class='ocrx_word' id='word_1_110' title='bbox 1423 1642 1482 1684; x_wconf 90' lang='lat' dir='ltr'><strong>se</strong></span> <span class='ocrx_word' id='word_1_111' title='bbox 1522 1625 1779 1681; x_wconf 89' lang='lat' dir='ltr'><strong>habuisse</strong></span> <span class='ocrx_word' id='word_1_112' title='bbox 1825 1623 1937 1695; x_wconf 72' lang='grc'>(15)</span> <span class='ocrx_word' id='word_1_113' title='bbox 1969 1621 2167 1678; x_wconf 88' lang='lat' dir='ltr'><strong>oblivi-</strong></span> 
     </span>
    </p>
   </div>
   <div class='ocr_carea' id='block_1_17' title="bbox 567 1715 2167 1792">
    <p class='ocr_par' dir='ltr' id='par_1_17' title="bbox 567 1715 2167 1792">
     <span class='ocr_line' id='line_1_17' title="bbox 567 1715 2167 1792; baseline -0.006 -14"><span class='ocrx_word' id='word_1_114' title='bbox 567 1732 811 1779; x_wconf 85' lang='lat' dir='ltr'><strong>sceretur</strong></span> <span class='ocrx_word' id='word_1_115' title='bbox 846 1720 1134 1787; x_wconf 88' lang='lat' dir='ltr'><strong>intuitum,</strong></span> <span class='ocrx_word' id='word_1_116' title='bbox 1168 1721 1412 1792; x_wconf 87' lang='lat' dir='ltr'><strong>nihilque</strong></span> <span class='ocrx_word' id='word_1_117' title='bbox 1441 1719 1543 1775; x_wconf 89' lang='lat' dir='ltr'><strong>sibi</strong></span> <span class='ocrx_word' id='word_1_118' title='bbox 1570 1718 1636 1772; x_wconf 86' lang='lat' dir='ltr'><strong>ad</strong></span> <span class='ocrx_word' id='word_1_119' title='bbox 1667 1717 1955 1772; x_wconf 87' lang='lat' dir='ltr'><strong>humanam</strong></span> <span class='ocrx_word' id='word_1_120' title='bbox 1987 1715 2167 1785; x_wconf 87' lang='lat' dir='ltr'><strong>perfe-</strong></span> 
     </span>
    </p>
   </div>
   <div class='ocr_carea' id='block_1_18' title="bbox 567 1806 2165 1878">
    <p class='ocr_par' dir='ltr' id='par_1_18' title="bbox 567 1806 2165 1878">
     <span class='ocr_line' id='line_1_18' title="bbox 567 1806 2165 1878; baseline -0.006 -9"><span class='ocrx_word' id='word_1_121' title='bbox 567 1814 797 1870; x_wconf 88' lang='lat' dir='ltr'><strong>ctionem</strong></span> <span class='ocrx_word' id='word_1_122' title='bbox 848 1814 1037 1870; x_wconf 86' lang='lat' dir='ltr'><strong>deesse</strong></span> <span class='ocrx_word' id='word_1_123' title='bbox 1087 1812 1462 1878; x_wconf 83' lang='lat' dir='ltr'><strong>arbitraretur,</strong></span> <span class='ocrx_word' id='word_1_124' title='bbox 1512 1824 1640 1865; x_wconf 92' lang='lat' dir='ltr'><strong>num</strong></span> <span class='ocrx_word' id='word_1_125' title='bbox 1685 1808 1932 1864; x_wconf 84' lang='lat' dir='ltr'><strong>videntes</strong></span> <span class='ocrx_word' id='word_1_126' title='bbox 1974 1806 2165 1862; x_wconf 88' lang='lat' dir='ltr'><strong>eadem</strong></span> 
     </span>
    </p>
   </div>
   <div class='ocr_carea' id='block_1_19' title="bbox 568 1901 2167 1987">
    <p class='ocr_par' dir='ltr' id='par_1_19' title="bbox 568 1901 2167 1987">
     <span class='ocr_line' id='line_1_19' title="bbox 568 1901 2167 1987; baseline -0.008 -20"><span class='ocrx_word' id='word_1_127' title='bbox 568 1925 741 1967; x_wconf 70' lang='lat' dir='ltr'><strong>caecos</strong></span> <span class='ocrx_word' id='word_1_128' title='bbox 771 1910 1117 1977; x_wconf 83' lang='lat' dir='ltr'><strong>putaremus?</strong></span> <span class='ocrx_word' id='word_1_129' title='bbox 1156 1907 1317 1979; x_wconf 79' lang='lat'><strong>283</strong></span> <span class='ocrx_word' id='word_1_130' title='bbox 1349 1907 1366 1937; x_wconf 71' lang='grc' dir='ltr'>ί</span> <span class='ocrx_word' id='word_1_131' title='bbox 1406 1904 1540 1960; x_wconf 87' lang='lat' dir='ltr'><strong>Nam</strong></span> <span class='ocrx_word' id='word_1_132' title='bbox 1565 1919 1633 1959; x_wconf 90' lang='lat' dir='ltr'><strong>ne</strong></span> <span class='ocrx_word' id='word_1_133' title='bbox 1656 1903 1785 1957; x_wconf 90' lang='lat' dir='ltr'><strong>illud</strong></span> <span class='ocrx_word' id='word_1_134' title='bbox 1827 1901 2042 1987; x_wconf 70' lang='lat' dir='ltr'><strong>quidem</strong></span> <span class='ocrx_word' id='word_1_135' title='bbox 2075 1915 2167 1955; x_wconf 89' lang='lat' dir='ltr'><strong>ac-</strong></span> 
     </span>
    </p>
   </div>
   <div class='ocr_carea' id='block_1_20' title="bbox 569 1988 2168 2073">
    <p class='ocr_par' dir='ltr' id='par_1_20' title="bbox 569 1988 2168 2073">
     <span class='ocr_line' id='line_1_20' title="bbox 569 1988 2168 2073; baseline -0.004 -17"><span class='ocrx_word' id='word_1_136' title='bbox 569 2002 879 2073; x_wconf 90' lang='lat' dir='ltr'><strong>quiescent,</strong></span> <span class='ocrx_word' id='word_1_137' title='bbox 922 1999 1068 2070; x_wconf 91' lang='lat' dir='ltr'><strong>quod</strong></span> <span class='ocrx_word' id='word_1_138' title='bbox 1110 1988 1263 2069; x_wconf 74' lang='lat' dir='ltr'><strong>teque</strong></span> <span class='ocrx_word' id='word_1_139' title='bbox 1303 1997 1496 2053; x_wconf 89' lang='lat' dir='ltr'><strong>validis</strong></span> <span class='ocrx_word' id='word_1_140' title='bbox 1535 1997 1804 2052; x_wconf 86' lang='lat' dir='ltr'><strong>rationum</strong></span> <span class='ocrx_word' id='word_1_141' title='bbox 1848 1993 2035 2049; x_wconf 87' lang='lat' dir='ltr'><strong>nititur</strong></span> <span class='ocrx_word' id='word_1_142' title='bbox 2076 1993 2168 2049; x_wconf 87' lang='lat' dir='ltr'><strong>tir-</strong></span> 
     </span>
    </p>
   </div>
   <div class='ocr_carea' id='block_1_21' title="bbox 571 2086 2166 2162">
    <p class='ocr_par' dir='ltr' id='par_1_21' title="bbox 571 2086 2166 2162">
     <span class='ocr_line' id='line_1_21' title="bbox 571 2086 2166 2162; baseline -0.006 -13"><span class='ocrx_word' id='word_1_143' title='bbox 571 2092 875 2162; x_wconf 70' lang='lat' dir='ltr'><strong>mamentis,</strong></span> <span class='ocrx_word' id='word_1_144' title='bbox 921 2090 1246 2146; x_wconf 90' lang='lat' dir='ltr'><strong>infeliciores</strong></span> <span class='ocrx_word' id='word_1_145' title='bbox 1283 2104 1380 2146; x_wconf 92' lang='lat' dir='ltr'><strong>eos</strong></span> <span class='ocrx_word' id='word_1_146' title='bbox 1421 2104 1567 2157; x_wconf 91' lang='lat' dir='ltr'><strong>esse,</strong></span> <span class='ocrx_word' id='word_1_147' title='bbox 1611 2088 1703 2159; x_wconf 90' lang='lat' dir='ltr'><strong>qui</strong></span> <span class='ocrx_word' id='word_1_148' title='bbox 1742 2086 1976 2153; x_wconf 83' lang='lat' dir='ltr'><strong>faciunt,</strong></span> <span class='ocrx_word' id='word_1_149' title='bbox 2005 2100 2166 2155; x_wconf 89' lang='lat' dir='ltr'><strong>quam</strong></span> 
     </span>
    </p>
   </div>
   <div class='ocr_carea' id='block_1_22' title="bbox 569 2179 2170 2256">
    <p class='ocr_par' dir='ltr' id='par_1_22' title="bbox 569 2179 2170 2256">
     <span class='ocr_line' id='line_1_22' title="bbox 569 2179 2170 2256; baseline -0.004 -16"><span class='ocrx_word' id='word_1_150' title='bbox 569 2185 658 2256; x_wconf 89' lang='lat' dir='ltr'><strong>qui</strong></span> <span class='ocrx_word' id='word_1_151' title='bbox 690 2186 964 2256; x_wconf 88' lang='lat' dir='ltr'><strong>patiuntur</strong></span> <span class='ocrx_word' id='word_1_152' title='bbox 993 2183 1265 2253; x_wconf 90' lang='lat' dir='ltr'><strong>iniuriam.</strong></span> <span class='ocrx_word' id='word_1_153' title='bbox 1310 2181 1550 2249; x_wconf 82' lang='lat' dir='ltr'><strong>Vellem,</strong></span> <span class='ocrx_word' id='word_1_154' title='bbox 1591 2182 1842 2251; x_wconf 83' lang='lat' dir='ltr'><strong>inquam,</strong></span> <span class='ocrx_word' id='word_1_155' title='bbox 1878 2179 1975 2234; x_wconf 88' lang='lat' dir='ltr'><strong>has</strong></span> <span class='ocrx_word' id='word_1_156' title='bbox 2022 2179 2170 2249; x_wconf 80' lang='lat' dir='ltr'><strong>ipsas</strong></span> 
     </span>
    </p>
   </div>
   <div class='ocr_carea' id='block_1_23' title="bbox 571 2273 2166 2345">
    <p class='ocr_par' dir='ltr' id='par_1_23' title="bbox 571 2273 2166 2345">
     <span class='ocr_line' id='line_1_23' title="bbox 571 2273 2166 2345; baseline -0.004 -13"><span class='ocrx_word' id='word_1_157' title='bbox 571 2277 757 2333; x_wconf 86' lang='lat' dir='ltr'><strong>audire</strong></span> <span class='ocrx_word' id='word_1_158' title='bbox 805 2277 1065 2332; x_wconf 84' lang='lat' dir='ltr'><strong>rationes.</strong></span> <span class='ocrx_word' id='word_1_159' title='bbox 1115 2276 1376 2345; x_wconf 88' lang='lat' dir='ltr'><strong>Omnem,</strong></span> <span class='ocrx_word' id='word_1_160' title='bbox 1429 2274 1632 2345; x_wconf 86' lang='lat' dir='ltr'><strong>inquit,</strong></span> <span class='ocrx_word' id='word_1_161' title='bbox 1680 2273 1980 2342; x_wconf 91' lang='lat' dir='ltr'><strong>improbum</strong></span> <span class='ocrx_word' id='word_1_162' title='bbox 2034 2286 2166 2326; x_wconf 91' lang='lat' dir='ltr'><strong>nnm</strong></span> 
     </span>
    </p>
   </div>
   <div class='ocr_carea' id='block_1_24' title="bbox 572 2364 2169 2442">
    <p class='ocr_par' dir='ltr' id='par_1_24' title="bbox 572 2364 2169 2442">
     <span class='ocr_line' id='line_1_24' title="bbox 572 2364 2169 2442; baseline -0.005 -15"><span class='ocrx_word' id='word_1_163' title='bbox 572 2370 837 2442; x_wconf 90' lang='lat' dir='ltr'><strong>supplicio</strong></span> <span class='ocrx_word' id='word_1_164' title='bbox 865 2370 1082 2441; x_wconf 91' lang='lat' dir='ltr'><strong>dignum</strong></span> <span class='ocrx_word' id='word_1_165' title='bbox 1134 2369 1332 2439; x_wconf 80' lang='lat' dir='ltr'><strong>negas?</strong></span> <span class='ocrx_word' id='word_1_166' title='bbox 1363 2367 1598 2423; x_wconf 85' lang='lat' dir='ltr'><strong>Minime.</strong></span> <span class='ocrx_word' id='word_1_167' title='bbox 1643 2365 1895 2422; x_wconf 84' lang='lat' dir='ltr'><strong>Infelices</strong></span> <span class='ocrx_word' id='word_1_168' title='bbox 1926 2364 2006 2434; x_wconf 90' lang='grc'>(5)</span> <span class='ocrx_word' id='word_1_169' title='bbox 2039 2379 2169 2419; x_wconf 91' lang='lat' dir='ltr'><strong>vero</strong></span> 
     </span>
    </p>
   </div>
   <div class='ocr_carea' id='block_1_25' title="bbox 572 2456 2167 2537">
    <p class='ocr_par' dir='ltr' id='par_1_25' title="bbox 572 2456 2167 2537">
     <span class='ocr_line' id='line_1_25' title="bbox 572 2456 2167 2537; baseline -0.007 -13"><span class='ocrx_word' id='word_1_170' title='bbox 572 2481 713 2535; x_wconf 91' lang='lat' dir='ltr'><strong>esse,</strong></span> <span class='ocrx_word' id='word_1_171' title='bbox 746 2466 835 2537; x_wconf 90' lang='lat' dir='ltr'><strong>qui</strong></span> <span class='ocrx_word' id='word_1_172' title='bbox 864 2465 971 2521; x_wconf 92' lang='lat' dir='ltr'><strong>sint</strong></span> <span class='ocrx_word' id='word_1_173' title='bbox 1001 2464 1263 2535; x_wconf 87' lang='lat' dir='ltr'><strong>improbi,</strong></span> <span class='ocrx_word' id='word_1_174' title='bbox 1296 2462 1669 2533; x_wconf 88' lang='lat' dir='ltr'><strong>multipliciter</strong></span> <span class='ocrx_word' id='word_1_175' title='bbox 1704 2460 1895 2531; x_wconf 87' lang='lat' dir='ltr'><strong>liquet.</strong></span> <span class='ocrx_word' id='word_1_176' title='bbox 1943 2456 2019 2514; x_wconf 91' lang='lat' dir='ltr'><strong>Ita</strong></span> <span class='ocrx_word' id='word_1_177' title='bbox 2050 2468 2167 2522; x_wconf 92' lang='lat' dir='ltr'><strong>est,</strong></span> 
     </span>
    </p>
   </div>
   <div class='ocr_carea' id='block_1_26' title="bbox 572 2553 2169 2631">
    <p class='ocr_par' dir='ltr' id='par_1_26' title="bbox 572 2553 2169 2631">
     <span class='ocr_line' id='line_1_26' title="bbox 572 2553 2169 2631; baseline -0.005 -16"><span class='ocrx_word' id='word_1_178' title='bbox 572 2559 808 2631; x_wconf 89' lang='lat' dir='ltr'><strong>inquam.</strong></span> <span class='ocrx_word' id='word_1_179' title='bbox 855 2557 957 2625; x_wconf 86' lang='lat' dir='ltr'><strong>Qui</strong></span> <span class='ocrx_word' id='word_1_180' title='bbox 1009 2557 1170 2626; x_wconf 81' lang='lat' dir='ltr'><strong>igitur</strong></span> <span class='ocrx_word' id='word_1_181' title='bbox 1215 2554 1479 2627; x_wconf 90' lang='lat' dir='ltr'><strong>supplicio</strong></span> <span class='ocrx_word' id='word_1_182' title='bbox 1528 2555 1675 2625; x_wconf 80' lang='lat' dir='ltr'><strong>digni</strong></span> <span class='ocrx_word' id='word_1_183' title='bbox 1731 2562 1888 2619; x_wconf 88' lang='lat' dir='ltr'><strong>sunt,</strong></span> <span class='ocrx_word' id='word_1_184' title='bbox 1940 2553 2169 2607; x_wconf 90' lang='lat' dir='ltr'><strong>miseros</strong></span> 
     </span>
    </p>
   </div>
   <div class='ocr_carea' id='block_1_27' title="bbox 573 2644 2170 2717">
    <p class='ocr_par' dir='ltr' id='par_1_27' title="bbox 573 2644 2170 2717">
     <span class='ocr_line' id='line_1_27' title="bbox 573 2644 2170 2717; baseline -0.004 -10"><span class='ocrx_word' id='word_1_185' title='bbox 573 2666 696 2708; x_wconf 89' lang='lat' dir='ltr'><strong>esse</strong></span> <span class='ocrx_word' id='word_1_186' title='bbox 748 2664 854 2705; x_wconf 92' lang='lat' dir='ltr'><strong>non</strong></span> <span class='ocrx_word' id='word_1_187' title='bbox 903 2649 1156 2705; x_wconf 84' lang='lat' dir='ltr'><strong>dubitas?</strong></span> <span class='ocrx_word' id='word_1_188' title='bbox 1225 2645 1527 2712; x_wconf 90' lang='lat' dir='ltr'><strong>Convenit,</strong></span> <span class='ocrx_word' id='word_1_189' title='bbox 1592 2646 1831 2717; x_wconf 90' lang='lat' dir='ltr'><strong>inquam.</strong></span> <span class='ocrx_word' id='word_1_190' title='bbox 1901 2645 1957 2700; x_wconf 90' lang='lat' dir='ltr'><strong>Si</strong></span> <span class='ocrx_word' id='word_1_191' title='bbox 2007 2644 2170 2716; x_wconf 80' lang='lat' dir='ltr'><strong>igitur</strong></span> 
     </span>
    </p>
   </div>
   <div class='ocr_carea' id='block_1_28' title="bbox 576 2732 2169 2812">
    <p class='ocr_par' dir='ltr' id='par_1_28' title="bbox 576 2732 2169 2812">
     <span class='ocr_line' id='line_1_28' title="bbox 576 2732 2169 2812; baseline -0.006 -12"><span class='ocrx_word' id='word_1_192' title='bbox 576 2742 602 2781; x_wconf 73' lang='grc' dir='ltr'>δ</span> <span class='ocrx_word' id='word_1_193' title='bbox 627 2742 892 2812; x_wconf 88' lang='lat' dir='ltr'><strong>cognitor,</strong></span> <span class='ocrx_word' id='word_1_194' title='bbox 924 2742 1032 2808; x_wconf 89' lang='lat' dir='ltr'><strong>ait,</strong></span> <span class='ocrx_word' id='word_1_195' title='bbox 1064 2739 1355 2808; x_wconf 87' lang='lat' dir='ltr'><strong>resideres,</strong></span> <span class='ocrx_word' id='word_1_196' title='bbox 1381 2738 1469 2796; x_wconf 91' lang='lat' dir='ltr'><strong>cui</strong></span> <span class='ocrx_word' id='word_1_197' title='bbox 1485 2738 1802 2809; x_wconf 87' lang='lat' dir='ltr'><strong>supplicium</strong></span> <span class='ocrx_word' id='word_1_198' title='bbox 1831 2732 2169 2792; x_wconf 90' lang='lat' dir='ltr'><strong>inferendum</strong></span> 
     </span>
    </p>
   </div>
   <div class='ocr_carea' id='block_1_29' title="bbox 575 2829 2169 2907">
    <p class='ocr_par' dir='ltr' id='par_1_29' title="bbox 575 2829 2169 2907">
     <span class='ocr_line' id='line_1_29' title="bbox 575 2829 2169 2907; baseline -0.006 -15"><span class='ocrx_word' id='word_1_199' title='bbox 575 2845 812 2907; x_wconf 84' lang='lat' dir='ltr'><strong>putares,</strong></span> <span class='ocrx_word' id='word_1_200' title='bbox 842 2835 966 2893; x_wconf 91' lang='lat' dir='ltr'><strong>eine</strong></span> <span class='ocrx_word' id='word_1_201' title='bbox 1007 2834 1100 2906; x_wconf 89' lang='lat' dir='ltr'><strong>qui</strong></span> <span class='ocrx_word' id='word_1_202' title='bbox 1149 2833 1486 2897; x_wconf 87' lang='lat' dir='ltr'><strong>fecisset,an</strong></span> <span class='ocrx_word' id='word_1_203' title='bbox 1523 2832 1613 2901; x_wconf 91' lang='lat' dir='ltr'><strong>qui</strong></span> <span class='ocrx_word' id='word_1_204' title='bbox 1662 2830 1974 2901; x_wconf 87' lang='lat' dir='ltr'><strong>pertulisset</strong></span> <span class='ocrx_word' id='word_1_205' title='bbox 2026 2829 2169 2899; x_wconf 77' lang='lat' dir='ltr'><strong>iniu-</strong></span> 
     </span>
    </p>
   </div>
   <div class='ocr_carea' id='block_1_30' title="bbox 580 2923 2169 2997">
    <p class='ocr_par' dir='ltr' id='par_1_30' title="bbox 580 2923 2169 2997">
     <span class='ocr_line' id='line_1_30' title="bbox 580 2923 2169 2997; baseline -0.006 -13"><span class='ocrx_word' id='word_1_206' title='bbox 580 2928 754 2984; x_wconf 85' lang='lat' dir='ltr'><strong>riam?</strong></span> <span class='ocrx_word' id='word_1_207' title='bbox 783 2925 893 2984; x_wconf 83' lang='lat' dir='ltr'><strong>Nec</strong></span> <span class='ocrx_word' id='word_1_208' title='bbox 924 2938 946 2966; x_wconf 83' lang='lat'><strong>°</strong></span> <span class='ocrx_word' id='word_1_209' title='bbox 979 2926 1215 2997; x_wconf 83' lang='lat' dir='ltr'><strong>ambigo,</strong></span> <span class='ocrx_word' id='word_1_210' title='bbox 1261 2926 1507 2996; x_wconf 90' lang='lat' dir='ltr'><strong>inquam,</strong></span> <span class='ocrx_word' id='word_1_211' title='bbox 1541 2924 1668 2995; x_wconf 89' lang='lat' dir='ltr'><strong>quin</strong></span> <span class='ocrx_word' id='word_1_212' title='bbox 1706 2938 1961 2993; x_wconf 88' lang='lat' dir='ltr'><strong>perpesso</strong></span> <span class='ocrx_word' id='word_1_213' title='bbox 2004 2923 2169 2978; x_wconf 91' lang='lat' dir='ltr'><strong>satis-</strong></span> 
     </span>
    </p>
   </div>
   <div class='ocr_carea' id='block_1_31' title="bbox 581 3013 2169 3087">
    <p class='ocr_par' dir='ltr' id='par_1_31' title="bbox 581 3013 2169 3087">
     <span class='ocr_line' id='line_1_31' title="bbox 581 3013 2169 3087; baseline -0.003 -13"><span class='ocrx_word' id='word_1_214' title='bbox 581 3019 814 3076; x_wconf 87' lang='lat' dir='ltr'><strong>facerem</strong></span> <span class='ocrx_word' id='word_1_215' title='bbox 864 3018 1053 3075; x_wconf 89' lang='lat' dir='ltr'><strong>dolore</strong></span> <span class='ocrx_word' id='word_1_216' title='bbox 1100 3017 1366 3074; x_wconf 88' lang='lat' dir='ltr'><strong>facientis.</strong></span> <span class='ocrx_word' id='word_1_217' title='bbox 1414 3015 1533 3087; x_wconf 80' lang='lat'><strong>(10)</strong></span> <span class='ocrx_word' id='word_1_218' title='bbox 1583 3016 1821 3071; x_wconf 86' lang='lat' dir='ltr'><strong>Miserior</strong></span> <span class='ocrx_word' id='word_1_219' title='bbox 1868 3016 2029 3085; x_wconf 87' lang='lat' dir='ltr'><strong>igitur</strong></span> <span class='ocrx_word' id='word_1_220' title='bbox 2072 3013 2169 3071; x_wconf 90' lang='lat' dir='ltr'><strong>tibi</strong></span> 
     </span>
    </p>
   </div>
   <div class='ocr_carea' id='block_1_32' title="bbox 586 3112 2170 3188">
    <p class='ocr_par' dir='ltr' id='par_1_32' title="bbox 586 3112 2170 3188">
     <span class='ocr_line' id='line_1_32' title="bbox 586 3112 2170 3188; baseline -0.001 -18"><span class='ocrx_word' id='word_1_221' title='bbox 586 3115 797 3187; x_wconf 68' lang='lat' dir='ltr'><strong>iniuriae</strong></span> <span class='ocrx_word' id='word_1_222' title='bbox 839 3116 1042 3182; x_wconf 89' lang='lat' dir='ltr'><strong>illator,</strong></span> <span class='ocrx_word' id='word_1_223' title='bbox 1070 3131 1230 3188; x_wconf 90' lang='lat' dir='ltr'><strong>quam</strong></span> <span class='ocrx_word' id='word_1_224' title='bbox 1268 3124 1519 3186; x_wconf 89' lang='lat' dir='ltr'><strong>acceptor</strong></span> <span class='ocrx_word' id='word_1_225' title='bbox 1561 3128 1682 3171; x_wconf 91' lang='lat' dir='ltr'><strong>esse</strong></span> <span class='ocrx_word' id='word_1_226' title='bbox 1708 3113 2000 3170; x_wconf 88' lang='lat' dir='ltr'><strong>videretur.</strong></span> <span class='ocrx_word' id='word_1_227' title='bbox 2028 3112 2170 3168; x_wconf 89' lang='lat' dir='ltr'><strong>Con-</strong></span> 
     </span>
    </p>
   </div>
   <div class='ocr_carea' id='block_1_33' title="bbox 576 3226 2167 3300">
    <p class='ocr_par' dir='ltr' id='par_1_33' title="bbox 576 3226 2167 3300">
     <span class='ocr_line' id='line_1_33' title="bbox 576 3226 2167 3300; baseline -0.003 -15"><span class='ocrx_word' id='word_1_228' title='bbox 576 3229 839 3300; x_wconf 83' lang='lat' dir='ltr'><strong>sequitur,</strong></span> <span class='ocrx_word' id='word_1_229' title='bbox 873 3228 1114 3300; x_wconf 89' lang='lat' dir='ltr'><strong>inquam.</strong></span> <span class='ocrx_word' id='word_1_230' title='bbox 1156 3226 1268 3283; x_wconf 83' lang='lat' dir='ltr'><strong>Hac</strong></span> <span class='ocrx_word' id='word_1_231' title='bbox 1316 3227 1475 3299; x_wconf 84' lang='lat' dir='ltr'><strong>igitur</strong></span> <span class='ocrx_word' id='word_1_232' title='bbox 1520 3227 1748 3297; x_wconf 86' lang='lat' dir='ltr'><strong>aliisque</strong></span> <span class='ocrx_word' id='word_1_233' title='bbox 1789 3227 1857 3283; x_wconf 93' lang='lat' dir='ltr'><strong>de</strong></span> <span class='ocrx_word' id='word_1_234' title='bbox 1897 3226 2074 3282; x_wconf 90' lang='lat' dir='ltr'><strong>causis</strong></span> <span class='ocrx_word' id='word_1_235' title='bbox 2103 3241 2167 3281; x_wconf 87' lang='lat' dir='ltr'><strong>ea</strong></span> 
     </span>
    </p>
   </div>
   <div class='ocr_carea' id='block_1_34' title="bbox 577 3305 2242 3392">
    <p class='ocr_par' dir='ltr' id='par_1_34' title="bbox 577 3305 2242 3392">
     <span class='ocr_line' id='line_1_34' title="bbox 577 3305 2242 3392; baseline -0.004 -14"><span class='ocrx_word' id='word_1_236' title='bbox 577 3322 759 3379; x_wconf 88' lang='lat' dir='ltr'><strong>radice</strong></span> <span class='ocrx_word' id='word_1_237' title='bbox 790 3320 1109 3390; x_wconf 83' lang='lat' dir='ltr'><strong>nitentibus,</strong></span> <span class='ocrx_word' id='word_1_238' title='bbox 1143 3320 1287 3392; x_wconf 90' lang='lat' dir='ltr'><strong>quod</strong></span> <span class='ocrx_word' id='word_1_239' title='bbox 1317 3320 1593 3391; x_wconf 91' lang='lat' dir='ltr'><strong>turpitudo</strong></span> <span class='ocrx_word' id='word_1_240' title='bbox 1630 3329 1819 3392; x_wconf 90' lang='lat' dir='ltr'><strong>suapte</strong></span> <span class='ocrx_word' id='word_1_241' title='bbox 1850 3330 2037 3376; x_wconf 89' lang='lat' dir='ltr'><strong>natura</strong></span> <span class='ocrx_word' id='word_1_242' title='bbox 2074 3320 2167 3375; x_wconf 88' lang='lat' dir='ltr'><strong>mi-</strong></span> <span class='ocrx_word' id='word_1_243' title='bbox 2193 3305 2242 3371; x_wconf 88' lang='lat' dir='ltr'><strong>C</strong></span> 
     </span>
    </p>
   </div>
   <div class='ocr_carea' id='block_1_35' title="bbox 582 3417 2159 3490">
    <p class='ocr_par' dir='ltr' id='par_1_35' title="bbox 582 3417 2159 3490">
     <span class='ocr_line' id='line_1_35' title="bbox 582 3417 2159 3490; baseline -0.003 -15"><span class='ocrx_word' id='word_1_244' title='bbox 582 3434 733 3476; x_wconf 90' lang='lat' dir='ltr'><strong>seros</strong></span> <span class='ocrx_word' id='word_1_245' title='bbox 761 3419 949 3486; x_wconf 87' lang='lat' dir='ltr'><strong>faciat,</strong></span> <span class='ocrx_word' id='word_1_246' title='bbox 980 3426 1232 3490; x_wconf 89' lang='lat' dir='ltr'><strong>apparet,</strong></span> <span class='ocrx_word' id='word_1_247' title='bbox 1264 3417 1464 3474; x_wconf 84' lang='lat' dir='ltr'><strong>illatam</strong></span> <span class='ocrx_word' id='word_1_248' title='bbox 1494 3417 1715 3473; x_wconf 91' lang='lat' dir='ltr'><strong>cuilibet</strong></span> <span class='ocrx_word' id='word_1_249' title='bbox 1755 3417 2005 3487; x_wconf 90' lang='lat' dir='ltr'><strong>iniuriam</strong></span> <span class='ocrx_word' id='word_1_250' title='bbox 2049 3432 2159 3472; x_wconf 90' lang='lat' dir='ltr'><strong>non</strong></span> 
     </span>
    </p>
   </div>
   <div class='ocr_carea' id='block_1_36' title="bbox 583 3508 2171 3582">
    <p class='ocr_par' dir='ltr' id='par_1_36' title="bbox 583 3508 2171 3582">
     <span class='ocr_line' id='line_1_36' title="bbox 583 3508 2171 3582; baseline -0.001 -17"><span class='ocrx_word' id='word_1_251' title='bbox 583 3510 929 3582; x_wconf 85' lang='lat' dir='ltr'><strong>accipientis,</strong></span> <span class='ocrx_word' id='word_1_252' title='bbox 979 3509 1075 3567; x_wconf 86' lang='lat' dir='ltr'><strong>sed</strong></span> <span class='ocrx_word' id='word_1_253' title='bbox 1134 3508 1412 3566; x_wconf 87' lang='lat' dir='ltr'><strong>inferentis</strong></span> <span class='ocrx_word' id='word_1_254' title='bbox 1468 3524 1588 3565; x_wconf 89' lang='lat' dir='ltr'><strong>esse</strong></span> <span class='ocrx_word' id='word_1_255' title='bbox 1649 3509 1943 3567; x_wconf 86' lang='lat' dir='ltr'><strong>miseriam.</strong></span> <span class='ocrx_word' id='word_1_256' title='bbox 2008 3508 2171 3579; x_wconf 82' lang='lat' dir='ltr'><strong>Atqui</strong></span> 
     </span>
    </p>
   </div>
   <div class='ocr_carea' id='block_1_37' title="bbox 2279 596 3855 671">
    <p class='ocr_par' dir='ltr' id='par_1_37' title="bbox 2279 596 3855 671">
     <span class='ocr_line' id='line_1_37' title="bbox 2279 596 3855 671; baseline -0.002 -16"><span class='ocrx_word' id='word_1_257' title='bbox 2279 600 2370 671; x_wconf 90' lang='lat' dir='ltr'><strong>qui</strong></span> <span class='ocrx_word' id='word_1_258' title='bbox 2421 614 2581 670; x_wconf 87' lang='lat' dir='ltr'><strong>grave</strong></span> <span class='ocrx_word' id='word_1_259' title='bbox 2626 597 2785 669; x_wconf 89' lang='lat' dir='ltr'><strong>quid,</strong></span> <span class='ocrx_word' id='word_1_260' title='bbox 2833 597 3191 666; x_wconf 87' lang='lat' dir='ltr'><strong>acerbumque</strong></span> <span class='ocrx_word' id='word_1_261' title='bbox 3240 596 3354 668; x_wconf 78' lang='grc'>(15)</span> <span class='ocrx_word' id='word_1_262' title='bbox 3410 597 3652 667; x_wconf 88' lang='lat' dir='ltr'><strong>perpessi</strong></span> <span class='ocrx_word' id='word_1_263' title='bbox 3700 606 3855 666; x_wconf 87' lang='lat' dir='ltr'><strong>sunt,</strong></span> 
     </span>
    </p>
   </div>
   <div class='ocr_carea' id='block_1_38' title="bbox 2266 691 3860 762">
    <p class='ocr_par' dir='ltr' id='par_1_38' title="bbox 2266 691 3860 762">
     <span class='ocr_line' id='line_1_38' title="bbox 2266 691 3860 762; baseline -0.003 -11"><span class='ocrx_word' id='word_1_264' title='bbox 2266 695 2665 751; x_wconf 88' lang='lat' dir='ltr'><strong>miserationem</strong></span> <span class='ocrx_word' id='word_1_265' title='bbox 2696 691 2935 762; x_wconf 85' lang='lat' dir='ltr'><strong>iudicum</strong></span> <span class='ocrx_word' id='word_1_266' title='bbox 2960 692 3197 747; x_wconf 83' lang='lat' dir='ltr'><strong>excitare</strong></span> <span class='ocrx_word' id='word_1_267' title='bbox 3221 698 3507 759; x_wconf 89' lang='lat' dir='ltr'><strong>conantur,</strong></span> <span class='ocrx_word' id='word_1_268' title='bbox 3537 706 3658 747; x_wconf 90' lang='lat' dir='ltr'><strong>cum</strong></span> <span class='ocrx_word' id='word_1_269' title='bbox 3689 692 3860 761; x_wconf 83' lang='lat' dir='ltr'><strong>magis</strong></span> 
     </span>
    </p>
   </div>
   <div class='ocr_carea' id='block_1_39' title="bbox 2266 774 3861 857">
    <p class='ocr_par' dir='ltr' id='par_1_39' title="bbox 2266 774 3861 857">
     <span class='ocr_line' id='line_1_39' title="bbox 2266 774 3861 857; baseline -0.001 -14"><span class='ocrx_word' id='word_1_270' title='bbox 2266 787 2673 844; x_wconf 88' lang='lat' dir='ltr'><strong>admittentibus</strong></span> <span class='ocrx_word' id='word_1_271' title='bbox 2699 785 2897 856; x_wconf 90' lang='lat' dir='ltr'><strong>iustior</strong></span> <span class='ocrx_word' id='word_1_272' title='bbox 2941 785 3216 841; x_wconf 87' lang='lat' dir='ltr'><strong>miseratio</strong></span> <span class='ocrx_word' id='word_1_273' title='bbox 3245 785 3547 842; x_wconf 88' lang='lat' dir='ltr'><strong>debeatur:</strong></span> <span class='ocrx_word' id='word_1_274' title='bbox 3574 801 3711 857; x_wconf 87' lang='lat' dir='ltr'><strong>quos</strong></span> <span class='ocrx_word' id='word_1_275' title='bbox 3751 774 3861 842; x_wconf 85' lang='lat' dir='ltr'><strong>non</strong></span> 
     </span>
    </p>
   </div>
   <div class='ocr_carea' id='block_1_40' title="bbox 2266 876 3861 950">
    <p class='ocr_par' dir='ltr' id='par_1_40' title="bbox 2266 876 3861 950">
     <span class='ocr_line' id='line_1_40' title="bbox 2266 876 3861 950; baseline 0 -16"><span class='ocrx_word' id='word_1_276' title='bbox 2266 880 2333 935; x_wconf 86' lang='lat' dir='ltr'><strong>ab</strong></span> <span class='ocrx_word' id='word_1_277' title='bbox 2360 879 2529 947; x_wconf 91' lang='lat' dir='ltr'><strong>iratis,</strong></span> <span class='ocrx_word' id='word_1_278' title='bbox 2565 878 2658 934; x_wconf 90' lang='lat' dir='ltr'><strong>sed</strong></span> <span class='ocrx_word' id='word_1_279' title='bbox 2690 894 2721 934; x_wconf 90' lang='lat' dir='ltr'><strong>a</strong></span> <span class='ocrx_word' id='word_1_280' title='bbox 2752 876 2998 948; x_wconf 89' lang='lat' dir='ltr'><strong>propitiis</strong></span> <span class='ocrx_word' id='word_1_281' title='bbox 3025 877 3227 948; x_wconf 88' lang='lat' dir='ltr'><strong>potius,</strong></span> <span class='ocrx_word' id='word_1_282' title='bbox 3263 877 3753 950; x_wconf 87' lang='lat' dir='ltr'><strong>miserantibusque</strong></span> <span class='ocrx_word' id='word_1_283' title='bbox 3773 893 3861 934; x_wconf 87' lang='lat' dir='ltr'><strong>ac-</strong></span> 
     </span>
    </p>
   </div>
   <div class='ocr_carea' id='block_1_41' title="bbox 2266 974 3859 1047">
    <p class='ocr_par' dir='ltr' id='par_1_41' title="bbox 2266 974 3859 1047">
     <span class='ocr_line' id='line_1_41' title="bbox 2266 974 3859 1047; baseline -0.002 -14"><span class='ocrx_word' id='word_1_284' title='bbox 2266 977 2606 1033; x_wconf 91' lang='lat' dir='ltr'><strong>cusatoribus</strong></span> <span class='ocrx_word' id='word_1_285' title='bbox 2636 976 2702 1032; x_wconf 85' lang='lat' dir='ltr'><strong>ad</strong></span> <span class='ocrx_word' id='word_1_286' title='bbox 2736 975 3030 1047; x_wconf 87' lang='lat' dir='ltr'><strong>judicium,</strong></span> <span class='ocrx_word' id='word_1_287' title='bbox 3063 976 3230 1033; x_wconf 90' lang='lat' dir='ltr'><strong>veluti</strong></span> <span class='ocrx_word' id='word_1_288' title='bbox 3274 990 3447 1046; x_wconf 66' lang='lat' dir='ltr'><strong>aegros</strong></span> <span class='ocrx_word' id='word_1_289' title='bbox 3486 974 3555 1030; x_wconf 91' lang='lat' dir='ltr'><strong>ad</strong></span> <span class='ocrx_word' id='word_1_290' title='bbox 3588 974 3859 1030; x_wconf 88' lang='lat' dir='ltr'><strong>medicum</strong></span> 
     </span>
    </p>
   </div>
   <div class='ocr_carea' id='block_1_42' title="bbox 2269 1070 3855 1142">
    <p class='ocr_par' dir='ltr' id='par_1_42' title="bbox 2269 1070 3855 1142">
     <span class='ocr_line' id='line_1_42' title="bbox 2269 1070 3855 1142; baseline -0.003 -16"><span class='ocrx_word' id='word_1_291' title='bbox 2269 1070 2392 1126; x_wconf 91' lang='lat' dir='ltr'><strong>duci</strong></span> <span class='ocrx_word' id='word_1_292' title='bbox 2411 1071 2711 1141; x_wconf 89' lang='lat' dir='ltr'><strong>oportebat,</strong></span> <span class='ocrx_word' id='word_1_293' title='bbox 2736 1082 2792 1126; x_wconf 89' lang='lat' dir='ltr'><strong>ut</strong></span> <span class='ocrx_word' id='word_1_294' title='bbox 2807 1072 2979 1142; x_wconf 77' lang='lat' dir='ltr'><strong>culpa:</strong></span> <span class='ocrx_word' id='word_1_295' title='bbox 2999 1072 3222 1127; x_wconf 90' lang='lat' dir='ltr'><strong>morbos</strong></span> <span class='ocrx_word' id='word_1_296' title='bbox 3237 1070 3498 1141; x_wconf 83' lang='lat' dir='ltr'><strong>supplicio</strong></span> <span class='ocrx_word' id='word_1_297' title='bbox 3518 1078 3855 1127; x_wconf 86' lang='lat' dir='ltr'><strong>resecarent:</strong></span> 
     </span>
    </p>
   </div>
   <div class='ocr_carea' id='block_1_43' title="bbox 2268 1163 3861 1235">
    <p class='ocr_par' dir='ltr' id='par_1_43' title="bbox 2268 1163 3861 1235">
     <span class='ocr_line' id='line_1_43' title="bbox 2268 1163 3861 1235; baseline 0.001 -17"><span class='ocrx_word' id='word_1_298' title='bbox 2268 1179 2374 1234; x_wconf 90' lang='lat' dir='ltr'><strong>quo</strong></span> <span class='ocrx_word' id='word_1_299' title='bbox 2405 1174 2561 1235; x_wconf 90' lang='lat' dir='ltr'><strong>pacto</strong></span> <span class='ocrx_word' id='word_1_300' title='bbox 2589 1163 2935 1220; x_wconf 85' lang='lat' dir='ltr'><strong>defensorum</strong></span> <span class='ocrx_word' id='word_1_301' title='bbox 2959 1179 3147 1234; x_wconf 92' lang='lat' dir='ltr'><strong>opera,</strong></span> <span class='ocrx_word' id='word_1_302' title='bbox 3174 1164 3259 1220; x_wconf 92' lang='lat' dir='ltr'><strong>vel</strong></span> <span class='ocrx_word' id='word_1_303' title='bbox 3288 1172 3397 1220; x_wconf 87' lang='lat' dir='ltr'><strong>tota</strong></span> <span class='ocrx_word' id='word_1_304' title='bbox 3428 1164 3676 1235; x_wconf 84' lang='lat' dir='ltr'><strong>frigeret,</strong></span> <span class='ocrx_word' id='word_1_305' title='bbox 3704 1165 3788 1220; x_wconf 89' lang='lat' dir='ltr'><strong>vel</strong></span> <span class='ocrx_word' id='word_1_306' title='bbox 3815 1164 3861 1219; x_wconf 89' lang='lat' dir='ltr'><strong>si</strong></span> 
     </span>
    </p>
   </div>
   <div class='ocr_carea' id='block_1_44' title="bbox 2272 1254 3860 1327">
    <p class='ocr_par' dir='ltr' id='par_1_44' title="bbox 2272 1254 3860 1327">
     <span class='ocr_line' id='line_1_44' title="bbox 2272 1254 3860 1327; baseline 0.001 -18"><span class='ocrx_word' id='word_1_307' title='bbox 2272 1255 2529 1326; x_wconf 89' lang='lat' dir='ltr'><strong>prodesse</strong></span> <span class='ocrx_word' id='word_1_308' title='bbox 2558 1254 2671 1327; x_wconf 74' lang='grc' dir='ltr'>(ξο)</span> <span class='ocrx_word' id='word_1_309' title='bbox 2707 1255 3014 1311; x_wconf 87' lang='lat' dir='ltr'><strong>hominibus</strong></span> <span class='ocrx_word' id='word_1_310' title='bbox 3043 1256 3259 1325; x_wconf 86' lang='lat' dir='ltr'><strong>mallet,</strong></span> <span class='ocrx_word' id='word_1_311' title='bbox 3292 1255 3345 1311; x_wconf 91' lang='lat' dir='ltr'><strong>in</strong></span> <span class='ocrx_word' id='word_1_312' title='bbox 3377 1257 3733 1312; x_wconf 85' lang='lat' dir='ltr'><strong>accusationis</strong></span> <span class='ocrx_word' id='word_1_313' title='bbox 3764 1257 3860 1311; x_wconf 83' lang='lat' dir='ltr'><strong>ha-</strong></span> 
     </span>
    </p>
   </div>
   <div class='ocr_carea' id='block_1_45' title="bbox 2270 1347 3859 1421">
    <p class='ocr_par' dir='ltr' id='par_1_45' title="bbox 2270 1347 3859 1421">
     <span class='ocr_line' id='line_1_45' title="bbox 2270 1347 3859 1421; baseline 0.001 -18"><span class='ocrx_word' id='word_1_314' title='bbox 2270 1347 2437 1403; x_wconf 89' lang='lat' dir='ltr'><strong>bitum</strong></span> <span class='ocrx_word' id='word_1_315' title='bbox 2484 1357 2805 1404; x_wconf 87' lang='lat' dir='ltr'><strong>verteretur.</strong></span> <span class='ocrx_word' id='word_1_316' title='bbox 2842 1349 2947 1419; x_wconf 89' lang='lat' dir='ltr'><strong>lpsi</strong></span> <span class='ocrx_word' id='word_1_317' title='bbox 2977 1364 3189 1420; x_wconf 90' lang='lat' dir='ltr'><strong>quoque</strong></span> <span class='ocrx_word' id='word_1_318' title='bbox 3232 1349 3495 1421; x_wconf 90' lang='lat' dir='ltr'><strong>improbi,</strong></span> <span class='ocrx_word' id='word_1_319' title='bbox 3522 1350 3565 1404; x_wconf 93' lang='lat' dir='ltr'><strong>si</strong></span> <span class='ocrx_word' id='word_1_320' title='bbox 3596 1350 3675 1405; x_wconf 90' lang='lat' dir='ltr'><strong>eis</strong></span> <span class='ocrx_word' id='word_1_321' title='bbox 3711 1359 3734 1388; x_wconf 74' lang='grc' dir='ltr'>ε</span> <span class='ocrx_word' id='word_1_322' title='bbox 3759 1350 3859 1404; x_wconf 90' lang='lat' dir='ltr'><strong>ali-</strong></span> 
     </span>
    </p>
   </div>
   <div class='ocr_carea' id='block_1_46' title="bbox 2270 1438 3858 1511">
    <p class='ocr_par' dir='ltr' id='par_1_46' title="bbox 2270 1438 3858 1511">
     <span class='ocr_line' id='line_1_46' title="bbox 2270 1438 3858 1511; baseline 0.002 -17"><span class='ocrx_word' id='word_1_323' title='bbox 2270 1455 2373 1509; x_wconf 89' lang='lat' dir='ltr'><strong>qua</strong></span> <span class='ocrx_word' id='word_1_324' title='bbox 2423 1438 2615 1494; x_wconf 91' lang='lat' dir='ltr'><strong>rimula</strong></span> <span class='ocrx_word' id='word_1_325' title='bbox 2679 1442 2930 1496; x_wconf 89' lang='lat' dir='ltr'><strong>virtutem</strong></span> <span class='ocrx_word' id='word_1_326' title='bbox 2991 1440 3207 1495; x_wconf 87' lang='lat' dir='ltr'><strong>relictas</strong></span> <span class='ocrx_word' id='word_1_327' title='bbox 3256 1440 3335 1496; x_wconf 82' lang='lat' dir='ltr'><strong>fas</strong></span> <span class='ocrx_word' id='word_1_328' title='bbox 3394 1450 3539 1496; x_wconf 87' lang='lat' dir='ltr'><strong>esset</strong></span> <span class='ocrx_word' id='word_1_329' title='bbox 3593 1440 3858 1511; x_wconf 81' lang='lat' dir='ltr'><strong>aspicere,</strong></span> 
     </span>
    </p>
   </div>
   <div class='ocr_carea' id='block_1_47' title="bbox 2271 1533 3863 1605">
    <p class='ocr_par' dir='ltr' id='par_1_47' title="bbox 2271 1533 3863 1605">
     <span class='ocr_line' id='line_1_47' title="bbox 2271 1533 3863 1605; baseline 0 -17"><span class='ocrx_word' id='word_1_330' title='bbox 2271 1534 2626 1605; x_wconf 88' lang='lat' dir='ltr'><strong>vitiorumque</strong></span> <span class='ocrx_word' id='word_1_331' title='bbox 2654 1534 2845 1590; x_wconf 87' lang='lat' dir='ltr'><strong>sordes</strong></span> <span class='ocrx_word' id='word_1_332' title='bbox 2880 1550 3158 1603; x_wconf 71' lang='lat' dir='ltr'><strong>poenarum</strong></span> <span class='ocrx_word' id='word_1_333' title='bbox 3197 1533 3523 1591; x_wconf 83' lang='lat' dir='ltr'><strong>cruciatibus</strong></span> <span class='ocrx_word' id='word_1_334' title='bbox 3548 1548 3611 1590; x_wconf 88' lang='lat' dir='ltr'><strong>se</strong></span> <span class='ocrx_word' id='word_1_335' title='bbox 3647 1534 3863 1604; x_wconf 84' lang='lat' dir='ltr'><strong>deposi-</strong></span> 
     </span>
    </p>
   </div>
   <div class='ocr_carea' id='block_1_48' title="bbox 2273 1625 3863 1697">
    <p class='ocr_par' dir='ltr' id='par_1_48' title="bbox 2273 1625 3863 1697">
     <span class='ocr_line' id='line_1_48' title="bbox 2273 1625 3863 1697; baseline -0.002 -15"><span class='ocrx_word' id='word_1_336' title='bbox 2273 1637 2421 1683; x_wconf 86' lang='lat' dir='ltr'><strong>turos</strong></span> <span class='ocrx_word' id='word_1_337' title='bbox 2449 1627 2728 1693; x_wconf 86' lang='lat' dir='ltr'><strong>viderent,</strong></span> <span class='ocrx_word' id='word_1_338' title='bbox 2759 1627 3201 1697; x_wconf 89' lang='lat' dir='ltr'><strong>compensatione</strong></span> <span class='ocrx_word' id='word_1_339' title='bbox 3240 1625 3601 1697; x_wconf 66' lang='lat' dir='ltr'><strong>adipiscenda:</strong></span> <span class='ocrx_word' id='word_1_340' title='bbox 3631 1625 3863 1697; x_wconf 83' lang='lat' dir='ltr'><strong>probita-</strong></span> 
     </span>
    </p>
   </div>
   <div class='ocr_carea' id='block_1_49' title="bbox 2272 1718 3859 1790">
    <p class='ocr_par' dir='ltr' id='par_1_49' title="bbox 2272 1718 3859 1790">
     <span class='ocr_line' id='line_1_49' title="bbox 2272 1718 3859 1790; baseline -0.001 -15"><span class='ocrx_word' id='word_1_341' title='bbox 2272 1719 2362 1785; x_wconf 91' lang='lat' dir='ltr'><strong>tis,</strong></span> <span class='ocrx_word' id='word_1_342' title='bbox 2394 1735 2495 1776; x_wconf 91' lang='lat' dir='ltr'><strong>nec</strong></span> <span class='ocrx_word' id='word_1_343' title='bbox 2522 1719 2621 1775; x_wconf 89' lang='lat' dir='ltr'><strong>hos</strong></span> <span class='ocrx_word' id='word_1_344' title='bbox 2650 1719 2922 1776; x_wconf 90' lang='lat' dir='ltr'><strong>cruciatus</strong></span> <span class='ocrx_word' id='word_1_345' title='bbox 2960 1733 3079 1775; x_wconf 89' lang='lat' dir='ltr'><strong>esse</strong></span> <span class='ocrx_word' id='word_1_346' title='bbox 3106 1719 3374 1783; x_wconf 91' lang='lat' dir='ltr'><strong>dicerent,</strong></span> <span class='ocrx_word' id='word_1_347' title='bbox 3405 1718 3859 1790; x_wconf 90' lang='lat' dir='ltr'><strong>defensorumque</strong></span> 
     </span>
    </p>
   </div>
   <div class='ocr_carea' id='block_1_50' title="bbox 2272 1813 3861 1887">
    <p class='ocr_par' dir='ltr' id='par_1_50' title="bbox 2272 1813 3861 1887">
     <span class='ocr_line' id='line_1_50' title="bbox 2272 1813 3861 1887; baseline -0.001 -17"><span class='ocrx_word' id='word_1_348' title='bbox 2272 1830 2493 1885; x_wconf 88' lang='lat' dir='ltr'><strong>operam</strong></span> <span class='ocrx_word' id='word_1_349' title='bbox 2542 1813 2915 1885; x_wconf 88' lang='lat' dir='ltr'><strong>repudiarent,</strong></span> <span class='ocrx_word' id='word_1_350' title='bbox 2947 1829 3011 1870; x_wconf 87' lang='lat' dir='ltr'><strong>ac</strong></span> <span class='ocrx_word' id='word_1_351' title='bbox 3040 1830 3099 1870; x_wconf 93' lang='lat' dir='ltr'><strong>se</strong></span> <span class='ocrx_word' id='word_1_352' title='bbox 3128 1822 3269 1870; x_wconf 93' lang='lat' dir='ltr'><strong>totos</strong></span> <span class='ocrx_word' id='word_1_353' title='bbox 3314 1814 3717 1870; x_wconf 87' lang='lat' dir='ltr'><strong>accusatoribus</strong></span> <span class='ocrx_word' id='word_1_354' title='bbox 3746 1813 3861 1887; x_wconf 73' lang='grc'>(9.5)</span> 
     </span>
    </p>
   </div>
   <div class='ocr_carea' id='block_1_51' title="bbox 2197 1903 3861 1977">
    <p class='ocr_par' dir='ltr' id='par_1_51' title="bbox 2197 1903 3861 1977">
     <span class='ocr_line' id='line_1_51' title="bbox 2197 1903 3861 1977; baseline -0.004 -10"><span class='ocrx_word' id='word_1_355' title='bbox 2197 1905 2246 1967; x_wconf 88' lang='grc' dir='ltr'><strong>Β</strong></span> <span class='ocrx_word' id='word_1_356' title='bbox 2270 1903 2649 1977; x_wconf 80' lang='lat' dir='ltr'><strong>iudicibusque</strong></span> <span class='ocrx_word' id='word_1_357' title='bbox 2682 1906 3078 1976; x_wconf 85' lang='lat' dir='ltr'><strong>permitterent.</strong></span> <span class='ocrx_word' id='word_1_358' title='bbox 3108 1906 3224 1972; x_wconf 89' lang='lat' dir='ltr'><strong>Quo</strong></span> <span class='ocrx_word' id='word_1_359' title='bbox 3264 1905 3351 1973; x_wconf 89' lang='lat' dir='ltr'><strong>fit,</strong></span> <span class='ocrx_word' id='word_1_360' title='bbox 3386 1913 3446 1960; x_wconf 90' lang='lat' dir='ltr'><strong>ut</strong></span> <span class='ocrx_word' id='word_1_361' title='bbox 3474 1905 3617 1975; x_wconf 88' lang='lat' dir='ltr'><strong>apud</strong></span> <span class='ocrx_word' id='word_1_362' title='bbox 3647 1905 3861 1975; x_wconf 83' lang='lat' dir='ltr'><strong>sapien-</strong></span> 
     </span>
    </p>
   </div>
   <div class='ocr_carea' id='block_1_52' title="bbox 2278 1998 3864 2069">
    <p class='ocr_par' dir='ltr' id='par_1_52' title="bbox 2278 1998 3864 2069">
     <span class='ocr_line' id='line_1_52' title="bbox 2278 1998 3864 2069; baseline 0 -14"><span class='ocrx_word' id='word_1_363' title='bbox 2278 2008 2355 2055; x_wconf 90' lang='lat' dir='ltr'><strong>tes</strong></span> <span class='ocrx_word' id='word_1_364' title='bbox 2385 1999 2565 2054; x_wconf 92' lang='lat' dir='ltr'><strong>nullus</strong></span> <span class='ocrx_word' id='word_1_365' title='bbox 2596 2013 2817 2069; x_wconf 91' lang='lat' dir='ltr'><strong>prorsus</strong></span> <span class='ocrx_word' id='word_1_366' title='bbox 2859 1999 2985 2054; x_wconf 93' lang='lat' dir='ltr'><strong>odio</strong></span> <span class='ocrx_word' id='word_1_367' title='bbox 3016 1999 3167 2055; x_wconf 91' lang='lat' dir='ltr'><strong>locus</strong></span> <span class='ocrx_word' id='word_1_368' title='bbox 3198 1999 3555 2069; x_wconf 88' lang='lat' dir='ltr'><strong>relinquatur.</strong></span> <span class='ocrx_word' id='word_1_369' title='bbox 3587 1998 3720 2054; x_wconf 89' lang='lat' dir='ltr'><strong>Nam</strong></span> <span class='ocrx_word' id='word_1_370' title='bbox 3764 1999 3864 2055; x_wconf 90' lang='lat' dir='ltr'><strong>bo-</strong></span> 
     </span>
    </p>
   </div>
   <div class='ocr_carea' id='block_1_53' title="bbox 2275 2092 3865 2163">
    <p class='ocr_par' dir='ltr' id='par_1_53' title="bbox 2275 2092 3865 2163">
     <span class='ocr_line' id='line_1_53' title="bbox 2275 2092 3865 2163; baseline 0.002 -16"><span class='ocrx_word' id='word_1_371' title='bbox 2275 2107 2374 2147; x_wconf 90' lang='lat' dir='ltr'><strong>nos</strong></span> <span class='ocrx_word' id='word_1_372' title='bbox 2403 2092 2522 2163; x_wconf 89' lang='lat' dir='ltr'><strong>quis</strong></span> <span class='ocrx_word' id='word_1_373' title='bbox 2552 2092 2669 2147; x_wconf 85' lang='lat' dir='ltr'><strong>nisi-</strong></span> <span class='ocrx_word' id='word_1_374' title='bbox 2690 2092 3034 2147; x_wconf 89' lang='lat' dir='ltr'><strong>stultissimus</strong></span> <span class='ocrx_word' id='word_1_375' title='bbox 3071 2092 3281 2149; x_wconf 89' lang='lat' dir='ltr'><strong>oderit?</strong></span> <span class='ocrx_word' id='word_1_376' title='bbox 3307 2094 3478 2149; x_wconf 88' lang='lat' dir='ltr'><strong>malos</strong></span> <span class='ocrx_word' id='word_1_377' title='bbox 3508 2094 3638 2149; x_wconf 76' lang='lat' dir='ltr'><strong>vero</strong></span> <span class='ocrx_word' id='word_1_378' title='bbox 3682 2094 3865 2150; x_wconf 85' lang='lat' dir='ltr'><strong>odisse</strong></span> 
     </span>
    </p>
   </div>
   <div class='ocr_carea' id='block_1_54' title="bbox 2276 2184 3864 2257">
    <p class='ocr_par' dir='ltr' id='par_1_54' title="bbox 2276 2184 3864 2257">
     <span class='ocr_line' id='line_1_54' title="bbox 2276 2184 3864 2257; baseline 0.001 -17"><span class='ocrx_word' id='word_1_379' title='bbox 2276 2186 2484 2241; x_wconf 89' lang='lat' dir='ltr'><strong>ratione</strong></span> <span class='ocrx_word' id='word_1_380' title='bbox 2511 2193 2678 2240; x_wconf 89' lang='lat' dir='ltr'><strong>caret.</strong></span> <span class='ocrx_word' id='word_1_381' title='bbox 2712 2184 2844 2239; x_wconf 88' lang='lat' dir='ltr'><strong>Nam</strong></span> <span class='ocrx_word' id='word_1_382' title='bbox 2875 2185 2950 2251; x_wconf 90' lang='lat' dir='ltr'><strong>si,</strong></span> <span class='ocrx_word' id='word_1_383' title='bbox 2984 2186 3059 2239; x_wconf 91' lang='lat' dir='ltr'><strong>uti</strong></span> <span class='ocrx_word' id='word_1_384' title='bbox 3084 2186 3375 2256; x_wconf 82' lang='lat' dir='ltr'><strong>corporum</strong></span> <span class='ocrx_word' id='word_1_385' title='bbox 3403 2186 3648 2257; x_wconf 90' lang='lat' dir='ltr'><strong>languor,</strong></span> <span class='ocrx_word' id='word_1_386' title='bbox 3679 2185 3749 2241; x_wconf 83' lang='lat' dir='ltr'><strong>ita</strong></span> <span class='ocrx_word' id='word_1_387' title='bbox 3779 2186 3864 2241; x_wconf 87' lang='lat' dir='ltr'><strong>vi-</strong></span> 
     </span>
    </p>
   </div>
   <div class='ocr_carea' id='block_1_55' title="bbox 2279 2275 3865 2346">
    <p class='ocr_par' dir='ltr' id='par_1_55' title="bbox 2279 2275 3865 2346">
     <span class='ocr_line' id='line_1_55' title="bbox 2279 2275 3865 2346; baseline 0.001 -15"><span class='ocrx_word' id='word_1_388' title='bbox 2279 2277 2483 2332; x_wconf 88' lang='lat' dir='ltr'><strong>tiositas</strong></span> <span class='ocrx_word' id='word_1_389' title='bbox 2526 2275 2743 2346; x_wconf 90' lang='lat' dir='ltr'><strong>quidam</strong></span> <span class='ocrx_word' id='word_1_390' title='bbox 2790 2284 2874 2331; x_wconf 90' lang='lat' dir='ltr'><strong>est</strong></span> <span class='ocrx_word' id='word_1_391' title='bbox 2919 2276 3073 2346; x_wconf 87' lang='lat' dir='ltr'><strong>quasi</strong></span> <span class='ocrx_word' id='word_1_392' title='bbox 3120 2276 3342 2332; x_wconf 86' lang='lat' dir='ltr'><strong>morbus</strong></span> <span class='ocrx_word' id='word_1_393' title='bbox 3371 2276 3711 2343; x_wconf 87' lang='lat' dir='ltr'><strong>animorum;</strong></span> <span class='ocrx_word' id='word_1_394' title='bbox 3741 2292 3865 2333; x_wconf 90' lang='lat' dir='ltr'><strong>cum</strong></span> 
     </span>
    </p>
   </div>
   <div class='ocr_carea' id='block_1_56' title="bbox 2278 2369 3866 2441">
    <p class='ocr_par' dir='ltr' id='par_1_56' title="bbox 2278 2369 3866 2441">
     <span class='ocr_line' id='line_1_56' title="bbox 2278 2369 3866 2441; baseline 0.002 -17"><span class='ocrx_word' id='word_1_395' title='bbox 2278 2385 2450 2440; x_wconf 83' lang='lat' dir='ltr'><strong>aegros</strong></span> <span class='ocrx_word' id='word_1_396' title='bbox 2478 2385 2706 2440; x_wconf 90' lang='lat' dir='ltr'><strong>corpore</strong></span> <span class='ocrx_word' id='word_1_397' title='bbox 2737 2369 2957 2425; x_wconf 92' lang='lat' dir='ltr'><strong>minime</strong></span> <span class='ocrx_word' id='word_1_398' title='bbox 2989 2369 3181 2441; x_wconf 88' lang='lat' dir='ltr'><strong>dignos</strong></span> <span class='ocrx_word' id='word_1_399' title='bbox 3227 2371 3372 2440; x_wconf 90' lang='lat' dir='ltr'><strong>odio,</strong></span> <span class='ocrx_word' id='word_1_400' title='bbox 3401 2372 3495 2427; x_wconf 91' lang='lat' dir='ltr'><strong>sed</strong></span> <span class='ocrx_word' id='word_1_401' title='bbox 3542 2373 3718 2440; x_wconf 91' lang='lat' dir='ltr'><strong>potius</strong></span> <span class='ocrx_word' id='word_1_402' title='bbox 3768 2374 3866 2427; x_wconf 84' lang='lat' dir='ltr'><strong>mi-</strong></span> 
     </span>
    </p>
   </div>
   <div class='ocr_carea' id='block_1_57' title="bbox 2275 2462 3866 2535">
    <p class='ocr_par' dir='ltr' id='par_1_57' title="bbox 2275 2462 3866 2535">
     <span class='ocr_line' id='line_1_57' title="bbox 2275 2462 3866 2535; baseline 0.004 -18"><span class='ocrx_word' id='word_1_403' title='bbox 2275 2463 2547 2518; x_wconf 88' lang='lat' dir='ltr'><strong>seratione</strong></span> <span class='ocrx_word' id='word_1_404' title='bbox 2592 2462 2919 2531; x_wconf 90' lang='lat' dir='ltr'><strong>iudicemus,</strong></span> <span class='ocrx_word' id='word_1_405' title='bbox 2970 2464 3141 2520; x_wconf 92' lang='lat' dir='ltr'><strong>multo</strong></span> <span class='ocrx_word' id='word_1_406' title='bbox 3190 2464 3359 2535; x_wconf 86' lang='lat' dir='ltr'><strong>magis</strong></span> <span class='ocrx_word' id='word_1_407' title='bbox 3404 2465 3517 2535; x_wconf 80' lang='lat'><strong>(‘50)</strong></span> <span class='ocrx_word' id='word_1_408' title='bbox 3568 2481 3676 2522; x_wconf 91' lang='lat' dir='ltr'><strong>non</strong></span> <span class='ocrx_word' id='word_1_409' title='bbox 3722 2471 3866 2524; x_wconf 84' lang='lat' dir='ltr'><strong>inse-</strong></span> 
     </span>
    </p>
   </div>
   <div class='ocr_carea' id='block_1_58' title="bbox 2275 2555 3866 2628">
    <p class='ocr_par' dir='ltr' id='par_1_58' title="bbox 2275 2555 3866 2628">
     <span class='ocr_line' id='line_1_58' title="bbox 2275 2555 3866 2628; baseline 0.006 -19"><span class='ocrx_word' id='word_1_410' title='bbox 2275 2556 2507 2626; x_wconf 89' lang='lat' dir='ltr'><strong>quendi,</strong></span> <span class='ocrx_word' id='word_1_411' title='bbox 2540 2555 2633 2611; x_wconf 79' lang='lat' dir='ltr'><strong>sed</strong></span> <span class='ocrx_word' id='word_1_412' title='bbox 2679 2555 2971 2612; x_wconf 88' lang='lat' dir='ltr'><strong>miserandi</strong></span> <span class='ocrx_word' id='word_1_413' title='bbox 3016 2564 3171 2623; x_wconf 91' lang='lat' dir='ltr'><strong>sunt,</strong></span> <span class='ocrx_word' id='word_1_414' title='bbox 3202 2571 3429 2628; x_wconf 92' lang='lat' dir='ltr'><strong>quorum</strong></span> <span class='ocrx_word' id='word_1_415' title='bbox 3470 2569 3680 2618; x_wconf 86' lang='lat' dir='ltr'><strong>mentes</strong></span> <span class='ocrx_word' id='word_1_416' title='bbox 3724 2561 3866 2618; x_wconf 91' lang='lat' dir='ltr'><strong>omni</strong></span> 
     </span>
    </p>
   </div>
   <div class='ocr_carea' id='block_1_59' title="bbox 2277 2649 3334 2721">
    <p class='ocr_par' dir='ltr' id='par_1_59' title="bbox 2277 2649 3334 2721">
     <span class='ocr_line' id='line_1_59' title="bbox 2277 2649 3334 2721; baseline 0.002 -17"><span class='ocrx_word' id='word_1_417' title='bbox 2277 2649 2533 2721; x_wconf 85' lang='lat' dir='ltr'><strong>languore</strong></span> <span class='ocrx_word' id='word_1_418' title='bbox 2559 2650 2793 2707; x_wconf 88' lang='lat' dir='ltr'><strong>atrocior</strong></span> <span class='ocrx_word' id='word_1_419' title='bbox 2815 2659 2971 2721; x_wconf 88' lang='lat' dir='ltr'><strong>urget</strong></span> <span class='ocrx_word' id='word_1_420' title='bbox 2996 2650 3334 2721; x_wconf 91' lang='lat' dir='ltr'><strong>improbitas.</strong></span> 
     </span>
    </p>
   </div>
   <div class='ocr_carea' id='block_1_60' title="bbox 2745 2767 3387 2841">
    <p class='ocr_par' dir='ltr' id='par_1_60' title="bbox 2745 2767 3387 2841">
     <span class='ocr_line' id='line_1_60' title="bbox 2745 2767 3387 2841; baseline 0.002 -19"><span class='ocrx_word' id='word_1_421' title='bbox 2745 2769 2907 2841; x_wconf 76' lang='lat'><strong>235</strong></span> <span class='ocrx_word' id='word_1_422' title='bbox 2937 2767 3227 2825; x_wconf 74' lang='lat' dir='ltr'><strong>uernum</strong></span> <span class='ocrx_word' id='word_1_423' title='bbox 3257 2774 3273 2791; x_wconf 67' lang='grc' dir='ltr'><strong><em>ο</em></strong></span> <span class='ocrx_word' id='word_1_424' title='bbox 3301 2769 3387 2824; x_wconf 84' lang='lat' dir='ltr'><strong>tv.</strong></span> 
     </span>
    </p>
   </div>
   <div class='ocr_carea' id='block_1_61' title="bbox 2277 2860 3862 2937">
    <p class='ocr_par' dir='ltr' id='par_1_61' title="bbox 2277 2860 3862 2937">
     <span class='ocr_line' id='line_1_61' title="bbox 2277 2860 3862 2937; baseline 0.004 -19"><span class='ocrx_word' id='word_1_425' title='bbox 2277 2866 2671 2937; x_wconf 65' lang='lat' dir='ltr'><strong>Aneunesruu.</strong></span> <span class='ocrx_word' id='word_1_426' title='bbox 2696 2889 2765 2937; x_wconf 58' lang='grc' dir='ltr'><strong>τ-</strong></span> <span class='ocrx_word' id='word_1_427' title='bbox 2793 2860 3086 2937; x_wconf 35' lang='grc' dir='ltr'><strong>ςυηιμτηοη</strong></span> <span class='ocrx_word' id='word_1_428' title='bbox 3116 2864 3406 2937; x_wconf 78' lang='lat' dir='ltr'><strong>immineat,</strong></span> <span class='ocrx_word' id='word_1_429' title='bbox 3456 2876 3547 2919; x_wconf 85' lang='lat' dir='ltr'><strong>aut</strong></span> <span class='ocrx_word' id='word_1_430' title='bbox 3583 2879 3759 2937; x_wconf 84' lang='lat' dir='ltr'><strong>sponte</strong></span> <span class='ocrx_word' id='word_1_431' title='bbox 3786 2884 3862 2924; x_wconf 81' lang='lat' dir='ltr'><strong>re-</strong></span> 
     </span>
    </p>
   </div>
   <div class='ocr_carea' id='block_1_62' title="bbox 2348 2933 3865 3007">
    <p class='ocr_par' dir='ltr' id='par_1_62' title="bbox 2348 2933 3865 3007">
     <span class='ocr_line' id='line_1_62' title="bbox 2348 2933 3865 3007; baseline 0.005 -19"><span class='ocrx_word' id='word_1_432' title='bbox 2348 2935 2513 3007; x_wconf 82' lang='lat' dir='ltr'><strong>niens,</strong></span> <span class='ocrx_word' id='word_1_433' title='bbox 2539 2944 2627 3007; x_wconf 86' lang='lat' dir='ltr'><strong>aut</strong></span> <span class='ocrx_word' id='word_1_434' title='bbox 2651 2950 2682 2986; x_wconf 89' lang='lat' dir='ltr'><strong>a</strong></span> <span class='ocrx_word' id='word_1_435' title='bbox 2708 2933 2832 3007; x_wconf 77' lang='lat' dir='ltr'><strong>feris</strong></span> <span class='ocrx_word' id='word_1_436' title='bbox 2877 2933 3093 3004; x_wconf 79' lang='lat' dir='ltr'><strong>aliisque</strong></span> <span class='ocrx_word' id='word_1_437' title='bbox 3141 2935 3431 2991; x_wconf 78' lang='lat' dir='ltr'><strong>hominibus</strong></span> <span class='ocrx_word' id='word_1_438' title='bbox 3460 2933 3760 3007; x_wconf 81' lang='lat' dir='ltr'><strong>accelerata,</strong></span> <span class='ocrx_word' id='word_1_439' title='bbox 3790 2942 3865 2995; x_wconf 82' lang='lat' dir='ltr'><strong>in-</strong></span> 
     </span>
    </p>
   </div>
   <div class='ocr_carea' id='block_1_63' title="bbox 2345 3004 3867 3081">
    <p class='ocr_par' dir='ltr' id='par_1_63' title="bbox 2345 3004 3867 3081">
     <span class='ocr_line' id='line_1_63' title="bbox 2345 3004 3867 3081; baseline 0.005 -23"><span class='ocrx_word' id='word_1_440' title='bbox 2345 3006 2455 3075; x_wconf 82' lang='lat' dir='ltr'><strong>quit</strong></span> <span class='ocrx_word' id='word_1_441' title='bbox 2484 3004 2842 3081; x_wconf 67' lang='lat' dir='ltr'><strong>Philosophia,</strong></span> <span class='ocrx_word' id='word_1_442' title='bbox 2876 3014 3085 3074; x_wconf 66' lang='lat' dir='ltr'><strong>praestat</strong></span> <span class='ocrx_word' id='word_1_443' title='bbox 3131 3007 3443 3081; x_wconf 74' lang='lat' dir='ltr'><strong>te__diligere</strong></span> <span class='ocrx_word' id='word_1_444' title='bbox 3485 3014 3668 3081; x_wconf 83' lang='lat' dir='ltr'><strong>probos</strong></span> <span class='ocrx_word' id='word_1_445' title='bbox 3695 3004 3867 3066; x_wconf 65' lang='lat' dir='ltr'><strong>ermi-</strong></span> 
     </span>
    </p>
   </div>
   <div class='ocr_carea' id='block_1_64' title="bbox 2344 3078 3865 3146">
    <p class='ocr_par' dir='ltr' id='par_1_64' title="bbox 2344 3078 3865 3146">
     <span class='ocr_line' id='line_1_64' title="bbox 2344 3078 3865 3146; baseline 0.003 -14"><span class='ocrx_word' id='word_1_446' title='bbox 2344 3079 2505 3132; x_wconf 83' lang='lat' dir='ltr'><strong>sereri</strong></span> <span class='ocrx_word' id='word_1_447' title='bbox 2536 3078 2913 3146; x_wconf 86' lang='lat' dir='ltr'><strong>improborum,</strong></span> <span class='ocrx_word' id='word_1_448' title='bbox 2944 3093 3098 3146; x_wconf 86' lang='lat' dir='ltr'><strong>quam</strong></span> <span class='ocrx_word' id='word_1_449' title='bbox 3145 3078 3279 3132; x_wconf 69' lang='lat' dir='ltr'><strong>ullos</strong></span> <span class='ocrx_word' id='word_1_450' title='bbox 3323 3078 3495 3135; x_wconf 78' lang='lat' dir='ltr'><strong>odisse</strong></span> <span class='ocrx_word' id='word_1_451' title='bbox 3520 3090 3568 3135; x_wconf 82' lang='lat' dir='ltr'><strong>et</strong></span> <span class='ocrx_word' id='word_1_452' title='bbox 3596 3085 3752 3137; x_wconf 85' lang='lat' dir='ltr'><strong>armis</strong></span> <span class='ocrx_word' id='word_1_453' title='bbox 3786 3084 3865 3137; x_wconf 86' lang='lat' dir='ltr'><strong>la-</strong></span> 
     </span>
    </p>
   </div>
   <div class='ocr_carea' id='block_1_65' title="bbox 2346 3167 2553 3205">
    <p class='ocr_par' dir='ltr' id='par_1_65' title="bbox 2346 3167 2553 3205">
     <span class='ocr_line' id='line_1_65' title="bbox 2346 3167 2553 3205; baseline 0.005 -2"><span class='ocrx_word' id='word_1_454' title='bbox 2346 3167 2553 3205; x_wconf 87' lang='lat' dir='ltr'><strong>cessere.</strong></span> 
     </span>
    </p>
   </div>
   <div class='ocr_carea' id='block_1_66' title="bbox 2416 3246 3394 3318">
    <p class='ocr_par' dir='ltr' id='par_1_66' title="bbox 2416 3246 3394 3318">
     <span class='ocr_line' id='line_1_66' title="bbox 2416 3246 3394 3318; baseline 0 -16"><span class='ocrx_word' id='word_1_455' title='bbox 2416 3246 2557 3315; x_wconf 86' lang='lat' dir='ltr'><strong>Quid</strong></span> <span class='ocrx_word' id='word_1_456' title='bbox 2587 3257 2764 3303; x_wconf 88' lang='lat' dir='ltr'><strong>tantos</strong></span> <span class='ocrx_word' id='word_1_457' title='bbox 2788 3247 2941 3318; x_wconf 90' lang='lat' dir='ltr'><strong>iuvat</strong></span> <span class='ocrx_word' id='word_1_458' title='bbox 2961 3249 3195 3304; x_wconf 80' lang='lat' dir='ltr'><strong>excitare</strong></span> <span class='ocrx_word' id='word_1_459' title='bbox 3218 3254 3394 3303; x_wconf 92' lang='lat' dir='ltr'><strong>motus</strong></span> 
     </span>
    </p>
   </div>
   <div class='ocr_carea' id='block_1_67' title="bbox 2496 3336 3537 3410">
    <p class='ocr_par' dir='ltr' id='par_1_67' title="bbox 2496 3336 3537 3410">
     <span class='ocr_line' id='line_1_67' title="bbox 2496 3336 3537 3410; baseline 0 -16"><span class='ocrx_word' id='word_1_460' title='bbox 2496 3339 2563 3394; x_wconf 86' lang='lat' dir='ltr'><strong>Et</strong></span> <span class='ocrx_word' id='word_1_461' title='bbox 2589 3339 2805 3410; x_wconf 88' lang='lat' dir='ltr'><strong>propria</strong></span> <span class='ocrx_word' id='word_1_462' title='bbox 2832 3338 2997 3394; x_wconf 88' lang='lat' dir='ltr'><strong>fatum</strong></span> <span class='ocrx_word' id='word_1_463' title='bbox 3026 3336 3317 3395; x_wconf 86' lang='lat' dir='ltr'><strong>sollicitare</strong></span> <span class='ocrx_word' id='word_1_464' title='bbox 3344 3338 3537 3394; x_wconf 80' lang='lat' dir='ltr'><strong>manu?</strong></span> 
     </span>
    </p>
   </div>
   <div class='ocr_carea' id='block_1_68' title="bbox 2426 3432 3463 3505">
    <p class='ocr_par' dir='ltr' id='par_1_68' title="bbox 2426 3432 3463 3505">
     <span class='ocr_line' id='line_1_68' title="bbox 2426 3432 3463 3505; baseline -0.006 -13"><span class='ocrx_word' id='word_1_465' title='bbox 2426 3434 2481 3493; x_wconf 88' lang='lat' dir='ltr'><strong>Si</strong></span> <span class='ocrx_word' id='word_1_466' title='bbox 2512 3447 2740 3491; x_wconf 91' lang='lat' dir='ltr'><strong>mortem</strong></span> <span class='ocrx_word' id='word_1_467' title='bbox 2765 3435 2964 3505; x_wconf 90' lang='lat' dir='ltr'><strong>petitis,</strong></span> <span class='ocrx_word' id='word_1_468' title='bbox 2998 3434 3317 3505; x_wconf 71' lang='lat' dir='ltr'><strong>propinquat</strong></span> <span class='ocrx_word' id='word_1_469' title='bbox 3345 3432 3463 3502; x_wconf 90' lang='lat' dir='ltr'><strong>ipsa</strong></span> 
     </span>
    </p>
   </div>
   <div class='ocr_carea' id='block_1_69' title="bbox 2497 3526 3793 3599">
    <p class='ocr_par' dir='ltr' id='par_1_69' title="bbox 2497 3526 3793 3599">
     <span class='ocr_line' id='line_1_69' title="bbox 2497 3526 3793 3599; baseline 0.001 -15"><span class='ocrx_word' id='word_1_470' title='bbox 2497 3528 2700 3599; x_wconf 91' lang='lat' dir='ltr'><strong>Sponte</strong></span> <span class='ocrx_word' id='word_1_471' title='bbox 2729 3542 2844 3591; x_wconf 91' lang='lat' dir='ltr'><strong>sua,</strong></span> <span class='ocrx_word' id='word_1_472' title='bbox 2866 3526 3110 3583; x_wconf 87' lang='lat' dir='ltr'><strong>volucres</strong></span> <span class='ocrx_word' id='word_1_473' title='bbox 3152 3540 3251 3582; x_wconf 91' lang='lat' dir='ltr'><strong>nec</strong></span> <span class='ocrx_word' id='word_1_474' title='bbox 3277 3532 3578 3582; x_wconf 88' lang='lat' dir='ltr'><strong>remoratur</strong></span> <span class='ocrx_word' id='word_1_475' title='bbox 3605 3541 3793 3599; x_wconf 87' lang='lat' dir='ltr'><strong>equos,</strong></span> 
     </span>
    </p>
   </div>
   <div class='ocr_carea' id='block_1_70' title="bbox 1918 3620 2497 3679">
    <p class='ocr_par' dir='ltr' id='par_1_70' title="bbox 1918 3620 2497 3679">
     <span class='ocr_line' id='line_1_70' title="bbox 1918 3620 2497 3679; baseline -0.005 -1"><span class='ocrx_word' id='word_1_476' title='bbox 1918 3620 2497 3679; x_wconf 79' lang='lat' dir='ltr'><strong>lN&#39;I‘ERPBETA&#39;I‘IO.</strong></span> 
     </span>
    </p>
   </div>
   <div class='ocr_carea' id='block_1_71' title="bbox 649 3716 950 3773">
    <p class='ocr_par' dir='ltr' id='par_1_71' title="bbox 649 3716 950 3773">
     <span class='ocr_line' id='line_1_71' title="bbox 649 3716 950 3773; baseline 0.003 -1"><span class='ocrx_word' id='word_1_477' title='bbox 649 3728 675 3755; x_wconf 72' lang='grc'>⁸</span> <span class='ocrx_word' id='word_1_478' title='bbox 707 3716 950 3773; x_wconf 79' lang='lat' dir='ltr'><strong>Alternis.</strong></span> 
     </span>
    </p>
   </div>
   <div class='ocr_carea' id='block_1_72' title="bbox 650 3787 900 3845">
    <p class='ocr_par' dir='ltr' id='par_1_72' title="bbox 650 3787 900 3845">
     <span class='ocr_line' id='line_1_72' title="bbox 650 3787 900 3845; baseline 0.012 -3"><span class='ocrx_word' id='word_1_479' title='bbox 650 3787 677 3826; x_wconf 71' lang='grc' dir='ltr'>δ</span> <span class='ocrx_word' id='word_1_480' title='bbox 709 3787 900 3845; x_wconf 68' lang='lat' dir='ltr'><strong>Iudex.</strong></span> 
     </span>
    </p>
   </div>
   <div class='ocr_carea' id='block_1_73' title="bbox 651 3860 918 3916">
    <p class='ocr_par' dir='ltr' id='par_1_73' title="bbox 651 3860 918 3916">
     <span class='ocr_line' id='line_1_73' title="bbox 651 3860 918 3916; baseline 0.004 -1"><span class='ocrx_word' id='word_1_481' title='bbox 651 3870 675 3898; x_wconf 74' lang='grc' dir='ltr'><strong>ο</strong></span> <span class='ocrx_word' id='word_1_482' title='bbox 706 3860 918 3916; x_wconf 78' lang='lat' dir='ltr'><strong>Dubito.</strong></span> 
     </span>
    </p>
   </div>
   <div class='ocr_carea' id='block_1_74' title="bbox 648 3927 969 3987">
    <p class='ocr_par' dir='ltr' id='par_1_74' title="bbox 648 3927 969 3987">
     <span class='ocr_line' id='line_1_74' title="bbox 648 3927 969 3987; baseline 0 -2"><span class='ocrx_word' id='word_1_483' title='bbox 648 3927 675 3968; x_wconf 72' lang='grc' dir='ltr'><em>ά</em></span> <span class='ocrx_word' id='word_1_484' title='bbox 707 3932 969 3987; x_wconf 78' lang='lat' dir='ltr'><strong>Advocati.</strong></span> 
     </span>
    </p>
   </div>
   <div class='ocr_carea' id='block_1_75' title="bbox 653 4004 1095 4075">
    <p class='ocr_par' dir='ltr' id='par_1_75' title="bbox 653 4004 1095 4075">
     <span class='ocr_line' id='line_1_75' title="bbox 653 4004 1095 4075; baseline 0.002 -18"><span class='ocrx_word' id='word_1_485' title='bbox 653 4011 686 4075; x_wconf 85' lang='lat'><strong>°_</strong></span> <span class='ocrx_word' id='word_1_486' title='bbox 715 4004 892 4075; x_wconf 82' lang='lat' dir='ltr'><strong>Aliquo</strong></span> <span class='ocrx_word' id='word_1_487' title='bbox 922 4005 1095 4059; x_wconf 90' lang='lat' dir='ltr'><strong>modo.</strong></span> 
     </span>
    </p>
   </div>
   <div class='ocr_carea' id='block_1_76' title="bbox 652 4073 2170 4147">
    <p class='ocr_par' dir='ltr' id='par_1_76' title="bbox 652 4073 2170 4147">
     <span class='ocr_line' id='line_1_76' title="bbox 652 4073 2170 4147; baseline 0.001 -19"><span class='ocrx_word' id='word_1_488' title='bbox 652 4073 790 4140; x_wconf 84' lang='lat' dir='ltr'><strong>Quid</strong></span> <span class='ocrx_word' id='word_1_489' title='bbox 810 4073 1021 4147; x_wconf 86' lang='lat' dir='ltr'><strong>prodest</strong></span> <span class='ocrx_word' id='word_1_490' title='bbox 1052 4076 1202 4131; x_wconf 87' lang='lat' dir='ltr'><strong>vobis</strong></span> <span class='ocrx_word' id='word_1_491' title='bbox 1231 4077 1448 4132; x_wconf 73' lang='lat' dir='ltr'><strong>excitare</strong></span> <span class='ocrx_word' id='word_1_492' title='bbox 1488 4084 1655 4130; x_wconf 88' lang='lat' dir='ltr'><strong>motus</strong></span> <span class='ocrx_word' id='word_1_493' title='bbox 1681 4086 1847 4132; x_wconf 86' lang='lat' dir='ltr'><strong>tantos</strong></span> <span class='ocrx_word' id='word_1_494' title='bbox 1871 4076 1978 4132; x_wconf 88' lang='lat' dir='ltr'><strong>odii</strong></span> <span class='ocrx_word' id='word_1_495' title='bbox 2011 4085 2057 4131; x_wconf 82' lang='lat' dir='ltr'><strong>et</strong></span> <span class='ocrx_word' id='word_1_496' title='bbox 2083 4092 2170 4131; x_wconf 87' lang='lat' dir='ltr'><strong>ur-</strong></span> 
     </span>
    </p>
   </div>
   <div class='ocr_carea' id='block_1_77' title="bbox 2269 3718 3868 3841">
    <p class='ocr_par' dir='ltr' id='par_1_77' title="bbox 2269 3718 3868 3841">
     <span class='ocr_line' id='line_1_77' title="bbox 2269 3718 3868 3841; baseline 0 -67"><span class='ocrx_word' id='word_1_497' title='bbox 2269 3737 2385 3841; x_wconf 53' lang='lat' dir='ltr'><strong>zere</strong></span> <span class='ocrx_word' id='word_1_498' title='bbox 2426 3718 2640 3773; x_wconf 82' lang='lat' dir='ltr'><strong>mortein</strong></span> <span class='ocrx_word' id='word_1_499' title='bbox 2668 3720 2846 3774; x_wconf 77' lang='lat' dir='ltr'><strong>vestris</strong></span> <span class='ocrx_word' id='word_1_500' title='bbox 2906 3719 3182 3775; x_wconf 83' lang='lat' dir='ltr'><strong>manibus?</strong></span> <span class='ocrx_word' id='word_1_501' title='bbox 3235 3720 3296 3775; x_wconf 92' lang='lat' dir='ltr'><strong>Si</strong></span> <span class='ocrx_word' id='word_1_502' title='bbox 3349 3721 3578 3791; x_wconf 75' lang='lat' dir='ltr'><strong>qureritis</strong></span> <span class='ocrx_word' id='word_1_503' title='bbox 3633 3732 3868 3792; x_wconf 84' lang='lat' dir='ltr'><strong>mortem,</strong></span> 
     </span>
     <span class='ocr_line' id='line_1_78' title="bbox 2305 3791 3868 3841; baseline -0.001 0"><span class='ocrx_word' id='word_1_504' title='bbox 2305 3807 2379 3841; x_wconf 72' lang='lat' dir='ltr'><strong>(Bc</strong></span> <span class='ocrx_word' id='word_1_505' title='bbox 2408 3792 2786 3841; x_wconf 81' lang='lat' dir='ltr'><strong>annroninauat</strong></span> <span class='ocrx_word' id='word_1_506' title='bbox 2827 3791 2961 3841; x_wconf 81' lang='lat' dir='ltr'><strong>ultro</strong></span> <span class='ocrx_word' id='word_1_507' title='bbox 2998 3808 3159 3841; x_wconf 79' lang='lat' dir='ltr'><strong>neaue</strong></span> <span class='ocrx_word' id='word_1_508' title='bbox 3192 3792 3363 3841; x_wconf 77' lang='lat' dir='ltr'><strong>tardat</strong></span> <span class='ocrx_word' id='word_1_509' title='bbox 3392 3809 3548 3841; x_wconf 74' lang='lat' dir='ltr'><strong>cauos</strong></span> <span class='ocrx_word' id='word_1_510' title='bbox 3577 3808 3695 3841; x_wconf 81' lang='lat' dir='ltr'><strong>suos</strong></span> <span class='ocrx_word' id='word_1_511' title='bbox 3735 3809 3868 3841; x_wconf 71' lang='grc' dir='ltr'><strong>ιιι-ω.</strong></span> 
     </span>
    </p>
   </div>
   <div class='ocr_carea' id='block_1_78' title="bbox 2305 3791 3869 3863">
    <p class='ocr_par' dir='ltr' id='par_1_78' title="bbox 2305 3791 3869 3863">
     <span class='ocr_line' id='line_1_79' title="bbox 2305 3791 3869 3863; baseline 0.002 -18"><span class='ocrx_word' id='word_1_512' title='bbox 2305 3807 2379 3845; x_wconf 80' lang='lat' dir='ltr'><strong>cec</strong></span> <span class='ocrx_word' id='word_1_513' title='bbox 2408 3792 2786 3861; x_wconf 83' lang='lat' dir='ltr'><strong>appropinquat</strong></span> <span class='ocrx_word' id='word_1_514' title='bbox 2827 3791 2961 3863; x_wconf 81' lang='lat' dir='ltr'><strong>ultro</strong></span> <span class='ocrx_word' id='word_1_515' title='bbox 2998 3808 3159 3860; x_wconf 83' lang='lat' dir='ltr'><strong>neque</strong></span> <span class='ocrx_word' id='word_1_516' title='bbox 3192 3792 3363 3845; x_wconf 85' lang='lat' dir='ltr'><strong>tardat</strong></span> <span class='ocrx_word' id='word_1_517' title='bbox 3392 3809 3548 3863; x_wconf 82' lang='lat' dir='ltr'><strong>equos</strong></span> <span class='ocrx_word' id='word_1_518' title='bbox 3577 3808 3695 3846; x_wconf 86' lang='lat' dir='ltr'><strong>suos</strong></span> <span class='ocrx_word' id='word_1_519' title='bbox 3733 3791 3869 3862; x_wconf 46' lang='lat' dir='ltr'><strong>prce;</strong></span> 
     </span>
    </p>
   </div>
   <div class='ocr_carea' id='block_1_79' title="bbox 2271 3862 3868 3933">
    <p class='ocr_par' dir='ltr' id='par_1_79' title="bbox 2271 3862 3868 3933">
     <span class='ocr_line' id='line_1_80' title="bbox 2271 3862 3868 3933; baseline 0.004 -20"><span class='ocrx_word' id='word_1_520' title='bbox 2271 3864 2451 3930; x_wconf 84' lang='lat' dir='ltr'><strong>cipites</strong></span> <span class='ocrx_word' id='word_1_521' title='bbox 2496 3878 2513 3915; x_wconf 91' lang='lat'><em>:</em></span> <span class='ocrx_word' id='word_1_522' title='bbox 2549 3862 2757 3917; x_wconf 72' lang='lat' dir='ltr'><strong>Scilicet</strong></span> <span class='ocrx_word' id='word_1_523' title='bbox 2788 3862 3014 3915; x_wconf 80' lang='lat' dir='ltr'><strong>homines</strong></span> <span class='ocrx_word' id='word_1_524' title='bbox 3062 3878 3168 3916; x_wconf 83' lang='lat' dir='ltr'><strong>sese</strong></span> <span class='ocrx_word' id='word_1_525' title='bbox 3214 3862 3472 3933; x_wconf 86' lang='lat' dir='ltr'><strong>perimunt</strong></span> <span class='ocrx_word' id='word_1_526' title='bbox 3500 3864 3693 3933; x_wconf 82' lang='lat' dir='ltr'><strong>gladio,</strong></span> <span class='ocrx_word' id='word_1_527' title='bbox 3743 3880 3868 3932; x_wconf 83' lang='lat' dir='ltr'><strong>quos</strong></span> 
     </span>
    </p>
   </div>
   <div class='ocr_carea' id='block_1_80' title="bbox 2272 3934 3867 4002">
    <p class='ocr_par' dir='ltr' id='par_1_80' title="bbox 2272 3934 3867 4002">
     <span class='ocr_line' id='line_1_81' title="bbox 2272 3934 3867 4002; baseline 0.002 -16"><span class='ocrx_word' id='word_1_528' title='bbox 2272 3950 2502 4001; x_wconf 77' lang='lat' dir='ltr'><strong>serpens,</strong></span> <span class='ocrx_word' id='word_1_529' title='bbox 2533 3934 2630 3996; x_wconf 85' lang='lat' dir='ltr'><strong>leo,</strong></span> <span class='ocrx_word' id='word_1_530' title='bbox 2661 3935 2825 4002; x_wconf 82' lang='lat' dir='ltr'><strong>tigris,</strong></span> <span class='ocrx_word' id='word_1_531' title='bbox 2873 3950 3052 3999; x_wconf 82' lang='lat' dir='ltr'><strong>ursus,</strong></span> <span class='ocrx_word' id='word_1_532' title='bbox 3084 3944 3138 3987; x_wconf 90' lang='lat' dir='ltr'><strong>et</strong></span> <span class='ocrx_word' id='word_1_533' title='bbox 3165 3936 3279 4002; x_wconf 86' lang='lat' dir='ltr'><strong>apri</strong></span> <span class='ocrx_word' id='word_1_534' title='bbox 3309 3936 3584 4001; x_wconf 76' lang='lat' dir='ltr'><strong>perimunt,</strong></span> <span class='ocrx_word' id='word_1_535' title='bbox 3613 3935 3867 3989; x_wconf 83' lang='lat' dir='ltr'><strong>dentibus.</strong></span> 
     </span>
    </p>
   </div>
   <div class='ocr_carea' id='block_1_81' title="bbox 2279 4004 3871 4076">
    <p class='ocr_par' dir='ltr' id='par_1_81' title="bbox 2279 4004 3871 4076">
     <span class='ocr_line' id='line_1_82' title="bbox 2279 4004 3871 4076; baseline 0.002 -19"><span class='ocrx_word' id='word_1_536' title='bbox 2279 4004 2422 4058; x_wconf 85' lang='lat' dir='ltr'><strong>Nam</strong></span> <span class='ocrx_word' id='word_1_537' title='bbox 2451 4004 2642 4076; x_wconf 81' lang='lat' dir='ltr'><strong>idcirco</strong></span> <span class='ocrx_word' id='word_1_538' title='bbox 2685 4008 2943 4059; x_wconf 85' lang='lat' dir='ltr'><strong>instruunt</strong></span> <span class='ocrx_word' id='word_1_539' title='bbox 2980 4006 3232 4060; x_wconf 75' lang='lat' dir='ltr'><strong>exercitus</strong></span> <span class='ocrx_word' id='word_1_540' title='bbox 3262 4007 3482 4076; x_wconf 82' lang='lat' dir='ltr'><strong>iniquos,</strong></span> <span class='ocrx_word' id='word_1_541' title='bbox 3511 4015 3695 4076; x_wconf 87' lang='lat' dir='ltr'><strong>parant</strong></span> <span class='ocrx_word' id='word_1_542' title='bbox 3726 4022 3871 4060; x_wconf 75' lang='lat' dir='ltr'><strong>arma</strong></span> 
     </span>
    </p>
   </div>
   <div class='ocr_carea' id='block_1_82' title="bbox 2279 4075 3872 4147">
    <p class='ocr_par' dir='ltr' id='par_1_82' title="bbox 2279 4075 3872 4147">
     <span class='ocr_line' id='line_1_83' title="bbox 2279 4075 3872 4147; baseline 0.001 -18"><span class='ocrx_word' id='word_1_543' title='bbox 2279 4075 2509 4130; x_wconf 82' lang='lat' dir='ltr'><strong>crudelia</strong></span> <span class='ocrx_word' id='word_1_544' title='bbox 2544 4078 2856 4147; x_wconf 84' lang='lat' dir='ltr'><strong>cupiuntque</strong></span> <span class='ocrx_word' id='word_1_545' title='bbox 2895 4078 3191 4132; x_wconf 82' lang='lat' dir='ltr'><strong>occumbere</strong></span> <span class='ocrx_word' id='word_1_546' title='bbox 3235 4075 3354 4132; x_wconf 81' lang='lat' dir='ltr'><strong>telis</strong></span> <span class='ocrx_word' id='word_1_547' title='bbox 3382 4075 3687 4147; x_wconf 81' lang='lat' dir='ltr'><strong>reciprocis,</strong></span> <span class='ocrx_word' id='word_1_548' title='bbox 3735 4077 3872 4147; x_wconf 83' lang='lat' dir='ltr'><strong>quod</strong></span> 
     </span>
    </p>
   </div>
   <div class='ocr_carea' id='block_1_83' title="bbox 2110 4192 2345 4250">
    <p class='ocr_par' dir='ltr' id='par_1_83' title="bbox 2110 4192 2345 4250">
     <span class='ocr_line' id='line_1_84' title="bbox 2110 4192 2345 4250; baseline -0.004 0"><span class='ocrx_word' id='word_1_549' title='bbox 2110 4192 2319 4250; x_wconf 72' lang='lat' dir='ltr'><strong>NOTAE</strong></span> <span class='ocrx_word' id='word_1_550' title='bbox 2331 4235 2345 4249; x_wconf 95' lang='lat'><strong>.</strong></span> 
     </span>
    </p>
   </div>
   <div class='ocr_carea' id='block_1_84' title="bbox 651 4305 2168 4382">
    <p class='ocr_par' dir='ltr' id='par_1_84' title="bbox 651 4305 2168 4382">
     <span class='ocr_line' id='line_1_85' title="bbox 651 4305 2168 4382; baseline -0.001 -19"><span class='ocrx_word' id='word_1_551' title='bbox 651 4307 666 4337; x_wconf 83' lang='grc'>¹</span> <span class='ocrx_word' id='word_1_552' title='bbox 698 4305 837 4382; x_wconf 72' lang='lat' dir='ltr'><strong>Nam</strong></span> <span class='ocrx_word' id='word_1_553' title='bbox 864 4324 926 4363; x_wconf 87' lang='lat' dir='ltr'><strong>ne</strong></span> <span class='ocrx_word' id='word_1_554' title='bbox 967 4308 1345 4382; x_wconf 8' lang='lat' dir='ltr'><strong>illudnquidem</strong></span> <span class='ocrx_word' id='word_1_555' title='bbox 1385 4311 1730 4382; x_wconf 84' lang='lat' dir='ltr'><strong>acquiescent.</strong></span> <span class='ocrx_word' id='word_1_556' title='bbox 1758 4310 1889 4381; x_wconf 90' lang='lat' dir='ltr'><strong>etc.]</strong></span> <span class='ocrx_word' id='word_1_557' title='bbox 1924 4309 2009 4365; x_wconf 88' lang='lat' dir='ltr'><strong>IV.</strong></span> <span class='ocrx_word' id='word_1_558' title='bbox 2047 4308 2168 4382; x_wconf 39' lang='lat' dir='ltr'><strong>Pltis</strong></span> 
     </span>
    </p>
   </div>
   <div class='ocr_carea' id='block_1_85' title="bbox 589 4378 2169 4451">
    <p class='ocr_par' dir='ltr' id='par_1_85' title="bbox 589 4378 2169 4451">
     <span class='ocr_line' id='line_1_86' title="bbox 589 4378 2169 4451; baseline 0.001 -17"><span class='ocrx_word' id='word_1_559' title='bbox 589 4378 829 4451; x_wconf 84' lang='lat' dir='ltr'><strong>losophia</strong></span> <span class='ocrx_word' id='word_1_560' title='bbox 884 4382 1077 4450; x_wconf 89' lang='lat' dir='ltr'><strong>probat</strong></span> <span class='ocrx_word' id='word_1_561' title='bbox 1110 4378 1386 4451; x_wconf 89' lang='lat' dir='ltr'><strong>improbos</strong></span> <span class='ocrx_word' id='word_1_562' title='bbox 1416 4378 1482 4438; x_wconf 85' lang='lat' dir='ltr'><strong>eo</strong></span> <span class='ocrx_word' id='word_1_563' title='bbox 1508 4398 1627 4438; x_wconf 88' lang='lat' dir='ltr'><strong>esse</strong></span> <span class='ocrx_word' id='word_1_564' title='bbox 1659 4378 1991 4445; x_wconf 72' lang='lat' dir='ltr'><strong>miseriores,</strong></span> <span class='ocrx_word' id='word_1_565' title='bbox 2026 4381 2169 4448; x_wconf 87' lang='lat' dir='ltr'><strong>quod</strong></span> 
     </span>
    </p>
   </div>
   <div class='ocr_carea' id='block_1_86' title="bbox 578 4448 2171 4524">
    <p class='ocr_par' dir='ltr' id='par_1_86' title="bbox 578 4448 2171 4524">
     <span class='ocr_line' id='line_1_87' title="bbox 578 4448 2171 4524; baseline 0.002 -20"><span class='ocrx_word' id='word_1_566' title='bbox 578 4448 840 4524; x_wconf 76' lang='lat' dir='ltr'><strong>iniuriam</strong></span> <span class='ocrx_word' id='word_1_567' title='bbox 857 4448 1072 4507; x_wconf 68' lang='lat' dir='ltr'><strong>caneris</strong></span> <span class='ocrx_word' id='word_1_568' title='bbox 1103 4448 1371 4508; x_wconf 83' lang='lat' dir='ltr'><strong>inferant:</strong></span> <span class='ocrx_word' id='word_1_569' title='bbox 1402 4454 1523 4520; x_wconf 87' lang='lat' dir='ltr'><strong>quia</strong></span> <span class='ocrx_word' id='word_1_570' title='bbox 1552 4470 1674 4509; x_wconf 91' lang='lat' dir='ltr'><strong>cum</strong></span> <span class='ocrx_word' id='word_1_571' title='bbox 1706 4454 1984 4520; x_wconf 90' lang='lat' dir='ltr'><strong>improbus</strong></span> <span class='ocrx_word' id='word_1_572' title='bbox 2007 4451 2171 4524; x_wconf 65' lang='lat'><strong>284</strong></span> 
     </span>
    </p>
   </div>
   <div class='ocr_carea' id='block_1_87' title="bbox 578 4521 2169 4596">
    <p class='ocr_par' dir='ltr' id='par_1_87' title="bbox 578 4521 2169 4596">
     <span class='ocr_line' id='line_1_88' title="bbox 578 4521 2169 4596; baseline 0.003 -21"><span class='ocrx_word' id='word_1_573' title='bbox 578 4521 753 4596; x_wconf 84' lang='lat' dir='ltr'><strong>omnis</strong></span> <span class='ocrx_word' id='word_1_574' title='bbox 794 4522 1100 4596; x_wconf 9' lang='lat' dir='ltr'><strong>sitrmiser,</strong></span> <span class='ocrx_word' id='word_1_575' title='bbox 1151 4541 1381 4596; x_wconf 85' lang='lat' dir='ltr'><strong>cumque</strong></span> <span class='ocrx_word' id='word_1_576' title='bbox 1423 4526 1697 4594; x_wconf 88' lang='lat' dir='ltr'><strong>improbus</strong></span> <span class='ocrx_word' id='word_1_577' title='bbox 1743 4526 1814 4580; x_wconf 90' lang='lat' dir='ltr'><strong>sit</strong></span> <span class='ocrx_word' id='word_1_578' title='bbox 1860 4521 2169 4596; x_wconf 50' lang='lat' dir='ltr'><strong>quicunque</strong></span> 
     </span>
    </p>
   </div>
   <div class='ocr_carea' id='block_1_88' title="bbox 578 4593 2169 4667">
    <p class='ocr_par' dir='ltr' id='par_1_88' title="bbox 578 4593 2169 4667">
     <span class='ocr_line' id='line_1_89' title="bbox 578 4593 2169 4667; baseline 0 -18"><span class='ocrx_word' id='word_1_579' title='bbox 578 4593 844 4667; x_wconf 85' lang='lat' dir='ltr'><strong>supplicio</strong></span> <span class='ocrx_word' id='word_1_580' title='bbox 873 4595 1066 4665; x_wconf 85' lang='lat' dir='ltr'><strong>dignus</strong></span> <span class='ocrx_word' id='word_1_581' title='bbox 1096 4607 1208 4662; x_wconf 90' lang='lat' dir='ltr'><strong>est,</strong></span> <span class='ocrx_word' id='word_1_582' title='bbox 1241 4593 1523 4666; x_wconf 83' lang='lat' dir='ltr'><strong>propterea</strong></span> <span class='ocrx_word' id='word_1_583' title='bbox 1548 4612 1653 4667; x_wconf 92' lang='lat' dir='ltr'><strong>quo</strong></span> <span class='ocrx_word' id='word_1_584' title='bbox 1679 4593 2169 4667; x_wconf 33' lang='lat' dir='ltr'><strong>aliquis‘supplicio</strong></span> 
     </span>
    </p>
   </div>
   <div class='ocr_carea' id='block_1_89' title="bbox 576 4664 2165 4738">
    <p class='ocr_par' dir='ltr' id='par_1_89' title="bbox 576 4664 2165 4738">
     <span class='ocr_line' id='line_1_90' title="bbox 576 4664 2165 4738; baseline 0.001 -19"><span class='ocrx_word' id='word_1_585' title='bbox 576 4675 658 4738; x_wconf 81' lang='lat' dir='ltr'><strong>est</strong></span> <span class='ocrx_word' id='word_1_586' title='bbox 688 4664 1103 4738; x_wconf 12' lang='lat' dir='ltr'><strong>magisidignns,</strong></span> <span class='ocrx_word' id='word_1_587' title='bbox 1130 4683 1197 4723; x_wconf 92' lang='lat' dir='ltr'><strong>eo</strong></span> <span class='ocrx_word' id='word_1_588' title='bbox 1228 4664 1398 4737; x_wconf 86' lang='lat' dir='ltr'><strong>magis</strong></span> <span class='ocrx_word' id='word_1_589' title='bbox 1429 4664 1706 4738; x_wconf 78' lang='lat' dir='ltr'><strong>improbus</strong></span> <span class='ocrx_word' id='word_1_590' title='bbox 1728 4664 2165 4737; x_wconf 31' lang='lat' dir='ltr'><strong>alleuqne‘magis</strong></span> 
     </span>
    </p>
   </div>
   <div class='ocr_carea' id='block_1_90' title="bbox 2282 4311 3867 4394">
    <p class='ocr_par' dir='ltr' id='par_1_90' title="bbox 2282 4311 3867 4394">
     <span class='ocr_line' id='line_1_91' title="bbox 2282 4311 3867 4394; baseline 0.001 -29"><span class='ocrx_word' id='word_1_591' title='bbox 2282 4311 2428 4394; x_wconf 79' lang='lat' dir='ltr'><strong>poris</strong></span> <span class='ocrx_word' id='word_1_592' title='bbox 2483 4314 2862 4394; x_wconf 70' lang='lat' dir='ltr'><strong>concipiuntur</strong></span> <span class='ocrx_word' id='word_1_593' title='bbox 2899 4331 2911 4368; x_wconf 92' lang='lat'><strong>:</strong></span> <span class='ocrx_word' id='word_1_594' title='bbox 2946 4312 3279 4394; x_wconf 54' lang='lat' dir='ltr'><strong>sic.e:_edem</strong></span> <span class='ocrx_word' id='word_1_595' title='bbox 3326 4322 3601 4394; x_wconf 57' lang='lat' dir='ltr'><strong>concepta:</strong></span> <span class='ocrx_word' id='word_1_596' title='bbox 3632 4312 3867 4394; x_wconf 63' lang='lat' dir='ltr'><strong>diversos</strong></span> 
     </span>
    </p>
   </div>
   <div class='ocr_carea' id='block_1_91' title="bbox 2282 4384 3869 4455">
    <p class='ocr_par' dir='ltr' id='par_1_91' title="bbox 2282 4384 3869 4455">
     <span class='ocr_line' id='line_1_92' title="bbox 2282 4384 3869 4455; baseline 0.001 -19"><span class='ocrx_word' id='word_1_597' title='bbox 2282 4384 2583 4449; x_wconf 90' lang='lat' dir='ltr'><strong>producunt</strong></span> <span class='ocrx_word' id='word_1_598' title='bbox 2624 4385 2869 4455; x_wconf 85' lang='lat' dir='ltr'><strong>eiusdem</strong></span> <span class='ocrx_word' id='word_1_599' title='bbox 2915 4384 3158 4454; x_wconf 74' lang='lat' dir='ltr'><strong>corporis</strong></span> <span class='ocrx_word' id='word_1_600' title='bbox 3204 4393 3398 4440; x_wconf 89' lang='lat' dir='ltr'><strong>motus.</strong></span> <span class='ocrx_word' id='word_1_601' title='bbox 3442 4385 3549 4441; x_wconf 91' lang='lat' dir='ltr'><strong>Sed</strong></span> <span class='ocrx_word' id='word_1_602' title='bbox 3582 4387 3726 4439; x_wconf 88' lang='lat' dir='ltr'><strong>nulla</strong></span> <span class='ocrx_word' id='word_1_603' title='bbox 3756 4399 3869 4455; x_wconf 51' lang='lat' dir='ltr'><strong>pere</strong></span> 
     </span>
    </p>
   </div>
   <div class='ocr_carea' id='block_1_92' title="bbox 2282 4454 3872 4525">
    <p class='ocr_par' dir='ltr' id='par_1_92' title="bbox 2282 4454 3872 4525">
     <span class='ocr_line' id='line_1_93' title="bbox 2282 4454 3872 4525; baseline 0.002 -18"><span class='ocrx_word' id='word_1_604' title='bbox 2282 4454 2516 4510; x_wconf 89' lang='lat' dir='ltr'><strong>turbatio</strong></span> <span class='ocrx_word' id='word_1_605' title='bbox 2571 4454 2747 4512; x_wconf 88' lang='lat' dir='ltr'><strong>tantos</strong></span> <span class='ocrx_word' id='word_1_606' title='bbox 2802 4465 3010 4522; x_wconf 92' lang='lat' dir='ltr'><strong>motus,</strong></span> <span class='ocrx_word' id='word_1_607' title='bbox 3055 4466 3282 4525; x_wconf 89' lang='lat' dir='ltr'><strong>quantos</strong></span> <span class='ocrx_word' id='word_1_608' title='bbox 3318 4456 3497 4511; x_wconf 92' lang='lat' dir='ltr'><strong>odium</strong></span> <span class='ocrx_word' id='word_1_609' title='bbox 3551 4459 3733 4525; x_wconf 90' lang='lat' dir='ltr'><strong>parit:</strong></span> <span class='ocrx_word' id='word_1_610' title='bbox 3782 4454 3872 4525; x_wconf 86' lang='lat' dir='ltr'><strong>qui</strong></span> 
     </span>
    </p>
   </div>
   <div class='ocr_carea' id='block_1_93' title="bbox 2279 4527 3873 4595">
    <p class='ocr_par' dir='ltr' id='par_1_93' title="bbox 2279 4527 3873 4595">
     <span class='ocr_line' id='line_1_94' title="bbox 2279 4527 3873 4595; baseline 0.002 -16"><span class='ocrx_word' id='word_1_611' title='bbox 2279 4528 2423 4580; x_wconf 91' lang='lat' dir='ltr'><strong>enim</strong></span> <span class='ocrx_word' id='word_1_612' title='bbox 2456 4527 2581 4581; x_wconf 88' lang='lat' dir='ltr'><strong>odio</strong></span> <span class='ocrx_word' id='word_1_613' title='bbox 2613 4536 3043 4595; x_wconf 86' lang='lat' dir='ltr'><strong>commoventur,</strong></span> <span class='ocrx_word' id='word_1_614' title='bbox 3070 4528 3124 4581; x_wconf 88' lang='lat' dir='ltr'><strong>bi</strong></span> <span class='ocrx_word' id='word_1_615' title='bbox 3156 4530 3208 4583; x_wconf 91' lang='lat' dir='ltr'><strong>in</strong></span> <span class='ocrx_word' id='word_1_616' title='bbox 3229 4528 3463 4590; x_wconf 90' lang='lat' dir='ltr'><strong>amicos,</strong></span> <span class='ocrx_word' id='word_1_617' title='bbox 3490 4528 3763 4591; x_wconf 82' lang='lat' dir='ltr'><strong>fortunas,</strong></span> <span class='ocrx_word' id='word_1_618' title='bbox 3798 4532 3873 4582; x_wconf 86' lang='lat' dir='ltr'><strong>ta-</strong></span> 
     </span>
    </p>
   </div>
   <div class='ocr_carea' id='block_1_94' title="bbox 2280 4598 3871 4670">
    <p class='ocr_par' dir='ltr' id='par_1_94' title="bbox 2280 4598 3871 4670">
     <span class='ocr_line' id='line_1_95' title="bbox 2280 4598 3871 4670; baseline 0.003 -19"><span class='ocrx_word' id='word_1_619' title='bbox 2280 4613 2455 4665; x_wconf 85' lang='lat' dir='ltr'><strong>mam,</strong></span> <span class='ocrx_word' id='word_1_620' title='bbox 2498 4599 2661 4654; x_wconf 87' lang='lat' dir='ltr'><strong>vitam</strong></span> <span class='ocrx_word' id='word_1_621' title='bbox 2715 4600 2946 4670; x_wconf 88' lang='lat' dir='ltr'><strong>denique</strong></span> <span class='ocrx_word' id='word_1_622' title='bbox 2994 4598 3165 4668; x_wconf 87' lang='lat' dir='ltr'><strong>ipsam</strong></span> <span class='ocrx_word' id='word_1_623' title='bbox 3206 4599 3638 4656; x_wconf 86' lang='lat' dir='ltr'><strong>adversariorum</strong></span> <span class='ocrx_word' id='word_1_624' title='bbox 3693 4614 3871 4655; x_wconf 89' lang='lat' dir='ltr'><strong>erum-</strong></span> 
     </span>
    </p>
   </div>
   <div class='ocr_carea' id='block_1_95' title="bbox 2256 4678 2427 4738">
    <p class='ocr_par' dir='ltr' id='par_1_95' title="bbox 2256 4678 2427 4738">
     <span class='ocr_line' id='line_1_96' title="bbox 2256 4678 2427 4738; baseline 0 -14"><span class='ocrx_word' id='word_1_625' title='bbox 2256 4678 2427 4738; x_wconf 77' lang='lat' dir='ltr'><strong>&#39;punL</strong></span> 
     </span>
    </p>
   </div>
   <div class='ocr_carea' id='block_1_96' title="bbox 577 4734 3871 4815">
    <p class='ocr_par' dir='ltr' id='par_1_96' title="bbox 577 4734 3871 4815">
     <span class='ocr_line' id='line_1_97' title="bbox 577 4734 3871 4815; baseline 0.002 -25"><span class='ocrx_word' id='word_1_626' title='bbox 577 4734 745 4815; x_wconf 71' lang='lat' dir='ltr'><strong>miser</strong></span> <span class='ocrx_word' id='word_1_627' title='bbox 784 4734 978 4815; x_wconf 76' lang='lat' dir='ltr'><strong>haberi</strong></span> <span class='ocrx_word' id='word_1_628' title='bbox 1024 4738 1187 4795; x_wconf 89' lang='lat' dir='ltr'><strong>debet</strong></span> <span class='ocrx_word' id='word_1_629' title='bbox 1218 4759 1229 4792; x_wconf 89' lang='lat'>:</span> <span class='ocrx_word' id='word_1_630' title='bbox 1272 4734 1352 4795; x_wconf 79' lang='lat' dir='ltr'><strong>sic</strong></span> <span class='ocrx_word' id='word_1_631' title='bbox 1378 4734 1643 4815; x_wconf 71' lang='lat' dir='ltr'><strong>cognitor</strong></span> <span class='ocrx_word' id='word_1_632' title='bbox 1686 4734 2003 4815; x_wconf 81' lang='lat' dir='ltr'><strong>existimans</strong></span> <span class='ocrx_word' id='word_1_633' title='bbox 2043 4734 2168 4815; x_wconf 70' lang='lat' dir='ltr'><strong>esse</strong></span> <span class='ocrx_word' id='word_1_634' title='bbox 2195 4740 2249 4802; x_wconf 84' lang='grc' dir='ltr'>Ι)</span> <span class='ocrx_word' id='word_1_635' title='bbox 2282 4734 2317 4815; x_wconf 40' lang='grc' dir='ltr'><strong>ί</strong></span> <span class='ocrx_word' id='word_1_636' title='bbox 2344 4742 2400 4797; x_wconf 72' lang='grc'><strong>2.</strong></span> <span class='ocrx_word' id='word_1_637' title='bbox 2430 4740 2625 4815; x_wconf 63' lang='lat' dir='ltr'><strong>Fatum</strong></span> <span class='ocrx_word' id='word_1_638' title='bbox 2654 4743 2936 4798; x_wconf 83' lang='lat' dir='ltr'><strong>sollicitare</strong></span> <span class='ocrx_word' id='word_1_639' title='bbox 2964 4740 3165 4815; x_wconf 86' lang='lat' dir='ltr'><strong>manu.]</strong></span> <span class='ocrx_word' id='word_1_640' title='bbox 3197 4741 3500 4799; x_wconf 90' lang='lat' dir='ltr'><strong>Sollicitare</strong></span> <span class='ocrx_word' id='word_1_641' title='bbox 3530 4742 3745 4812; x_wconf 89' lang='lat' dir='ltr'><strong>proprie</strong></span> <span class='ocrx_word' id='word_1_642' title='bbox 3769 4740 3871 4815; x_wconf 10' lang='lat' dir='ltr'><strong>ndi-</strong></span> 
     </span>
    </p>
   </div>
   <div class='ocr_carea' id='block_1_97' title="bbox 576 4805 2168 4888">
    <p class='ocr_par' dir='ltr' id='par_1_97' title="bbox 576 4805 2168 4888">
     <span class='ocr_line' id='line_1_98' title="bbox 576 4805 2168 4888; baseline 0.001 -27"><span class='ocrx_word' id='word_1_643' title='bbox 576 4805 1051 4888; x_wconf 68' lang='lat' dir='ltr'><strong>deteriusinferre</strong></span> <span class='ocrx_word' id='word_1_644' title='bbox 1077 4827 1235 4881; x_wconf 88' lang='lat' dir='ltr'><strong>quam</strong></span> <span class='ocrx_word' id='word_1_645' title='bbox 1282 4810 1672 4888; x_wconf 73' lang='lat' dir='ltr'><strong>patiinjuriam</strong></span> <span class='ocrx_word' id='word_1_646' title='bbox 1694 4854 1707 4877; x_wconf 93' lang='lat'><strong>,</strong></span> <span class='ocrx_word' id='word_1_647' title='bbox 1744 4811 1931 4888; x_wconf 78' lang='lat' dir='ltr'><strong>statuit</strong></span> <span class='ocrx_word' id='word_1_648' title='bbox 1964 4810 2168 4888; x_wconf 77' lang='lat' dir='ltr'><strong>suppli-</strong></span> 
     </span>
    </p>
   </div>
   <div class='ocr_carea' id='block_1_98' title="bbox 575 4879 2167 4957">
    <p class='ocr_par' dir='ltr' id='par_1_98' title="bbox 575 4879 2167 4957">
     <span class='ocr_line' id='line_1_99' title="bbox 575 4879 2167 4957; baseline 0.003 -26"><span class='ocrx_word' id='word_1_649' title='bbox 575 4879 1223 4957; x_wconf 27' lang='lat' dir='ltr'><strong>cinminferendumlnon</strong></span> <span class='ocrx_word' id='word_1_650' title='bbox 1245 4883 1297 4937; x_wconf 89' lang='lat' dir='ltr'><strong>ei</strong></span> <span class='ocrx_word' id='word_1_651' title='bbox 1320 4882 1412 4957; x_wconf 60' lang='lat' dir='ltr'><strong>qui</strong></span> <span class='ocrx_word' id='word_1_652' title='bbox 1443 4879 1694 4957; x_wconf 55' lang='lat' dir='ltr'><strong>pertulit,</strong></span> <span class='ocrx_word' id='word_1_653' title='bbox 1720 4884 1812 4957; x_wconf 85' lang='lat' dir='ltr'><strong>sed</strong></span> <span class='ocrx_word' id='word_1_654' title='bbox 1837 4882 1888 4957; x_wconf 83' lang='lat' dir='ltr'><strong>ei</strong></span> <span class='ocrx_word' id='word_1_655' title='bbox 1916 4882 2008 4957; x_wconf 82' lang='lat' dir='ltr'><strong>qui</strong></span> <span class='ocrx_word' id='word_1_656' title='bbox 2039 4881 2167 4957; x_wconf 75' lang='lat' dir='ltr'><strong>fecit</strong></span> 
     </span>
    </p>
   </div>
   <div class='ocr_carea' id='block_1_99' title="bbox 576 4949 2169 5023">
    <p class='ocr_par' dir='ltr' id='par_1_99' title="bbox 576 4949 2169 5023">
     <span class='ocr_line' id='line_1_100' title="bbox 576 4949 2169 5023; baseline 0.003 -22"><span class='ocrx_word' id='word_1_657' title='bbox 576 4949 848 5023; x_wconf 86' lang='lat' dir='ltr'><strong>iniuriam.</strong></span> <span class='ocrx_word' id='word_1_658' title='bbox 880 4951 1032 5007; x_wconf 86' lang='lat' dir='ltr'><strong>Unde</strong></span> <span class='ocrx_word' id='word_1_659' title='bbox 1054 4949 1533 5019; x_wconf 20' lang='lat' dir='ltr'><strong>Christus,‘Mat—th.</strong></span> <span class='ocrx_word' id='word_1_660' title='bbox 1558 4971 1611 5019; x_wconf 87' lang='lat' dir='ltr'><strong>v,</strong></span> <span class='ocrx_word' id='word_1_661' title='bbox 1636 4952 1809 5019; x_wconf 88' lang='lat' dir='ltr'><strong>Beati,</strong></span> <span class='ocrx_word' id='word_1_662' title='bbox 1840 4949 2037 5021; x_wconf 81' lang='lat' dir='ltr'><strong>inquit,</strong></span> <span class='ocrx_word' id='word_1_663' title='bbox 2081 4953 2169 5023; x_wconf 87' lang='lat' dir='ltr'><strong>qui</strong></span> 
     </span>
    </p>
   </div>
   <div class='ocr_carea' id='block_1_100' title="bbox 576 5022 2165 5100">
    <p class='ocr_par' dir='ltr' id='par_1_100' title="bbox 576 5022 2165 5100">
     <span class='ocr_line' id='line_1_101' title="bbox 576 5022 2165 5100; baseline 0.003 -27"><span class='ocrx_word' id='word_1_664' title='bbox 576 5022 978 5100; x_wconf 77' lang='lat' dir='ltr'><strong>persecutionem</strong></span> <span class='ocrx_word' id='word_1_665' title='bbox 1000 5025 1317 5100; x_wconf 64' lang='lat' dir='ltr'><strong>patiantur,-</strong></span> <span class='ocrx_word' id='word_1_666' title='bbox 1345 5042 1450 5100; x_wconf 81' lang='lat' dir='ltr'><strong>quo</strong></span> <span class='ocrx_word' id='word_1_667' title='bbox 1475 5024 1853 5100; x_wconf 83' lang='lat' dir='ltr'><strong>reSpicien_s_S.</strong></span> <span class='ocrx_word' id='word_1_668' title='bbox 1879 5022 2165 5100; x_wconf 72' lang='lat' dir='ltr'><strong>CltrysOSt.</strong></span> 
     </span>
    </p>
   </div>
   <div class='ocr_carea' id='block_1_101' title="bbox 574 5094 2166 5164">
    <p class='ocr_par' dir='ltr' id='par_1_101' title="bbox 574 5094 2166 5164">
     <span class='ocr_line' id='line_1_102' title="bbox 574 5094 2166 5164; baseline 0.003 -21"><span class='ocrx_word' id='word_1_669' title='bbox 574 5094 652 5145; x_wconf 82' lang='lat' dir='ltr'><strong>ait</strong></span> <span class='ocrx_word' id='word_1_670' title='bbox 695 5097 944 5164; x_wconf 81' lang='lat' dir='ltr'><strong>neminem</strong></span> <span class='ocrx_word' id='word_1_671' title='bbox 993 5094 1112 5147; x_wconf 73' lang='lat' dir='ltr'><strong>lwdi</strong></span> <span class='ocrx_word' id='word_1_672' title='bbox 1156 5097 1255 5150; x_wconf 87' lang='lat' dir='ltr'><strong>nisi</strong></span> <span class='ocrx_word' id='word_1_673' title='bbox 1295 5114 1326 5148; x_wconf 82' lang='grc' dir='ltr'><em>α</em></span> <span class='ocrx_word' id='word_1_674' title='bbox 1370 5097 1560 5164; x_wconf 84' lang='lat' dir='ltr'><strong>seipso.</strong></span> <span class='ocrx_word' id='word_1_675' title='bbox 1590 5096 1751 5163; x_wconf 84' lang='lat' dir='ltr'><strong>Atqui</strong></span> <span class='ocrx_word' id='word_1_676' title='bbox 1783 5094 2056 5162; x_wconf 83' lang='lat' dir='ltr'><strong>improbus</strong></span> <span class='ocrx_word' id='word_1_677' title='bbox 2100 5111 2166 5150; x_wconf 94' lang='lat' dir='ltr'><strong>eo</strong></span> 
     </span>
    </p>
   </div>
   <div class='ocr_carea' id='block_1_102' title="bbox 577 5161 2165 5243">
    <p class='ocr_par' dir='ltr' id='par_1_102' title="bbox 577 5161 2165 5243">
     <span class='ocr_line' id='line_1_103' title="bbox 577 5161 2165 5243; baseline 0.001 -25"><span class='ocrx_word' id='word_1_678' title='bbox 577 5161 748 5243; x_wconf 71' lang='lat' dir='ltr'><strong>magis</strong></span> <span class='ocrx_word' id='word_1_679' title='bbox 778 5163 970 5243; x_wconf 82' lang='lat' dir='ltr'><strong>dignus</strong></span> <span class='ocrx_word' id='word_1_680' title='bbox 996 5174 1079 5243; x_wconf 76' lang='lat' dir='ltr'><strong>est</strong></span> <span class='ocrx_word' id='word_1_681' title='bbox 1115 5166 1400 5243; x_wconf 82' lang='lat' dir='ltr'><strong>supplicio,</strong></span> <span class='ocrx_word' id='word_1_682' title='bbox 1425 5161 1568 5243; x_wconf 70' lang='lat' dir='ltr'><strong>quod</strong></span> <span class='ocrx_word' id='word_1_683' title='bbox 1603 5161 1763 5222; x_wconf 84' lang='lat' dir='ltr'><strong>alteri</strong></span> <span class='ocrx_word' id='word_1_684' title='bbox 1787 5161 2034 5243; x_wconf 75' lang='lat' dir='ltr'><strong>intulerit</strong></span> <span class='ocrx_word' id='word_1_685' title='bbox 2083 5166 2165 5220; x_wconf 90' lang='lat' dir='ltr'><strong>in-</strong></span> 
     </span>
    </p>
   </div>
   <div class='ocr_carea' id='block_1_103' title="bbox 573 5233 2160 5313">
    <p class='ocr_par' dir='ltr' id='par_1_103' title="bbox 573 5233 2160 5313">
     <span class='ocr_line' id='line_1_104' title="bbox 573 5233 2160 5313; baseline 0.003 -26"><span class='ocrx_word' id='word_1_686' title='bbox 573 5233 769 5313; x_wconf 78' lang='lat' dir='ltr'><strong>iurium</strong></span> <span class='ocrx_word' id='word_1_687' title='bbox 796 5253 809 5289; x_wconf 87' lang='lat'><strong>:</strong></span> <span class='ocrx_word' id='word_1_688' title='bbox 846 5235 1155 5305; x_wconf 68' lang='lat' dir='ltr'><strong>reipublicae</strong></span> <span class='ocrx_word' id='word_1_689' title='bbox 1184 5233 1384 5308; x_wconf 76' lang='lat' dir='ltr'><strong>quippe</strong></span> <span class='ocrx_word' id='word_1_690' title='bbox 1423 5233 1667 5304; x_wconf 81' lang='lat' dir='ltr'><strong>interest,</strong></span> <span class='ocrx_word' id='word_1_691' title='bbox 1698 5248 1756 5293; x_wconf 92' lang='lat' dir='ltr'><strong>ut</strong></span> <span class='ocrx_word' id='word_1_692' title='bbox 1786 5237 2013 5306; x_wconf 88' lang='lat' dir='ltr'><strong>improbi</strong></span> <span class='ocrx_word' id='word_1_693' title='bbox 2058 5252 2160 5308; x_wconf 86' lang='lat' dir='ltr'><strong>pu-</strong></span> 
     </span>
    </p>
   </div>
   <div class='ocr_carea' id='block_1_104' title="bbox 576 5314 813 5360">
    <p class='ocr_par' dir='ltr' id='par_1_104' title="bbox 576 5314 813 5360">
     <span class='ocr_line' id='line_1_105' title="bbox 576 5314 813 5360; baseline 0 -1"><span class='ocrx_word' id='word_1_694' title='bbox 576 5314 813 5360; x_wconf 79' lang='lat' dir='ltr'><strong>ntantur.</strong></span> 
     </span>
    </p>
   </div>
   <div class='ocr_carea' id='block_1_105' title="bbox 646 5376 2161 5453">
    <p class='ocr_par' dir='ltr' id='par_1_105' title="bbox 646 5376 2161 5453">
     <span class='ocr_line' id='line_1_106' title="bbox 646 5376 2161 5453; baseline 0.003 -22"><span class='ocrx_word' id='word_1_695' title='bbox 646 5376 822 5447; x_wconf 84' lang='lat' dir='ltr'><strong>Atque</strong></span> <span class='ocrx_word' id='word_1_696' title='bbox 845 5394 929 5453; x_wconf 73' lang='lat' dir='ltr'><strong>ex</strong></span> <span class='ocrx_word' id='word_1_697' title='bbox 974 5379 1057 5434; x_wconf 90' lang='lat' dir='ltr'><strong>his</strong></span> <span class='ocrx_word' id='word_1_698' title='bbox 1102 5379 1352 5435; x_wconf 90' lang='lat' dir='ltr'><strong>omnibus</strong></span> <span class='ocrx_word' id='word_1_699' title='bbox 1391 5383 1668 5453; x_wconf 87' lang='lat' dir='ltr'><strong>sequitur,</strong></span> <span class='ocrx_word' id='word_1_700' title='bbox 1722 5381 2000 5450; x_wconf 88' lang='lat' dir='ltr'><strong>improbos</strong></span> <span class='ocrx_word' id='word_1_701' title='bbox 2042 5380 2161 5453; x_wconf 85' lang='lat' dir='ltr'><strong>sive</strong></span> 
     </span>
    </p>
   </div>
   <div class='ocr_carea' id='block_1_106' title="bbox 575 5449 2164 5525">
    <p class='ocr_par' dir='ltr' id='par_1_106' title="bbox 575 5449 2164 5525">
     <span class='ocr_line' id='line_1_107' title="bbox 575 5449 2164 5525; baseline 0.005 -24"><span class='ocrx_word' id='word_1_702' title='bbox 575 5449 974 5525; x_wconf 53' lang='lat' dir='ltr'><strong>a’grosanimo,</strong></span> <span class='ocrx_word' id='word_1_703' title='bbox 1005 5465 1109 5506; x_wconf 92' lang='lat' dir='ltr'><strong>non</strong></span> <span class='ocrx_word' id='word_1_704' title='bbox 1135 5466 1305 5525; x_wconf 86' lang='lat' dir='ltr'><strong>secus</strong></span> <span class='ocrx_word' id='word_1_705' title='bbox 1324 5466 1394 5525; x_wconf 88' lang='lat' dir='ltr'><strong>ac</strong></span> <span class='ocrx_word' id='word_1_706' title='bbox 1418 5449 1589 5525; x_wconf 67' lang='lat' dir='ltr'><strong>aegros</strong></span> <span class='ocrx_word' id='word_1_707' title='bbox 1628 5449 1857 5523; x_wconf 85' lang='lat' dir='ltr'><strong>corpore</strong></span> <span class='ocrx_word' id='word_1_708' title='bbox 1882 5470 1986 5508; x_wconf 91' lang='lat' dir='ltr'><strong>non</strong></span> <span class='ocrx_word' id='word_1_709' title='bbox 2014 5452 2164 5521; x_wconf 90' lang='lat' dir='ltr'><strong>odio,</strong></span> 
     </span>
    </p>
   </div>
   <div class='ocr_carea' id='block_1_107' title="bbox 575 5519 1861 5595">
    <p class='ocr_par' dir='ltr' id='par_1_107' title="bbox 575 5519 1861 5595">
     <span class='ocr_line' id='line_1_108' title="bbox 575 5519 1861 5595; baseline 0.004 -21"><span class='ocrx_word' id='word_1_710' title='bbox 575 5519 673 5575; x_wconf 75' lang='lat' dir='ltr'><strong>sed</strong></span> <span class='ocrx_word' id='word_1_711' title='bbox 701 5519 1051 5579; x_wconf 81' lang='lat' dir='ltr'><strong>miseratione</strong></span> <span class='ocrx_word' id='word_1_712' title='bbox 1078 5522 1256 5593; x_wconf 89' lang='lat' dir='ltr'><strong>potius</strong></span> <span class='ocrx_word' id='word_1_713' title='bbox 1280 5519 1613 5594; x_wconf 57' lang='lat' dir='ltr'><strong>dignos&#39;esse</strong></span> <span class='ocrx_word' id='word_1_714' title='bbox 1648 5545 1659 5577; x_wconf 90' lang='lat'>:</span> <span class='ocrx_word' id='word_1_715' title='bbox 1696 5519 1861 5595; x_wconf 76' lang='lat' dir='ltr'><strong>quare</strong></span> 
     </span>
    </p>
   </div>
   <div class='ocr_carea' id='block_1_108' title="bbox 650 5612 2165 5687">
    <p class='ocr_par' dir='ltr' id='par_1_108' title="bbox 650 5612 2165 5687">
     <span class='ocr_line' id='line_1_109' title="bbox 650 5612 2165 5687; baseline 0.001 -19"><span class='ocrx_word' id='word_1_716' title='bbox 650 5616 666 5636; x_wconf 86' lang='lat'><strong><em>‘</em></strong></span> <span class='ocrx_word' id='word_1_717' title='bbox 693 5612 923 5670; x_wconf 83' lang='lat' dir='ltr'><strong>Carmen</strong></span> <span class='ocrx_word' id='word_1_718' title='bbox 968 5626 1223 5671; x_wconf 88' lang='lat' dir='ltr'><strong>constans</strong></span> <span class='ocrx_word' id='word_1_719' title='bbox 1249 5631 1315 5671; x_wconf 76' lang='lat' dir='ltr'><strong>ex</strong></span> <span class='ocrx_word' id='word_1_720' title='bbox 1348 5615 1545 5685; x_wconf 89' lang='lat' dir='ltr'><strong>duplici</strong></span> <span class='ocrx_word' id='word_1_721' title='bbox 1576 5633 1773 5687; x_wconf 84' lang='lat' dir='ltr'><strong>genere</strong></span> <span class='ocrx_word' id='word_1_722' title='bbox 1803 5632 2054 5673; x_wconf 89' lang='lat' dir='ltr'><strong>versuum</strong></span> <span class='ocrx_word' id='word_1_723' title='bbox 2085 5617 2165 5670; x_wconf 86' lang='lat' dir='ltr'><strong>al-</strong></span> 
     </span>
    </p>
   </div>
   <div class='ocr_carea' id='block_1_109' title="bbox 579 5687 2173 5759">
    <p class='ocr_par' dir='ltr' id='par_1_109' title="bbox 579 5687 2173 5759">
     <span class='ocr_line' id='line_1_110' title="bbox 579 5687 2173 5759; baseline 0.003 -22"><span class='ocrx_word' id='word_1_724' title='bbox 579 5692 877 5759; x_wconf 86' lang='lat' dir='ltr'><strong>ternorum,</strong></span> <span class='ocrx_word' id='word_1_725' title='bbox 896 5702 1122 5759; x_wconf 91' lang='lat' dir='ltr'><strong>quorum</strong></span> <span class='ocrx_word' id='word_1_726' title='bbox 1147 5687 1294 5759; x_wconf 83' lang='lat' dir='ltr'><strong>prior</strong></span> <span class='ocrx_word' id='word_1_727' title='bbox 1318 5688 1629 5759; x_wconf 86' lang='lat' dir='ltr'><strong>phaleucus,</strong></span> <span class='ocrx_word' id='word_1_728' title='bbox 1652 5688 1969 5759; x_wconf 89' lang='lat' dir='ltr'><strong>spondeum,</strong></span> <span class='ocrx_word' id='word_1_729' title='bbox 1985 5690 2173 5759; x_wconf 55' lang='lat' dir='ltr'><strong>dacty-y</strong></span> 
     </span>
    </p>
   </div>
   <div class='ocr_carea' id='block_1_110' title="bbox 581 5754 2170 5829">
    <p class='ocr_par' dir='ltr' id='par_1_110' title="bbox 581 5754 2170 5829">
     <span class='ocr_line' id='line_1_111' title="bbox 581 5754 2170 5829; baseline 0.004 -23"><span class='ocrx_word' id='word_1_730' title='bbox 581 5754 713 5829; x_wconf 76' lang='lat' dir='ltr'><strong>lum,</strong></span> <span class='ocrx_word' id='word_1_731' title='bbox 742 5766 796 5809; x_wconf 91' lang='lat' dir='ltr'><strong>et</strong></span> <span class='ocrx_word' id='word_1_732' title='bbox 825 5754 961 5829; x_wconf 85' lang='lat' dir='ltr'><strong>duos</strong></span> <span class='ocrx_word' id='word_1_733' title='bbox 991 5754 1255 5813; x_wconf 68' lang='lat' dir='ltr'><strong>trocltieos</strong></span> <span class='ocrx_word' id='word_1_734' title='bbox 1282 5754 1461 5823; x_wconf 86' lang='lat' dir='ltr'><strong>habet,</strong></span> <span class='ocrx_word' id='word_1_735' title='bbox 1487 5759 1628 5813; x_wconf 89' lang='lat' dir='ltr'><strong>unde</strong></span> <span class='ocrx_word' id='word_1_736' title='bbox 1657 5754 1843 5829; x_wconf 81' lang='lat' dir='ltr'><strong>quinto</strong></span> <span class='ocrx_word' id='word_1_737' title='bbox 1876 5775 2032 5814; x_wconf 86' lang='lat' dir='ltr'><strong>versu</strong></span> <span class='ocrx_word' id='word_1_738' title='bbox 2064 5754 2170 5829; x_wconf 81' lang='lat' dir='ltr'><strong>legi</strong></span> 
     </span>
    </p>
   </div>
   <div class='ocr_carea' id='block_1_111' title="bbox 582 5823 2174 5902">
    <p class='ocr_par' dir='ltr' id='par_1_111' title="bbox 582 5823 2174 5902">
     <span class='ocr_line' id='line_1_112' title="bbox 582 5823 2174 5902; baseline 0.007 -29"><span class='ocrx_word' id='word_1_739' title='bbox 582 5823 740 5902; x_wconf 77' lang='lat' dir='ltr'><strong>debet</strong></span> <span class='ocrx_word' id='word_1_740' title='bbox 768 5827 883 5902; x_wconf 70' lang='lat' dir='ltr'><strong>apri</strong></span> <span class='ocrx_word' id='word_1_741' title='bbox 916 5841 1021 5880; x_wconf 90' lang='lat' dir='ltr'><strong>non</strong></span> <span class='ocrx_word' id='word_1_742' title='bbox 1061 5842 1217 5894; x_wconf 82' lang='lat' dir='ltr'><strong>aper,-</strong></span> <span class='ocrx_word' id='word_1_743' title='bbox 1253 5829 1515 5896; x_wconf 89' lang='lat' dir='ltr'><strong>posterior</strong></span> <span class='ocrx_word' id='word_1_744' title='bbox 1553 5838 1634 5882; x_wconf 88' lang='lat' dir='ltr'><strong>est</strong></span> <span class='ocrx_word' id='word_1_745' title='bbox 1675 5823 2023 5897; x_wconf 63' lang='lat' dir='ltr'><strong>&#39;pentameter</strong></span> <span class='ocrx_word' id='word_1_746' title='bbox 2065 5823 2174 5885; x_wconf 76' lang='lat' dir='ltr'><strong>ele-</strong></span> 
     </span>
    </p>
   </div>
   <div class='ocr_carea' id='block_1_112' title="bbox 582 5894 1224 5964">
    <p class='ocr_par' dir='ltr' id='par_1_112' title="bbox 582 5894 1224 5964">
     <span class='ocr_line' id='line_1_113' title="bbox 582 5894 1224 5964; baseline 0.008 -21"><span class='ocrx_word' id='word_1_747' title='bbox 582 5894 786 5960; x_wconf 85' lang='lat' dir='ltr'><strong>giacus,</strong></span> <span class='ocrx_word' id='word_1_748' title='bbox 813 5894 881 5946; x_wconf 91' lang='lat' dir='ltr'><strong>de</strong></span> <span class='ocrx_word' id='word_1_749' title='bbox 910 5911 1016 5960; x_wconf 81' lang='lat' dir='ltr'><strong>quo</strong></span> <span class='ocrx_word' id='word_1_750' title='bbox 1044 5912 1224 5964; x_wconf 87' lang='lat' dir='ltr'><strong>supra.</strong></span> 
     </span>
    </p>
   </div>
   <div class='ocr_carea' id='block_1_113' title="bbox 664 5980 2171 6052">
    <p class='ocr_par' dir='ltr' id='par_1_113' title="bbox 664 5980 2171 6052">
     <span class='ocr_line' id='line_1_114' title="bbox 664 5980 2171 6052; baseline 0.009 -20"><span class='ocrx_word' id='word_1_751' title='bbox 664 5980 709 6032; x_wconf 86' lang='grc' dir='ltr'><strong>ι.</strong></span> <span class='ocrx_word' id='word_1_752' title='bbox 742 5980 930 6040; x_wconf 76' lang='lat' dir='ltr'><strong>Tantas</strong></span> <span class='ocrx_word' id='word_1_753' title='bbox 958 5984 1166 6052; x_wconf 77' lang='lat' dir='ltr'><strong>motus.)</strong></span> <span class='ocrx_word' id='word_1_754' title='bbox 1214 5985 1278 6040; x_wconf 85' lang='lat' dir='ltr'><strong>Ut</strong></span> <span class='ocrx_word' id='word_1_755' title='bbox 1308 5988 1738 6051; x_wconf 84' lang='lat' dir='ltr'><strong>perturbationes</strong></span> <span class='ocrx_word' id='word_1_756' title='bbox 1777 5988 2009 6042; x_wconf 87' lang='lat' dir='ltr'><strong>motibus</strong></span> <span class='ocrx_word' id='word_1_757' title='bbox 2054 6005 2171 6046; x_wconf 86' lang='lat' dir='ltr'><strong>cor-</strong></span> 
     </span>
    </p>
   </div>
   <div class='ocr_carea' id='block_1_114' title="bbox 2275 4812 3872 4885">
    <p class='ocr_par' dir='ltr' id='par_1_114' title="bbox 2275 4812 3872 4885">
     <span class='ocr_line' id='line_1_115' title="bbox 2275 4812 3872 4885; baseline -0.001 -16"><span class='ocrx_word' id='word_1_758' title='bbox 2275 4814 2414 4869; x_wconf 88' lang='lat' dir='ltr'><strong>citur</strong></span> <span class='ocrx_word' id='word_1_759' title='bbox 2446 4814 2537 4869; x_wconf 91' lang='lat' dir='ltr'><strong>ille</strong></span> <span class='ocrx_word' id='word_1_760' title='bbox 2567 4815 2657 4882; x_wconf 93' lang='lat' dir='ltr'><strong>qui</strong></span> <span class='ocrx_word' id='word_1_761' title='bbox 2688 4831 2884 4885; x_wconf 89' lang='lat' dir='ltr'><strong>corpus</strong></span> <span class='ocrx_word' id='word_1_762' title='bbox 2917 4815 2986 4871; x_wconf 89' lang='lat' dir='ltr'><strong>de</strong></span> <span class='ocrx_word' id='word_1_763' title='bbox 3033 4830 3134 4871; x_wconf 92' lang='lat' dir='ltr'><strong>suo</strong></span> <span class='ocrx_word' id='word_1_764' title='bbox 3149 4812 3285 4869; x_wconf 72' lang='lat' dir='ltr'><strong>~loco</strong></span> <span class='ocrx_word' id='word_1_765' title='bbox 3332 4824 3512 4869; x_wconf 84' lang='lat' dir='ltr'><strong>movet</strong></span> <span class='ocrx_word' id='word_1_766' title='bbox 3533 4854 3547 4875; x_wconf 83' lang='lat'><strong>,</strong></span> <span class='ocrx_word' id='word_1_767' title='bbox 3573 4816 3721 4881; x_wconf 85' lang='lat' dir='ltr'><strong>quasi</strong></span> <span class='ocrx_word' id='word_1_768' title='bbox 3769 4812 3872 4867; x_wconf 81' lang='lat' dir='ltr'><strong>hoc</strong></span> 
     </span>
    </p>
   </div>
   <div class='ocr_carea' id='block_1_115' title="bbox 2274 4886 3875 4956">
    <p class='ocr_par' dir='ltr' id='par_1_115' title="bbox 2274 4886 3875 4956">
     <span class='ocr_line' id='line_1_116' title="bbox 2274 4886 3875 4956; baseline -0.003 -13"><span class='ocrx_word' id='word_1_769' title='bbox 2274 4887 2342 4943; x_wconf 93' lang='lat' dir='ltr'><strong>de</strong></span> <span class='ocrx_word' id='word_1_770' title='bbox 2370 4901 2469 4941; x_wconf 91' lang='lat' dir='ltr'><strong>suo</strong></span> <span class='ocrx_word' id='word_1_771' title='bbox 2495 4888 2614 4941; x_wconf 89' lang='lat' dir='ltr'><strong>solo</strong></span> <span class='ocrx_word' id='word_1_772' title='bbox 2643 4886 2929 4953; x_wconf 90' lang='lat' dir='ltr'><strong>movendo,</strong></span> <span class='ocrx_word' id='word_1_773' title='bbox 2955 4888 3185 4942; x_wconf 84' lang='lat' dir='ltr'><strong>vicinum</strong></span> <span class='ocrx_word' id='word_1_774' title='bbox 3217 4901 3246 4939; x_wconf 94' lang='lat' dir='ltr'><strong>a</strong></span> <span class='ocrx_word' id='word_1_775' title='bbox 3287 4901 3394 4956; x_wconf 90' lang='lat' dir='ltr'><strong>quo</strong></span> <span class='ocrx_word' id='word_1_776' title='bbox 3441 4887 3673 4946; x_wconf 87' lang='lat' dir='ltr'><strong>recedit,</strong></span> <span class='ocrx_word' id='word_1_777' title='bbox 3708 4886 3875 4939; x_wconf 88' lang='lat' dir='ltr'><strong>relin-</strong></span> 
     </span>
    </p>
   </div>
   <div class='ocr_carea' id='block_1_116' title="bbox 2275 4957 3873 5029">
    <p class='ocr_par' dir='ltr' id='par_1_116' title="bbox 2275 4957 3873 5029">
     <span class='ocr_line' id='line_1_117' title="bbox 2275 4957 3873 5029; baseline -0.003 -16"><span class='ocrx_word' id='word_1_778' title='bbox 2275 4968 2402 5029; x_wconf 87' lang='lat' dir='ltr'><strong>quat</strong></span> <span class='ocrx_word' id='word_1_779' title='bbox 2420 4957 2617 5026; x_wconf 88' lang='lat' dir='ltr'><strong>solum,</strong></span> <span class='ocrx_word' id='word_1_780' title='bbox 2645 4968 2703 5013; x_wconf 91' lang='lat' dir='ltr'><strong>ut</strong></span> <span class='ocrx_word' id='word_1_781' title='bbox 2726 4959 2900 5027; x_wconf 87' lang='lat' dir='ltr'><strong>ipsum</strong></span> <span class='ocrx_word' id='word_1_782' title='bbox 2923 4959 3096 5015; x_wconf 87' lang='lat' dir='ltr'><strong>solum</strong></span> <span class='ocrx_word' id='word_1_783' title='bbox 3124 4957 3255 5029; x_wconf 79' lang='lat' dir='ltr'><strong>abit.</strong></span> <span class='ocrx_word' id='word_1_784' title='bbox 3292 4957 3429 5029; x_wconf 82' lang='lat' dir='ltr'><strong>Hinc</strong></span> <span class='ocrx_word' id='word_1_785' title='bbox 3450 4967 3668 5026; x_wconf 90' lang='lat' dir='ltr'><strong>propter</strong></span> <span class='ocrx_word' id='word_1_786' title='bbox 3685 4971 3873 5024; x_wconf 84' lang='lat' dir='ltr'><strong>qnam-</strong></span> 
     </span>
    </p>
   </div>
   <div class='ocr_carea' id='block_1_117' title="bbox 2275 5027 3871 5092">
    <p class='ocr_par' dir='ltr' id='par_1_117' title="bbox 2275 5027 3871 5092">
     <span class='ocr_line' id='line_1_118' title="bbox 2275 5027 3871 5092; baseline -0.003 -8"><span class='ocrx_word' id='word_1_787' title='bbox 2275 5027 2396 5084; x_wconf 87' lang='lat' dir='ltr'><strong>dam</strong></span> <span class='ocrx_word' id='word_1_788' title='bbox 2425 5029 2831 5085; x_wconf 91' lang='lat' dir='ltr'><strong>similitudinem</strong></span> <span class='ocrx_word' id='word_1_789' title='bbox 2875 5030 3169 5084; x_wconf 82' lang='lat' dir='ltr'><strong>sollicitare</strong></span> <span class='ocrx_word' id='word_1_790' title='bbox 3195 5027 3425 5083; x_wconf 89' lang='lat' dir='ltr'><strong>dicimur</strong></span> <span class='ocrx_word' id='word_1_791' title='bbox 3454 5038 3720 5092; x_wconf 89' lang='lat' dir='ltr'><strong>mentem,</strong></span> <span class='ocrx_word' id='word_1_792' title='bbox 3747 5041 3871 5080; x_wconf 87' lang='lat' dir='ltr'><strong>cum</strong></span> 
     </span>
    </p>
   </div>
   <div class='ocr_carea' id='block_1_118' title="bbox 2275 5098 3873 5172">
    <p class='ocr_par' dir='ltr' id='par_1_118' title="bbox 2275 5098 3873 5172">
     <span class='ocr_line' id='line_1_119' title="bbox 2275 5098 3873 5172; baseline -0.004 -15"><span class='ocrx_word' id='word_1_793' title='bbox 2275 5117 2393 5157; x_wconf 91' lang='lat' dir='ltr'><strong>eam</strong></span> <span class='ocrx_word' id='word_1_794' title='bbox 2417 5116 2531 5171; x_wconf 89' lang='lat' dir='ltr'><strong>spe,</strong></span> <span class='ocrx_word' id='word_1_795' title='bbox 2567 5112 2732 5167; x_wconf 90' lang='lat' dir='ltr'><strong>metu,</strong></span> <span class='ocrx_word' id='word_1_796' title='bbox 2763 5111 2855 5157; x_wconf 91' lang='lat' dir='ltr'><strong>aut</strong></span> <span class='ocrx_word' id='word_1_797' title='bbox 2878 5101 3115 5172; x_wconf 87' lang='lat' dir='ltr'><strong>qualibet</strong></span> <span class='ocrx_word' id='word_1_798' title='bbox 3153 5099 3257 5153; x_wconf 90' lang='lat' dir='ltr'><strong>alia</strong></span> <span class='ocrx_word' id='word_1_799' title='bbox 3288 5098 3588 5172; x_wconf 54' lang='lat' dir='ltr'><strong>rationeile</strong></span> <span class='ocrx_word' id='word_1_800' title='bbox 3616 5111 3711 5149; x_wconf 90' lang='lat' dir='ltr'><strong>sua</strong></span> <span class='ocrx_word' id='word_1_801' title='bbox 3745 5112 3873 5152; x_wconf 81' lang='lat' dir='ltr'><strong>seti-</strong></span> 
     </span>
    </p>
   </div>
   <div class='ocr_carea' id='block_1_119' title="bbox 2280 5167 3871 5240">
    <p class='ocr_par' dir='ltr' id='par_1_119' title="bbox 2280 5167 3871 5240">
     <span class='ocr_line' id='line_1_120' title="bbox 2280 5167 3871 5240; baseline -0.003 -13"><span class='ocrx_word' id='word_1_802' title='bbox 2280 5167 2463 5229; x_wconf 54' lang='lat' dir='ltr'><strong>tentia&#39;</strong></span> <span class='ocrx_word' id='word_1_803' title='bbox 2477 5190 2693 5229; x_wconf 86' lang='lat' dir='ltr'><strong>movere</strong></span> <span class='ocrx_word' id='word_1_804' title='bbox 2718 5167 3006 5229; x_wconf 84' lang='lat' dir='ltr'><strong>tentarnus.</strong></span> <span class='ocrx_word' id='word_1_805' title='bbox 3034 5173 3123 5228; x_wconf 87' lang='lat' dir='ltr'><strong>Sic</strong></span> <span class='ocrx_word' id='word_1_806' title='bbox 3143 5185 3274 5240; x_wconf 90' lang='lat' dir='ltr'><strong>ergo</strong></span> <span class='ocrx_word' id='word_1_807' title='bbox 3291 5171 3380 5239; x_wconf 91' lang='lat' dir='ltr'><strong>qui</strong></span> <span class='ocrx_word' id='word_1_808' title='bbox 3406 5167 3584 5240; x_wconf 82' lang='lat' dir='ltr'><strong>duello</strong></span> <span class='ocrx_word' id='word_1_809' title='bbox 3604 5176 3871 5240; x_wconf 84' lang='lat' dir='ltr'><strong>pugnant,</strong></span> 
     </span>
    </p>
   </div>
   <div class='ocr_carea' id='block_1_120' title="bbox 2279 5237 3876 5312">
    <p class='ocr_par' dir='ltr' id='par_1_120' title="bbox 2279 5237 3876 5312">
     <span class='ocr_line' id='line_1_121' title="bbox 2279 5237 3876 5312; baseline -0.003 -14"><span class='ocrx_word' id='word_1_810' title='bbox 2279 5245 2419 5312; x_wconf 86' lang='lat' dir='ltr'><strong>quod</strong></span> <span class='ocrx_word' id='word_1_811' title='bbox 2454 5256 2681 5301; x_wconf 93' lang='lat' dir='ltr'><strong>mortem</strong></span> <span class='ocrx_word' id='word_1_812' title='bbox 2717 5244 2880 5301; x_wconf 90' lang='lat' dir='ltr'><strong>veluti</strong></span> <span class='ocrx_word' id='word_1_813' title='bbox 2927 5245 2994 5299; x_wconf 92' lang='lat' dir='ltr'><strong>de</strong></span> <span class='ocrx_word' id='word_1_814' title='bbox 3031 5244 3143 5298; x_wconf 89' lang='lat' dir='ltr'><strong>suis</strong></span> <span class='ocrx_word' id='word_1_815' title='bbox 3169 5237 3390 5297; x_wconf 79' lang='lat' dir='ltr'><strong>sedibus</strong></span> <span class='ocrx_word' id='word_1_816' title='bbox 3430 5238 3632 5312; x_wconf 80' lang='lat' dir='ltr'><strong>pulsam</strong></span> <span class='ocrx_word' id='word_1_817' title='bbox 3673 5237 3742 5293; x_wconf 85' lang='lat' dir='ltr'><strong>ad</strong></span> <span class='ocrx_word' id='word_1_818' title='bbox 3788 5254 3876 5294; x_wconf 85' lang='lat' dir='ltr'><strong>se-</strong></span> 
     </span>
    </p>
   </div>
   <div class='ocr_carea' id='block_1_121' title="bbox 2278 5309 3879 5385">
    <p class='ocr_par' dir='ltr' id='par_1_121' title="bbox 2278 5309 3879 5385">
     <span class='ocr_line' id='line_1_122' title="bbox 2278 5309 3879 5385; baseline -0.004 -15"><span class='ocrx_word' id='word_1_819' title='bbox 2278 5309 2536 5385; x_wconf 86' lang='lat' dir='ltr'><strong>metipsos</strong></span> <span class='ocrx_word' id='word_1_820' title='bbox 2578 5332 2793 5371; x_wconf 81' lang='lat' dir='ltr'><strong>movere</strong></span> <span class='ocrx_word' id='word_1_821' title='bbox 2816 5315 3118 5383; x_wconf 89' lang='lat' dir='ltr'><strong>videantur,</strong></span> <span class='ocrx_word' id='word_1_822' title='bbox 3145 5313 3200 5367; x_wconf 89' lang='lat' dir='ltr'><strong>hi</strong></span> <span class='ocrx_word' id='word_1_823' title='bbox 3227 5309 3724 5385; x_wconf 26' lang='lat' dir='ltr'><strong>mortem‘dicuntur</strong></span> <span class='ocrx_word' id='word_1_824' title='bbox 3752 5325 3879 5385; x_wconf 83' lang='lat' dir='ltr'><strong>pro-</strong></span> 
     </span>
    </p>
   </div>
   <div class='ocr_carea' id='block_1_122' title="bbox 2280 5382 3879 5457">
    <p class='ocr_par' dir='ltr' id='par_1_122' title="bbox 2280 5382 3879 5457">
     <span class='ocr_line' id='line_1_123' title="bbox 2280 5382 3879 5457; baseline -0.002 -16"><span class='ocrx_word' id='word_1_825' title='bbox 2280 5389 2393 5457; x_wconf 89' lang='lat' dir='ltr'><strong>pria</strong></span> <span class='ocrx_word' id='word_1_826' title='bbox 2416 5382 2583 5443; x_wconf 79' lang='lat' dir='ltr'><strong>manu</strong></span> <span class='ocrx_word' id='word_1_827' title='bbox 2616 5388 2933 5451; x_wconf 85' lang='lat' dir='ltr'><strong>sollicitare,</strong></span> <span class='ocrx_word' id='word_1_828' title='bbox 2954 5382 3407 5455; x_wconf 81' lang='lat' dir='ltr'><strong>quemadmodum</strong></span> <span class='ocrx_word' id='word_1_829' title='bbox 3434 5382 3639 5439; x_wconf 82' lang='lat' dir='ltr'><strong>Seneca</strong></span> <span class='ocrx_word' id='word_1_830' title='bbox 3667 5382 3723 5439; x_wconf 87' lang='lat' dir='ltr'><strong>in</strong></span> <span class='ocrx_word' id='word_1_831' title='bbox 3745 5384 3879 5439; x_wconf 77' lang='lat' dir='ltr'><strong>lier-</strong></span> 
     </span>
    </p>
   </div>
   <div class='ocr_carea' id='block_1_123' title="bbox 2279 5458 3015 5526">
    <p class='ocr_par' dir='ltr' id='par_1_123' title="bbox 2279 5458 3015 5526">
     <span class='ocr_line' id='line_1_124' title="bbox 2279 5458 3015 5526; baseline -0.004 -12"><span class='ocrx_word' id='word_1_832' title='bbox 2279 5460 2384 5514; x_wconf 89' lang='lat' dir='ltr'><strong>cul.</strong></span> <span class='ocrx_word' id='word_1_833' title='bbox 2417 5458 2549 5526; x_wconf 90' lang='lat' dir='ltr'><strong>fur.,</strong></span> <span class='ocrx_word' id='word_1_834' title='bbox 2576 5476 2631 5513; x_wconf 89' lang='lat' dir='ltr'><strong>v.</strong></span> <span class='ocrx_word' id='word_1_835' title='bbox 2671 5460 2796 5526; x_wconf 88' lang='grc'><strong>867,</strong></span> <span class='ocrx_word' id='word_1_836' title='bbox 2830 5460 2974 5514; x_wconf 87' lang='lat' dir='ltr'><strong>canit</strong></span> <span class='ocrx_word' id='word_1_837' title='bbox 3004 5476 3015 5511; x_wconf 89' lang='lat'>:</span> 
     </span>
    </p>
   </div>
   <div class='ocr_carea' id='block_1_124' title="bbox 2468 5568 3419 5636">
    <p class='ocr_par' dir='ltr' id='par_1_124' title="bbox 2468 5568 3419 5636">
     <span class='ocr_line' id='line_1_125' title="bbox 2468 5568 3419 5636; baseline -0.006 -13"><span class='ocrx_word' id='word_1_838' title='bbox 2468 5574 2593 5633; x_wconf 85' lang='lat' dir='ltr'><strong>Quid</strong></span> <span class='ocrx_word' id='word_1_839' title='bbox 2614 5573 2745 5629; x_wconf 84' lang='lat' dir='ltr'><strong>iuvat</strong></span> <span class='ocrx_word' id='word_1_840' title='bbox 2767 5572 2945 5623; x_wconf 88' lang='lat' dir='ltr'><strong>durum</strong></span> <span class='ocrx_word' id='word_1_841' title='bbox 2964 5583 3234 5636; x_wconf 84' lang='lat' dir='ltr'><strong>properare</strong></span> <span class='ocrx_word' id='word_1_842' title='bbox 3250 5568 3419 5636; x_wconf 76' lang='lat' dir='ltr'><strong>fatum,</strong></span> 
     </span>
    </p>
   </div>
   <div class='ocr_carea' id='block_1_125' title="bbox 2468 5633 3457 5709">
    <p class='ocr_par' dir='ltr' id='par_1_125' title="bbox 2468 5633 3457 5709">
     <span class='ocr_line' id='line_1_126' title="bbox 2468 5633 3457 5709; baseline -0.001 -26"><span class='ocrx_word' id='word_1_843' title='bbox 2468 5637 2641 5709; x_wconf 44' lang='lat' dir='ltr'><strong>guinis.</strong></span> <span class='ocrx_word' id='word_1_844' title='bbox 2661 5636 2765 5685; x_wconf 67' lang='lat' dir='ltr'><strong>haec</strong></span> <span class='ocrx_word' id='word_1_845' title='bbox 2788 5633 2979 5709; x_wconf 71' lang='lat' dir='ltr'><strong>magnis</strong></span> <span class='ocrx_word' id='word_1_846' title='bbox 2990 5633 3122 5709; x_wconf 70' lang='lat' dir='ltr'><strong>vaga</strong></span> <span class='ocrx_word' id='word_1_847' title='bbox 3140 5634 3290 5709; x_wconf 42' lang='lat' dir='ltr'><strong>turba.</strong></span> <span class='ocrx_word' id='word_1_848' title='bbox 3305 5633 3457 5683; x_wconf 84' lang='lat' dir='ltr'><strong>terris</strong></span> 
     </span>
    </p>
   </div>
   <div class='ocr_carea' id='block_1_126' title="bbox 2468 5698 3292 5761">
    <p class='ocr_par' dir='ltr' id='par_1_126' title="bbox 2468 5698 3292 5761">
     <span class='ocr_line' id='line_1_127' title="bbox 2468 5698 3292 5761; baseline -0.001 -14"><span class='ocrx_word' id='word_1_849' title='bbox 2468 5698 2569 5748; x_wconf 91' lang='lat' dir='ltr'><strong>Ibit</strong></span> <span class='ocrx_word' id='word_1_850' title='bbox 2584 5698 2643 5746; x_wconf 85' lang='lat' dir='ltr'><strong>ad</strong></span> <span class='ocrx_word' id='word_1_851' title='bbox 2667 5711 2839 5761; x_wconf 83' lang='lat' dir='ltr'><strong>manes</strong></span> <span class='ocrx_word' id='word_1_852' title='bbox 2860 5698 3108 5761; x_wconf 82' lang='lat' dir='ltr'><strong>facietque</strong></span> <span class='ocrx_word' id='word_1_853' title='bbox 3140 5698 3292 5747; x_wconf 87' lang='lat' dir='ltr'><strong>inerti</strong></span> 
     </span>
    </p>
   </div>
   <div class='ocr_carea' id='block_1_127' title="bbox 2721 5759 3064 5822">
    <p class='ocr_par' dir='ltr' id='par_1_127' title="bbox 2721 5759 3064 5822">
     <span class='ocr_line' id='line_1_128' title="bbox 2721 5759 3064 5822; baseline -0.006 -11"><span class='ocrx_word' id='word_1_854' title='bbox 2721 5759 2843 5811; x_wconf 89' lang='lat' dir='ltr'><strong>Vela</strong></span> <span class='ocrx_word' id='word_1_855' title='bbox 2868 5759 3064 5822; x_wconf 77' lang='lat' dir='ltr'><strong>Cocyto.</strong></span> 
     </span>
    </p>
   </div>
   <div class='ocr_carea' id='block_1_128' title="bbox 2361 5838 3880 5918">
    <p class='ocr_par' dir='ltr' id='par_1_128' title="bbox 2361 5838 3880 5918">
     <span class='ocr_line' id='line_1_129' title="bbox 2361 5838 3880 5918; baseline -0.009 -12"><span class='ocrx_word' id='word_1_856' title='bbox 2361 5849 2413 5906; x_wconf 79' lang='grc'>5.</span> <span class='ocrx_word' id='word_1_857' title='bbox 2473 5849 2535 5905; x_wconf 89' lang='lat' dir='ltr'><strong>Si</strong></span> <span class='ocrx_word' id='word_1_858' title='bbox 2585 5857 2797 5901; x_wconf 85' lang='lat' dir='ltr'><strong>mortem</strong></span> <span class='ocrx_word' id='word_1_859' title='bbox 2839 5847 3030 5913; x_wconf 86' lang='lat' dir='ltr'><strong>petitis,</strong></span> <span class='ocrx_word' id='word_1_860' title='bbox 3083 5842 3231 5915; x_wconf 83' lang='lat' dir='ltr'><strong>etc.</strong></span> <span class='ocrx_word' id='word_1_861' title='bbox 3279 5839 3628 5918; x_wconf 63' lang='lat' dir='ltr'><strong>Philosophia</strong></span> <span class='ocrx_word' id='word_1_862' title='bbox 3673 5838 3880 5918; x_wconf 68' lang='lat' dir='ltr'><strong>vident!</strong></span> 
     </span>
    </p>
   </div>
   <div class='ocr_carea' id='block_1_129' title="bbox 2291 5914 3881 5991">
    <p class='ocr_par' dir='ltr' id='par_1_129' title="bbox 2291 5914 3881 5991">
     <span class='ocr_line' id='line_1_130' title="bbox 2291 5914 3881 5991; baseline -0.008 -14"><span class='ocrx_word' id='word_1_863' title='bbox 2291 5922 2543 5991; x_wconf 84' lang='lat' dir='ltr'><strong>deinceps</strong></span> <span class='ocrx_word' id='word_1_864' title='bbox 2574 5921 2771 5976; x_wconf 82' lang='lat' dir='ltr'><strong>afferre</strong></span> <span class='ocrx_word' id='word_1_865' title='bbox 2800 5932 2992 5991; x_wconf 85' lang='lat' dir='ltr'><strong>causas</strong></span> <span class='ocrx_word' id='word_1_866' title='bbox 3022 5914 3235 5973; x_wconf 88' lang='lat' dir='ltr'><strong>mortis.</strong></span> <span class='ocrx_word' id='word_1_867' title='bbox 3267 5914 3439 5991; x_wconf 82' lang='lat' dir='ltr'><strong>Causa</strong></span> <span class='ocrx_word' id='word_1_868' title='bbox 3472 5921 3651 5991; x_wconf 72' lang='lat' dir='ltr'><strong>autem</strong></span> <span class='ocrx_word' id='word_1_869' title='bbox 3695 5914 3881 5965; x_wconf 75' lang='lat' dir='ltr'><strong>inertis</strong></span> 
     </span>
    </p>
   </div>
   <div class='ocr_carea' id='block_1_130' title="bbox 2294 5985 3878 6051">
    <p class='ocr_par' dir='ltr' id='par_1_130' title="bbox 2294 5985 3878 6051">
     <span class='ocr_line' id='line_1_131' title="bbox 2294 5985 3878 6051; baseline -0.007 -4"><span class='ocrx_word' id='word_1_870' title='bbox 2294 5985 2510 6051; x_wconf 58' lang='lat' dir='ltr'><strong>dnnlex&#39;.</strong></span> <span class='ocrx_word' id='word_1_871' title='bbox 2555 5992 2669 6049; x_wconf 88' lang='lat' dir='ltr'><strong>Una</strong></span> <span class='ocrx_word' id='word_1_872' title='bbox 2720 5990 2964 6049; x_wconf 88' lang='lat' dir='ltr'><strong>interior.</strong></span> <span class='ocrx_word' id='word_1_873' title='bbox 3017 5992 3131 6044; x_wconf 86' lang='lat' dir='ltr'><strong>sive</strong></span> <span class='ocrx_word' id='word_1_874' title='bbox 3171 5986 3432 6045; x_wconf 85' lang='lat' dir='ltr'><strong>naturalis</strong></span> <span class='ocrx_word' id='word_1_875' title='bbox 3457 5985 3878 6047; x_wconf 72' lang='lat' dir='ltr'><strong>elementorum.</strong></span> 
     </span>
    </p>
   </div>
  </div>
