4290 6258
441 375 542 431 809

506 492 538 548 5
576 490 738 563 286
770 488 915 557 Quos
941 498 1185 555 serpens,
1216 483 1322 549 leo,
1347 482 1519 553 tigris,
1545 496 1719 545 ursus,
1751 495 1865 549 apri

654 585 819 637 Dente
847 589 1051 651 petunt,
1077 578 1234 633 iidem
1265 592 1325 631 se
1347 584 1520 629 tamen
1546 588 1679 629 ense
1704 582 1909 642 petunt.

578 677 661 731 An
690 674 892 729 distant
910 673 1055 744 quia,
1080 668 1446 738 dissidentque
1468 681 1664 731 mores,

653 765 881 836 lnjustas
909 766 1075 828 acies,
1111 771 1163 817 et
1202 761 1313 815 fera
1342 759 1478 815 bella
1503 767 1742 823 movent,

581 858 923 927 Alternisque
942 855 1127 910 volunt
1155 854 1329 922 perire
1369 852 1525 908 telis?

476 949 545 1007 10
652 948 768 1003 Non
797 957 881 1002 est
901 948 1041 1017 justa
1081 947 1210 1002 satis
1242 944 1467 1000 saevitia:
1505 944 1669 998 ratio.

591 1047 683 1101 Vis
712 1053 890 1113 aptam
910 1044 1116 1099 meritis
1141 1044 1312 1097 vicem
1342 1040 1588 1097 referre?

655 1138 824 1208 Dilige
847 1137 968 1208 jure
995 1136 1184 1202 bonos,
1215 1146 1268 1191 et
1295 1135 1581 1190 miseresce
1611 1134 1785 1189 mulis.

972 1231 1131 1301 237
1184 1228 1408 1283 PROSA
1471 1227 1534 1281 v.

439 1322 829 1381 ABGUIIENTUII.
856 1350 927 1367 -ο-
948 1320 1203 1388 Boetium,
1230 1331 1284 1373 ut
1305 1322 1399 1374 sibi
1428 1319 1713 1383 uidebatur,
1760 1332 1897 1371 more
1943 1333 2027 1369 sa-

509 1396 692 1467 pientis
720 1394 1019 1467 mirantem,
1059 1391 1169 1445 Deo
1202 1394 1718 1467 mundumsregente,
1741 1388 1886 1467 _bonis
1930 1388 2025 1439 ad-

508 1460 674 1530 uersa,
704 1464 853 1519 malis
898 1480 1141 1533 prospera
1164 1464 1410 1525 accidere,
1452 1460 1783 1533 Philosophia
1830 1467 2024 1533 monet,

512 1554 612 1591 non
635 1528 748 1590 ideo
768 1528 961 1588 homini
989 1528 1342 1592 dubitandum.
1375 1542 1557 1585 cuncta
1581 1528 1711 1584 recte
1730 1530 1862 1597 ﬁeri,
1889 1528 2027 1596 quod

511 1624 717 1662 causam
738 1617 892 1660 tanta:
912 1605 1259 1673 dispositionis
1284 1605 1370 1657 ille
1392 1607 1607 1673 ignoret.

513 1700 607 1754 llic
627 1715 748 1768 ego,
782 1698 969 1767 Video,
1021 1696 1233 1767 inquam
1253 1738 1267 1763 ,
1302 1712 1417 1765 qua:
1447 1697 1516 1750 sit
1546 1697 1628 1750 vel
1660 1694 1911 1758 felicitas,
1940 1695 2022 1750 vel

438 1789 655 1849 miseria
685 1791 737 1843 in
767 1788 898 1859 ipsis
927 1789 1218 1859 proborum
1250 1798 1407 1857 atque
1451 1787 1815 1855 improborum
1864 1788 2025 1841 meri-

441 1882 508 1936 tis
529 1881 838 1937 con3tituta.
866 1880 968 1936 Sed
994 1880 1045 1933 in
1080 1879 1179 1933 hac
1205 1878 1315 1947 ipsa
1344 1880 1552 1932 fortuna
1576 1889 1598 1915 ο
1626 1880 1889 1947 populari,
1916 1896 2022 1934 non

440 1972 571 2027 nihil
622 1971 780 2038 boni,
814 1972 1007 2026 malive
1056 1970 1233 2025 inesse
1277 1969 1571 2038 perpendo.
1608 1973 1622 2001 ¹
1666 1972 1847 2041 Neque
1879 1973 2021 2026 enim

439 2062 743 2133 sapientum
789 2063 1067 2132 quisquam
1098 2063 1265 2127 exsul,
1318 2063 1490 2131 inOps,
1533 2065 2022 2135 ignominiosusque

439 2156 523 2228 (5)
572 2170 691 2210 esse
720 2154 872 2209 malit
898 2156 1071 2223 potius
1091 2195 1107 2220 ,
1136 2170 1294 2224 quam
1336 2156 1547 2225 pollens
1574 2157 1783 2223 opibus,
1818 2161 2021 2214 honore

440 2248 793 2314 reverendus,
818 2249 1051 2317 potentia
1080 2248 1304 2313 validus,
1349 2251 1399 2303 in
1427 2265 1518 2304 sua
1546 2265 1862 2319 permanens
1890 2255 2023 2308 urbe

441 2342 650 2400 florere.
680 2342 768 2400 Sic
822 2342 962 2398 enim
1012 2341 1246 2408 clarius,
1280 2340 1307 2380 δ
1349 2344 1696 2414 testatiusque
1746 2346 2020 2417 sapientim

1332 365 1418 421 ne
1456 359 1973 421 CONSOLATIONE
2013 353 2483 416 ptumsornms
2551 354 2673 410 un.
2717 355 2804 410 IV.
2872 326 2877 329 ‘

2043 478 2090 537 Α
2118 480 2372 528 tractatur
2397 470 2653 533 officium,
2684 482 2803 522 cum
2843 468 2894 521 in
2942 466 3313 535 contingentes
3358 466 3585 536 populos
3615 483 3711 523 re-

3614 357 3718 409 810

2126 566 2363 636 gentium
2418 563 2647 630 quodam
2713 560 2871 615 modo
2931 560 3203 615 beatitudo
3260 560 3705 616 transfunditur:

2127 673 2247 713 eum
2278 656 2569 726 prmsertim
2600 669 2804 720 career,
2843 664 2866 691 ο
2891 667 3081 719 nexus,
3130 661 3433 722 ceteraque
3465 653 3713 721 legalium

2132 758 2392 805 tormenta
2452 762 2728 818 poenarum
2786 746 3102 817 perniciosis
3142 747 3317 817 potius
3344 746 3459 818 (10)
3486 747 3715 810 civibus,

2130 851 2347 912 propter
2377 855 2510 911 quos
2541 840 2700 895 etiam
2754 839 3043 895 constituta
3084 847 3228 906 sunt,
3260 837 3576 893 debeantur.
3609 839 3716 892 Cur

2133 935 2250 989 haec
2278 933 2439 1004 igitur
2461 946 2613 987 versa
2641 931 2757 987 vice
2788 940 3086 998 mutentur,
3118 930 3488 999 scelerumque
3515 931 3717 998 suppli-

2135 1029 2219 1083 cia
2252 1028 2420 1081 bonos
2448 1034 2714 1096 premant,
2748 1026 2964 1094 praemia
3018 1025 3273 1079 virtutum
3315 1024 3439 1079 mali
3487 1025 3716 1094 rapiant,

2128 1120 2481 1177 vehementer
2522 1121 2781 1185 admiror,
2815 1134 3040 1191 qumque
3073 1128 3179 1172 tam
3212 1117 3424 1186 injusta:
3450 1117 3717 1171 confusio-

2131 1216 2212 1271 nis
2236 1217 2373 1271 ratio
2418 1215 2679 1279 videatur,
2733 1229 2797 1267 ex
2846 1223 2898 1268 te
2928 1212 3064 1267 scire
3091 1210 3358 1265 desidero.
3386 1211 3547 1280 288
3573 1210 3591 1239 ²
3625 1208 3720 1262 Mi-

2128 1323 2231 1361 nus
2257 1308 2451 1362 etenim
2494 1306 2744 1373 mirarer,
2792 1306 2839 1359 si
2870 1304 3085 1359 misceri
3116 1302 3291 1357 omnia
3326 1300 3559 1355 fortuitis
3580 1300 3719 1354 casi.

2129 1400 2230 1454 bus
2266 1399 2562 1454 crederem.
2625 1397 2775 1452 Nunc
2801 1406 3073 1466 stuporem
3130 1410 3306 1449 meum
3348 1395 3484 1449 Deus
3541 1403 3716 1447 rector

2130 1497 2155 1528 α
2174 1491 2581 1562 exaggerat,qui
2600 1506 2719 1546 cum
2741 1505 2883 1557 smpe
2897 1490 3048 1543 bonis
3057 1487 3309 1557 jucunda,
3327 1486 3477 1540 malis
3500 1500 3714 1555 aspera,

2132 1594 2426 1653 contraque
2464 1583 2620 1637 bonis
2649 1583 2779 1637 dura
2813 1582 3029 1643 tribuat,
3060 1580 3212 1634 malis
3234 1587 3413 1647 optata
3437 1578 3717 1643 concedat,

2132 1677 2235 1731 nisi
2278 1691 2437 1731 causa
2479 1675 2931 1745 deprehendatur,
2985 1673 3110 1742 quid
3147 1670 3396 1738 estquod
3428 1684 3456 1723 a
3489 1670 3716 1723 fortuitis

2129 1769 2340 1825 casibus
2362 1768 2579 1823 differre
2608 1769 2687 1838 (5)
2711 1765 2983 1821 videatur?
3016 1765 3036 1793 ³
3071 1763 3176 1817 Nec
3204 1762 3422 1829 mirum,
3453 1759 3644 1830 inquit,
3672 1760 3716 1816 si

2054 1864 2100 1925 B
2129 1861 2256 1931 quid
2284 1860 2488 1915 ordinis
2516 1861 2754 1929 ignorata
2781 1858 3005 1917 ratione,
3034 1854 3375 1909 temerarium
3402 1854 3713 1906 confusum-

2128 1970 2234 2023 que
2265 1955 2536 2009 credatur.
2562 1953 2665 2008 Sed
2698 1965 2753 2006 tu
2779 1950 3022 2022 quamvis
3052 1964 3267 2020 causam
3300 1958 3461 2001 tantae
3490 1947 3718 2015 ιιίεροείο

2132 2045 2291 2098 tionis
2310 2044 2544 2113 ignores,
2580 2054 2757 2098 tamen
2781 2042 3032 2112 quoniam
3060 2042 3228 2095 bonus
3256 2038 3513 2093 mundum
3541 2048 3715 2092 rector

2129 2146 2411 2207 temperat,
2443 2145 2590 2191 recte
2622 2136 2738 2191 fieri
2766 2144 2952 2189 cuncta
2984 2150 3049 2188 ne
3072 2134 3298 2187 dubites.

2610 2262 2773 2333 239
2810 2259 3099 2315 METRUM
3142 2261 3156 2277 ο
3187 2260 3247 2311 v.

2132 2354 2524 2409 Ancuuenruu.
2555 2352 2871 2418 -—1dcirco,
2921 2352 3081 2421 inquit
3124 2346 3486 2419 PhilosOphia,
3537 2343 3715 2417 vulgut

1837 2528 2421 2587 INTERPRETATIO.

438 2676 609 2716 eorum
636 2678 795 2716 mores
824 2663 951 2715 inter
971 2678 1022 2716 se
1050 2660 1293 2730 differunt
1317 2677 1377 2715 ac
1405 2662 1751 2715 dissentiunt?
1778 2662 1884 2715 hwc
1901 2678 2022 2715 cau-

438 2748 495 2785 sa
517 2733 754 2786 steviendi
780 2750 881 2785 non
905 2744 977 2785 est
999 2735 1121 2786 satis
1151 2749 1314 2798 (equa.
1357 2733 1582 2803 Optasne
1605 2734 1881 2795 rependere
1911 2749 2017 2785 me-

440 2804 594 2856 ritum
620 2803 786 2857 simile
816 2804 990 2857 merito
1020 2804 1212 2857 simili?
1241 2819 1389 2869 ama,
1414 2816 1467 2856 ut
1498 2819 1698 2871 (equum
1724 2812 1817 2868 est,
1841 2805 2017 2873 bonos,

441 2882 489 2926 et
512 2875 743 2928 miserere
762 2873 1122 2944 improborum.

2206 2674 2231 2735 ἒν
2268 2666 2504 2735 Vulgari.

2202 2734 2227 2772 δ
2262 2738 2303 2790 Α
2313 2734 2616 2806 partimque.

2207 2817 2228 2844 ο
2274 2807 2510 2861 Vincula.

2204 2875 2229 2914 ἀ
2263 2878 2423 2951 Auget

1958 3032 2190 3090 NOTAE.

442 3197 506 3235 ex
531 3191 722 3249 quibus
747 3175 907 3249 homo
945 3180 1189 3249 constat,
1220 3170 1538 3249 compositio
1574 3189 1585 3223 :
1622 3178 1677 3225 et
1716 3171 1833 3249 bare
1874 3178 2020 3225 nota-

2132 3178 2234 3233 est,
2265 3169 2409 3238 quod
2454 3168 2637 3239 populi
2667 3168 2993 3241 sapientibus
3019 3168 3241 3223 ducibus
3288 3168 3497 3225 facilius
3526 3174 3714 3230 crede-

442 3240 638 3305 W'his
668 3248 867 3309 νεκυίεν
894 3244 1199 3324 ν”ορίηηυιιι
1227 3245 1339 3324 ipse
1368 3240 1896 3324 “remearn-“Alere
1934 3257 2025 3295 ει·
2051 3242 2098 3305 C
2133 3250 2294 3321 rem.
2331 3240 2748 3324 esrumsiemqué
2789 3241 3451 3324 .vraacepta..°pservarem
3503 3244 3715 3314 religio~

446 3325 625 3385 terior,
667 3334 785 3387 quae
832 3311 1018 3370 rursus
1065 3311 1279 3387 ponitur
1313 3314 1368 3387 in
1420 3313 1614 3387 duplici
1659 3311 2011 3387 discrimine:

444 3393 561 3447 lure
590 3382 729 3445 enim
760 3401 905 3441 mors
935 3396 1015 3439 est
1043 3382 1129 3440 vel
1158 3401 1186 3438 a
1228 3385 1374 3446 feris,
1410 3382 1708 3450 cnjusmodi
1736 3390 1860 3435 sunt
1906 3399 2015 3435 ser-

443 3480 586 3531 pens,
613 3461 713 3520 leo,
744 3460 904 3531 tigris,
930 3474 1076 3510 ursus
1098 3496 1112 3521 ,
1148 3472 1302 3526 aper;
1334 3454 1414 3509 vel
1440 3454 1645 3531 abaliis
1692 3452 2016 3531 horninibus,

442 3523 731 3603 qui,veluti
756 3523 1117 3603 indignantes,
1141 3523 1364 3579 mortem
1387 3523 1649 3603 praedictis
1666 3524 1842 3576 causis
1868 3540 2020 3603 acce-

442 3596 663 3660 leratam
704 3596 971 3669 longiores
1012 3611 1191 3669 moras
1220 3612 1413 3665 agere,
1467 3596 1603 3649 hanc
1644 3596 1919 3650 conversis
1962 3596 2017 3650 in

442 3691 563 3731 sese
584 3668 993 3727 invicemarmis
1022 3668 1304 3724 advocant.

514 3746 565 3801 5.
587 3743 755 3815 Apri.]
786 3740 875 3797 Sic
902 3741 1127 3815 legimus
1150 3754 1268 3792 cum
1288 3738 1516 3815 Vallino,
1552 3751 1656 3815 non
1679 3752 1800 3807 aper
1813 3751 1848 3815 ,ς
1878 3735 2021 3815 quod

444 3817 600 3885 hujus
631 3807 817 3882 prima
867 3807 1069 3885 syllaba
1119 3825 1347 3885 semper
1381 3808 1700 3885 corripiatur
1734 3827 1747 3862 :
1781 3807 2019 3885 alioquin

442 3880 555 3959 apri
596 3880 700 3959 non
734 3880 955 3959 haberet
981 3881 1219 3959 primam
1251 3880 1509 3959 syllabam
1540 3894 1879 3933 communem
1906 3896 1920 3930 :
1951 3880 2023 3932 si—

442 3951 531 4014 cut
552 3957 727 4010 matris
759 3964 812 4008 et
842 3953 1017 4021 fratris
1061 3954 1268 4021 priores
1311 3951 1531 4020 syllaba:
1562 3966 1667 4003 non
1717 3958 1841 4003 sunt
1877 3964 2023 4021 com-

442 4044 659 4091 munes,
704 4019 850 4097 quod
875 4034 1036 4077 mater
1062 4019 1136 4077 iet
1174 4019 1555 4091 frater’primis
1582 4021 1798 4092 syllabis
1827 4019 2023 4091 produ-

442 4111 648 4156 cantur.

516 4173 602 4227 10.
626 4169 749 4225 Νοιι
777 4177 847 4221 est
861 4169 1007 4238 justa
1035 4165 1157 4238 satis
1170 4163 1382 4238 ⁸ξίεοιιίιὶιεξ
1408 4161 1585 4234 ratio.]
1615 4163 1852 4238 Alterius
1874 4162 2022 4238 cogi:

445 4243 672 4297 lationes
724 4240 829 4293 tuis
861 4233 1288 4306 cogitationibus
1324 4233 1631 4306 contrariae
1685 4234 1886 4288 nullum
1929 4233 2023 4287 tibi

443 4316 570 4367 dare
622 4320 843 4377 possunt
887 4304 972 4375 jus
1020 4305 1165 4361 necis
1204 4308 1256 4359 in
1289 4304 1513 4377 alterum
1559 4306 1867 4359 hominem:
1903 4318 2023 4358 cum

443 4387 548 4438 vita
582 4384 806 4435 humana
832 4381 900 4433 ita
932 4380 983 4432 in
1015 4393 1222 4431 summa
1247 4378 1413 4431 solius
1443 4376 1533 4429 Dei
1557 4384 1814 4443 potestate
1845 4390 2025 4429 verse-

448 4467 552 4519 tur,
588 4463 643 4506 ut
672 4466 842 4516 neque
886 4448 1051 4517 judici
1073 4488 1089 4512 ,
1124 4463 1296 4519 neque
1325 4446 1425 4519 ipsi
1458 4447 1598 4515 regi,
1630 4447 1731 4519 nisi
1764 4456 2025 4519 quatenus

445 4515 711 4579 hie'vices
741 4515 835 4575 Dei
865 4515 1021 4589 gerit,
1056 4520 1132 4573 fas
1161 4515 1229 4572 sit
1255 4516 1854 4589 hominemjnterficere
1893 4533 1907 4570 :
1942 4515 2021 4568 Ad

444 4596 713 4665 imaginem
742 4586 927 4662 quippe
965 4588 1083 4658 Dei,
1135 4588 1309 4659 inquit
1347 4587 1487 4642 Deus
1515 4586 1709 4643 Cenes.
1744 4603 1824 4652 ιιι,
1857 4591 2024 4657 {actus

605 4681 701 4717 mn.

605 4681 701 4717 nn.

443 4668 734 4789 esll’io.’Vis
762 4744 933 4803 aptam
982 4731 1169 4785 meritis
1195 4730 1351 4783 vicem
1381 4730 1588 4803 referre.
1613 4726 1773 4803 ]_Par_
1790 4727 1903 4795 pari
1933 4742 2026 4781 co-

444 4807 660 4878 gitando
687 4799 909 4868 referre,
939 4803 1053 4857 sive
1074 4804 1425 4872 cogitationes
1447 4799 1858 4869 cogitationibus
1880 4814 2028 4854 com-

482 4894 689 4932 ensare.

443 4893 808 5014 peg‘irgilige
828 4948 947 5017 jure
974 4941 1174 5017 bonos.]
1197 5014 1206 5017 Α
1227 4942 1377 5017 Quod
1408 4942 1567 5017 enim‘
1594 4955 1746 4993 amor
1793 4948 2027 5017 nequeat

444 5021 543 5074 nisi
576 5010 768 5073 amore
804 5010 1174 5083 c'nmpensari,’
1188 5013 1413 5081 jusntite
1445 5021 1528 5066 est
1555 5012 1746 5083 bonos,
1771 5024 1799 5062 a
1832 5010 2024 5083 quibus

443 5090 735 5159 diligimur,
759 5101 786 5138 a
812 5080 964 5159 nobis
983 5080 1345 5159 diligi.N‘eque
1375 5094 1550 5137 tamen
1577 5080 1818 5151 sequitur
1840 5081 2020 5135 odium

443 5155 566 5217 odio
596 5155 1046 5224 cmnpensandum
1081 5171 1093 5208 :
1123 5155 1215 5210 sed

518 5232 604 5285 12.
650 5227 919 5280 Miseresce
953 5225 1147 5296 malis.]
1196 5225 1335 5281 Nihil
1385 5225 1582 5295 quippe
1624 5224 1816 5278 rationi
1854 5226 2020 5296 magis

445 5308 862 5358 consentaneum
889 5312 1046 5366 quam
1094 5294 1417 5351 miserorum
1440 5294 1681 5350 misereri
1715 5310 1728 5348 :
1758 5294 1881 5348 mali
1925 5311 2021 5350 au-

446 5382 553 5429 tem
584 5384 769 5424 omnes
814 5368 995 5421 miseri
1046 5376 1203 5432 sunt,
1231 5384 1349 5421 cum
1377 5377 1592 5436 prepter
1614 5366 1848 5421 rationes
1877 5382 2016 5436 pra:-

445 5446 639 5505 dictas,
666 5452 772 5492 tum
806 5438 1039 5491 maxime
1069 5439 1188 5502 quia
1231 5440 1497 5506 peccando
1526 5437 1776 5493 deficiunt
1809 5453 1822 5491 :
1857 5438 2018 5494 miser

446 5515 663 5584 quippe,
692 5511 733 5563 si
761 5509 1039 5584 credamus
1060 5508 1282 5562 Varroni
1316 5510 1349 5564 Ι.
1377 5525 1426 5563 tv
1471 5511 1538 5584 de
1568 5510 1603 5563 Ι.
1660 5508 1734 5584 l.,_
1764 5507 1957 5561 dicitur
1978 5524 2013 5584 _a

446 5580 636 5647 minus,
665 5592 722 5635 ut
744 5588 865 5648 pote
888 5581 971 5632 cui
994 5595 1112 5633 cum
1142 5595 1274 5648 opus
1304 5590 1407 5645 est,
1433 5581 1606 5633 minus
1628 5580 1774 5634 nullo
1791 5590 1892 5643 est,
1910 5580 2013 5644 vel,

447 5664 507 5711 ut
536 5656 706 5724 placet
733 5651 969 5724 Cujacin,
995 5651 1237 5724 aAGraeco
1258 5658 1420 5721 μῦσος
1442 5652 1626 5704 scelus.

520 5720 549 5758 "
580 5724 756 5786 Neque
778 5722 909 5773 enim
929 5722 1213 5785 sapientum
1241 5720 1527 5792 Quisquam,
1548 5720 1675 5792 δια]
1704 5720 1741 5774 i.
1762 5721 2014 5792 Boetius,

454 5812 504 5850 nt
531 5796 633 5854 sibi
656 5793 886 5855 videtur,
910 5807 1058 5845 more
1084 5793 1337 5859 sapientis
1373 5795 1615 5855 miratur,
1650 5791 1801 5846 bonis
1829 5792 2017 5846 adver-

448 5886 503 5931 5n
526 5905 549 5945 ,
568 5865 722 5926 malis
752 5877 1003 5935 prospera
1026 5862 1287 5925 accidere,
1316 5862 1513 5931 duplici
1536 5862 1602 5915 de
1630 5877 1807 5919 causa.
1840 5862 2015 5921 Prima

806 5963 1076 6023 Ρηιιοι..
1124 5955 1324 6017 LXIII

2133 3311 2280 3379 sius,
2327 3312 2371 3366 si
2426 3314 2725 3378 sapientum
2769 3313 2963 3367 ducum
3011 3312 3312 3366 felicitatem
3347 3328 3447 3365 ttna
3478 3311 3714 3370 cum-sa-

2124 3383 2327 3453 pientia
2356 3385 2566 3453 populis
2594 3383 2800 3437 infundi
2829 3384 3090 3437 viderent.
3124 3382 3304 3435 Altera
3335 3383 3474 3451 quod
3503 3386 3713 3452 Suppli-

2124 3454 2207 3507 cia
2241 3470 2344 3508 non
2373 3454 2475 3508 nisi
2499 3454 2753 3522 improbis
2782 3454 3061 3507 videantur
3102 3453 3410 3507 constituta.
3438 3454 3711 3523 Supplicia

2126 3535 2308 3579 autem
2364 3526 2450 3579 hic
2495 3525 2743 3579 dicuntur
2772 3541 2943 3578 carcer
2981 3535 3034 3578 et
3082 3540 3258 3577 nexus.
3294 3523 3471 3577 Nemus
3497 3527 3711 3594 quidem

2125 3595 2271 3660 sive,
2300 3607 2355 3650 ut
2384 3595 2475 3650 alii
2515 3596 2698 3665 legunt
2722 3597 2833 3661 lea,
2864 3595 3113 3665 q'uonia’m
3138 3596 3365 3649 vinculis
3390 3598 3554 3662 premi
3586 3612 3712 3663 sup-

2126 3667 2342 3734 plicium
2371 3676 2471 3722 est.
2505 3666 2703 3722 Carcer
2752 3682 2879 3722 vero
2918 3667 3077 3719 etiam
3108 3683 3138 3720 a
3167 3665 3416 3720 Lucretio
3446 3670 3581 3723 inter
3609 3669 3713 3725 alia

2127 3737 2511 3809 suppliciorum
2534 3752 2729 3808 genera
2749 3746 3056 3792 numeratur
3084 3737 3178 3792 lib.
3200 3752 3253 3791 ιιι
3289 3754 3302 3789 :

2255 3828 2356 3877 Sed
2371 3837 2534 3877 melus
2557 3829 2604 3875 in
2629 3829 2728 3875 vita
2748 3841 3000 3889 prunarum
3024 3839 3114 3889 pro
3140 3825 3405 3889 malefactis

2253 3891 2339 3940 list
2362 3890 2633 3951 insignibus
2653 3891 2876 3951 insignis;
2904 3888 3207 3949 scelerisque
3232 3888 3380 3943 luela,

2252 3953 2427 4001 Carcer
2447 3950 2498 4001 et
2517 3950 2761 3999 horribilis
2782 3951 2845 3999 de
2870 3964 2988 3999 saxo
3003 3954 3136 4012 jactu
3155 3953 3403 4011 deorsum,

2254 4014 2494 4070 Verbera,
2513 4012 2784 4071 carnifices,
2810 4014 2976 4073 robur,
3005 4011 3105 4073 pix,
3130 4011 3321 4074 lamina,
3350 4015 3495 4064 tedas.

2202 4079 2221 4107 ³
2264 4075 2437 4152 Minus
2464 4076 2648 4152 etenim
2669 4076 2913 4152 mirarer,
2958 4073 3087 4152 et_c_.]
3124 4075 3183 4127 ll.
3217 4074 3431 4150 Boetius
3456 4093 3521 4132 eo
3546 4083 3715 4152 magis

2128 4148 2355 4220 miratur
2413 4145 2565 4220 bonis
2612 4145 2870 4220 adversa,
2922 4145 3086 4220 malis
3133 4147 3389 4213 prospera
3445 4145 3709 4220 accidefe,

2131 4217 2272 4288 quod
2304 4216 2444 4272 Deus
2474 4217 2683 4271 infinite
2711 4220 2945 4285 sapiens,
2976 4218 3150 4272 bonus
3198 4226 3251 4269 et
3294 4226 3512 4283 potens,
3559 4216 3713 4278 munL

2128 4287 2260 4362 dum,
2285 4298 2471 4358 regat:
2507 4288 2644 4362 Deus
2665 4287 2807 4362 enim
2836 4289 3074 4362 accusari
3107 4302 3214 4342 non
3241 4295 3411 4362 poteSI
3442 4301 3531 4344 aut
3563 4292 3715 4362 igno-

2129 4361 2336 4423 rantize,
2363 4375 2464 4425 qua
2495 4360 2698 4431 neseiat
2725 4360 2819 4411 itus
2840 4361 3011 4431 vices;
3043 4370 3135 4431 aut
3164 4358 3396 4431 malitiae,
3432 4375 3531 4430 qua
3562 4358 3713 4431 v'elit;

2130 4441 2219 4485 aut
2265 4430 2592 4497 impetentize
2612 4469 2626 4492 ,
2659 4444 2758 4497 qua
2788 4430 2962 4483 sciens
2988 4429 3279 4491 volensque
3306 4429 3400 4484 has
3430 4429 3570 4487 vices
3617 4429 3716 4491 ne;

2129 4510 2288 4565 queat
2318 4496 2544 4554 mutare.
2580 4499 2635 4552 ld
2666 4501 2957 4553 mirabatur
2987 4498 3145 4553 etiam
3176 4496 3339 4552 David
3372 4502 3504 4568 psal.
3535 4521 3709 4561 Lxxu:

2130 4570 2235 4625 Mei
2265 4581 2433 4645 autem
2464 4585 2591 4645 pene
2614 4581 2737 4645 moti
2756 4585 2871 4622 sunt
2894 4571 3068 4645 pedes,
3104 4585 3230 4638 pene
3257 4568 3406 4636 effusi
3432 4584 3549 4625 sunt
3574 4592 3716 4645 gres.

2052 4630 2106 4691 Ι)
2130 4659 2213 4695 sus
2241 4642 2369 4704 mei,
2404 4630 2524 4710 quia
2569 4641 2728 4694 zelavi
2759 4630 2910 4710 super
2942 4630 3139 4707 iniquas
3184 4630 3359 4706 pacem
3392 4630 3715 4709 peccatorum

2130 4712 2325 4765 videns.
2351 4711 2404 4762 Id
2438 4712 2599 4765 etiam
2633 4711 2924 4764 mirabatur
2953 4712 3209 4765 Jeremias
3231 4720 3358 4780 cap.
3388 4726 3459 4765 xtt
3490 4731 3503 4766 :
3542 4714 3714 4780 Quare

2130 4784 2211 4836 via
2237 4782 2514 4853 impiorum
2538 4796 2803 4850 prospera,
2838 4787 2958 4835 bene
2983 4790 3053 4834 est
3082 4779 3312 4833 omnibus
3349 4784 3439 4852 qui
3462 4779 3709 4853 prcevari-

2131 4863 2313 4924 cantur
2337 4862 2382 4905 et
2413 4852 2587 4921 inique
2608 4854 2815 4924 agunt}?

2202 4923 2223 4953 ³
2253 4922 2365 4976 Nec
2386 4920 2590 4986 mirum,
2618 4920 2747 4992 εἶα]
2773 4921 2856 4976 lll.
2882 4920 3222 4991 Philosophia
3247 4924 3534 4993 respondet
3579 4928 3715 4985 hanc

2131 4994 2543 5050 admirationem
2569 5036 2584 5061 ,
2611 5002 2668 5047 nt
2696 5006 2935 5055 eieteras,
2963 4993 3093 5047 oriri
3122 5010 3184 5047 et
3226 4994 3557 5063 ignoratione
3588 5015 3714 5056 cau-

2134 5080 2207 5119 sa:
2239 5082 2252 5129 ;
2286 5064 2379 5120 sed
2407 5064 2792 5133 ignorationem
2826 5064 2962 5135 hanc
2991 5078 3095 5117 non
3129 5080 3250 5119 esse
3291 5067 3584 5135 legitimum
3626 5087 3714 5126 ar-

2132 5148 2440 5205 gumentum
2494 5151 2564 5188 ex
2594 5151 2698 5204 quo
2725 5134 2965 5189 concludi
3019 5137 3214 5203 possit,
3243 5138 3406 5191 Deum
3449 5155 3552 5194 non
3594 5157 3717 5198 esse

2131 5208 2329 5261 bonum
2377 5206 2560 5259 mundi
2605 5216 2890 5264 rectorem,
2923 5216 3014 5259 aut
3040 5208 3217 5260 omnia
3252 5224 3357 5262 non
3387 5221 3530 5266 recte
3555 5215 3667 5267 fieri
3696 5231 3709 5267 :

2130 5278 2270 5334 sicut
2293 5278 2548 5347 deinceps
2572 5277 2760 5331 eadem
2794 5275 3134 5345 Phi1050pbia
3162 5278 3425 5347 probabit.

2203 5375 2221 5393 ‘
2250 5369 2511 5436 Carmen,
2544 5368 2685 5436 quod
2712 5367 2815 5422 dici
2855 5377 3032 5437 potest
3052 5380 3299 5424 constare
3330 5371 3531 5440 duplici
3554 5388 3709 5441 gene-

2129 5457 2189 5497 re
2237 5456 2484 5496 versuum
2541 5450 2971 5495 tetrametrorum
3046 5442 3407 5505 alteruorum,
3485 5458 3711 5511 quorum

2129 5514 2273 5580 prior
2319 5518 2551 5565 trocbato
2576 5551 2591 5576 ,
2633 5512 2898 5582 posterior
2941 5512 3182 5579 spondeo
3225 5512 3415 5579 incipit
3448 5530 3460 5565 :
3489 5524 3713 5582 uterque

2122 5592 2300 5636 autem
2330 5590 2447 5647 post
2470 5582 2694 5648 primum
2727 5580 2939 5649 pedem,
2971 5582 3267 5649 spondeum
3293 5624 3306 5645 ,
3334 5583 3415 5636 vel
3448 5580 3703 5648 iambum,

2122 5654 2210 5707 vel
2247 5652 2514 5722 dactylum
2572 5653 2772 5707 habens
2798 5666 2918 5724 cum
2968 5653 3171 5722 syllaba
3205 5654 3520 5716 superstite,
3550 5672 3707 5724 quam

2122 5731 2316 5777 vocant
2343 5738 2635 5803 cessuram,
2663 5723 2876 5792 dactylo
2899 5732 2952 5777 et
2990 5725 3229 5803 spondeo
3257 5725 3460 5803 linitur.
3498 5723 3712 5796 Excipi-

2125 5803 2209 5868 tur
2234 5803 2414 5868 tamen
2448 5794 2736 5868 vigesimus
2768 5808 2985 5868 versus,
3035 5794 3189 5865 cujus
3240 5797 3445 5862 primus
3488 5812 3582 5868 pes
3628 5794 3711 5859 est

2123 5866 2331 5926 iambus
2356 5874 2413 5921 et
2433 5866 2701 5922 secundus
2728 5864 3047 5922 tribracbus.

3267 5956 3346 6021 26
