4290 6258
575 343 668 399 8ίέ

645 457 863 512 miratur
887 454 1069 521 eiecta
1093 455 1337 524 caelestia,
1367 451 1628 524 terrestria
1671 457 1838 503 autem
1865 463 1972 500 non
2000 447 2162 500 mira-
2187 450 2241 510 Α

647 537 730 584 tur
777 529 913 600 quod
936 527 1119 582 horum
1141 522 1350 590 noscat,
1378 524 1586 579 illorum
1611 522 1809 594 ignoret
1842 534 2044 574 causas.

793 639 853 697 Si
882 640 1001 710 quis
1027 638 1241 692 Arcturi
1273 636 1450 692 sidera
1476 636 1650 692 nescit

786 732 1089 801 Propinqua
1115 744 1328 785 summo
1353 729 1573 785 cardine
1604 728 1734 794 labi,

785 822 894 880 Cur
928 832 1075 893 regat
1111 821 1293 877 tardus
1323 823 1556 893 plaustra
1583 822 1803 887 Bootes,

788 917 1092 988 Mergatque
1113 931 1264 972 seras
1289 931 1505 986 aequore
1532 915 1770 970 ﬂammas
1789 958 1804 981 ,

647 1011 682 1068 5
786 1011 918 1065 Cum
941 1009 1098 1064 nimis
1123 1009 1329 1064 celeres
1355 1008 1584 1078 explicet
1613 1017 1761 1062 ortus
1778 1048 1792 1071 ,

789 1105 982 1175 Legem
1014 1102 1249 1173 stupebit
1275 1101 1495 1157 aetheris
1517 1100 1633 1155 alti.

790 1197 951 1268 290
979 1195 1218 1250 Palleant
1257 1193 1429 1264 plena:
1451 1207 1653 1248 cornua
1679 1192 1817 1247 lunae

793 1290 990 1344 lnt'ecta
1020 1288 1180 1344 metis
1208 1287 1381 1342 noctis
1410 1301 1615 1356 opacae,

790 1387 1029 1454 Quaeque
1060 1383 1283 1454 fulgenti
1313 1391 1524 1438 texerat
1553 1395 1648 1436 ore

615 1480 683 1534 10
789 1476 1019 1534 Conlusa
1051 1475 1278 1540 Plitebe,
1311 1475 1524 1542 detegat
1559 1482 1700 1526 astra
1727 1488 1741 1524 :

1812 331 1926 389 AN.
1966 328 2174 386 MANL.
2214 328 2370 388 snv.
2414 307 2658 386 socru

3759 311 3867 376 812

2483 444 2800 498 Commovet
2826 449 3014 512 gentes
3036 439 3277 511 publicus
3311 451 3485 504 error,

2492 538 2820 607 Lassantque
2849 535 3054 590 crebris
3087 532 3326 603 pulsibus
3355 546 3482 585 acra.

2490 631 2660 685 Nemo
2685 630 2911 682 miratur
2944 624 3161 680 ﬂamina
3189 623 3302 678 cori

2489 723 2661 777 Littus
2693 719 2944 776 frementi
2969 718 3193 774 tundere
3219 715 3404 781 lluctu,

2310 817 2378 872 15
2489 815 2648 886 291
2679 812 2788 866 Nec
2819 811 2958 864 nivis
2985 809 3172 864 duram
3205 806 3406 875 frigore
3434 802 3630 858 molem

2489 907 2756 964 Fervente
2777 904 2963 961 Phoebi
2997 901 3195 959 solvier
3226 913 3380 955 testu.

2490 1003 2588 1058 llic
2608 1003 2751 1056 enim
2781 1013 2970 1055 causas
2987 1012 3209 1053 cernere
3240 1003 3543 1064 promptum
3575 998 3683 1048 est°

2493 1096 2606 1151 Illic
2632 1095 2861 1148 latentes
2893 1100 3107 1162 pectora
3141 1089 3358 1144 turbant

2497 1187 2732 1253 Cuncta;
2767 1201 2884 1256 qua:
2912 1200 3033 1240 rara
3055 1181 3306 1253 provehit
3338 1189 3470 1234 mtas

2312 1284 2382 1338 20
2493 1283 2790 1349 Stupetque
2827 1278 3021 1334 subitis
3048 1275 3246 1330 mobile
3277 1273 3481 1344 vulgus.

2492 1376 2658 1428 Cedat
2680 1372 2857 1427 insciti
2887 1370 3105 1426 nubilus
3129 1382 3306 1432 error,

2493 1463 2720 1518 Cessent
2757 1461 3000 1532 proiecto
3026 1461 3160 1514 mira
3184 1456 3372 1513 videri.

1977 1580 2558 1639 INTERPRETATIO.

652 1689 712 1743 Si
741 1688 850 1755 quis
877 1687 1074 1758 ignoret
1098 1725 1124 1758 ,ξ
1142 1684 1339 1758 stellas
1359 1681 1505 1738 Ursa:
1531 1684 1652 1758 verti
1697 1694 2168 1758 pi'oiie‘suprei‘nnm

578 1749 775 1830 polum,
801 1759 882 1812 hic
897 1749 1241 1830 admirabitur
1262 1754 1574 1830 vehementer
1599 1756 1757 1830 legem
1780 1750 1890 1830 caeli
1917 1749 2164 1830 sublimis,

579 1823 682 1902 qua
713 1830 911 1893 Bootes,
959 1829 1046 1898 qui
1088 1828 1232 1880 habet
1287 1835 1457 1902 ortum
1485 1824 1802 1902 velociorem,
1849 1823 2017 1874 lentus
2046 1829 2168 1902 agat

581 1892 786 1954 currum
809 1892 985 1962 suum,
1028 1908 1071 1949 et
1118 1912 1388 1965 nunquam
1420 1897 1651 1950 demittat
1677 1897 1825 1966 ignes
1845 1909 1963 1945 suos
1992 1892 2169 1966 tardos

581 1973 632 2025 in
666 1988 821 2025 mare.
857 1969 916 2026 Si
936 1971 1097 2022 orbita
1118 1963 1258 2021 (ante
1290 1969 1453 2033 plena:
1479 1963 1914 2036 palleat,'ftetiatu
1941 1963 2169 2036 terminis

581 2044 744 2095 noctis
773 2041 1017 2106 obscurrc,
1054 2050 1098 2091 et
1134 2054 1245 2106 qua:
1287 2038 1411 2091 luna
1438 2033 1691 2091 velaverat
1722 2033 1866 2088 vultu
1896 2033 2167 2106 splendido

2277 1674 2445 1742 petitis
2471 1672 2656 1726 ictibus
2684 1672 2904 1742 fatigant
2953 1668 3206 1740 cymbala.
3243 1667 3409 1742 Nemo
3438 1666 3673 1742 miratur,
3704 1675 3875 1720 ventos

2276 1737 2380 1798 cori
2416 1747 2572 1813 ferire
2595 1737 2714 1797 oras
2743 1737 3162 1796 marinas—undis
3203 1737 3665 1813 tumultuantibus,
3717 1751 3876 1804 neque

2274 1808 2538 1869 cumulum
2586 1816 2713 1868 nivis
2757 1815 2949 1884 frigore
2974 1813 3276 1866 induratum
3305 1810 3494 1877 liquari
3536 1808 3705 1861 calore
3729 1812 3877 1884 velte-

2276 1891 2427 1941 menti
2459 1887 2583 1940 solis
2610 1903 2629 1938 :
2658 1879 2775 1938 nam
2803 1879 2884 1938 hic
2910 1884 3063 1942 facile
3086 1894 3158 1936 est
3192 1896 3495 1953 cognoscere
3524 1892 3703 1932 causas
3724 1893 3743 1932 :
3769 1879 3878 1932 illic

2278 1975 2450 2011 causa:
2483 1959 2696 2011 occulta!
2726 1955 3025 2024 perturbant
3065 1952 3424 2006 admiratione
3465 1967 3637 2003 omnes
3662 1958 3878 2024 mentes.

2279 2028 2555 2083 Plebecula
2609 2020 2901 2081 inconstans
2958 2027 3178 2078 miratur
3215 2041 3276 2077 ea
3322 2038 3436 2092 qua:
3471 2038 3592 2075 raro
3634 2029 3680 2074 et
3709 2020 3876 2074 subito

581 2094 753 2167 stellas
778 2094 1017 2176 minores,
1045 2094 1158 2164 haec
1189 2110 1454 2162 obscurata
1504 2107 1688 2161 revelet
1731 2094 1933 2160 easdem
1973 2105 2171 2170 stellas,
2204 2094 2254 2154 Β
2281 2098 2741 2176 eveniunt._Error_
2770 2096 3224 2176 lobscurusjgnari
3269 2095 3407 2165 vulgi
3456 2095 3707 2174 facessat;
3763 2094 3878 2146 haec

580 2183 709 2239 hinc
735 2199 878 2238 error
908 2183 1188 2234 communis
1213 2180 1381 2232 turbat
1408 2179 1646 2250 populos,
1673 2179 1760 2246 qui
1793 2187 2072 2247 propterea
2095 2191 2176 2229 re-
2219 2215 2228 2226 .

2285 2181 2418 2226 certe
2444 2171 2671 2224 desinent
2696 2168 2854 2224 videri
2894 2167 3240 2222 admirabilia.

2107 2284 2340 2344 ΝΟΤᾸΕ.

657 2420 710 2473 1.
736 2411 984 2484 Arcturi]
1012 2413 1266 2484 Arcturus
1289 2408 1484 2464 dicitur
1512 2409 1580 2484 ab
1603 2406 1789 2484 ἄρκτος
1818 2423 1956 2474 ursa,
1973 2415 2027 2461 et
2047 2406 2171 2484 adpo:

585 2487 773 2550 cauda,
795 2486 945 2556 quasi
968 2478 1111 2537 'urste
1134 2480 1320 2544 cauda,
1353 2491 1436 2535 est
1463 2479 1616 2556 stella
1637 2478 1917 2556 omnium,
1947 2495 2010 2533 ex
2054 2478 2172 2556 qui-

586 2563 690 2617 bus
711 2548 877 2624 major
907 2555 1042 2610 Ursa
1071 2561 1312 2614 constat,
1359 2554 1588 2605 maxime
1617 2553 1745 2624 polo,
1784 2551 1997 2624 vicina:
2028 2548 2173 2624 unde

592 2631 700 2688 diri
729 2618 867 2684 solet
893 2627 1043 2680 stella
1069 2623 1259 2691 palaris
1280 2627 1485 2690 :‘quare
1512 2618 1633 2677 cum
1668 2623 1822 2690 polus
1846 2621 2076 2675 arcticus
2107 2618 2176 2673 ab

589 2703 692 2758 hac
718 2699 855 2755 Ursa
883 2702 960 2752 sic
994 2704 1212 2748 vocatus
1247 2693 1399 2748 nobis
1424 2708 1637 2756 semper
1659 2703 1937 2762 appareat,
1960 2700 2018 2745 ut
2047 2703 2174 2758 pete

587 2781 777 2830 nostro
808 2768 1085 2824 horizonte
1111 2764 1420 2829 sublimior,
1468 2765 1669 2818 idcirco
1703 2763 1859 2817 stella
1906 2762 2048 2825 haec,
2073 2777 2172 2816 ceu

590 2841 873 2908 antipodas
905 2843 1151 2899 horreat,
1195 2849 1467 2906 nunquam
1511 2835 1748 2890 occidit:
1780 2834 1905 2889 hinc
1945 2832 2177 2902 Virgil.t

589 2914 809 2982 Georg.,
851 2929 903 2965 v.
927 2910 1031 2964 246
1065 2927 1077 2962 :

712 3007 884 3055 Arctos
899 3003 1069 3053 oceani
1089 3007 1373 3051 metuentes
1393 3009 1594 3061 aequore
1618 2999 1757 3061 tingi.

591 3089 811 3146 Scilicet
851 3094 1067 3156 propter
1114 3086 1293 3139 odium
1329 3083 1587 3156 lunonis,
1632 3092 1689 3137 ut
1732 3083 1938 3154 lingunt
1968 3093 2175 3152 poetae,

593 3178 712 3229 qua:
741 3159 882 3229 quod
909 3157 1167 3226 majorem
1193 3156 1384 3212 Ursam
1413 3157 1469 3229 in,
1489 3155 1684 3229 caelum
1715 3157 2178 3229 admissatnitegre

591 3226 783 3309 terret,
813 3230 1279 3309 Tettiynrogavit,
1305 3242 1373 3282 ne
1393 3227 1508 3280 suis
1537 3226 1674 3280 hanc
1707 3227 1949 3309 pellicem
1979 3228 2179 3309 sineret
2204 3245 2254 3309 ο

595 3304 747 3372 aquis
772 3298 965 3372 lavari.
991 3299 1129 3372 Idem
1156 3304 1416 3372 Arcturus
1459 3309 1680 3372 vocatur
1702 3298 1864 3351 etiam
1896 3298 2181 3372 ArctOpIiy-

598 3368 688 3428 tua:
711 3382 766 3426 et
786 3370 992 3434 Bootes,
1026 3370 1093 3423 de
1121 3385 1225 3436 (|Uo
1258 3369 1315 3422 lit
1335 3383 1516 3423 sermo
1552 3368 1603 3420 in
1627 3370 1660 3421 5
1690 3383 1870 3423 versu.
1902 3371 2190 3438 Arctophy-

597 3445 686 3498 lax
714 3443 930 3511 quidem
963 3440 1078 3493 sive
1108 3450 1276 3493 custos
1314 3438 1480 3503 Ursin,
1514 3439 1648 3501 sive,
1682 3447 1759 3511 ut
1783 3439 2020 3507 |0qnitur
2066 3442 2190 3494 Ovi-

598 3510 744 3575 dius,
775 3523 943 3564 custos
971 3511 1351 3563 Erimanthidos
1377 3527 1528 3572 urste,
1558 3510 1696 3577 quod
1719 3510 1960 3564 videatur
1989 3527 2187 3574 ursam,

598 3600 756 3654 quam
780 3597 990 3649 semper
1010 3582 1320 3654 comitatur,
1364 3581 1655 3654 custodire.
1695 3578 1879 3634 Bootes
1918 3598 2047 3637 vero
2077 3584 2191 3637 sive

599 3649 883 3711 bubulcus.
907 3654 1032 3718 quia
1055 3652 1224 3704 stellis
1265 3655 1486 3705 turmam
1529 3649 1687 3702 boum
1717 3666 2016 3720 currusque
2050 3654 2192 3708 rele-

600 3724 843 3780 rentibus
866 3723 1032 3776 instar
1059 3721 1335 3789 cujusdam
1362 3721 1572 3775 bubulci
1596 3721 1838 3775 adhaeret
1862 3741 1875 3776 :
1909 3725 2034 3778 hinc
2065 3726 2192 3778 Pro-

601 3796 778 3918 pei'tio
805 3794 1000 3918 dicsitur
1022 3808 1221 3916 agitare
1263 3793 1406 3846 boves
1435 3803 1481 3845 et
1513 3791 1746 3861 plaustra
1793 3791 2000 3849 Bootes.
2033 3794 2190 3850 Juve—

601 3883 710 3918 na.
747 3877 846 3918 sat.
915 3880 1000 3918 .v.
1066 3881 1138 3916 ..ι

601 3867 710 3923 nal.
747 3877 846 3920 sat.
874 3867 927 3928 5,
950 3880 1000 3918 ν.
1025 3867 1095 3916 Ξίὲ
1127 3881 1138 3916 :

1036 3953 1134 4003 Aut
1153 3955 1237 4004 illo
1263 3960 1505 4018 tempore,
1526 3969 1623 4016 quo
1639 3967 1696 4004 se

757 4018 952 4080 Frigida
976 4019 1310 4079 circumagunt
1331 4019 1452 4080 pigri
1477 4031 1666 4066 serraca
1691 4018 1874 4069 Bootae.

604 4101 741 4156 Illud
770 4117 926 4169 porro
957 4101 1103 4154 sidus
1129 4100 1322 4166 triplici
1357 4101 1456 4154 hoc
1489 4104 1706 4155 nomine
1734 4102 2011 4170 donatum,
2048 4114 2190 4157 recte

604 4173 800 4227 dicitur
842 4187 1040 4224 summo
1088 4175 1326 4235 cardine,
1376 4173 1464 4226 cui
1516 4175 1861 4242 propinquum
1891 4186 2008 4242 est,
2051 4177 2191 4229 labi:

603 4246 847 4313 adquue
878 4243 1001 4297 hinc
1040 4246 1247 4294 tardum
1277 4259 1415 4296 seras
1454 4247 1689 4309 ﬂammas
1731 4247 1781 4297 in
1828 4263 2029 4312 quore
2059 4264 2191 4299 mer-

605 4332 743 4389 gere,
777 4315 899 4389 inde
923 4328 1060 4389 vero
1092 4315 1272 4367 celeres
1304 4313 1557 4389 explicare
1588 4328 1748 4389 ortus.
1797 4317 2032 4370 Primum
2073 4319 2190 4386 qui-

605 4383 727 4441 dent
759 4385 906 4440 sidus
937 4383 1064 4438 illud
1103 4400 1312 4437 summo
1343 4386 1560 4438 cardine
1603 4385 1801 4439 labitur
1830 4405 1842 4439 :
1869 4388 1990 4455 quia
2034 4383 2191 4443 verti-

609 4468 694 4511 tur
736 4457 803 4511 ad
849 4457 1026 4525 polum
1080 4455 1550 4523 septentrionalem
1579 4500 1592 4518 ,
1644 4459 1734 4522 qui
1779 4459 1931 4511 nobis
1974 4473 2191 4524 semper

607 4536 830 4597 apparet
888 4537 942 4581 e‘t
964 4531 1013 4578 in
1042 4541 1150 4596 quo
1178 4537 1428 4593 tanquam
1459 4528 1510 4581 in
1542 4530 1714 4582 altero
1755 4530 1936 4582 mundi
1971 4532 2191 4586 cardine

607 4601 753 4655 orbis
783 4598 1017 4652 ctelestis
1041 4598 1172 4652 verti
1199 4597 1430 4666 tingitur.
1481 4599 1679 4653 Deinde
1721 4599 1859 4653 idem
1905 4601 2058 4655 sidus
2090 4612 2191 4656 tar-

604 4673 731 4724 dum
763 4684 910 4722 svras
959 4668 1012 4721 in
1055 4669 1187 4721 mari
1225 4670 1417 4737 mergit
1458 4668 1718 4736 ﬂammas,
1771 4675 2023 4739 quoniam
2057 4690 2191 4728 nun-

602 4756 761 4810 quam
796 4740 926 4793 infra
982 4749 1218 4792 nostrum
1254 4739 1582 4794 hortzoutem
1628 4741 1995 4807 descendens,
2052 4761 2191 4798 nun-

601 4827 766 4878 quam
793 4810 1010 4883 occidit.
1069 4812 1304 4883 Denique
1354 4810 1494 4864 idem
1551 4810 1696 4883 sidus
1725 4813 1930 4866 celeres
1957 4816 2192 4883 explicat

603 4896 773 4945 ortus,
816 4881 956 4949 quod
988 4882 1173 4948 majori
1201 4882 1459 4934 duntaxat
1485 4882 1614 4935 solis
1636 4883 1836 4938 lumine
1865 4881 2188 4942 occultatum

601 4953 779 5025 statim
806 4963 967 5025 atque
991 4951 1167 5004 lumen
1190 4951 1388 5025 solare,
1404 4950 1610 5022 objecta
1628 4959 1788 5025 terra,
1807 4957 2068 5010 minutum
2084 4970 2189 5025 est,

605 5023 819 5102 emicat.
847 5020 941 5074 Ille
967 5030 1143 5074 autem
1175 5022 1265 5088 qui
1285 5023 1422 5078 hanc
1442 5020 1658 5077 causam
1689 5020 1902 5094 ignorat
1939 5020 2190 5096 prtedicta

602 5102 850 5146 Inll'illlli'.

756 5159 997 5242 Palleant
1025 5161 1405 5242 plena:_cornua
1445 5162 1624 5236 tamen]
1664 5164 1844 5242 Luna,
1876 5183 1995 5238 qua:
2026 5170 2188 5228 etiam

601 5230 1038 5305 diciturrPIiaebe,
1069 5232 1212 5301 quod
1244 5249 1338 5302 per
1378 5246 1585 5291 noctem
1605 5230 1918 5305 'splendeat',
1953 5252 2032 5294 est
2067 5257 2189 5297 cor-

601 5318 702 5374 pus
727 5304 948 5379 cteleste
975 5318 1228 5379 opacum,
1262 5305 1403 5379 quod
1433 5307 1593 5359 solari
1619 5304 1827 5379 lumine
1858 5311 1926 5364 ita
1959 5314 2183 5379 relucet,

601 5384 663 5429 ut
692 5376 850 5448 modo
875 5375 1180 5448 angulatam
1201 5416 1214 5437 ,
1248 5375 1407 5448 modo
1435 5378 1716 5432 rotundam
1748 5381 2049 5448 splendoris
2080 5375 2188 5437 lor;

600 5442 1033 5502 mamexhibeat.
1061 5442 1332 5519 Contingit
1379 5457 1557 5501 autem
1609 5442 1898 5519 aliquando
1960 5465 2017 5506 ut
2047 5455 2186 5510 inter

599 5520 766 5592 solem
809 5525 865 5571 et
892 5519 1064 5570 Ionam
1116 5518 1322 5592 plenam
1351 5522 1470 5592 sive
1515 5518 1745 5574 rotundo
1771 5523 2059 5592 splendore
2090 5542 2177 5581 re-

597 5589 896 5652 lucentem,
930 5597 1068 5641 terra
1123 5588 1197 5641 ita
1230 5588 1542 5656 iuterjaceat
1578 5601 1637 5643 ut
1680 5588 2033 5649 luua'umbris
2065 5608 2177 5651 ter-

597 5661 801 5713 restrih-
828 5673 854 5710 s
875 5661 1156 5712 obscurata
1198 5665 1482 5712 rotundum
1515 5674 1669 5715 suum
1701 5665 2040 5731 splendorem
2074 5679 2182 5721 sta-

597 5732 694 5781 tim
722 5731 950 5791 amittat,
984 5742 1037 5782 et
1066 5731 1258 5794 stellae,
1284 5744 1402 5797 qua:
1429 5732 1617 5796 majori
1653 5735 1793 5787 lunae
1819 5739 2018 5791 lumine
2045 5738 2181 5793 ollu-

597 5808 828 5874 asante
866 5797 1139 5874 latebant,
1174 5800 1431 5874 incipiant
1454 5803 1708 5874 emicare.
1775 5805 1906 5857 Tum
1943 5821 2174 5873 veteres,

600 5863 692 5943 qui
719 5863 848 5922 falsa
869 5868 1252 5940 superstitione
1276 5863 1657 5935 existimabant
1684 5874 1809 5930 hinc
1836 5878 2052 5947 quidem
2095 5863 2175 5936 lu:

2280 2413 2405 2454 nam
2436 2396 2762 2452 carminibus
2796 2394 2900 2462 pati
2951 2396 3054 2449 hoc
3099 2393 3426 2462 deliquium,
3465 2390 3589 2447 inde
3617 2405 3746 2445 vero
3776 2390 3880 2443 tin-

2281 2472 2395 2524 nitu
2444 2468 2566 2522 zeris
2603 2468 2683 2521 vel
2739 2466 3108 2536 cymbalorum
3157 2467 3405 2536 liberari,
3464 2464 3542 2536 ad
3578 2478 3683 2514 (era
3736 2464 3879 2536 luna!

2280 2541 2594 2667 ιᾶεἷὶιῖῗήα,
2653 2548 2708 2592 ut
2767 2533 2922 2592 vocat
2957 2537 3224 2603 Tibullus,
3280 2535 3657 2604 confugiebant
3692 2533 3878 2587 :idetn

2337 2629 2350 2665 l
2397 2629 2426 2665 υ
2475 2627 2558 2667 us.

2408 2701 2589 2753 Cantus
2608 2709 2660 2751 et
2683 2714 2713 2749 e
2735 2712 2880 2750 curru
2906 2699 3066 2749 lunam
3084 2698 3337 2748 deducere
3366 2703 3543 2756 tentat,

2474 2764 2532 2814 Et
2549 2764 2732 2812 laceret
2755 2765 2794 2811 si
2819 2776 2911 2810 non
2935 2775 3034 2810 tera
3054 2762 3249 2822 repulsa
3270 2767 3467 2809 sonent.

2285 2843 2556 2906 Iuvenalis
2583 2859 2685 2903 sat.
2718 2848 2782 2913 6,
2817 2847 2853 2901 l.
2887 2854 2945 2915 ii,
2981 2864 3024 2899 v.
3065 2846 3209 2900 44οε

2411 2942 2503 2992 Tot
2527 2943 2710 3001 pariter
2738 2941 2925 2999 pelves,
2956 2948 3026 2988 t0t.
3054 2937 3376 2988 tintinnabula
3400 2938 3536 3001 dicas

2412 2999 2601 3054 Pulsari
2623 3005 2746 3065 :jam
2767 3016 2911 3052 nemo
2937 3005 3095 3059 tubas,
3138 3012 3282 3050 nemo
3305 3013 3399 3065 tera
3424 2999 3599 3058 fatiget

2416 3067 2518 3116 Una
2544 3063 2776 3115 laboranti
2807 3068 2983 3127 poterit
3007 3066 3300 3112 succurrere
3329 3063 3473 3110 lunae.

2288 3151 2464 3207 Nemo
2496 3149 2672 3204 nescit
2699 3150 2969 3216 vulgatum
3005 3147 3133 3200 illud
3170 3145 3372 3214 Virgilii
3395 3146 3498 3200 ecl.
3532 3145 3586 3211 8,
3611 3160 3663 3198 ν.
3693 3144 3761 3201 69
3795 3162 3808 3197 :

2410 3242 2632 3293 Carmina
2655 3241 2733 3290 vel
2759 3241 2884 3289 coelo
2901 3248 3109 3303 possunt
3132 3238 3382 3288 deducere
3403 3239 3582 3288 lunam.

2361 3325 2488 3380 ll:ec
2511 3333 2687 3378 autem
2719 3326 2923 3391 quinia,
2948 3341 3067 3392 quae
3088 3339 3183 3377 sex
3215 3322 3489 3392 praedictis
3509 3321 3749 3376 versibus
3775 3333 3886 3377 eteo

2293 3406 2482 3464 gauter
2505 3395 2878 3448 describuntur
2907 3411 2935 3447 a
2973 3394 3340 3458 Philosophia,
3375 3395 3494 3447 ideo
3521 3392 3742 3447 miratur
3770 3395 3884 3447 vul-

2293 3483 2413 3537 gus,
2445 3467 2566 3536 quia
2595 3468 2784 3520 horum
2817 3481 3031 3519 causam
3065 3465 3253 3537 ne_sci_t.

2370 3533 2476 3618 151(
2514 3537 2678 3590 Nemo
2725 3538 2961 3618 miratur,
3001 3533 3144 3618 βία]
3198 3535 3485 3604 Po~tquam
3529 3533 3883 3618 Philosophia

2293 3610 2536 3678 quaedam
2581 3608 2801 3677 pretulit
2843 3623 2960 3675 qua:
3001 3606 3246 3662 homines
3276 3618 3496 3677 propter
3527 3606 3882 3676 ignorantiam

2293 3677 2577 3734 causarum
2619 3679 2799 3732 mirari
2851 3679 3051 3744 solent,
3091 3680 3356 3732 contraria
3391 3678 3554 3732 refert
3580 3695 3692 3741 qua:
3721 3677 3882 3730 iidem

2296 3751 2545 3805 homines
2569 3763 2671 3803 non
2703 3752 2983 3811 mirantur,
3015 3750 3156 3818 quod
3189 3749 3403 3802 illorum
3449 3762 3638 3802 causas
3679 3747 3880 3802 norint.

2294 3824 2528 3876 Primum
2560 3822 2772 3889 quidem
2822 3818 3068 3874 homines
3111 3835 3216 3873 non
3274 3821 3534 3874 mirantur
3561 3835 3739 3872 corum
3767 3819 3883 3872 sive

2297 3909 2536 3956 caurum,
2569 3902 2782 3944 ventum
2828 3894 2895 3945 ab
2936 3906 3132 3946 occasu
3181 3892 3364 3944 :estivo
3396 3892 3696 3960 spirantein'
3723 3892 3883 3960 ﬂuctu

2293 3964 2530 4033 frementi
2581 3964 2794 4017 tundere
2822 3977 2945 4016 oras
2975 3964 3239 4029 marinas,
3272 3961 3414 4031 quod
3458 3961 3646 4015 iisdem
3701 3972 3884 4015 notum

2295 4036 2366 4087 sit
2403 4047 2619 4088 ventum
2673 4035 2812 4088 hunc
2848 4049 2969 4087 esse
3010 4047 3204 4101 corpus
3253 4042 3616 4094 commotum,
3665 4047 3886 4100 corpus-

2295 4120 2399 4174 que
2425 4113 2750 4159 commotum
2805 4105 3118 4158 naturaliter
3173 4103 3394 4158 tundere
3435 4119 3658 4168 corpora
3706 4103 3883 4157 obvia.

2299 4177 2498 4230 Deinde
2531 4175 2688 4229 iidem
2745 4176 2990 4234 homines
3031 4191 3135 4229 non
3180 4175 3438 4228 mirantur
3487 4174 3683 4228 molem
3744 4175 3884 4228 nivis

2303 4246 2501 4315 frigore
2522 4246 2821 4300 induratam
2849 4245 3096 4301 fervente
3121 4245 3250 4299 solis
3266 4246 3676 4311 :rstuliquetieri
3695 4285 3710 4309 ,
3742 4246 3882 4314 quod

2296 4319 2469 4371 sciant
2516 4319 2724 4386 quietas
2763 4317 2907 4371 nivis
2952 4317 3100 4370 durae
3159 4327 3336 4386 partes
3399 4317 3604 4370 moveri
3653 4331 3810 4384 posse
3855 4331 3886 4371 a

2298 4391 2584 4442 commoti~
2615 4390 2804 4441 solaris
2833 4400 2995 4442 aestus
3023 4388 3318 4458 particulis.

2370 4460 2433 4513 19
2461 4470 2510 4513 et
2537 4458 2764 4530 20.Quce
2788 4475 2910 4512 rara
2937 4456 3162 4530 provehit
3190 4468 3314 4511 aetas
3353 4466 3620 4527 stupetque
3647 4456 3875 4530 subitis.]

2296 4528 2489 4601 Ignora
2521 4529 2778 4601 plebecula
2798 4526 3078 4582 admiratur
3101 4545 3414 4600 qutecunque
3437 4526 3482 4581 et
3509 4546 3627 4582 raro
3652 4526 3695 4582 ei
3723 4526 3888 4582 subito

2297 4599 2615 4672 contingunt.
2658 4599 2920 4654 Nimirum
2950 4600 3232 4654 admiratio
3263 4599 3344 4653 est
3391 4601 3563 4654 subita
3594 4601 3887 4653 eommotio

2299 4684 2492 4724 mentis
2519 4673 2773 4726 attentius
2801 4672 3094 4739 spectantis
3127 4687 3190 4725 ea
3225 4685 3344 4738 qua:
3373 4687 3508 4723 nova
3560 4674 3806 4726 videntur
3833 4681 3888 4724 et

2299 4758 2488 4814 magna
2523 4741 2702 4796 :unde
2727 4757 2885 4814 causa
2922 4741 3078 4811 hujus
3106 4742 3524 4811 perturbationis
3576 4753 3658 4797 est
3697 4757 3785 4814 res
3811 4751 3888 4814 et

2298 4812 2415 4867 rara
2457 4827 2510 4867 et
2541 4815 2736 4866 subita.
2768 4813 2904 4866 Rara
2933 4813 3183 4881 quidem;
3245 4829 3399 4878 nam,
3453 4826 3508 4865 ut
3547 4813 3756 4867 barbari
3811 4812 3887 4866 lo-

2297 4894 2554 4954 quuntur,
2579 4885 2641 4937 ab
2665 4884 2884 4937 assuetis
2911 4900 3011 4936 non
3039 4884 3097 4950 ﬁt
3120 4884 3310 4952 passio.
3340 4884 3524 4938 Subita
3549 4900 3674 4938 vero
3706 4899 3720 4947 ;
3751 4898 3888 4952 quo-

2301 4953 2471 5019 niam,
2504 4965 2560 5008 ut
2586 4967 2732 5010 recte
2781 4957 2855 5007 ait
2901 4953 3317 5025 Satiregorius,
3365 4956 3536 5021 iacula
3561 4971 3674 5021 quat
3699 4954 3885 5025 prteri-

2299 5028 2483 5079 dentur
2535 5025 2705 5078 minus
2742 5025 2949 5094 feriunt.
2982 5023 3219 5090 Verum,
3267 5025 3437 5092 inquit
3481 5023 3882 5094 grammaticus,

2298 5111 2406 5164 quo
2434 5097 2556 5165 jure
2591 5096 2674 5150 hic
2703 5098 2923 5150 variatis
2972 5096 3174 5149 casibus
3205 5096 3400 5150 dicitur
3433 5096 3623 5165 vulgus
3668 5106 3886 5161 stupere

2297 5183 2419 5222 rara
2471 5178 2525 5222 et
2552 5167 2769 5222 subitis?
2815 5183 2940 5220 nttm
2971 5167 3281 5236 conjunctio
3312 5180 3466 5234 pares
3509 5178 3659 5234 aptat
3701 5165 3887 5217 casus?

2297 5238 2488 5308 Optat,
2521 5241 2734 5308 inquam
2758 5280 2772 5304 ,
2819 5253 2976 5306 pares
3007 5254 3155 5292 casus
3189 5253 3208 5292 :
3235 5239 3328 5292 sed
3363 5253 3465 5290 non
3490 5252 3630 5301 raro,
3663 5237 3884 5304 posuia-

2294 5307 2403 5362 bita
2430 5307 2712 5363 verborum
2736 5309 3160 5373 constructione,
3189 5323 3346 5362 sensa
3377 5307 3634 5366 duntaxat
3659 5308 3889 5376 jungun-

2296 5390 2381 5432 tur
2410 5395 2423 5430 :
2454 5381 2532 5434 sic
2575 5380 2765 5434 Cicero
2793 5380 2929 5434 dixit
2961 5396 2974 5432 :
3007 5379 3126 5432 Emi
3151 5389 3354 5432 centum
3383 5381 3553 5433 aureis
3597 5387 3643 5432 et
3677 5380 3835 5446 pluris
3867 5391 3885 5432 :

2293 5465 2597 5519 quanquam
2628 5451 2712 5504 hic
2759 5453 3092 5504 constructio
3132 5450 3294 5504 solita
3331 5467 3434 5503 non
3469 5461 3730 5515 mutatur,
3792 5447 3889 5502 sed

2292 5520 2516 5575 verbum
2548 5523 2815 5588 quoddam
2849 5523 3067 5576 tacitum
3095 5520 3260 5576 debet
3306 5521 3533 5593 intelligi
3567 5538 3581 5587 ;
3611 5521 3766 5590 quasi
3811 5520 3892 5573 di-

2288 5602 2503 5662 ceretur
2531 5601 2698 5662 stupet
2743 5608 2859 5662 qua
2907 5609 3030 5646 rara
3073 5601 3192 5646 sunt
3227 5601 3277 5646 et
3307 5601 3472 5659 stupet
3493 5592 3687 5647 subitis
3712 5607 3730 5645 :
3755 5592 3893 5644 sicut

2289 5663 2429 5716 enim
2461 5661 2667 5716 Tullius
2697 5662 2861 5730 dixit,
2915 5679 2950 5717 tt
2992 5665 3058 5718 de
3083 5663 3200 5718 Fin.
3233 5680 3247 5716 :
3285 5661 3396 5718 Nos
3439 5663 3692 5718 Varrones
3723 5673 3893 5734 stupe-

2287 5749 2402 5787 mus
2436 5749 2453 5786 :
2481 5735 2560 5786 sic
2592 5736 2840 5788 Horatius
2870 5736 2906 5789 l.
2943 5751 2956 5789 ι
3000 5736 3203 5806 Satyr.,
3227 5745 3330 5788 sat.
3354 5737 3410 5800 4,
3445 5737 3676 5800 cecinit,

2418 5814 2558 5862 Hunc
2578 5819 2706 5877 capit
2729 5815 2929 5877 argenti
2953 5815 3182 5877 Splendor
3204 5814 3218 5864 ’;
3239 5823 3409 5878 stupet
3426 5815 3597 5865 Albius
3620 5829 3744 5865 tere.

2359 5886 2450 5950 21.
2477 5883 2634 5944 Cedat
2653 5886 2868 5964 insciti.]
2895 5886 3072 5960 Ignari
3102 5903 3119 5942 :
3147 5902 3458 5965 quanquam
3484 5904 3674 5950 ontnes
3705 5888 3792 5947 hic
3818 5888 3892 5948 te-
