4290 6258
470 277 575 338 813

984 399 1142 472 292
1178 397 1399 456 pnoss
1435 400 1524 454 vr.

465 504 1335 576 Ancuuenwu.—Pltilosophia,
1376 512 1603 564 indicata
1649 514 1861 564 materia
1905 512 2049 565 dein-

533 593 647 646 ceps
679 580 979 643 tractanda,
1012 592 1056 633 et
1083 584 1231 633 modo
1257 593 1354 649 quo
1382 582 1738 647 disputabitur,
1769 583 1909 648 ponit
1937 600 2050 636 cum

533 649 868 722 providentia:
886 652 1099 722 divinte,
1127 661 1234 704 tum
1258 653 1351 722 fati
1373 653 1720 720 definitionem
1748 668 1765 705 :
1795 655 1929 707 unde
1954 653 2052 707 hac

533 720 607 791 illi
631 719 711 791 ita
739 719 921 786 subjici
947 719 1291 785 demonstrat,
1321 733 1376 774 ut
1405 719 1505 776 nan
1528 724 1691 776 minus
1722 725 2053 791 providentia:

533 790 721 865 divina:
739 831 752 853 ,
781 807 929 856 quam
959 793 1054 865 [uti
1081 793 1173 859 sit,
1198 802 1242 845 et
1263 795 1445 864 probos
1467 795 1691 847 tristibus
1715 803 1760 846 et
1792 798 2045 865 improbos

530 862 716 930 optatis
742 876 878 914 nunc
904 863 1056 932 aﬂici.
1266 862 1272 864 ⁷
1360 886 1368 892 ·

531 950 605 1003 lta
634 960 744 1015 est,
779 951 1011 1019 inquam.
1057 951 1160 1007 Sed
1189 966 1312 1007 cum
1360 955 1434 1008 tui
1483 957 1723 1010 muneris
1769 957 1840 1010 sit
1869 957 2045 1012 laten-

464 1041 590 1095 tium
645 1058 825 1097 rerum
892 1060 1080 1100 causas
1135 1047 1414 1114 evolvere,
1471 1050 1777 1119 velatasque
1826 1052 2052 1121 caligine

462 1135 735 1203 explicare
785 1137 1040 1202 lationes,
1089 1153 1272 1207 qumso
1319 1147 1342 1174 ⁸
1391 1140 1464 1194 uti
1508 1140 1631 1195 binc
1674 1143 1936 1196 decernas
1973 1153 2047 1207 et,

461 1230 712 1295 quoniam
765 1230 865 1284 hoc
913 1245 999 1284 me
1047 1231 1360 1284 miraculum
1411 1231 1638 1286 maxime
1683 1234 1988 1300 perturbat,
2021 1233 2048 1274 ιι

460 1319 742 1373 edisseras.
778 1319 912 1374 Tum
943 1322 1030 1374 illa
1061 1324 1329 1391 paulisper
1350 1325 1629 1380 arridens:
1666 1326 1745 1380 Ad
1777 1343 1888 1381 rem
1923 1345 2043 1397 me,

462 1409 662 1478 inquit,
714 1411 951 1464 omnium
1006 1413 1232 1480 quaesita
1263 1414 1342 1482 (5)
1377 1417 1660 1471 maximam
1716 1433 1904 1487 vocas,
1961 1423 2046 1476 cui

462 1501 546 1554 vix
579 1511 600 1540 α
633 1501 879 1557 exhausti
909 1503 1195 1574 quidquam
1223 1507 1352 1560 satis
1385 1508 1472 1561 sit.
1505 1508 1650 1561 Talis
1675 1524 1908 1580 namque
1931 1529 2046 1566 ma-

462 1593 594 1646 teria
625 1602 707 1647 est
728 1635 741 1656 ,
764 1603 841 1657 ut,
872 1611 972 1647 una
1004 1597 1336 1663 dubitatione
1363 1600 1590 1662 succisa,
1629 1600 2048 1660 innumerabiles

458 1686 605 1749 aliae,
632 1688 774 1739 velut
800 1685 828 1721 ἀ
858 1687 1042 1757 hydra:
1087 1688 1294 1755 capita,
1339 1702 1683 1744 succrescant
1715 1709 1728 1744 :
1770 1709 1870 1749 nec
1907 1698 2046 1753 ullos

1378 283 1466 338 DE
1503 283 2020 343 CONSOLATIONE
2060 287 2528 346 Pl—llLGSOPlll/E
2565 289 2694 345 LIB.
2736 289 2821 345 IV.

2071 406 2127 465 Α
2151 407 2315 472 qua-ri
2347 405 2487 458 SOiet
2518 423 2532 457 :
2564 419 2682 473 qua:
2711 401 2895 474 quanti
2944 404 3124 457 oneris
3145 403 3252 458 sint
3283 403 3396 474 ipse
3425 401 3736 472 perpendis.

3637 283 3742 341 8H

2157 497 2261 552 Sed
2302 498 2548 574 quoniam
2593 497 2706 552 bzec
2743 512 2955 567 quoque
2985 506 3036 550 te
3065 511 3250 561 nosse,
3285 497 3526 566 quedam
3567 495 3738 552 medi-

2154 588 2289 642 cina:
2326 598 2428 642 tute
2462 589 2634 657 portio
2657 597 2741 642 est
2761 629 2775 653 ,
2811 601 3120 655 quanquam
3149 595 3376 655 angusto
3405 586 3573 641 limite
3605 598 3740 640 tem-

2155 681 2300 749 poris
2351 680 2522 748 septi,
2573 689 2747 734 tamen
2795 677 2994 747 aliquid
3043 687 3067 716 °
3113 677 3356 734 delibare
3396 679 3737 738 conabimur.

2153 773 2304 842 Quod
2337 774 2383 827 si
2414 783 2464 828 te
2503 774 2689 828 musici
2717 774 2968 828 carminis
2995 773 3383 830 oblectamenta
3421 775 3695 829 delectant
3717 812 3733 836 .

2155 865 2291 920 hanc
2313 874 2525 932 oportet
2554 866 2824 934 pauliSper
2849 865 3066 920 dili'eras
3089 865 3413 936 voluptatem
3431 907 3446 932 ,
3474 866 3598 920 dum
3619 865 3733 935 (15)

2154 972 2316 1010 nexas
2341 955 2441 1010 sibi
2464 955 2650 1010 ordine
2677 964 2906 1010 contexo
2930 955 3182 1010 rationes.
3211 955 3278 1010 Ut
3302 955 3459 1020 libet,
3494 954 3730 1022 inquam.

2154 1048 2311 1120 293
2345 1051 2363 1080 ¹
2395 1048 2529 1103 Tum
2562 1049 2702 1103 velut
2740 1049 2808 1102 ab
2843 1049 2950 1102 alio
2980 1062 3102 1101 orsa
3133 1047 3423 1116 principio.
3459 1048 3527 1101 ita
3558 1046 3734 1101 disse-

2153 1143 2277 1196 ruit.
2315 1142 2563 1196 Omnium
2589 1141 2864 1210 generatio
2895 1155 3070 1195 rernm
3093 1182 3106 1203 ,
3149 1150 3478 1209 cunctosque
3507 1138 3736 1193 mutabi-

2153 1231 2281 1285 lium
2310 1241 2619 1285 naturarum
2652 1244 2993 1300 progressus,
3021 1239 3074 1284 et
3103 1227 3357 1298 quidquid
3395 1228 3573 1297 aliquo
3615 1245 3735 1283 mo-

2152 1332 2307 1377 vetur
2342 1323 2535 1391 modo,
2584 1336 2804 1387 causas,
2851 1322 3122 1387 ordinem,
3171 1321 3374 1375 formas
3420 1336 3489 1376 ex
3541 1320 3736 1378 divinas

2151 1421 2345 1472 mentis
2372 1413 2391 1454 τ
2419 1416 2708 1471 stabilitate
2731 1415 2972 1469 sortitur.
2997 1414 3122 1468 liam
3154 1413 3204 1467 in
3233 1428 3346 1467 sua;
3373 1413 3736 1482 simplicitatis

2150 1525 2274 1567 arce
2305 1509 2626 1578 composita,
2660 1507 3005 1575 multiplicem
3033 1505 3112 1576 (5)
3141 1504 3300 1560 rebus
3325 1503 3577 1572 gerendis
3617 1521 3736 1559 ino-

2148 1602 2272 1655 dum
2305 1599 2509 1654 statuit.
2551 1599 2648 1664 Qui
2694 1599 2882 1652 modus
2909 1613 3028 1652 cum
3063 1598 3114 1650 in
3149 1596 3257 1664 ipsa
3291 1594 3487 1648 divinae
3528 1594 3734 1651 intelli-

2150 1697 2338 1766 gentiae
2367 1694 2593 1763 puritate
2622 1695 2972 1764 conspicitur,
3005 1693 3349 1748 Providentia
3382 1693 3688 1748 nominatur
3718 1710 3733 1747 :

459 1777 618 1832 fuerit
653 1779 872 1844 modus,
918 1780 1018 1832 nisi
1048 1783 1168 1849 quis
1199 1795 1291 1835 eas
1321 1781 1662 1836 vivacissimo
1699 1787 1891 1842 mentis
1923 1789 2044 1859 igne
2075 1756 2122 1816 Β
2148 1756 2268 1842 cum
2297 1800 2422 1840 vero
2441 1785 2507 1840 ad
2531 1800 2592 1839 ea
2619 1802 2738 1855 qua:
2784 1795 2960 1839 movet
2997 1793 3154 1855 atque
3209 1784 3442 1852 disponit
3477 1784 3733 1848 refertur,

457 1881 706 1926 cterceat.
744 1874 759 1902 ¹
795 1872 848 1931 In
880 1871 979 1927 bac
1007 1875 1148 1927 enim
1181 1872 1247 1926 de
1280 1873 1631 1931 Providentia:
1662 1877 2036 1947 simplicitate,

456 1963 524 2017 de
569 1963 659 2017 fati
697 1965 865 2029 serie,
901 1965 970 2020 de
1012 1967 1300 2034 repentinis
1324 1968 1568 2037 casibus,
1601 1971 1668 2025 de
1701 1977 2036 2044 cognitione,

457 2070 518 2108 ac
557 2057 1159 2128 praedestinationeUO)
1181 2060 1357 2112 divina
1377 2087 1402 2124 ,-
1435 2061 1503 2115 de
1540 2063 1746 2118 arbitrii
1792 2065 2039 2123 libertate

2149 1881 2312 1932 latum
2330 1892 2356 1930 a
2385 1877 2656 1932 veteribus
2677 1877 2997 1946 appellatum
3017 1885 3117 1930 est.
3138 1875 3264 1942 Quae
3281 1876 3492 1930 diversa
3513 1889 3631 1929 esse
3656 1875 3734 1927 la-

2143 1976 2246 2030 cile
2265 1972 2563 2042 liquebit,si
2591 1973 2708 2041 quis
2737 1974 3016 2040 utriusque
3035 1971 3138 2025 vim
3163 1982 3343 2026 mente
3372 1972 3733 2042 conspexerit.

2146 2069 2166 2098 ³
2197 2067 2327 2122 Nam
2358 2063 2697 2119 Providentia
2743 2073 2826 2119 est
2857 2065 2942 2118 illa
2983 2066 3096 2134 ipsa
3141 2063 3318 2118 divina
3368 2066 3501 2118 ratio
3529 2065 3642 2137 (10)
3679 2065 3731 2120 in

1847 2206 2426 2265 INTERPRETATIO.

533 2320 559 2348 ⁸
584 2311 649 2365 Ut
678 2313 772 2365 hac
800 2315 862 2366 de
889 2329 942 2367 re
964 2312 1105 2366 dicas
1134 2321 1272 2368 tuam
1298 2317 1620 2371 sententiam.

529 2380 553 2418 δ
590 2382 850 2447 Ιίπροηιιδ.

527 2463 547 2488 ν
585 2449 692 2506 Dici
721 2463 881 2524 potest
913 2454 1110 2524 aliquid
1135 2457 1259 2510 satis
1287 2467 1604 2510 accuratum.

2219 2321 2244 2360 ἀ
2283 2323 2544 2391 Serpentis
2571 2324 2798 2392 plurium
2828 2323 3070 2378 cauitum.

2225 2405 2249 2465 ἦ
2281 2395 2477 2465 Leviter
2504 2396 2773 2465 attingere.

2228 2464 2249 2502 ί
2281 2463 2594 2519 Constantia.

1981 2595 2208 2653 NOTAE.

452 2715 605 2774 gant,
657 2705 901 2766 inscitiaa;
939 2704 1357 2758 existimavimus
1401 2713 1600 2773 tamen,
1637 2706 1810 2761 deleta
1846 2711 2031 2766 ultima

452 2777 678 2846 syllaba,
708 2792 825 2843 qua:
855 2776 1174 2841 scriptorum
1207 2775 1413 2829 inscitia
1448 2776 1600 2831 facdc
1631 2777 1895 2834 introduci
1931 2797 2028 2845 po-

453 2847 579 2910 tuit,
618 2847 894 2912 legendum
941 2862 1059 2900 esse
1098 2848 1299 2910 insciti,
1354 2847 1451 2900 hoc
1511 2857 1591 2900 est
1645 2848 1812 2916 ignari
1856 2853 2036 2912 vulni:

450 2918 594 2980 leges
625 2917 763 2970 enim
793 2916 945 2978 huius
974 2917 1224 2970 carminis
1249 2917 1385 2969 ferre
1409 2931 1511 2970 noo
1542 2931 1760 2984 possunt
1793 2921 2026 2984 inscitite,

450 2989 598 3052 cujus
625 2988 854 3041 secunda
877 2988 1077 3058 syllaba
1112 2989 1422 3056 producitur
1451 2987 1668 3042 Horatio
1700 2989 1874 3058 Satyr.
1912 2993 1946 3047 l.
1975 3010 2028 3058 ιι,

449 3069 549 3111 sat.
581 3059 614 3110 2
648 3076 659 3109 ;

577 3150 715 3200 ΙΙΙιιιη
734 3158 815 3198 aut
841 3151 1090 3211 nequities
1112 3157 1195 3198 aut
1219 3148 1336 3196 vafri
1360 3149 1543 3196 inscitia
1570 3149 1705 3209 juris.

520 3233 540 3306 ξ
563 3233 642 3306 n
684 3232 784 3306 hac
813 3232 1048 3306 _enim_de
1092 3229 1431 3306 Providentiae
1467 3232 1800 3306 simplicitate
1825 3275 1837 3296 ,
1883 3243 1985 3287 etc.
2015 3231 2035 3306 ]

451 3305 490 3357 1.
517 3302 854 3367 ΡΙιὶΙοεοιιιιίτι
881 3302 1076 3354 indicat
1099 3301 1372 3354 materiam
1397 3300 1649 3364 deinceps
1675 3302 1776 3355 sibi
1804 3300 2036 3356 tractaui

449 3375 596 3434 dum,
632 3375 680 3425 in
700 3387 824 3441 qua,
860 3388 959 3423 nna
984 3372 1310 3424 dubitatione
1340 3373 1566 3432 suerisa.
1603 3373 1894 3426 innumerae
1917 3377 2036 3430 alite

449 3447 717 3498 oriuntur:
755 3442 1055 3511 hnjnsmodi
1091 3454 1212 3494 sunt
1243 3444 1420 3495 divina
1449 3443 1810 3507 Providentia,
1844 3445 2030 3509 fatum,

450 3515 735 3567 concordia
769 3514 1026 3566 Iibertalis
1053 3513 1294 3565 humana:
1323 3529 1441 3565 cum
1473 3513 1650 3566 divina
1678 3517 2028 3580 przenotione.

449 3585 633 3655 Hydra
663 3597 861 3647 autem,
889 3583 1039 3655 cuius
1069 3584 1412 3637 similitudine
1437 3601 1575 3637 nunc
1596 3584 1762 3636 utitur
1780 3583 2031 3640 Philoso-

450 3654 592 3722 phia,
617 3654 995 3722 quinquaginta
1017 3656 1122 3715 vel,
1150 3663 1205 3704 ut
1231 3655 1318 3705 alii
1343 3657 1544 3717 volunt,
1566 3664 1777 3707 centum
1805 3655 2033 3712 habebat

448 3726 642 3792 capita,
663 3739 910 3792 quorum,
937 3739 1040 3776 uno
1059 3725 1318 3784 abscisso,
1343 3726 1447 3777 duo
1475 3725 1910 3793 renascebantur,
1936 3727 2033 3778 do-

447 3811 545 3849 nec
575 3796 825 3849 Hercules
851 3836 864 3855 ,
895 3803 1166 3862 amputato
1207 3809 1528 3862 unoquoque
1567 3799 1743 3862 capite
1768 3837 1784 3860 ,
1820 3798 2029 3852 vulneri

448 3865 621 3933 ignem
648 3865 965 3918 admoverit.
1002 3866 1074 3918 De
1097 3865 1314 3918 Lerna-a
1341 3867 1437 3919 bac
1468 3865 1632 3919 bestia
1667 3869 1797 3920 infra
1822 3868 2030 3922 dicetur

448 3947 618 3989 metro
648 3936 678 3989 7
703 3937 858 4000 hujus
890 3935 1006 3993 Ιώ..
1036 3953 1087 3987 v.
1114 3936 1204 3988 ‘22.

513 4007 536 4039 ⁸
562 4005 689 4058 Tum
725 4009 858 4058 velut
879 4006 940 4058 ab
979 4007 1081 4058 alio
1111 4022 1227 4058 orsa
1258 4005 1552 4071 print-ipim]
1584 4005 1646 4058 ll.
1685 4007 2024 4074 Philosonhia

445 4077 643 4130 indicat
670 4077 882 4129 modum
919 4092 1024 4141 quo
1062 4077 1315 4144 ἀυὶιιιτιιρς
1344 4075 1718 4140 disputabitur.
1761 4077 2023 4135 Nimirum

445 4161 563 4200 eum
600 4147 737 4200 Deus
755 4162 858 4199 non
884 4148 1056 4198 minus
1077 4148 1145 4198 sit
1173 4161 1330 4199 enisa
1360 4147 1548 4212 prima,
1578 4163 1734 4214 quam
1761 4149 1880 4201 linis
1905 4151 2026 4204 ulti-

446 4233 564 4270 tnns
592 4233 766 4270 rerum
798 4218 1055 4277 omnium,
1091 4216 1428 4285 Philosophia
1460 4218 1520 4267 ad
1548 4232 1699 4270 suum
1727 4220 2023 4274 institutum

447 4289 771 4354 probandum
788 4297 1094 4356 argumenta
1119 4288 1397 4341 desumere
1424 4296 1596 4353 potest
1616 4303 1644 4340 a
1673 4288 1781 4340 Deo
1805 4289 1857 4340 in
1884 4303 2026 4344 ntro-

446 4374 549 4426 que
583 4358 681 4411 boc
704 4374 898 4422 genere
919 4372 1094 4410 causa
1114 4375 1126 4409 ε
1147 4373 1262 4424 ψΙώ
1286 4367 1460 4410 autem
1489 4356 1746 4411 hactenus
1763 4362 2024 4425 espositze

443 4439 565 4482 sunt
605 4428 836 4481 rationes
861 4468 874 4488 ,
919 4428 998 4479 ba:
1037 4445 1063 4480 a
1101 4430 1206 4479 Deo
1246 4428 1402 4480 veluti
1440 4429 1542 4479 line
1583 4436 1814 4492 accepta:
1854 4443 2017 4493 sunt,

2139 2715 2367 2790 quamvis
2403 2717 2454 2790 in
2497 2725 2714 2770 veterum
2748 2728 3017 2771 auctorum
3059 2718 3199 2790 libris
3249 2717 3334 2782 qui
3370 2727 3490 2770 sunt
3542 2721 3727 2790 reliqui

2144 2783 2282 2854 (cum
2313 2787 2587 2840 maximam
2608 2804 2780 2840 eorum
2804 2797 2996 2855 partem
3023 2789 3292 2850 interiisse,
3314 2803 3472 2853 eoque
3498 2783 3727 2844 innume-

2140 2871 2316 2929 rarum
2346 2873 2521 2929 vocum
2556 2858 2854 2929 Latinarum
2871 2860 3133 2925 jacturam
3163 2863 3349 2924 {actam
3377 2875 3480 2911 esse
3515 2864 3728 2929 constet)

2142 2924 2379 2999 puritatis
2404 2927 2702 2999 vocabulum
2733 2947 2830 2981 non
2862 2924 3140 2981 invenerit:
3168 2930 3289 2996 quia
3316 2939 3480 2999 tamen
3513 2924 3729 2999 impuri;

2139 3005 2293 3047 tatem
2321 2998 2372 3048 in
2402 2996 2644 3050 Cicerone
2673 2998 2907 3068 legimus,
2934 3016 3033 3052 non
3052 2999 3201 3050 habet
3228 3014 3320 3050 cur
3349 2996 3730 3066 seipsum'una-

2141 3081 2245 3137 que
2267 3082 2438 3121 secum
2467 3069 2596 3121 alios
2637 3070 2956 3124 doctissimos
2987 3068 3216 3122 homines
3254 3069 3307 3121 in
3338 3069 3476 3137 vulgi
3526 3070 3728 3127 barbari

2066 3122 2114 3185 C
2145 3122 2347 3192 iarbam
2376 3140 2639 3207 conjiciat.

2220 3210 2286 3258 At
2313 3211 2558 3272 quamvis
2597 3210 2782 3264 Cicero
2812 3211 3004 3265 dixerit
3035 3210 3366 3278 inﬁnitatem.
3412 3209 3726 3277 infirmatio-

2142 3295 2284 3352 ttem,
2323 3279 2707 3352 Terentiusque
2746 3282 3115 3350 infortun'um.
3149 3296 3254 3334 non
3287 3280 3409 3334 inde
3446 3285 3726 3352 sequitur,

2139 3350 2408 3417 ﬁnitntem,
2443 3351 2808 3416 ﬁrmationem,
2852 3355 3128 3417 [ormninm
3161 3366 3319 3406 voces
3345 3365 3464 3404 esse
3490 3350 3722 3408 Latinas.

2215 3420 2234 3494 ἓ
2273 3425 2412 3478 Nam
2449 3421 2798 3494 Providentia,
2820 3422 2951 3494 etc.]
2983 3423 3061 3476 Ill.
3095 3419 3433 3494 l’_hilosophia
3461 3420 3612 3476 alfert
3634 3424 3726 3476 de-

2138 3489 2432 3548 ﬁnitionem
2458 3492 2648 3545 divinae
2680 3489 3034 3547 Providentia:
3060 3511 3071 3544 :
3109 3492 3228 3553 Est,
3259 3493 3418 3556 inquit
3444 3533 3457 3549 .
3491 3493 3582 3545 illa
3611 3496 3724 3557 ipsa

2138 3564 2308 3620 divina
2336 3565 2470 3618 ratio
2498 3565 2549 3616 in
2571 3580 2766 3616 summo
2793 3566 3017 3617 ovnninm
3042 3565 3269 3628 principe
3291 3563 3585 3621 constituta,
3611 3582 3724 3631 qua

2137 3648 2321 3689 cuncta
2351 3635 2598 3702 disponit.
2630 3635 2758 3700 Qtne
2783 3635 2994 3702 quidem
3025 3633 3283 3698 delinitio,
3317 3635 3436 3701 quia
3461 3634 3529 3687 ab
3554 3637 3724 3689 onini-

2136 3703 2234 3758 bus
2275 3706 2540 3773 theologis
2581 3715 2973 3774 propngnatur,
3015 3703 3133 3759 ideo
3174 3704 3480 3773 diligentius
3517 3707 3724 3760 videtur

2135 3775 2670 3843 exponenda.lgbur

2210 3849 2412 3902 Dicitur
2467 3847 2521 3900 i"
2547 3848 2680 3898 ratio
2711 3862 2728 3898 :
2754 3861 2872 3898 cum
2906 3846 3046 3900 enim
3090 3845 3222 3897 ratio
3259 3845 3468 3898 dicatur
3495 3859 3523 3897 a
3562 3862 3677 3899 reor
3703 3888 3718 3909 ,

2135 3934 2361 3980 cumque
2389 3933 2506 3971 reor
2524 3917 2660 3970 idem
2679 3918 2750 3971 sit
2777 3917 2914 3982 quod
2940 3927 3061 3984 puto
3089 3917 3201 3968 sive
3230 3917 3414 3984 cogito,
3438 3927 3721 3983 pr0pterea

2133 3990 2384 4054 cogitatio
2404 3989 2577 4041 omnis
2608 3999 2752 4041 recte
2770 3987 2963 4040 dicitur
2984 3989 3148 4038 ratio:
3176 3985 3296 4039 hinc
3324 3997 3499 4039 autem
3524 3987 3718 4042 lactant

2132 4059 2297 4113 arbitr
2321 4075 2382 4122 ir,
2413 4067 2470 4111 ut
2496 4059 2630 4110 ratio
2653 4059 2811 4110 etiam
2844 4057 3019 4110 Tullio
3045 4057 3108 4109 sit
3139 4072 3310 4115 mens,
3346 4055 3716 4123 intelligentia,

2130 4130 2439 4191 consilium,
2470 4127 2747 4193 judicium,
2780 4128 3188 4193 argumentatio,
3219 4128 3514 4180 inStitntnin
3535 4140 3587 4179 et
3617 4143 3719 4180 cm-

2135 4207 2242 4251 tera
2277 4201 2324 4252 id
2349 4214 2538 4269 genus.
2573 4197 2757 4251 Omnis
2787 4209 2962 4251 autem
2996 4197 3324 4264 providentia
3359 4196 3598 4264 quadam
3635 4209 3718 4253 est

2128 4271 2380 4346 cogitatio
2405 4269 2870 4346 {quandoquidem
2897 4269 3141 4346 quaedam
3170 4277 3252 4322 est
3279 4271 3508 4346 qualitas
3548 4271 3715 4346 riictnti

2130 4337 2310 4406 insita,
2350 4339 2503 4408 cujus
2543 4353 2694 4392 mens
2727 4339 2840 4406 ipsa
2881 4340 3127 4404 proxime
3165 4337 3378 4392 conscia
3420 4350 3518 4392 cst.
3555 4337 3718 4408 Igitur

2129 4408 2470 4466 Providentia
2499 4418 2580 4463 est
2610 4410 2764 4462 ratio.

443 4514 607 4566 quare
635 4514 752 4565 quae
782 4499 1034 4562 deinceps
1073 4497 1362 4550 atl‘crentnr
1385 4537 1400 4560 ,
1443 4497 1571 4563 ipsae
1602 4513 1629 4549 a
1663 4487 1767 4548 Deo
1799 4501 1943 4552 velut
1991 4487 2020 4554 ά
2057 4508 2104 4564 D
2200 4490 2396 4566 Verum
2421 4505 2540 4566 εξιιη
2567 4489 2820 4554 οοιζὶιίιιίο
2842 4488 3067 4566 duplicis
3097 4487 3166 4540 sit
3194 4487 3428 4566 generis,
3460 4489 3710 4545 nimirum

443 4584 598 4622 causa
623 4569 888 4622 el’liciente
918 4570 1086 4634 prima
1125 4570 1451 4633 accipientur
1478 4584 1490 4629 ;
1532 4568 1652 4621 binc
1683 4567 2021 4636 l’lnlosOpbia

444 4641 623 4707 incipit
647 4657 658 4691 :
686 4639 970 4706 Quidquid,
996 4639 1185 4701 inquit,
1209 4649 1437 4696 creatur,
1462 4653 1806 4691 conservatur
1857 4651 1908 4692 et
1928 4641 2024 4693 ali-

443 4725 546 4777 quo
578 4711 733 4762 modo
765 4710 1019 4769 allia-itur,
1053 4707 1181 4761 illud
1212 4723 1238 4759 a
1285 4708 1391 4758 Deo
1422 4708 1563 4759 velut
1588 4723 1616 4760 a
1651 4708 1816 4776 prima
1857 4725 2017 4764 causa

442 4793 683 4839 creatur.
713 4790 1088 4840 conservatur,
1122 4787 1176 4831 et
1215 4777 1545 4831 Inoiliiicatur
1575 4795 1586 4829 :
1613 4778 1752 4847 quod
1794 4780 1934 4832 enim
1968 4781 2020 4833 in

441 4851 628 4904 eodem
655 4866 822 4919 eoque
839 4849 1064 4915 simplici
1091 4863 1300 4917 semper
1324 4848 1480 4900 modo
1505 4848 1615 4911 liat,
1646 4860 1920 4916 propterea
1952 4854 2018 4904 ab

443 4937 542 4972 una
567 4936 732 4988 eaque
755 4919 982 4985 simplici
1007 4927 1205 4982 mente,
1238 4919 1483 4970 nimirum
1513 4919 1617 4971 Deo
1653 4921 1762 4978 liat,
1797 4935 2017 4974 necesse

440 5002 538 5043 est.
567 4994 652 5044 Sic
674 4992 841 5042 divina
869 5006 1009 5042 mens
1034 4989 1362 5055 multiplicem
1385 4989 1531 5041 reb-ns
1553 4990 1784 5055 gerendis
1812 4992 2020 5042 modum

440 5065 636 5123 statuit,
659 5062 744 5129 qui
770 5063 967 5123 tttodus,
987 5076 1101 5112 cum
1133 5061 1181 5111 in
1208 5061 1320 5128 ipsa
1350 5061 1535 5112 divina?
1553 5060 1900 5127 intelligentia:
1928 5079 2022 5128 pu-

441 5130 589 5184 ritate
617 5133 946 5200 conspicitur,
973 5129 1297 5182 Providentia
1320 5131 1613 5182 nominatur
1637 5145 1782 5193 ;cunt
1814 5147 1927 5184 vero
1952 5133 2020 5183 ad

441 5218 497 5252 ea
526 5219 636 5262 ante
663 5199 819 5253 niovet
861 5216 1010 5270 atque
1053 5201 1275 5269 disponit
1313 5204 1550 5270 refertur,
1584 5199 1748 5268 fatum
1777 5217 1808 5252 a
1840 5203 2021 5254 veteri-

443 5278 532 5323 lius
561 5272 871 5340 appellatur.

515 5346 662 5395 Sitne
689 5344 885 5410 puritas
914 5357 1012 5395 vox
1045 5341 1253 5404 Latina,
1278 5341 1569 5394 dubitatur.
1598 5341 1698 5393 Alii
1727 5342 1897 5402 aiunt,
1929 5342 2017 5396 alii

445 5425 652 5480 negarit.
688 5413 966 5478 SciOppins
1006 5412 1055 5464 in
1089 5412 1636 5465 animadversiouihus
1665 5413 1714 5464 in
1745 5413 2010 5476 Vossium,

439 5500 590 5536 suum
619 5483 741 5533 huic
769 5481 984 5535 dictioni
1002 5483 1088 5550 jus
1127 5481 1425 5535 Latinitatis
1448 5483 1728 5536 restituere
1765 5494 2010 5547 cenatus,

440 5557 543 5607 ait:
578 5555 671 5606 Sin
701 5564 868 5604 autem
899 5553 1244 5616 impuritatem
1278 5551 1486 5605 Vossius
1522 5553 1762 5604 Latinum
1797 5569 1902 5606 esse
1931 5570 2014 5605 as-

436 5626 650 5677 sentitur
677 5639 882 5689 praprer
921 5620 1174 5694 Ciceronis
1204 5627 1551 5694 auctoritatem
1577 5664 1592 5686 ,
1625 5624 1786 5689 ipsius
1815 5639 2012 5694 quoque

436 5695 628 5763 judicio
655 5695 850 5761 paritas
879 5695 1083 5746 minime
1111 5692 1378 5763 barbarum
1411 5693 1568 5746 rideri
1591 5694 1759 5746 debet.
1780 5735 1792 5747 .
1893 5693 2011 5746 Meo

436 5761 553 5839 ergo
577 5765 778 5837 judicio
811 5775 968 5834 potest
989 5764 1104 5833 jam
1144 5761 1354 5818 Vossius
1390 5781 1565 5817 securo
1596 5781 1702 5817 esse
1736 5766 1936 5829 animo,
1964 5772 2011 5817 et

2134 4562 2280 4612 notio
2301 4570 2355 4613 et
2383 4560 2647 4621 voluntas,
2678 4560 2902 4622 quaestio
2927 4569 3009 4611 est
3038 4561 3173 4610 inter
3203 4558 3501 4627 theologos,
3535 4573 3709 4614 utrum

2133 4630 2470 4683 Providentia
2491 4633 2561 4682 sit
2593 4629 2736 4682 nmio
2763 4640 2986 4690 tantum,
3009 4638 3181 4680 utrum
3207 4630 3453 4680 voluntas
3476 4639 3709 4696 tantum;

2133 4710 2309 4752 utrum
2337 4701 2482 4752 notio
2525 4701 2682 4752 simul
2709 4710 2762 4752 et
2792 4700 3076 4760 voluntas;
3107 4698 3246 4764 quati
3278 4699 3517 4750 ultimum
3559 4700 3712 4755 video

2133 4771 2373 4837 pluribus
2405 4770 2638 4834 probari,
2661 4785 2962 4838 quanquam
2987 4769 3146 4821 iidem
3173 4769 3311 4822 inter
3331 4783 3388 4822 se
3419 4769 3710 4838 disputent,

2130 4850 2246 4892 utra
2269 4856 2334 4894 ex
2369 4841 2450 4892 his
2475 4839 2680 4894 duabus
2700 4840 3110 4902 cognationibus
3135 4840 3397 4906 pra'cipua
3424 4841 3492 4892 sit
3520 4841 3569 4892 in
3603 4843 3711 4905 ipsa

2128 4909 2512 4963 Providentia?
2547 4911 2678 4964 Hinc
2704 4911 3036 4979 providentia
3057 4910 3231 4962 divina
3265 4925 3292 4960 a
3323 4909 3590 4965 Ludovico
3628 4911 3713 4965 Vi-

2127 4994 2207 5032 ves
2238 4980 2520 5045 delinitur,
2553 4980 2797 5034 voluntas
2834 4981 2926 5034 Dei
2957 4981 3179 5034 consilio
3219 4981 3464 5034 universi
3511 4983 3706 5050 guber-

2128 5063 2322 5106 11311115.

2202 5132 2402 5187 Dii-itur
2428 5133 2487 5187 2°
2515 5134 2684 5186 divina
2712 5147 2729 5185 :
2759 5146 2878 5184 nam
2906 5128 3248 5184 Providentia
3279 5131 3382 5185 dici
3427 5143 3598 5201 potest
3642 5131 3710 5187 de

2126 5205 2269 5256 omni
2299 5215 2500 5268 mente,
2525 5205 2638 5257 sive
2660 5204 2861 5262 divina,
2886 5202 2996 5255 sive
3023 5202 3181 5254 etiam
3212 5211 3418 5254 creata:
3450 5205 3554 5256 imo
3585 5219 3706 5258 cum

2128 5271 2479 5337 Providentia,
2514 5284 2730 5327 auctore
2747 5272 2942 5332 Tullio,
2969 5273 3039 5324 sit
3066 5286 3151 5334 per
3172 5288 3324 5341 quam
3357 5273 3586 5342 futurum
3613 5274 3710 5326 ali-

2127 5345 2248 5402 quid
2270 5345 2468 5398 videtur
2494 5355 2760 5411 antequam
2800 5343 2992 5411 factum
3024 5345 3086 5393 sit
3111 5358 3126 5400 ;
3156 5356 3385 5409 cumque
3424 5347 3588 5397 tuenti
3627 5346 3710 5398 di-

2119 5414 2257 5466 vina:
2287 5415 2418 5467 nihil
2454 5415 2689 5470 futurum
2713 5416 2804 5477 sit,
2856 5425 3038 5465 contra
3075 5427 3198 5464 vero
3223 5413 3487 5467 mentilms
3509 5417 3710 5470 creatis

2121 5485 2269 5550 plura
2298 5485 2404 5537 sint
2433 5485 2628 5551 futura,
2676 5485 2876 5537 idcirco
2909 5482 3243 5535 Providentia
3268 5485 3370 5536 mel
3398 5499 3458 5537 us
3486 5485 3710 5538 rectius-

2118 5569 2221 5620 que
2249 5554 2442 5608 diritur
2466 5557 2529 5608 de
2554 5557 2762 5609 caeteris
2795 5571 2859 5606 ιιι·
2883 5555 3083 5617 ιιῑὶιιιις,
3111 5568 3267 5604 unam
3287 5555 3352 5606 de
3383 5554 3583 5607 divina.
3613 5555 3709 5609 Hic

2117 5633 2294 5676 tamen
2341 5641 2444 5678 non
2485 5629 2661 5694 agitur
2701 5626 2796 5677 nisi
2839 5625 2905 5675 dc
2955 5624 3182 5676 Provide
3209 5624 3294 5676 nia
3326 5623 3541 5690 divina,
3589 5641 3708 5691 quae

2119 5704 2398 5763 propterea
2431 5697 2612 5752 debuit
2642 5697 2741 5750 dici
2768 5697 2899 5748 ratio
2923 5695 3118 5759 divina,
3149 5695 3262 5748 sive
3290 5695 3538 5764 Cogitatio
3567 5697 3708 5749 divi-

2118 5781 2198 5819 ΙΙὶΒ
2244 5777 2456 5820 mentis.
