4290 6258
591 323 696 381 815

1831 324 1943 380 ΛΝ.
1987 326 2192 383 MANL.
2238 326 2392 386 SEV.
2434 328 2660 385 BOETII

3772 335 3881 397 816

590 452 799 499 summo
824 451 1061 493 omnium
1091 436 1333 508 principe
1359 437 1678 501 constituta,
1706 453 1825 508 qua:
1849 449 2038 494 cuncta
2062 441 2169 496 dis-
2197 453 2252 509 Α
2277 456 2371 498 seu
2406 445 2651 498 omnibus
2675 443 2846 500 fatalis
2874 448 3040 501 series
3070 449 3303 511 texitur;
3333 446 3460 505 illud
3486 455 3637 507 certe
3659 450 3737 521 (Pi)
3760 467 3875 505 ma-

587 535 740 606 ponit
773 553 784 586 :
818 532 979 604 29h
1013 534 1029 563 ³
1061 531 1224 585 fatum
1256 544 1382 583 vero
1409 529 1677 583 inhmrens
1707 529 1866 584 rebus
1889 532 2175 587 mobilibus

589 624 900 693 diSpositio,
933 638 1029 690 per
1057 635 1212 689 quam
1244 618 1582 673 Providentia
1614 620 1725 674 suis
1759 636 1985 691 qumque
2011 625 2175 678 nectit

589 717 884 771 ordinibus.
922 711 1258 768 Providentia
1282 726 1512 780 namque
1534 721 1722 766 cuncta
1747 712 1966 780 pariter,
1992 728 2177 784 quam-

587 810 667 862 vis
696 807 933 871 diversa,
967 803 1212 874 quamvis
1254 801 1457 855 infinita
1478 847 1492 869 ,
1536 801 1909 871 complectitur
1942 820 1955 857 :
2007 804 2171 858 fatum

587 914 715 954 vero
740 897 943 968 singula
969 895 1163 965 digerit
1189 894 1241 946 in
1270 902 1473 947 motum
1497 895 1627 947 locis
1646 934 1660 957 ,
1692 894 1876 948 formis
1898 934 1913 955 ,
1940 910 2002 949 ac
2030 905 2170 949 tem-

585 990 805 1061 poribus
827 985 1110 1042 distributa
1143 1001 1153 1035 :
1184 991 1241 1037 ut
1260 982 1337 1053 (ὅ)
1363 986 1476 1037 haec
1502 984 1814 1051 temporalis
1837 984 2043 1040 ordinis
2071 1001 2171 1040 ex-

586 1080 829 1151 plicatio,
858 1079 910 1133 in
941 1076 1134 1131 divina:
1161 1075 1354 1131 mentis
1378 1076 1607 1129 adunata
1634 1083 1659 1111 α
1683 1088 1965 1146 prospectu
1986 1116 2001 1141 ,
2035 1076 2171 1130 Pro-

587 1174 817 1229 videntia
864 1171 938 1225 sit
987 1187 1000 1223 :
1049 1170 1238 1225 eadem
1289 1183 1416 1223 vero
1456 1168 1709 1222 adunatio
1762 1166 1970 1237 digesta
2008 1178 2170 1237 atque

587 1264 844 1334 explicata
876 1262 1205 1330 temporibus
1254 1260 1421 1313 fatum
1453 1266 1693 1315 vocetur.
1739 1259 1895 1326 Quae,
1935 1259 2061 1314 licet
2087 1260 2172 1313 di-

586 1372 739 1413 versa
780 1356 917 1419 sint,
950 1353 1174 1407 alterum
1223 1358 1406 1405 tamen
1448 1349 1645 1419 pendet
1685 1364 1753 1404 ex
1795 1350 1985 1404 altero.
2027 1347 2174 1404 Ordo

586 1462 814 1517 namque
850 1445 1026 1500 fatalis
1052 1460 1117 1497 cx
1151 1442 1510 1498 Providentia:
1541 1441 1881 1511 simplicitate
1910 1442 2170 1511 procedit.

585 1540 736 1595 Sicut
759 1538 901 1593 enim
931 1534 1123 1591 artifex
1150 1533 1407 1589 faciendae
1436 1534 1513 1589 rei
1545 1534 1771 1588 formam
1795 1544 1974 1589 mente
2002 1535 2177 1604 perci-

585 1632 737 1700 piens
755 1671 769 1695 ,
799 1627 914 1701 (10)
944 1633 1129 1682 movet
1155 1624 1336 1695 operis
1362 1623 1645 1692 effectum,
1675 1625 1892 1693 etquod
1916 1626 2177 1694 simplici-

586 1735 687 1787 ter,
720 1722 746 1761 ι)
775 1724 1226 1793 praesentarieque
1275 1728 1657 1788 prospexerat,
1710 1734 1807 1789 per
1854 1719 2178 1788 temporales

2283 535 2531 589 nifestnm
2559 546 2669 599 est,
2704 538 3057 603 immobilem,
3089 540 3491 609 simplicemque
3520 543 3879 612 gerendarum

2280 626 2507 681 formam
2535 642 2710 680 rerum
2735 641 2855 682 esse
2878 628 3265 696 providentiam
3301 647 3313 681 :
3343 629 3509 683 fatum
3536 646 3662 685 vero
3686 646 3877 687 eorum

2280 732 2397 786 qua:
2442 718 2616 771 divina
2661 718 2972 787 simplicitas
3014 720 3248 790 gerenda
3288 721 3582 792 disposuit,
3615 723 3870 779 mobilem

2281 827 2509 878 nexum,
2556 822 2715 881 atque
2761 814 3003 866 ordinem
3054 815 3425 883 temporalem.
3460 815 3479 846 ³
3511 814 3627 882 Quo
3678 816 3765 882 fit,
3811 826 3872 870 ut

2279 904 2454 957 omnia
2488 920 2607 973 qua:
2633 904 2743 958 f'ato
2771 906 3021 970 subsunt,
3054 906 3416 963 Providentite
3445 924 3657 979 quoque
3686 909 3871 979 subje-

2280 1005 2363 1051 cta
2409 998 2554 1061 sint;
2597 997 2681 1052 cui
2723 997 2896 1066 ipsum
2927 998 3089 1053 etiam
3120 998 3361 1067 subjacet
3393 1000 3581 1054 fatum.
3615 1000 3875 1066 Quaedam

2279 1101 2439 1151 vero,
2471 1102 2590 1156 qum
2611 1089 2709 1141 sub
2741 1089 3085 1144 Providentia
3118 1090 3232 1161 (10)
3260 1092 3432 1146 locata
3463 1101 3608 1158 sunt,
3649 1093 3742 1148 fati
3784 1108 3875 1150 se-

2280 1180 2415 1234 riem
2446 1190 2719 1250 superent.
2754 1182 2830 1237 Ea
2861 1199 2988 1237 vero
3019 1193 3177 1249 sunt,
3210 1201 3331 1255 qua:
3364 1186 3547 1252 prima:
3580 1188 3875 1258 propinqua

2279 1272 2543 1327 divinitati
2582 1275 2848 1330 stabiliter
2888 1276 3026 1343 fixa,
3059 1277 3237 1332 fatalis
3265 1278 3512 1333 ordinem
3558 1280 3878 1335 mobilitatis

2279 1364 2563 1420 excedunt.
2594 1365 2723 1420 Nam
2757 1376 2815 1421 ut
2843 1369 3051 1422 orbium
3084 1369 3285 1424 circum
3315 1371 3561 1425 eumdem
3594 1372 3870 1427 cardinem

2277 1472 2399 1513 sese
2429 1460 2779 1526 vertentium,
2812 1462 2900 1530 qui
2931 1470 3013 1515 est
3054 1461 3308 1526 intimus,
3354 1463 3421 1517 ad
3468 1464 3872 1532 simplicitatem

2279 1550 2587 1606 medietatis
2627 1552 2859 1618 accedit,
2911 1564 3338 1626 carterorumque
3384 1565 3531 1611 extra
3577 1557 3873 1615 locatorum

2278 1642 2440 1695 veluti
2467 1642 2630 1697 cardo
2658 1644 2909 1713 quidam,
2943 1647 3083 1718 circa
3114 1663 3272 1714 quem
3306 1656 3606 1713 versentur,
3636 1649 3817 1704 existit
3853 1668 3868 1704 :

2282 1731 2394 1802 (15)
2420 1736 2653 1790 extimus
2681 1752 2810 1792 vero
2838 1738 3044 1808 majore
3072 1740 3277 1794 ambitu
3309 1749 3551 1808 rotatus,
3597 1754 3797 1812 quanto
3841 1760 3873 1799 a

586 1817 799 1870 ordines
841 1813 1026 1875 duo“:
1075 1812 1143 1866 ἱιτι
1177 1811 1318 1865 Deus
1372 1810 1715 1864 PPOVidem-ia
1738 1811 1957 1903 (ιδιίαειιι
1988 1811 2173 1903 είιξίόυ·
2206 1840 2255 1901 Β
2282 1825 2462 1894 puncti
2493 1828 2664 1882 media
2697 1827 3072 1885 individuitate
3110 1831 3369 1897 discedit,
3402 1842 3551 1887 tanto
3593 1810 3873 1903 ampliori-

585 1908 791 1972 lariter,
814 1904 1181 1972 stabiliterque
1204 1901 1443 1956 facienda
1466 1901 1735 1969 disponit:
1764 1900 1871 1955 fato
1901 1916 2028 1956 vero
2057 1902 2172 1956 huic

586 2001 734 2066 ipsa,
780 2013 898 2067 quae
947 1994 1241 2065 disposuit,
1290 1994 1654 2064 multipliciter
1700 2010 1765 2049 ac
1809 1997 2174 2065 temporaliter

585 2088 945 2143 administrat.
998 2088 1155 2158 295
1184 2086 1205 2116 ³
1233 2086 1355 2140 Sive
1398 2085 1577 2156 igitur,
1622 2084 2007 2141 famulantibus
2047 2087 2172 2157 qui-

546 2194 551 2201 ‘
585 2181 807 2237 busdam
840 2178 1193 2232 Providentia:
1232 2176 1422 2231 divinis
1464 2176 1741 2245 spiritibus
1765 2219 1778 2242 ,
1814 2178 1976 2231 fatum
2018 2192 2175 2232 exer-

584 2283 752 2337 cetur,
792 2287 885 2327 seu
925 2271 1136 2333 anima,
1181 2283 1277 2323 seu
1306 2277 1411 2323 tota
1454 2269 1781 2324 inserviente
1813 2278 2038 2333 natura,
2073 2284 2171 2324 seu

584 2367 892 2424 ctelestibus
931 2364 1166 2420 siderum
1210 2363 1482 2429 motibus,
1524 2379 1620 2418 seu
1667 2365 1906 2436 angelica
1941 2365 2165 2432 virtute,

581 2476 678 2517 seu
719 2459 1021 2515 dmmonum
1062 2457 1207 2512 varia
1236 2457 1480 2523 solertia,
1515 2472 1610 2513 seu
1634 2456 1903 2528 aliquibus
1930 2458 2125 2512 horum
2151 2498 2166 2524 ,

2280 1915 2380 1970 bus
2411 1919 2599 1985 spatiis
2645 1921 2944 1989 explicatur
2999 1940 3011 1974 :
3062 1922 3109 1976 si
3143 1922 3268 1992 quid
3319 1938 3447 1977 vero
3477 1924 3558 1978 illi
3588 1940 3646 1979 se
3691 1925 3870 1979 medio

2282 2017 2564 2063 connectat
2588 2019 2642 2065 et
2670 2012 2870 2080 societ,
2904 2014 2957 2067 in
2990 2014 3390 2083 simplicitatem
3420 2017 3648 2087 cogitur,
3678 2018 3872 2074 diffun-

2282 2097 2444 2169 dique
2487 2116 2550 2155 ac
2572 2102 2811 2159 diffluere
2837 2114 3029 2160 cessat.
3064 2106 3236 2162 Simili
3264 2109 3471 2162 ratione
3496 2110 3637 2178 quod
3663 2110 3871 2181 longius

2282 2204 2312 2242 a
2347 2200 2369 2227 ο
2418 2192 2584 2258 prima
2636 2205 2813 2249 mente
2863 2196 3124 2261 discedit,
3172 2197 3463 2265 majoribus
3502 2198 3595 2252 fati
3646 2201 3870 2255 nexibus

2283 2280 2606 2349 implicatur,
2639 2301 2701 2340 ac
2733 2296 2880 2342 tanto
2928 2289 3132 2357 aliquid
3182 2290 3290 2343 fato
3341 2291 3567 2346 liberum
3613 2303 3695 2347 est
3725 2292 3869 2364 (20),

2276 2382 2477 2439 quanto
2511 2375 2659 2429 illum
2692 2393 2870 2432 rerum
2907 2380 3179 2435 cardinem
3208 2382 3437 2438 vicinius
3464 2382 3615 2453 petit.
3645 2385 3794 2452 Quod
3823 2388 3867 2441 si

2276 2475 2521 2530 superna:
2551 2468 2714 2539 296
2734 2474 2923 2527 mentis
2949 2472 3163 2530 haeserit
3187 2474 3454 2546 firmitati,
3482 2485 3627 2533 motu
3656 2492 3866 2547 carens,

1950 2607 2155 2664 INTER
2166 2607 2529 2672 PRETATIO.

657 2763 681 2791 ι
710 2753 759 2807 Ν
764 2753 947 2806 otione.

651 2824 680 2863 δ
710 2823 773 2878 Ει
801 2820 1149 2893 imaginando.

2352 2762 2374 2788 ε
2408 2751 2537 2806 Deo.

2111 2976 2340 3035 NOTAE.

649 3125 853 3181 Dicitur
890 3122 946 3178 3‘
978 3122 1031 3175 in
1068 3134 1265 3174 summa
1309 3132 1536 3170 omnium
1576 3114 1806 3182 principe
1843 3117 2120 3171 constituta
2149 3134 2167 3171 :

2348 3119 2571 3189 Insuper
2592 3138 2682 3197 per
2708 3123 2839 3197 lianc
2880 3124 3266 3197 dispositionem
3310 3129 3458 3183 rebus
3492 3132 3756 3187 mobilibus
3782 3153 3856 3189 ιη·

578 3198 694 3267 quia
737 3193 1075 3250 Providentia
1099 3190 1277 3270 divina
1300 3197 1384 3243 est
1408 3188 1721 3269 attributum
1750 3186 1865 3250 Dei,
1901 3199 2166 3270 quatenus
2192 3218 2239 3281 ο
2272 3186 2546 3281 riter-eriterit
2570 3186 2746 3281 divina
2765 3186 3099 3281 Protsidenlia
3122 3200 3227 3281 suis
3253 3218 3462 3281 quisque
3485 3205 3635 3256 nectit
3667 3186 3856 3281 ordini-

577 3260 720 3325 Deus
749 3277 831 3320 est
852 3261 1372 3338 summusomnium
1401 3260 1698 3338 princeps;
1732 3260 1923 3338 summi
1964 3261 2166 3338 quippe

577 3340 833 3409 principis
848 3347 952 3399 est,
966 3333 1251 3409 providere
1271 3330 1535 3409 omnibus.
1557 3329 1847 3394 Sapientize
1864 3344 1921 3409 vi
1935 3347 1949 3409 εν
1965 3329 2167 3409 (Εᾳμα-

577 3401 689 3465 liter
719 3401 840 3461 cura
863 3416 934 3459 est
960 3407 1036 3458 illi
1078 3404 1142 3455 de
1170 3401 1403 3455 onmibus
1428 3417 1444 3463 ;
1474 3410 1527 3452 et
1573 3414 1689 3472 cap.
1726 3414 1817 3452 vni
1846 3417 1856 3449 :
1890 3402 2103 3472 Attingit
2132 3419 2167 3453 a

576 3483 678 3550 ﬁne
706 3480 772 3530 ad
792 3480 943 3550 ﬁnem
972 3475 1169 3545 fortiter
1192 3481 1236 3523 et
1260 3472 1483 3550 disponit
1511 3471 1680 3550 omnia
1709 3472 1950 3550 suaviter.

653 3541 857 3603 Dicitur
890 3547 947 3600 4"
972 3541 1094 3615 'quaz
1119 3552 1301 3595 cuncta
1329 3541 1553 3615 disponit
1590 3556 1606 3592 :
1641 3542 1890 3615 quoniam
1926 3543 2164 3609 providae

578 3620 774 3676 mentis
797 3627 906 3679 est,
942 3612 1034 3683 pro
1059 3630 1123 3665 eo
1153 3628 1310 3679 quem
1339 3612 1437 3663 sibi
1473 3612 1721 3683 proponit
1750 3612 1853 3683 fine
1884 3616 2159 3667 materiam

576 3692 679 3748 sibi
706 3682 997 3757 subjectam
1038 3696 1439 3757 sno__quamque
1468 3682 1659 3757 ordine
1683 3694 1749 3757 et
1779 3682 1906 3757 l_o_co
1938 3699 2157 3748 ponere.

578 3763 716 3816 Hinc
749 3751 1082 3812 Providentia
1113 3754 1290 3808 divina
1339 3752 1592 3806 definitur
1619 3768 1646 3803 a
1680 3751 1737 3806 S.
1779 3751 1978 3805 Thoma
2028 3758 2160 3808 ratio

576 3834 773 3905 ordinis
794 3845 963 3883 rerum
992 3829 1043 3880 in
1056 3826 1236 3905 ﬁnem.
1463 3892 1480 3905 ‘
1620 3891 1678 3905 Μ
1706 3893 1736 3905 η
1882 3895 1892 3905 ,
1919 3895 1930 3905 ,

653 3906 668 3935 ¹
703 3900 890 3954 Fatum
909 3915 1022 3951 vero
1049 3891 1323 3959 inhaerens,
1353 3892 1481 3964 δια]
1506 3894 1593 3948 ιν.
1620 3891 1965 3961 Philosophia
1992 3896 2160 3963 subji-

576 3975 649 4029 cit
671 3972 1034 4026 definitionem
1068 3968 1158 4019 fati
1184 3985 1197 4020 :
1231 3964 1441 4027 Fatum,
1476 3966 1666 4031 inquit,
1691 3974 1774 4018 est
1802 3967 2053 4019 inhaerens
2078 3983 2160 4019 re-

575 4049 667 4099 bus
716 4042 981 4095 mobilibus
1030 4037 1298 4104 dispositio
1357 4052 1446 4104 per
1483 4052 1630 4102 quam
1683 4035 2014 4089 Providentia
2052 4040 2157 4091 suis

575 4131 786 4183 qumque
807 4114 957 4165 nectit
980 4110 1285 4163 ordinibus:
1313 4106 1453 4175 quod
1482 4110 1640 4161 etiam
1670 4106 1865 4160 clarius
1894 4108 2154 4175 interpre-

574 4188 675 4239 tari
711 4185 1039 4260 conabimur.
1083 4251 1099 4260 -
1283 4250 1295 4260 θ
1347 4257 1355 4260 _
1584 4248 1614 4260 _.
1874 4251 1884 4260 _
1933 4250 1943 4260 ,

651 4257 881 4309 Primum
904 4254 1060 4324 igitur
1078 4251 1264 4324 fatum,
1283 4248 1723 4324 interpretatione
1746 4250 1995 4324 nominis,
2018 4249 2151 4303 nihil

574 4337 657 4383 est
683 4326 824 4379 aliud
847 4320 1007 4393 quam
1024 4322 1216 4393 tlivinte
1244 4321 1531 4393 voluntatis
1554 4320 1785 4393 signum,
1817 4322 1931 4373 sive
1950 4321 2150 4375 dictum

574 4400 814 4453 divinum
838 4390 1002 4461 {nam
1027 4392 1230 4460 judicio
1260 4390 1539 4452 Varronis,
1568 4390 1708 4459 quod
1737 4391 1915 4444 Parcae
1952 4393 2153 4445 consti-

575 4480 790 4524 tuerunt
822 4465 1090 4526 nascenti,
1122 4478 1150 4541 a
1183 4461 1569 4541 fandoufalnni
1606 4470 1690 4541 est
1727 4462 1960 4541 dictum;
1992 4472 2151 4541 atque

571 4543 676 4594 hoc
708 4538 866 4593 modo
889 4537 945 4591 S.
976 4539 1106 4605 Aug.
1131 4534 1165 4585 1.
1191 4550 1221 4585 ν
1251 4534 1317 4587 de
1338 4533 1496 4605 (AJAivit.
1539 4533 1781 4605 Dei,cap.
1807 4534 1859 4589 9.
1891 4533 1983 4597 ait,
2008 4536 2146 4601 apud

572 4611 904 4667 Christianos
940 4595 1252 4661 essevfatum
1288 4622 1299 4655 :
1335 4602 1455 4656 Non
1492 4603 1649 4665 enim,
1692 4595 1879 4670 inquit,
1930 4595 2149 4658 abnuere
2177 4595 2230 4656 D

572 4694 840 4749 possumus
872 4694 976 4732 esse
1001 4678 1243 4747 scriptum
1270 4677 1322 4728 in
1343 4674 1545 4749 Litteris
1578 4677 1763 4726 sanctis
1787 4689 1805 4749 ς
1834 4675 1987 4749 sentel
2007 4674 2146 4729 locu-

572 4745 650 4805 ius
680 4764 748 4804 est
776 4750 977 4804 Deus...
1009 4745 1144 4816 quod
1166 4750 1296 4800 enim
1319 4746 1508 4798 dictant
1536 4756 1631 4807 est,
1649 4745 1802 4801 semel
1828 4745 2024 4798 locutus
2050 4757 2149 4813 est;

572 4823 875 4893 intelligitur
903 4820 1246 4893 immobiliter,
1284 4820 1376 4869 hoc
1407 4816 2026 4893 est,incommutabiliter
2074 4828 2149 4870 est

572 4887 794 4954 locutus,
826 4893 953 4944 sicut
984 4892 1119 4943 novit
1138 4888 1617 4942 incommutabiliter
1646 4888 1817 4939 omnia
1839 4903 1952 4954 qua?
1972 4887 2150 4955 futura

571 4975 709 5030 sunt,
739 4975 783 5017 et
813 4977 925 5029 qua:
949 4964 1056 5027 ipse
1076 4961 1308 5027 [acturus
1335 4969 1426 5011 est.
1461 4958 1707 5012 Lucanus
1740 4959 1792 5011 in
1818 4975 1957 5013 nono
1990 4975 2005 5013 :

1463 5073 1563 5121 Non
1585 5075 1781 5123 vocibus
1798 5074 1909 5123 ullis

662 5137 851 5186 Numen
878 5141 1015 5197 eget,
1039 5136 1261 5199 dixitque
1279 5135 1433 5185 semel
1460 5137 1770 5185 nascentibus
1804 5144 1994 5197 auctor,

663 5200 903 5262 Quidquid
927 5200 1057 5248 scire
1080 5199 1211 5248 licet.

640 5282 840 5337 Deinde
865 5282 1028 5334 fatum
1046 5289 1129 5335 est
1149 5280 1448 5345 dispositio:
1469 5280 1590 5349 quia
1620 5289 1704 5335 est
1732 5281 1841 5349 ipsa
1875 5296 1961 5337 res
1994 5296 2144 5337 crea-

566 5371 642 5417 χιι,
674 5368 867 5422 corpus
899 5352 1169 5416 nimirum,
1196 5362 1285 5405 aut
1314 5366 1463 5404 mens
1484 5367 1580 5404 suo
1599 5362 1857 5419 tempore,
1887 5352 2024 5419 loco,
2050 5366 2141 5409 aut

570 5439 901 5494 quocumque
923 5423 1027 5477 alio
1055 5422 1214 5476 modo
1244 5422 1428 5476 affecta
1456 5438 1467 5475 :
1505 5423 1552 5475 id
1581 5422 1774 5492 quippe
1806 5433 1884 5476 est
1918 5424 2009 5480 Dei
2038 5440 2137 5481 vo-

568 5497 727 5551 lentis
760 5495 967 5564 jussum
999 5495 1328 5562 dictumque.

638 5567 901 5620 Praeterea
939 5564 1217 5634 dispositio
1249 5567 1362 5619 haec
1408 5565 1618 5617 inliceret
1648 5566 1797 5619 rebus
1829 5566 2098 5621 mobilibus
2121 5583 2142 5623 :

567 5648 650 5692 est
673 5638 814 5689 enim
848 5637 1032 5701 fatum,
1055 5636 1243 5690 modus
1271 5637 1346 5689 rei
1378 5636 1637 5689 duntaxat
1664 5647 1857 5690 creatze
1883 5655 1894 5689 :
1932 5647 1987 5690 ut
2018 5649 2142 5706 pote

566 5723 685 5772 qute
713 5722 810 5761 nec
841 5707 951 5760 fieri
973 5748 987 5770 ,
1024 5723 1120 5761 nec
1149 5706 1477 5765 conservari,
1512 5721 1608 5759 nec
1638 5723 1954 5773 quocunque
1984 5710 2140 5763 modo

568 5776 727 5849 attici,
757 5777 856 5829 nisi
883 5777 1059 5830 divina
1084 5777 1373 5845 voluntate,
1415 5776 1569 5844 cujus
1607 5776 1694 5831 illa
1737 5778 2019 5849 dispositio
2058 5789 2142 5837 est

567 5844 798 5911 signum,
823 5854 1014 5912 potest.

2274 3262 2364 3337 bus
2395 3279 2413 3317 :
2444 3280 2564 3337 nam
2591 3267 2839 3333 equidem,
2868 3268 3035 3336 inquit
3061 3270 3124 3337 Q.
3148 3262 3388 3333 Curtius,
3401 3280 3591 3327 (eterna
3612 3280 3855 3331 constitu-

2272 3334 2408 3386 tione
2430 3336 2740 3407 Acrediderim
2769 3334 2999 3407 nexuque
3027 3334 3298 3396 causarum
3322 3344 3589 3398 latentium
3610 3358 3657 3399 et
3694 3349 3853 3402 multo

2271 3415 2389 3456 ante
2404 3405 2769 3485 destinatarum
2787 3405 3165 3485 suuniquteque
3183 3414 3409 3467 ordinem
3430 3417 3731 3470 immutabili
3746 3418 3853 3485 lege

2271 3491 2583 3559 percurrere.
2615 3478 2729 3531 Utro
2756 3481 2917 3533 verbo
2938 3482 3097 3559 fatum
3129 3486 3345 3559 estipse
3378 3488 3606 3559 patiendi
3632 3478 3850 3559 agendi.

2272 3561 2383 3626 que
2408 3548 2617 3628 modus,
2642 3564 2747 3628 quo
2779 3565 2862 3602 res
2893 3552 3195 3628 mobilisab
3222 3548 3478 3628 immobili
3508 3558 3619 3612 Deo
3646 3548 3848 3628 sapien-

2270 3616 2475 3695 tissime
2525 3618 2799 3695 al’ficituri
2836 3622 2976 3695 quod
3007 3624 3313 3681 evidentius
3367 3629 3564 3695 patebit
3601 3616 3847 3685 conside-

2268 3691 2405 3767 ranti
2444 3691 2723 3767 sequentia
2766 3688 3124 3767 Providentiae
3157 3709 3210 3749 et
3242 3697 3329 3749 fati
3362 3688 3689 3766 discrimina,
3730 3717 3846 3767 qua:

2267 3756 2581 3840 deinceps’a
2609 3761 2960 3840 Philosophia“
2992 3780 3357 3840 proponentur
3410 3770 3573 3825 veluti
3602 3756 3843 3840 quied'am

2266 3830 2535 3897 praedictie
2555 3832 2833 3901 utriusque
2861 3830 3184 3891 deﬁnitionis
3208 3841 3558 3894 consectaria.

2337 3922 2356 3951 ²
2390 3921 2508 3974 Sire
2537 3923 2694 4003 igitur
2735 3927 3301 4003 funiulantibus,retc.]
3336 3931 3557 4003 Etiamsi
3596 3940 3842 4003 cons‘tet,

2263 3989 2429 4044 fatum
2458 3989 2744 4075 quemdam
2768 4012 2886 4075 esse
2917 4000 2991 4051 rei
3024 3989 3233 4075 mobilis
3266 3989 3503 4065 modum,
3527 3989 3841 4075 constetque

2262 4066 2789 4142 prmerea,‘i_iiod_nm
2821 4069 2961 4120 hunc
2984 4084 3104 4124 esse
3129 4087 3156 4123 a
3188 4070 3316 4134 Deo,
3342 4081 3590 4141 tanquam
3611 4090 3639 4127 a
3668 4066 3835 4142 prima

2261 4148 2439 4196 causa,
2474 4134 2701 4188 dubitari
2734 4145 2910 4190 tamen
2938 4151 3129 4205 potest,
3165 4151 3340 4195 utrum
3372 4134 3533 4197 fatum
3568 4134 3687 4198 sita
3727 4149 3836 4203 Deo

2263 4206 2500 4278 proxime
2529 4246 2542 4267 ,
2575 4220 2639 4258 an
2680 4207 3059 4278 faninlantilius
3104 4213 3417 4278 quibusdam
3467 4214 3585 4268 aliis
3640 4219 3828 4272 rebus:

2261 4273 2386 4327 hinc
2418 4275 2754 4349 Philosophia
2787 4282 3043 4346 quasdam
3075 4273 3509 4349 philosophorum
3546 4287 3644 4339 hac
3678 4289 3746 4342 de
3775 4306 3833 4345 re

2259 4346 2568 4419 perstringit
2598 4349 2906 4419 opiniones,
2940 4346 3161 4419 quarum
3198 4356 3393 4408 nullam
3438 4360 3649 4410 ceteris
3677 4371 3829 4412 ante-

2257 4417 2437 4483 ponit,
2473 4418 2613 4495 quod
2645 4422 2884 4495 quamvis
2920 4417 3082 4495 Deus
3106 4434 3282 4479 utatur
3321 4443 3351 4495 g
3375 4428 3486 4479 niis
3514 4442 3635 4480 cum
3678 4430 3832 4487 bonis

2259 4496 2366 4565 tum
2398 4490 2585 4565 malis;
2624 4492 2813 4565 Spiritu
2852 4493 3121 4565 universi;
3157 4490 3466 4558 elementis;
3514 4502 3828 4565 corporibus

2254 4558 2592 4638 caelestibus;
2618 4572 2671 4613 et
2697 4561 2816 4638 aliis
2843 4564 3102 4629 ejusmodi
3132 4567 3292 4620 rebus
3316 4568 3382 4620 ad
3415 4569 3577 4622 fatum
3611 4558 3827 4638 aliquod

2253 4634 2641 4693 exercendum,
2677 4634 2819 4710 milia
2844 4644 3032 4710 tamen
3063 4647 3231 4710 estex
3259 4637 3340 4691 bis
3367 4639 3523 4693 rebus
3558 4654 3662 4710 qua
3694 4634 3833 4697 Deus

2252 4704 2751 4780 utatur‘generatim
2792 4704 2855 4756 ad
2889 4707 3177 4760 movendas
3208 4710 3437 4779 reliquas
3477 4704 3828 4780 res'creatas,

2254 4771 2365 4824 sive
2389 4770 2453 4823 ad
2487 4787 2646 4826 omne
2668 4774 2853 4827 fatum.

2328 4862 2348 4945 ξ
2377 4862 2489 4945 Quo
2520 4865 2752 4945 ﬁt,.e_tc.j
2786 4867 2861 4945 Ex
2882 4865 3038 4945 dictis
3059 4867 3402 4945 Philosophia
3431 4876 3669 4940 conficit,
3701 4892 3828 4945 pro-

2254 4933 2540 5014 videntiam
2566 4933 2795 5014 divinam
2830 4937 2984 5014 latins
3016 4948 3196 5014 patere
3224 4933 3352 5007 falo,
3385 4933 3827 5014 quatenus'q'uze-

2257 5019 2465 5085 cnnqne
2489 5005 2594 5059 fato
2612 5010 2870 5088 subsunt.
2916 5005 3026 5063 huic
3059 5012 3220 5088 etiam
3269 5005 3616 5088 Providentia:
3659 5005 3825 5088 subji-

2258 5077 2499 5155 ciuntur,
2531 5078 2624 5155 sed
2661 5094 2991 5155 qumcunque
3034 5084 3389 5149 subjiciuntur
3434 5077 3818 5155 Providvntié,

2257 5145 2516 5224 limonori
2535 5149 2607 5200 ita
2655 5145 2762 5201 fato
2788 5145 3030 5224 suhsint;
3065 5145 3169 5207 non
3200 5157 3341 5224 quod
3374 5172 3457 5211 res
3492 5160 3593 5210 ulla
3642 5145 3816 5213 creata

2253 5218 2439 5284 possit,
2484 5218 2593 5297 Deo
2630 5236 2737 5273 non
2778 5223 3148 5298 moditicante,
3199 5218 3525 5292 modificari;
3555 5228 3648 5282 sed
3677 5230 3818 5298 quod

2250 5304 2356 5360 non
2385 5290 2559 5341 omnis
2590 5305 2673 5343 res
2706 5301 2881 5344 creata
2913 5308 3063 5360 (nque
3094 5297 3160 5347 sit
3192 5299 3459 5352 mutabilis
3483 5290 3645 5354 :chm
3674 5290 3817 5357 enim

2246 5358 2412 5431 fatum
2440 5360 2508 5410 sit
2536 5360 2803 5425 dispositio
2819 5363 2961 5416 rebus
2982 5358 3257 5420 mobilibus
3286 5368 3553 5431 inhaerens,
3574 5386 3637 5424 ex
3661 5372 3819 5425 rebus

2242 5429 2439 5510 creatis
2467 5432 2707 5495 qntedam
2759 5435 2955 5510 magis,
2989 5437 3231 5510 quiedam
3274 5440 3449 5493 minus
3481 5429 3591 5494 fato
3629 5441 3815 5510 SUblei

2249 5500 2517 5578 dicuntur,
2554 5510 2710 5578 prout
2736 5500 2904 5573 magis
2924 5500 3022 5578 aut
3044 5508 3217 5561 minus
3242 5524 3273 5561 a
3296 5511 3466 5578 prima
3499 5526 3677 5567 mente
3703 5500 3818 5567 dis-

2250 5570 2502 5624 cedentes
2542 5572 2707 5640 magis
2745 5570 2847 5627 aut'
2867 5575 3040 5630 minus
3070 5570 3315 5635 obnoxia}
3354 5592 3479 5635 sunt
3509 5585 3814 5638 mutationi:

2249 5642 2389 5717 quod
2420 5640 2759 5717 Philosomiia
2791 5647 3009 5712 exponit
3053 5652 3302 5717 exemplo
3351 5653 3579 5717 plurium
3608 5656 3816 5709 o:bium

2249 5713 2390 5793 circa
2421 5713 2699 5793 immotum
2728 5718 2977 5793 eumdem
3008 5732 3160 5772 axem
3184 5713 3253 5793 ita
3305 5713 3542 5778 actorum
3563 5764 3577 5787 ,
3607 5734 3663 5778 ut
3714 5742 3815 5793 quo

2247 5783 2311 5834 ad
2340 5799 2494 5863 axem
2526 5784 2694 5866 magis
2729 5796 2820 5839 aut
2860 5787 3033 5842 minus
3069 5791 3327 5849 accedunt
3386 5810 3450 5853 eo
3486 5783 3680 5851 minori
3725 5783 3814 5857 ὸυι

2249 5868 2438 5923 majori
2469 5864 2611 5912 motu
2640 5864 2896 5913 cieantur.
