4290 6258
399 404 495 461 817

1283 400 1368 455 DE
1408 396 1924 455 CONSOLATIONE
1967 390 2443 452 PHILOSOPHIIE
2484 395 2612 452 LIB.
2655 395 2741 450 IV.

3571 392 3677 453 818

393 524 488 577 fati
515 536 725 591 quoque
757 529 782 555 λ
811 518 1213 589 supergreditur
1245 519 1639 573 necessitatem.
1671 520 1685 549 ³
1723 516 1883 586 Igitur
1915 516 1987 568 uti
2018 518 2067 574 Α
2096 516 2290 570 intueri
2325 517 2469 571 illam
2502 517 2741 570 intimam
2770 513 3087 589 temperiem
3107 555 3120 579 ,
3151 510 3313 569 veluti
3345 511 3398 565 in
3432 510 3676 580 corpori-

394 622 478 668 est
506 612 571 666 ad
600 611 627 649 δ
661 612 989 666 intellectum
1024 610 1396 675 ratiocinatio;
1432 611 1496 663 ad
1529 612 1578 664 id
1610 610 1749 680 quod
1786 619 1867 663 est
1890 650 1903 671 ,
1934 608 1984 661 id

395 702 533 772 quod
581 702 844 773 gignitur,
892 703 956 757 ad
1005 702 1359 755 mternitatem
1419 710 1655 770 tempus,
1703 700 1768 754 ad
1804 702 1985 769 puncti

395 793 626 847 medium
656 793 886 846 circulus
919 808 934 857 ;
968 792 1037 845 ita
1069 800 1151 846 est
1185 792 1273 843 fati
1304 792 1475 846 series
1504 791 1718 845 mobilis
1746 791 1811 844 ad
1855 791 1987 844 Pro-

394 884 641 939 videntia:
666 884 911 938 stabilem
936 883 1354 949 simplicitatem.
1382 883 1459 954 (5)
1486 881 1560 936 Ea
1590 884 1763 937 series
1789 882 1983 937 cmlum

393 994 456 1033 ac
478 977 653 1033 sidera
687 984 900 1041 movet,
935 975 1200 1030 elementa
1232 975 1285 1028 iu
1317 990 1376 1029 se
1416 976 1641 1029 invicem
1684 983 1983 1043 temperat,

392 1082 446 1128 et
473 1072 677 1127 alterna
709 1071 1131 1133 commutatione
1165 1068 1528 1123 transformat.
1574 1068 1775 1122 Eadem
1810 1078 1831 1105 ο
1886 1083 1983 1120 na-

391 1163 1042 1233 scentia,occideotiaque
1071 1161 1252 1215 omnia
1286 1175 1381 1227 per
1410 1160 1614 1215 similes
1645 1160 1867 1223 fetuum,
1897 1173 1984 1213 se-

391 1255 703 1324 minumque
745 1261 966 1307 renovat
1019 1266 1353 1322 progressus.
1408 1252 1532 1305 Haec
1583 1261 1733 1305 actus
1781 1251 1978 1317 etiam,

392 1345 741 1415 fortunasque
787 1344 1059 1399 hominum
1116 1343 1471 1398 indissolubili
1528 1357 1806 1397 causarum
1855 1358 1981 1396 con-

392 1436 621 1491 nexione
651 1436 965 1505 constringit
1006 1453 1020 1489 :
1064 1451 1183 1506 quae
1211 1450 1332 1489 cum
1373 1436 1440 1488 ab
1482 1434 1768 1489 immobilis
1799 1434 1982 1488 Provi-

392 1525 589 1580 dentiae
647 1525 1051 1596 proﬁciscantur
1088 1526 1358 1592 exordiis,
1420 1525 1529 1595 (10)
1585 1526 1728 1595 ipsas
1770 1541 1982 1596 quoque

393 1614 419 1653 ἀ
443 1618 802 1675 immutabiles
829 1635 951 1675 esse
980 1634 1204 1676 necesse
1252 1629 1354 1675 est.
1390 1620 1463 1673 lta
1493 1620 1635 1674 enim
1663 1635 1752 1675 res
1781 1622 1982 1689 optime

392 1727 672 1786 reguntur,
695 1717 739 1771 si
769 1732 990 1771 manens
1020 1717 1071 1770 in
1102 1716 1279 1771 divina
1309 1726 1487 1771 mente
1516 1716 1854 1785 simplicitas,
1899 1716 1980 1769 in-

392 1809 764 1866 declinabilem
812 1826 1095 1866 causarum
1143 1811 1386 1867 ordinem
1436 1819 1677 1880 promat;
1726 1811 1811 1864 hic
1850 1826 1978 1866 vero

2090 607 2188 662 bus
2207 608 2312 662 dici
2335 608 2495 674 solet,
2519 606 2857 670 animorum?
2883 605 2995 660 Non
3022 606 3162 660 enim
3184 602 3442 659 dissimile
3468 613 3552 659 est
3572 603 3675 657 mi-

2091 700 2337 755 raculum
2371 700 2635 755 nescienti
2672 716 2766 754 cur
2807 700 2955 754 sanis
2981 698 3294 767 corporibus
3318 740 3332 765 ,
3360 696 3443 751 his
3462 696 3677 765 quidem

2090 791 2296 857 dulcia,
2330 791 2435 845 illis
2462 806 2591 846 vero
2620 806 2798 845 amara
2829 792 3168 846 conveniant.
3213 790 3319 844 Cur
3346 790 3473 860 aegri
3514 788 3676 844 etiam

2088 883 2301 953 quidam
2331 882 2570 948 lenibus,
2597 881 2711 953 (lO)
2742 880 2952 951 quidam
2984 896 3113 936 vero
3156 882 3369 936 acribus
3413 879 3673 949 adjuvan-

2089 985 2194 1030 tur.
2245 976 2314 1029 At
2362 982 2462 1031 hoc
2507 975 2779 1041 medicus,
2831 975 2923 1046 qui
2976 974 3221 1029 sanitatis
3273 974 3471 1045 ipsius,
3518 984 3678 1044 atque

2088 1069 2418 1139 aegritudinis
2468 1070 2685 1123 modum
2740 1076 3330 1137 temperamentumque
3375 1065 3678 1136 dignoscit,

2088 1161 2307 1215 minime
2355 1160 2599 1215 miratur.
2652 1159 2789 1227 Quid
2836 1176 2964 1214 vero
2995 1158 3136 1214 aliud
3180 1158 3483 1215 animorum
3531 1158 3679 1213 salus

2084 1254 2296 1309 videtur
2321 1269 2441 1309 esse
2462 1296 2476 1318 ,
2523 1270 2681 1323 quam
2730 1251 3006 1323 probitas?
3040 1251 3167 1321 quid
3199 1251 3490 1322 :egritudo,
3519 1265 3679 1321 quam

2085 1348 2250 1401 vitia?
2280 1348 2409 1413 Quis
2441 1356 2620 1399 autem
2660 1345 2798 1399 alius
2847 1344 2930 1399 vel
2972 1353 3219 1399 servator
3260 1343 3559 1409 bonorum,
3591 1341 3678 1397 vel

2086 1441 2347 1494 malorum
2380 1439 2654 1508 depulsor,
2688 1454 2847 1508 quam
2880 1446 3058 1492 rector
3087 1452 3149 1491 ac
3183 1435 3478 1490 medioxttor
3523 1450 3678 1490 nien-

2086 1534 2213 1587 tium
2238 1532 2350 1602 (15)
2388 1531 2564 1586 Deus?
2592 1531 2711 1598 Qui,
2741 1545 2859 1584 cum
2891 1546 2955 1583 ex
2984 1528 3089 1583 alta
3121 1527 3473 1598 providentia:
3506 1524 3523 1564 ί
3560 1542 3679 1596 spe-

2085 1625 2197 1679 cula
2233 1626 2470 1693 respicit,
2498 1622 2624 1694 quid
2656 1623 2942 1691 unicuique
2975 1621 3263 1676 conveniat
3299 1620 3562 1689 agnoscit,
3598 1626 3676 1685 et,

2083 1716 2224 1787 quod
2256 1716 2549 1770 convenire
2604 1714 2782 1780 novit,
2830 1713 3221 1767 accommodat.
3278 1712 3411 1766 Hinc
3453 1711 3564 1779 jam
3617 1711 3676 1764 lit

2081 1808 2212 1863 illud
2241 1807 2418 1863 fatalis
2444 1807 2647 1862 ordinis
2680 1805 2888 1874 insigne
2912 1806 3250 1871 miraculum,
3276 1820 3394 1859 cum
3416 1804 3485 1859 ab
3504 1804 3679 1859 scien-

392 1904 526 1960 ordo
570 1919 659 1959 res
700 1904 1011 1971 mutabiles,
1040 1914 1094 1959 et
1121 1905 1319 1976 alioqui
1352 1914 1554 1959 temere
1584 1906 1824 1960 ﬂuituras
1858 1923 1977 1976 pro-
2009 1901 2055 1962 Β
2086 1913 2137 1959 te
2166 1904 2389 1976 geritur,
2421 1904 2562 1974 quod
2591 1913 2844 1973 stupeant
2870 1903 3196 1972 ignorantes.
3234 1902 3365 1956 Nam
3398 1911 3454 1956 ut
3478 1917 3675 1972 pauca,

392 1998 504 2067 pria
536 2008 578 2035 ε·
616 1997 1151 2053 incommutabilitate
1192 2005 1460 2053 coerceat.
1500 1998 1618 2065 Quo
1666 1999 1756 2063 fit,
1794 2007 1853 2053 ut
1902 2008 1979 2053 ta-

391 2090 544 2145 metsi
572 2078 722 2144 vobis
746 2090 883 2144 hunc
906 2088 1151 2145 ordinem
1181 2090 1403 2144 minime
1428 2089 1771 2145 considerare
1797 2090 1981 2145 valen-

392 2181 563 2247 tibus,
608 2181 828 2236 confusa
866 2181 1047 2236 omnia
1077 2179 1193 2252 (15)
1223 2182 1639 2252 perturbataque
1676 2182 1977 2250 videantur,

396 2272 743 2328 nihilominus
787 2282 963 2329 tamen
1003 2287 1132 2327 suus
1168 2272 1358 2328 modus
1398 2273 1463 2327 ad
1504 2274 1700 2329 bonum
1744 2275 1981 2345 dirigens

393 2373 585 2419 cuncta
630 2364 898 2434 disponat.
942 2363 1081 2420 Nihil
1119 2375 1200 2420 est
1226 2366 1367 2419 enim
1400 2365 1541 2433 quod
1573 2366 1696 2420 mali
1724 2381 1883 2422 causa
1915 2382 1982 2423 ne

392 2457 458 2512 ab
496 2457 626 2527 ipsis
668 2457 879 2528 quidem
912 2456 1171 2528 improbis
1204 2456 1292 2511 fiat
1325 2476 1336 2509 :
1366 2472 1501 2525 quos
1526 2497 1541 2521 ,
1574 2468 1629 2512 ut
1653 2456 1673 2495 ί
1708 2458 1977 2514 uberrime

393 2552 819 2607 demonstratum
867 2560 979 2619 est,
1014 2552 1213 2607 bonum
1260 2560 1564 2621 quaerentes
1606 2566 1800 2622 pravus
1828 2566 1983 2608 error

392 2643 588 2698 avertit
609 2686 623 2709 ,
658 2654 683 2691 8
714 2659 781 2699 ne
815 2644 943 2698 dum
971 2643 1106 2698 ordo
1131 2642 1199 2698 de
1224 2644 1416 2697 suuuni
1447 2643 1573 2699 boni
1600 2643 1820 2700 cardine
1857 2659 1984 2715 pro-

394 2735 673 2802 ficiscens,
705 2750 735 2789 a
765 2751 862 2790 suo
903 2750 1225 2804 quemquam
1257 2733 1504 2789 deﬂectat
1528 2735 1770 2790 exordio.
1801 2737 1823 2767 ³
1851 2736 1983 2802 Quae

396 2845 545 2896 vero,
575 2828 691 2900 (20)
715 2829 943 2899 inquies,
976 2836 1155 2898 potest
1178 2827 1287 2881 ulla
1315 2826 1549 2897 iniquior
1570 2841 1691 2882 esse
1714 2826 1980 2897 confusio,

394 2937 556 2994 quam
594 2932 651 2976 ut
695 2921 851 2976 bonis
886 2929 996 2976 tum
1027 2920 1186 2991 297
1232 2919 1493 2997 adversa,
1536 2928 1646 2973 tum
1696 2934 1982 2988 prospera,

397 3016 551 3072 malis
573 3016 735 3071 etiam
762 3025 871 3070 tum
900 3022 1104 3085 optata,
1130 3022 1242 3067 tum
1271 3011 1458 3067 odiosa
1487 3012 1985 3082 contingantiNum

398 3112 558 3183 igitur
585 3126 647 3166 ea
698 3111 889 3166 mentis
930 3108 1236 3182 integritate
1253 3108 1501 3164 homines
1525 3107 1745 3179 degunt,
1773 3119 1832 3164 ut
1852 3125 1988 3180 quos

398 3208 595 3277 probos
618 3206 963 3276 improbosve
982 3205 1314 3272 censuerint,
1335 3220 1428 3260 eos
1447 3221 1679 3275 quoque,
1707 3206 1780 3261 uti
1803 3206 1988 3262 existi-

2083 2015 2201 2071 qure
2233 2000 2367 2054 ratio
2413 2000 2554 2053 valet
2603 1997 2870 2061 humana,
2909 1999 2924 2047 ι
2973 1996 3041 2052 de
3088 1996 3266 2051 divina
3318 1996 3679 2065 profunditate

2082 2090 2438 2160 perstringam
2463 2134 2478 2158 ,
2510 2086 2535 2125 ιι
2565 2088 2632 2143 de
2673 2088 2809 2154 hoc,
2861 2103 3018 2157 quem
3069 2097 3124 2142 tu
3169 2086 3529 2157 justissimum
3563 2086 3679 2159 (20)

2084 2192 2138 2237 et
2165 2182 2303 2252 arqui
2335 2181 2796 2237 servantissimum
2827 2192 2980 2250 putas
3003 2222 3017 2247 ,
3047 2181 3226 2234 omnia
3266 2180 3455 2235 scienti
3491 2179 3679 2235 Provi-

2084 2275 2278 2329 dentia:
2310 2275 2581 2329 diversum
2627 2273 2854 2328 videtur.
2912 2273 2976 2327 Et
3004 2272 3275 2327 vietricem
3309 2272 3521 2342 quidem
3553 2285 3682 2326 cau-

2086 2382 2200 2421 sam
2247 2366 2380 2433 diis,
2423 2367 2614 2421 victam
2652 2381 2782 2421 vero
2820 2366 3011 2421 Catoni
3042 2365 3302 2436 placuisse
3338 2362 3353 2402 ¹
3409 2365 3683 2420 familiaris

2086 2465 2269 2513 noster
2294 2458 2540 2512 Lucanus
2566 2457 2862 2513 admonuit.
2899 2456 2993 2511 llic
3023 2456 3238 2526 igiturIm
3257 2456 3511 2526 quidquid
3541 2458 3675 2511 citra

2086 2566 2235 2622 spem
2280 2550 2463 2606 videas
2503 2551 2653 2622 geri,
2703 2550 2864 2606 rebus
2911 2548 3123 2619 quidem
3168 2559 3349 2603 rectus
3383 2548 3517 2602 ordo
3548 2557 3681 2611 est,

2086 2644 2327 2715 Opinioni
2372 2659 2501 2699 vero
2543 2655 2645 2699 tua:
2676 2658 2925 2713 perversa
2956 2641 3224 2699 confusio.
3256 2641 3361 2697 Sed
3395 2644 3463 2696 sit
3493 2642 3685 2711 aliquis

2086 2741 2159 2795 ita
2210 2740 2347 2795 bene
2378 2748 2649 2804 moratus,
2682 2737 2797 2807 (25)
2826 2745 2883 2791 ιιι
2928 2735 2995 2789 de
3033 2750 3099 2789 eo
3144 2735 3383 2789 divinum
3424 2731 3683 2804 judicium

2089 2832 2306 2901 pariter,
2338 2830 2736 2899 humanumque
2764 2828 3065 2884 consentiat
3094 2844 3110 2893 ;
3140 2828 3236 2883 sed
3262 2839 3346 2882 est
3369 2827 3532 2883 animi
3562 2825 3687 2881 viri-

2088 2922 2187 2978 bus
2221 2923 2465 2977 infirmus
2495 2938 2510 2977 :
2538 2921 2714 2987 cui,si
2758 2919 2885 2990 quid
2930 2918 3141 2975 eveniat
3186 2917 3435 2981 adversi,
3480 2914 3690 2970 desinet

2088 3017 2273 3072 colere
2320 3014 2542 3069 forsitan
2593 3012 2953 3067 innocentiam
3004 3026 3114 3078 'per
3183 3025 3339 3079 quam
3383 3023 3486 3061 non
3519 3008 3691 3076 potuit

2090 3114 2326 3172 retinere
2358 3111 2647 3165 fortunam.
2695 3106 2869 3161 Parcit
2898 3106 3077 3174 itaque
3108 3104 3321 3173 sapiens
3358 3101 3691 3170 dispensatio

2093 3210 2141 3264 ei
2182 3219 2342 3277 quem
2398 3202 2723 3257 deteriorem
2753 3199 2930 3253 facere
2962 3196 3129 3267 possit
3154 3195 3478 3263 adversitas,
3510 3208 3577 3248 ne
3602 3193 3693 3249 cui

400 3309 581 3366 mant,
622 3313 742 3354 esse
771 3313 993 3355 necesse
1032 3299 1134 3353 sit?
1168 3297 1325 3365 Atqui
1358 3299 1445 3367 qui
1480 3298 1531 3351 in
1571 3297 1672 3353 hoc
1715 3298 1992 3355 hominum
2019 3285 2067 3347 C
2100 3316 2205 3356 non
2254 3296 2506 3353 convenit
2577 3292 2822 3346 laborare
2888 3290 3136 3358 patiatur.
3187 3289 3280 3343 Est
3319 3287 3457 3341 alius
3483 3283 3694 3341 cunctis

400 3389 590 3461 judicia
620 3388 649 3427 ιι
675 3392 984 3461 depugnant
1009 3399 1063 3445 et
1084 3405 1218 3459 quos
1240 3389 1331 3443 alii
1358 3389 1608 3458 praemio,
1640 3391 1728 3444 alii
1751 3389 1831 3460 (5)
1852 3406 1984 3460 sup-

401 3481 559 3551 plicio
582 3482 773 3553 dignos
798 3484 1144 3537 arbitrantur.
1171 3482 1276 3538 Sed
1302 3481 1664 3537 concedamus
1681 3523 1696 3547 ,
1721 3494 1779 3538 ut
1797 3484 1990 3555 aliquis

402 3576 573 3641 possit
608 3575 777 3630 bonos
815 3575 1052 3631 malosve
1078 3574 1412 3639 discernere;
1446 3589 1570 3629 num
1602 3574 1761 3645 igitur
1787 3582 1984 3648 poterit

2102 3390 2386 3447 virtutibus
2417 3387 2528 3459 (30)
2559 3384 2867 3447 absolutus,
2914 3392 3237 3451 sanctusque
3272 3395 3333 3434 ac
3364 3379 3472 3433 Deo
3512 3375 3694 3447 proxi-

2101 3500 2221 3540 mus
2249 3499 2264 3537 :
2293 3481 2418 3535 hinc
2447 3476 2682 3546 contingi
2713 3474 3038 3545 quibuslibet
3064 3472 3306 3529 adversis
3334 3470 3482 3527 nefas
3512 3468 3694 3525 Provi-

2092 3578 2268 3637 dentia
2298 3574 2500 3646 judicat
2521 3611 2535 3636 ,
2565 3569 2727 3636 adeo,
2756 3578 2818 3624 nt
2846 3582 2913 3623 ne
2940 3567 3214 3637 corporeis
3245 3566 3458 3636 quidem
3484 3562 3692 3619 morbis

1780 3710 2367 3771 INTERPRETATIO.

476 3835 503 3863 ⁸
530 3824 888 3884 Transcendit.

474 3895 502 3935 δ
528 3897 950 3971 lntelligentiam.

481 3979 504 4007 ο
538 3970 737 4027 Series.

475 4038 501 4076 ά
534 4041 817 4096 Fortunas.

480 4121 505 4149 ε
536 4112 849 4167 Constantia.

481 4181 501 4221 ί
536 4182 1001 4237 Abundantissime.

482 4262 508 4301 Β
541 4254 758 4309 Tantum
787 4255 928 4307 abest
957 4263 1033 4307 ut.

482 4322 510 4360 ί*
541 4322 683 4379 Inter
713 4343 765 4380 se
794 4334 1138 4395 opponuntur.

2131 3901 2143 3913 .
2175 3829 2190 3865 ἱ
2234 3824 2428 3897 Vigilia
2465 3822 2562 3876 hoc
2600 3832 2673 3877 est
2702 3822 2842 3887 loco;
2890 3820 3028 3874 unde
3052 3818 3229 3891 vigiles
3256 3819 3456 3889 longius
3490 3820 3694 3893 prospi-

2097 3911 2260 3955 ciunt.

2172 3974 2189 4044 ι
2234 3970 2309 4044 ῼε
2332 3968 2439 4022 Deo
2466 3964 2904 4037 incomprehenso.
2928 4034 2937 4044 .

2108 4116 2119 4126 .
2163 4040 2197 4125 ἰε
2235 4040 2461 4126 Quodsi;
2488 4032 2645 4108 putas
2665 4052 2897 4107 (equum,
2922 4033 3147 4102 idipsum
3169 4032 3309 4089 Deus
3335 4035 3698 4092 scientissimul

2099 4112 2568 4250 Μξῳένυιπῖῖέξὲξῖξω
2598 4178 2804 4247 peritus.

2153 4264 2193 4291 ιιι
2228 4246 2663 4319 Οιηηὶαήιιὶάέιη
2711 4257 2843 4302 recte
2874 4246 3030 4316 ﬁunt,
3078 4247 3165 4302 sed
3210 4247 3275 4301 de
3316 4264 3492 4305 eorum
3521 4256 3698 4304 eventu

2102 4326 2238 4380 male
2254 4324 2489 4397 judicas.

1946 4460 2175 4519 NOTAE.

482 4589 499 4619 ¹
537 4585 705 4657 Igitur
724 4588 799 4640 uti
828 4596 898 4641 est
923 4589 991 4640 ad
1033 4587 1360 4653 intellectum,
1390 4582 1520 4655 etc.]
1552 4584 1809 4657 Nimirum
1834 4591 1893 4636 ut.
1922 4598 1985 4637 ex

2098 4584 2149 4637 di
2164 4597 2316 4637 versa
2346 4592 2428 4637 est
2460 4582 2766 4647 temperies.

412 4650 687 4712 intellectu
718 4660 830 4713 sive
853 4660 1198 4727 inteliigetttia
1232 4650 1373 4726 (ψιώ
1403 4650 1531 4710 nihil
1561 4654 1801 4710 estaliud
1832 4670 1990 4716 quam
2024 4656 2074 4715 D
2176 4656 2409 4727 Primum
2437 4652 2648 4720 quidem
2677 4650 2815 4720 quod
2842 4651 3087 4727 homines
3113 4652 3382 4722 ignorent,
3405 4653 3543 4727 Deus
3570 4665 3698 4708 vero

413 4730 643 4801 cognitio
672 4731 811 4783 claia
843 4741 893 4782 et
919 4730 1189 4791 distincta,
1219 4745 1441 4798 tuncque
1469 4741 1549 4782 est
1575 4741 1759 4801 norma
1791 4736 1851 4779 ut
1871 4741 1997 4778 sen-

413 4796 595 4854 tentiae
623 4802 700 4853 sic
731 4801 1157 4855 ratiocinationis
1195 4816 1334 4853 vera:
1360 4796 1665 4868 'certmque)
1715 4805 1997 4868 constante

416 4881 469 4924 et
496 4872 655 4923 veluti
687 4873 900 4924 immota
944 4873 1114 4925 oritur
1144 4872 1508 4934 ratiocinatio,
1541 4866 1659 4938 qua:
1703 4879 1783 4920 est
1833 4866 1998 4921 veluti

417 4956 733 5010 prOgressus
775 4945 967 4995 mentis
1017 4959 1177 4995 unum
1210 4942 1468 5011 judicium
1507 4958 1569 4994 ex
1611 4939 1849 5011 pluribus
1879 4939 1999 4991 aliis

418 5009 689 5078 prohautis
719 5014 800 5066 vel
835 5013 1187 5079 improbantis
1208 5009 1224 5065 ξ
1256 5022 1313 5065 ιιι
1343 5029 1404 5065 ex
1432 5015 1652 5065 materia
1674 5009 1858 5063 eadem
1887 5025 1999 5062 ina-

421 5093 601 5149 nente,
635 5084 843 5137 diversa
888 5095 1211 5153 generantur
1238 5098 1483 5151 corpora,
1528 5099 1576 5135 ν.
1611 5099 1663 5151 g.
1695 5094 1871 5148 seges,
1905 5081 1999 5133 tri-

418 5155 610 5218 ticum,
645 5158 823 5222 panis,
854 5158 1091 5223 sanguis,
1132 5170 1256 5209 caro
1290 5174 1301 5207 :
1333 5166 1387 5208 ut
1416 5156 1483 5207 ab
1512 5153 1811 5206 mteruitate
1834 5192 1847 5213 ,
1881 5167 1999 5217 qua:

419 5234 500 5277 cst
526 5225 844 5279 diuturnitas
877 5228 949 5279 rei
988 5227 1103 5279 sine
1133 5226 1390 5293 principio
1416 5235 1469 5277 et
1495 5226 1610 5277 sine
1642 5224 1742 5275 line
1766 5224 2000 5277 existen-

421 5304 523 5375 IIS)
574 5298 815 5379 procudit
859 5307 1067 5378 tempus
1114 5298 1256 5377 quod
1306 5306 1386 5351 est
1418 5294 1737 5377 diuturnitas
1776 5296 1849 5347 rei
1880 5309 2000 5347 cum

422 5367 678 5435 principio
701 5378 754 5421 et
779 5368 883 5420 line
903 5370 1179 5422 existentis
1204 5386 1216 5419 :
1242 5376 1297 5421 ut
1313 5376 1494 5421 centro
1515 5370 1735 5419 immoto
1761 5378 2003 5420 movetur

418 5437 669 5501 circulus,
705 5439 773 5491 ita
808 5438 1151 5506 providentia:
1184 5438 1278 5492 Dei
1318 5440 1549 5492 immot:c
1592 5437 1871 5507 subjicitur
1907 5436 2001 5490 fati

418 5510 584 5561 series
618 5510 847 5563 mobilis.

490 5582 509 5609 ²
536 5582 663 5647 Qum
685 5597 823 5644 vero,
855 5581 1071 5650 inquies,
1103 5586 1260 5647 potest
1286 5580 1414 5643 ulla,
1460 5578 1599 5649 etc.]
1635 5579 1720 5633 IV.
1752 5578 1996 5650 Philoso-

421 5648 541 5717 phia
564 5668 629 5705 ex
668 5648 938 5719 praedirtis
968 5653 1244 5720 principiis
1273 5651 1454 5717 infert,
1480 5648 1598 5705 noni
1619 5653 1793 5703 minus
1818 5648 2000 5702 Provi-

419 5720 615 5776 dentia:
642 5737 798 5788 quam
830 5723 920 5776 fati
948 5739 1066 5776 esse
1099 5723 1239 5789 quod
1299 5724 1451 5776 bonis
1480 5722 1638 5775 etiam
1669 5723 1914 5783 adversa,
1944 5728 1999 5772 et

419 5794 572 5863 qualis
600 5795 759 5847 etiam
788 5809 1041 5863 prospera
1063 5795 1374 5861 contingant
1395 5834 1406 5854 ,
1433 5793 1546 5846 sive
1572 5794 1695 5859 quia
1720 5806 1851 5858 quos
1878 5806 1997 5855 pro-

412 5859 526 5932 ‘bos
554 5859 930 5932 improltosque
962 5866 1202 5917 homines
1227 5859 1464 5925 censent,
1488 5864 1538 5914 Ιιί
1562 5863 1693 5914 tales
1724 5879 1826 5913 non
1850 5870 1992 5923 sunt,

421 5931 539 5995 Deo
552 5931 763 6008 judice,
793 5940 902 5992 sive
931 5938 1086 5992 etiam
1110 5938 1229 6005 quia
1248 5946 1301 5989 ut
1321 5947 1603 6003 corporum
1630 5932 1990 5987 sic'meutiutn

2109 4724 2495 4791 perfeCtissime
2522 4734 2709 4776 noscat
2738 4723 2976 4776 omnium
3010 4722 3286 4778 hominum
3313 4725 3695 4791 cogitationes,

2108 4796 2222 4850 ﬁeri
2250 4807 2423 4863 potest
2455 4804 2511 4847 ut
2538 4795 2827 4847 humanum
2856 4792 3203 4863 divinumque
3226 4795 3485 4863 judicium
3512 4795 3578 4849 de
3606 4796 3700 4848 ho-

2108 4868 2188 4919 nis
2229 4866 2602 4933 perversisiiue
2650 4863 3195 4935 hominibusdifferat
3239 4882 3252 4916 :
3301 4876 3351 4919 ut
3381 4878 3513 4935 quos
3558 4867 3699 4919 Deus

2107 4937 2330 5005 probat,
2367 4936 2462 4990 hos
2506 4937 2750 4988 homines
2787 4934 3125 5000 improbent,
3169 4934 3410 5004 quOSque
3450 4937 3699 4990 homines

2146 5009 2361 5073 robaot,
2398 5008 2495 5060 hos
2523 5007 2665 5060 Deus
2696 5006 2962 5077 improbet
2990 5022 3005 5059 :
3034 5008 3112 5059 sic
3137 5024 3240 5074 quo
3270 5017 3512 5077 tempore
3540 5005 3698 5061 amici

2139 5079 2224 5132 ubi
2250 5079 2424 5144 ipsum
2453 5078 2807 5141 damnabant,
2837 5075 3025 5130 eodem
3055 5077 3245 5131 Jobum
3278 5075 3415 5133 Deus
3456 5080 3700 5132 ab~olve-

2107 5151 2218 5204 bat.
2247 5150 2382 5217 Quin
2413 5152 2571 5203 etiam
2616 5149 2713 5201 hac
2752 5149 2806 5200 in
2848 5162 2905 5199 re
2944 5149 3208 5202 contraria
3256 5160 3379 5203 sunt
3421 5150 3698 5203 hominum

2103 5222 2333 5290 judicia,
2365 5229 2412 5275 et
2440 5236 2566 5287 quos
2594 5217 2686 5271 alii
2716 5219 2924 5289 prrcmio
2943 5258 2959 5280 ,
2990 5218 3079 5271 alii
3119 5222 3369 5291 supplicio
3398 5222 3578 5292 dignos
3606 5237 3696 5273 ar-

2110 5294 2379 5346 bitrantur.
2724 5295 2733 5305 ’

2179 5364 2382 5417 Deinde
2410 5362 2665 5416 mentium
2691 5360 2769 5414 sic
2799 5359 3005 5413 diversa
3034 5370 3117 5415 est
3150 5362 3432 5430 temperies
3451 5401 3466 5426 ,
3508 5361 3696 5414 saltem

2108 5435 2286 5488 habita
2316 5433 2519 5488 ratione
2540 5432 2800 5501 corporis.
2824 5446 2943 5483 cum
2977 5447 3083 5500 quo
3107 5433 3422 5500 junguntur,
3467 5440 3523 5485 ut
3551 5447 3698 5499 quaa-

2110 5506 2229 5558 dam
2264 5507 2380 5573 ipso
2400 5518 2626 5570 corpore
2649 5506 2757 5555 sint
2780 5502 3120 5566 infirmiores,
3145 5503 3385 5571 quaedam
3412 5503 3660 5555 fortiores
3676 5542 3693 5566 ,

2110 5572 2351 5643 qumdam
2380 5575 2545 5627 veluti
2578 5574 2783 5627 libratis
2816 5572 3018 5625 viribus
3046 5575 3276 5641 aequales
3316 5591 3331 5627 :
3362 5573 3555 5643 quibus
3581 5586 3697 5643 om-

2110 5640 2297 5709 nibus,
2345 5646 2451 5697 Deo
2482 5645 2795 5714 providente
2819 5682 2835 5707 ,
2855 5713 2860 5714 7
2879 5642 3037 5696 modo
3083 5640 3336 5710 prospera
3357 5640 3565 5712 [modo
3595 5640 3695 5696 ad-

2108 5730 2259 5769 versa
2285 5719 2632 5784 contingunt.
2669 5724 2820 5779 prout
2851 5713 2964 5767 lucc
2991 5714 3297 5768 conducunt
3338 5715 3401 5768 ad
3452 5716 3575 5767 vitia
3610 5729 3695 5769 re-

2108 5787 2365 5840 movenda
2388 5828 2401 5847 ,
2445 5789 2524 5839 vel
2566 5788 2633 5840 ad
2665 5785 2887 5838 virtutes
2916 5786 3304 5853 promovendas
3350 5803 3363 5838 :
3397 5787 3535 5854 quod
3588 5795 3695 5838 tam

2107 5861 2342 5927 ignotum
2377 5868 2455 5912 est
2488 5858 2792 5913 hominibus
2821 5896 2835 5919 ,
2865 5870 3023 5925 quam
3077 5857 3167 5909 illa
3208 5858 3387 5913 intima
3431 5857 3695 5928 temperies

2104 5946 2411 5984 animorum.
