4276 6260
642 411 742 465 819

1858 408 1969 465 AN.
2013 406 2218 463 MANL.
2264 406 2414 463 SEV.
2459 407 2678 463 BOETII

3817 407 3919 462 8‘20

642 528 833 598 agitari
877 528 1032 583 sinat.
1081 529 1280 602 298‘
1320 528 1451 584 Nam
1499 538 1555 583 ut
1598 531 1811 600 quidam
1845 538 1869 565 α
1903 546 1987 584 me
2016 544 2226 600 quoque
2252 529 2305 588 Α
2330 534 2489 594 atque
2538 525 2794 595 improbis
2829 527 3032 581 nullum
3084 526 3255 582 fmdus
3284 534 3395 591 est,
3428 525 3498 581 ita
3542 525 3640 594 ipsi
3682 523 3821 579 inter
3860 541 3921 580 se

641 620 989 674 excellentior
1037 622 1139 684 ait,
1170 615 1200 658 τ’
1240 621 1440 699 ’,ἀνδρὸς
1494 624 1629 700 ἱεροῦ
1673 631 1825 696 σῶμα
1866 623 2099 695 δυνάμεις
2159 627 2230 680 οἰ-

639 712 931 786 κοδομοῦσι.
1011 712 1093 767 Fit
1129 726 1304 769 autem
1354 730 1525 784 saepe,
1584 717 1655 768 ttti
1691 717 1844 769 bonis
1899 732 2105 769 summa
2146 732 2231 771 re-

637 818 754 858 rum
806 806 1033 873 gerenda
1083 807 1378 873 deferatur,
1430 818 1485 861 ut
1525 818 1545 845 ο
1613 808 1911 862 exuberans
1978 810 2229 862 retunda-

636 905 723 950 tur
762 897 1090 961 improbitas.
1138 899 1270 952 Aliis
1310 898 1463 953 mista
1493 897 1768 966 quiedam,
1813 915 1908 968 pro
1928 900 2226 953 animorum

635 990 892 1057 qualitate
916 1033 928 1055 ,
965 990 1234 1045 distribuit
1266 1009 1279 1045 :
1309 989 1565 1061 quosdam
1597 987 1623 1025 ἀ
1653 990 1956 1056 remordet,
1985 1005 2050 1044 ne
2073 991 2225 1058 longa

635 1082 712 1149 (5)
748 1082 1000 1136 felicitate
1043 1084 1311 1137 luxurient
1356 1083 1531 1138 :alios
1560 1083 1706 1136 duris
1750 1084 1935 1153 agitari
1981 1084 2138 1149 sinit,
2173 1092 2230 1137 ut

634 1176 855 1227 virtutes
905 1176 1099 1246 animi,
1143 1176 1413 1246 patientia:
1459 1192 1556 1231 usu
1605 1186 1763 1246 atque
1792 1166 2225 1242 exercitatione,

634 1266 973 1321 confirment.
1031 1269 1132 1321 Alii
1196 1270 1311 1337 plus
1370 1284 1522 1337 :eqtto
1570 1277 1846 1337 metuunt,
1898 1271 2039 1338 quod
2089 1272 2227 1326 ferre

537 1404 543 1410 .
634 1366 857 1424 possunt
890 1375 902 1409 :
951 1358 1036 1409 alii
1083 1360 1200 1428 plus
1240 1374 1395 1428 teque
1436 1360 1734 1429 despiciunt
1769 1361 1909 1431 qttod
1949 1360 2088 1416 ferre
2120 1377 2221 1414 nou

634 1459 875 1515 possont.
921 1448 1058 1513 llos,
1096 1451 1143 1503 in
1176 1452 1597 1518 experimentum
1628 1453 1743 1518 sui,
1786 1454 2023 1507 tristibus
2055 1454 2218 1508 ducit.

633 1540 882 1594 Noonulli
919 1553 941 1578 ε
970 1545 1327 1598 venerandum
1356 1546 1536 1600 sazculi
1567 1562 1758 1601 nomen
1779 1590 1795 1612 ,
1828 1549 2073 1615 gloriome
2107 1566 2225 1614 pre-

632 1632 705 1685 tio
757 1633 982 1697 mortis,
1032 1646 1293 1690 emerunt.
1343 1637 1565 1704 Quidam
1607 1638 1719 1707 (10)
1757 1639 2031 1708 suppliciis
2076 1640 2222 1694 inex-

633 1726 940 1793 pugnabiles
980 1730 1280 1797 exeuiplum
1319 1731 1531 1783 caeteris
1591 1731 1939 1800 praetulerunt
1973 1732 2219 1785 invictam

632 1818 781 1871 malis
809 1834 928 1872 esse
959 1820 1233 1875 virtutem.
1265 1822 1395 1889 Quae
1425 1838 1582 1890 quam
1624 1834 1768 1877 recte
1806 1832 1963 1893 atque
1992 1824 2222 1892 disposi-

2332 624 2559 689 improbi
2593 633 2862 694 nequeunt
2911 625 3217 679 convenire.
3250 622 3479 691 Quidni?
3505 638 3626 677 cum
3675 639 3705 677 a
3747 634 3922 678 semet

2331 716 2409 787 (5)
2442 718 2569 785 ipsis
2626 717 3053 787 discerpentibus
3101 717 3479 771 conscientiam
3529 715 3674 769 vitiis
3724 715 3923 784 quique

2330 807 2687 873 dissentiant,
2740 807 3044 877 faciantque
3088 823 3262 878 saape,
3308 823 3427 875 qua:
3467 822 3587 860 cum
3619 806 3917 875 gesserint,

2336 916 2439 953 non
2478 902 2642 954 fuisse
2683 902 2911 970 gerenda
2943 902 3271 955 decernant?
3304 901 3377 954 Ex
3408 915 3514 969 quo
3541 916 3685 969 saepe
3710 916 3920 956 summa

2333 994 2416 1047 illa
2448 992 2782 1047 Providentia
2815 995 3033 1061 protulit
3063 994 3269 1061 insigne
3301 994 3636 1059 miraculum,
3670 1004 3729 1048 ut
3750 996 3920 1048 malos

2332 1083 2455 1136 mali
2483 1086 2649 1136 bonos
2679 1084 2934 1139 facerent.
2962 1083 3093 1137 Nam
3121 1085 3243 1137 dum
3277 1084 3451 1153 iniqua
3479 1085 3581 1138 sibi
3610 1100 3636 1137 a
3674 1085 3919 1151 pessimis

2330 1178 2544 1246 quidam
2593 1179 2798 1247 perpeti
2833 1178 3099 1240 videntur,
3152 1179 3430 1231 noxiorum
3479 1178 3602 1232 odio
3633 1177 3917 1245 ﬂagrantes

2329 1268 2392 1320 ad
2427 1267 2635 1321 virtutis
2663 1271 2862 1338 frugem
2894 1268 3129 1333 rediere,
3159 1268 3280 1321 dum
3312 1282 3371 1321 se
3396 1268 3470 1320 eis
3496 1267 3607 1336 (10)
3631 1267 3916 1320 dissimiles

2327 1359 2543 1413 student
2584 1373 2732 1424 esse,
2781 1375 2912 1429 quos
2959 1360 3202 1413 oderant.
3249 1358 3371 1413 Sola
3419 1368 3499 1411 est
3540 1359 3683 1412 enim
3730 1358 3913 1413 divina

2328 1450 2407 1503 vis
2428 1492 2442 1512 ,
2471 1452 2556 1506 cui
2588 1452 2722 1503 mala
2747 1466 2957 1519 quoque
2984 1449 3118 1502 bona
3146 1449 3250 1501 siut
3268 1490 3280 1510 ,
3304 1464 3424 1502 cum
3449 1450 3524 1501 eis
3550 1459 3915 1517 competenter

2326 1543 2562 1605 utendo.
2598 1542 2821 1613 alicujus
2871 1543 2989 1594 boni
3034 1540 3181 1594 elicit
3220 1539 3486 1594 effectum.
3523 1542 3555 1571 '
3597 1539 3741 1593 Ordo
3771 1539 3913 1592 enim

2326 1633 2539 1702 quidam
2571 1641 2759 1685 cuncta
2790 1631 3181 1699 complectitur,
3209 1641 3261 1682 ut
3284 1630 3421 1699 quod
3448 1631 3515 1684 ab
3540 1631 3799 1696 assignata
3829 1647 3910 1684 or-

2326 1727 2464 1781 dinis
2514 1728 2721 1781 ratione
2757 1726 3105 1789 discesserit,
3138 1726 3238 1780 hoc
3270 1727 3394 1780 licet
3430 1728 3479 1778 in
3511 1725 3705 1789 alium,
3738 1736 3912 1781 tamen

2327 1820 2377 1871 in
2401 1820 2640 1873 ordinem
2684 1818 2974 1883 relabatur,
3015 1833 3081 1871 ne
3110 1818 3233 1886 quid
3264 1817 3315 1872 in
3357 1832 3522 1887 regno
3560 1818 3911 1873 Providen'irc

630 1916 682 1962 te
733 1920 788 1962 et
836 1924 899 1962 es
950 1926 1132 1965 eorum
1185 1912 1361 1973 bono,
1411 1914 1601 1981 quibus
1649 1915 1892 1969 accidere
1950 1915 2215 1974 videntur,
2251 1898 2298 1961 Β

2251 1898 2298 1961 Β
2324 1910 2476 1965 liceat
2507 1912 2813 1965 temeritati.
2850 1908 3003 1979 (i5)h
3033 1911 3300 1984 ’Δργαλέον
3342 1910 3479 1982 δ’ἓμέ
3504 1918 3670 1967 ταῦτα
3694 1913 3799 1965 θεὸν
3846 1916 3909 1973 ὡς

628 2001 789 2064 fiant,
826 2003 964 2055 nulla
1014 2003 1274 2058 dubitatio
1314 2013 1415 2060 cst.
1451 2005 1578 2060 Nam
1625 2006 1754 2059 illud
1794 2022 2005 2076 quoque
2030 2047 2043 2071 ,
2076 2007 2215 2076 quod

628 2091 883 2160 improbis
929 2110 1070 2148 nunc
1118 2097 1319 2161 tristia,
1366 2115 1505 2153 nunc
1545 2108 1720 2167 optata
1763 2100 2115 2168 proveniunt,
2150 2116 2215 2154 ex

627 2184 827 2239 eisdem
868 2187 1079 2242 ducitur
1117 2192 1310 2243 causis.
1358 2193 1431 2245 Ac
1461 2193 1525 2245 de
1555 2192 1789 2246 tristibus
1818 2192 2028 2259 Quidetn
2060 2209 2216 2248 nemo

625 2278 868 2337 miratur.
904 2280 1180 2352 quod(15)
1216 2298 1305 2336 ros
1355 2286 1492 2338 male
1542 2285 1760 2339 meritos
1799 2302 1986 2340 omnes
2032 2286 2217 2340 exiSti-

624 2376 792 2423 mant.
824 2370 1060 2437 Quorum
1109 2374 1324 2443 quidem
1359 2377 1615 2444 supplicia
1645 2419 1659 2441 ,
1715 2388 1823 2431 tum
1872 2389 2098 2459 etpteros
2145 2382 2213 2433 ab

622 2459 914 2515 sceleribus
942 2462 1244 2530 deterrent,
1282 2476 1390 2519 tum
1430 2468 1601 2535 ipsos,
1634 2469 1825 2537 quibus
1864 2470 2208 2534 invehuntur,

622 2552 871 2607 emendat
901 2570 917 2608 :
951 2555 1067 2608 laeta
1104 2570 1236 2609 vero
1268 2572 1513 2625 magnum
1544 2559 1698 2613 bouis
1729 2572 2100 2630 argumentum
2135 2564 2212 2615 lo-

621 2652 870 2711 quuntur,
903 2644 1026 2714 quid
1072 2646 1140 2700 de
1186 2647 1486 2716 hujusmodi
1522 2649 1770 2704 felicitate
1799 2650 2028 2706 debeant
2058 2654 2208 2722 judi-

620 2748 745 2789 care
767 2777 780 2799 ,
811 2751 967 2803 quam
992 2737 1231 2792 famulari
1262 2755 1405 2810 saepe
1437 2744 1692 2811 improbis
1720 2756 1965 2802 cernant.
2012 2749 2063 2801 In
2107 2767 2209 2817 qua

617 2838 677 2880 re
705 2826 833 2880 illud
865 2828 1026 2881 etiam
1066 2826 1083 2866 ί
1116 2829 1411 2899 dispensari
1441 2834 1635 2899 eri-do,
1681 2837 1821 2905 quod
1859 2848 1939 2892 est
1985 2838 2209 2895 forsitan

617 2918 842 2986 alicujus
870 2918 986 2991 (‘20)
1013 2931 1116 2975 tam
1143 2938 1378 2992 praeceps
1401 2935 1561 2995 atque
1583 2929 1880 2997 impoituna
1906 2942 2092 2986 natura
2115 2975 2129 2997 ,
2156 2941 2213 2989 ut

617 3026 738 3065 eum
767 3012 818 3066 in
842 3015 1042 3069 scelera
1068 3018 1244 3085 potius
1262 3026 1287 3065 ts
1307 3019 1626 3073 exacerbare
1650 3024 1813 3089 possit
1837 3026 1910 3078 rei
1937 3024 2210 3083 familiaris

616 3104 797 3174 inopia
856 3124 869 3161 :
922 3107 1079 3177 hujus
1128 3110 1317 3163 morbo
1357 3109 1690 3168 Providentia
1724 3118 1931 3172 eollatte
1973 3123 2209 3188 pecunia:

613 3199 852 3255 remedio
882 3201 1149 3256 medetur.
1178 3202 1276 3257 Hic
1305 3203 1553 3258 ftedatam
1585 3208 1793 3276 probris
1824 3213 2206 3269 Conscientiam

612 3303 889 3361 spectans,
921 3306 972 3349 et
1003 3312 1062 3350 se
1091 3310 1211 3350 cum
1248 3297 1457 3352 fortuna
1487 3315 1577 3351 sua
1606 3316 1949 3372 comparans,
1982 3305 2202 3364 forsitan
2234 3272 2280 3331 Β

610 3384 975 3452 pertimescit,
1005 3402 1072 3441 ne
1102 3388 1255 3455 cujus
1280 3390 1327 3442 ei
1350 3389 1619 3458 jttcundus
1647 3409 1774 3446 usus
1799 3406 1876 3447 est
1895 3438 1910 3461 ,
1942 3399 2008 3449 sit
2039 3398 2203 3453 tristis

612 3475 846 3529 amissio.
876 3473 1097 3530 Mutabit
1123 3478 1282 3546 igitur
1303 3479 1417 3548 (25)
1444 3497 1639 3547 mores,
1664 3498 1755 3547 ac,
1781 3484 1904 3537 dum
1934 3488 2199 3542 fortunam

616 3566 800 3619 metuit
830 3567 1077 3622 amittere
1102 3610 1115 3632 ,
1150 3572 1440 3637 nequitiam
1474 3573 1814 3643 derelinquit.
1850 3579 2010 3649 299
2055 3582 2201 3635 Alios

619 3669 661 3709 π]
688 3657 893 3712 cladem
924 3660 1170 3714 meritam
1200 3663 1551 3732 praecipitavit
1574 3667 1785 3736 indigne
1806 3680 1921 3721 acta
1948 3669 2194 3727 felicitas.

611 3747 936 3816 Quibusdam
967 3754 1284 3821 permissum
1320 3756 1577 3824 puniendi
1601 3758 1707 3825 jus,
1740 3768 1799 3814 ut
1829 3764 2069 3817 exercitii
2103 3765 2199 3818 bo-

623 3844 719 3909 .is,
754 3854 805 3899 et
852 3845 1005 3900 malis
1046 3856 1189 3902 esset
1229 3862 1389 3903 causa
1430 3850 1698 3919 supplicii.
1750 3853 1878 3907 Nam
1912 3864 1968 3909 ut
2010 3858 2196 3927 probis

2321 2000 2463 2056 πάντ’
2491 2003 2769 2072 ἀγορεύειν.
2806 2000 2988 2068 Neque
3024 2001 3165 2054 enim
3217 2001 3293 2052 fas
3341 2008 3422 2053 est
3452 2000 3651 2055 homini
3694 1992 3909 2054 cunctas

2321 2090 2490 2143 divini
2522 2092 2702 2157 operis
2735 2090 3008 2142 machinas
3041 2090 3123 2143 νρι
3166 2090 3381 2158 ingenio
3411 2090 3867 2159 comprehendere
3894 2132 3909 2153 ,

2319 2184 2400 2236 vel
2433 2182 2705 2250 explicare
2733 2197 3001 2237 sermone.
3034 2182 3143 2236 Hoc
3168 2190 3371 2237 tantum
3403 2184 3737 2252 perspexisse
3759 2184 3909 2236 suffi-

2317 2275 2454 2335 ciat,
2485 2276 2622 2339 quod
2653 2284 2960 2327 naturarum
2990 2274 3229 2326 omnium
3266 2273 3281 2311 ί
3316 2272 3561 2341 proditor
3584 2274 3745 2338 Deus,
3769 2274 3907 2327 idem

2317 2364 2381 2417 ad
2412 2364 2609 2417 bonum
2642 2363 2879 2433 dirigens
2905 2373 3093 2417 cuncta
3126 2362 3361 2433 disponit
3395 2382 3407 2416 :
3444 2368 3677 2432 dumque
3700 2379 3759 2419 ea
3790 2379 3906 2432 quae

2318 2454 2566 2524 protulit,
2617 2454 2667 2506 in
2704 2453 2784 2507 sui
2816 2452 3219 2508 similitudinem
3254 2456 3485 2510 retinere
3515 2455 3760 2519 festinat,
3789 2456 3906 2525 (9.0)

2317 2547 2513 2600 malum
2560 2560 2717 2599 omne
2758 2546 2825 2598 de
2862 2545 3171 2612 reipublicae
3200 2560 3309 2600 sua:
3343 2546 3587 2600 terminis
3615 2561 3708 2614 per
3733 2544 3907 2600 fatalis

2315 2638 2509 2690 seriem
2558 2635 2891 2688 necessitatis
2942 2634 2955 2684 i
3016 2634 3277 2689 eliminat.
3326 2635 3445 2703 Quo
3476 2636 3565 2699 lit,
3598 2644 3655 2690 ut
3685 2650 3805 2705 qua:
3854 2637 3906 2690 in

2318 2734 2473 2789 terris
2501 2734 2776 2789 abundare
2807 2734 3122 2797 creduntur,
3148 2733 3191 2786 si
3214 2732 3586 2802 disponentem
3614 2727 3905 2783 Providen-

2318 2826 2439 2880 tiam
2473 2836 2711 2894 spectes,
2745 2826 2875 2879 nibil
2923 2840 3146 2891 usquam
3179 2840 3299 2879 esse
3338 2823 3656 2892 perpendas.
3690 2819 3795 2876 Sed
3828 2823 3904 2873 νίς

2315 2921 2417 2975 deo
2441 2920 2549 2988 jam
2583 2920 2779 2974 dudum
2816 2928 2867 2973 te
2908 2931 2960 2972 et
2996 2920 3229 2987 pondere
3255 2917 3562 2987 questionis
3591 2925 3900 2975 oneratum.

2314 3020 2367 3065 et
2415 3011 2634 3064 rationis
2678 3010 2983 3079 prolixitate
3029 3010 3333 3079 fatigatum,
3373 3008 3604 3077 aliquam
3648 3005 3900 3062 carminis

2314 3110 2624 3170 exspectare
2650 3099 3004 3154 dulcedinem.
3039 3099 3231 3169 Accipe
3244 3100 3357 3171 (25)
3390 3096 3587 3168 igiturk
3618 3099 3860 3152 haustum
3880 3137 3895 3160 ,

2312 3209 2418 3263 quo
2446 3193 2710 3257 refectus,
2745 3193 2947 3247 firmior
2976 3193 3025 3245 in
3058 3193 3309 3247 ulteriora
3334 3192 3642 3247 contendas.

2766 3306 2926 3376 300
2969 3304 3257 3361 uersus:
3298 3307 3329 3341 ιι
3370 3306 3456 3360 Vl.

2316 3416 2703 3472 Ancunétv'run.
2746 3444 2813 3457 --
2863 3416 3195 3477 PhilosOphia
3240 3417 3484 3484 exemplis
3534 3416 3895 3483 conﬁrmatum

2383 3488 2604 3541 divinam
2634 3488 3036 3549 Providentiam,
3066 3486 3174 3539 ha’c
3199 3497 3293 3549 est,
3322 3489 3518 3558 inquit,
3547 3489 3629 3541 lea:
3655 3486 3895 3558 dit-initus

2379 3560 2677 3622 constituta,
2706 3569 2759 3611 ut
2792 3574 2914 3625 pace
2940 3559 3066 3611 inita
3096 3560 3230 3613 inter
3257 3556 3445 3623 sidera,
3472 3557 3743 3621 elementa,
3772 3556 3894 3608 anni

2381 3638 2724 3698 tempestates,
2751 3632 3018 3697 omniaque
3049 3644 3263 3695 corpora
3291 3627 3541 3691 viventia,
3576 3629 3681 3681 [nec
3712 3642 3893 3697 perpe-

2381 3712 2495 3753 tuos
2537 3709 2765 3766 repetant
2807 3701 3047 3752 circuitus
3083 3702 3150 3750 ad
3193 3700 3324 3751 illud
3367 3717 3397 3751 a
3435 3716 3534 3769 quo
3574 3700 3891 3769 prodierunt,

2379 3772 2610 3823 reditura
2641 3771 2756 3823 boni
2784 3769 3045 3838 cujuslibet
3071 3770 3398 3837 princioimn.
3492 3794 3495 3797 ί

2451 3860 2503 3914 Si
2535 3861 2619 3914 vis
2648 3858 2777 3914 celsi
2804 3859 2920 3929 jura
2957 3859 3189 3913 tonantis

1978 3988 2551 4050 INTERPRETATIO.

673 4098 698 4162 fl
729 4089 889 4162 Forte
914 4091 1138 4162 Hermes
1162 4093 1563 4162 Trismegistus.

669 4159 695 4197 δ
733 4160 845 4235 Yiri
874 4161 1007 4216 sacri
1036 4180 1220 4234 corpus
1250 4159 1459 4222 virtutes
1487 4169 1762 4235 wdificant.

670 4240 693 4269 ο
722 4228 989 4287 Grassata.

670 4299 695 4337 ἀ
733 4303 942 4376 ᾼῇιὶθὶι.

667 4383 691 4445 ξ
722 4373 1043 4445 Posteritatis
1071 4376 1262 4445 famam
1290 4378 1479 4433 illustri
1505 4391 1667 4435 morte
1694 4388 1944 4439 consecuti
1970 4399 2104 4440 sunt.

668 4441 689 4481 ί
723 4444 845 4499 Ideo
876 4447 1007 4512 ﬁeri.

666 4524 692 4562 8
723 4514 1070 4576 Commovere.

2372 4106 2401 4189 ξι
2436 4109 2650 4181 υἰθῐείιρ
2681 4125 2847 4168 autem
2884 4124 2952 4168 est
2984 4132 3060 4170 me
3099 4116 3206 4169 hare
3235 4115 3403 4168 omnia
3433 4114 3569 4169 velut
3607 4113 3758 4167 deum
3786 4118 3890 4168 elo.

2300 4196 2408 4247 qui.

2379 4255 2393 4288 ι
2428 4254 2659 4307 Creator.

2374 4324 2389 4372 i
2433 4322 2680 4390 Expellit.

2372 4394 2395 4429 ’ί
2434 4393 2700 4447 Poculum.

2368 4465 2429 4518 Si
2477 4466 2738 4519 desideras
2799 4469 3060 4521 advertere
3108 4468 3475 4535 providentiam
3534 4467 3629 4521 Dei
3678 4474 3885 4536 summi,

2296 4545 2462 4589 mente
2485 4538 2713 4605 diligenti
2734 4548 2781 4590 et
2804 4555 2951 4607 pura.
2980 4540 3243 4591 considera
3264 4540 3471 4592 vertices
3502 4541 3612 4592 ειτιὶ
3631 4540 3881 4596 sublimis.

2124 4663 2351 4722 NOTAE.

661 4772 676 4801 ¹
712 4770 849 4855 Nam
895 4783 950 4826 ut
971 4774 1179 4855 quidam
1212 4789 1511 4855 meiquoque
1535 4777 1870 4855 egcellentior
1888 4777 1985 4831 ait.
2014 4776 2029 4847 J
2058 4770 2178 4832 Crc-
2208 4785 2264 4847 D
2287 4791 2392 4855 etc.
2418 4823 2432 4843 ,
2466 4783 2564 4835 hoc
2598 4792 2680 4835 est
2712 4802 2722 4834 :
2760 4783 2963 4852 (ti/licita
3001 4795 3168 4837 autem
3194 4786 3300 4837 Itazc
3331 4783 3502 4837 omnia
3534 4800 3613 4837 me
3638 4795 3881 4855 tanquam

589 4842 722 4918 gitur
770 4841 981 4918 Hermes
1016 4841 1611 4918 Trism_egistus,'inquit
1650 4849 1940 4902 Ascensius
1962 4887 1978 4912 ,
2014 4841 2179 4918 quem

587 4911 749 4987 Deum
776 4913 1020 4987 effectum
1048 4911 1314 4971 fabulatur
1337 4911 1628 4987 gentilitas.
1661 4918 1848 4972 Graeca
1875 4911 2052 4973 autem
2085 4920 2179 4974 illa

587 4982 751 5033 verba
780 4983 961 5061 ἀνδρὸς
993 4982 1432 5061 ἱεροῦηθᾼιοηὶίο
1465 4989 1613 5042 reddi
1646 4988 1845 5043 debent
1878 5006 1891 5041 :
1922 4991 2014 5042 viri
2044 4992 2181 5046 sacri

582 5057 1044 5128 corpuavi'rtutes’
1087 5057 1346 5128 wdiﬁcant
1394 5076 1413 5112 :
1465 5075 1767 5128 quanquam
1820 5062 1994 5121 enim,
2047 5072 2180 5116 teste

580 5122 861 5201 Apostolo,
895 5125 935 5178 ll
965 5125 1088 5181 Cor.
1108 5122 1197 5201 xu:
1216 5127 1413 5201 Virtus,
1440 5122 1498 5201 in
1525 5122 1644 5198 inﬁr
1657 5131 1830 5186 mitate
1859 5132 2176 5201 perficiatur,

579 5196 722 5246 salus
760 5204 935 5266 tamen
982 5197 1255 5265 corporis,
1296 5200 1530 5265 divitize,
1571 5196 1624 5253 et
1653 5196 1869 5256 uetera;
1910 5203 2177 5266 ejusmodi

579 5265 963 5333 prosperitates
994 5284 1098 5322 nan
1129 5285 1251 5322 raro
1279 5273 1588 5326 conducunt
1613 5272 1679 5325 ad
1710 5274 1957 5324 virtutem
1988 5272 2174 5325 eolen-

577 5334 699 5411 dam
739 5352 751 5388 :
785 5339 860 5391 sic
894 5340 1001 5392 Deo
1032 5340 1232 5394 dicenti
1269 5341 1460 5396 Jobum
1505 5358 1627 5397 esse
1664 5343 1836 5396 virum
1878 5341 2083 5411 justum
2120 5353 2177 5397 et

575 5406 842 5483 colentem
895 5410 1088 5476 Deum,
1139 5414 1417 5481 respondit
1446 5416 1617 5469 malus
1677 5406 2009 5483 genius'nnn
2050 5428 2173 5471 esse

572 5477 944 5554 mi_rutn,_cunt
965 5482 1148 5554 omnia
1181 5477 1255 5537 illi
1286 5499 1535 5554 prospera
1569 5477 1774 5541 essent.
1807 5484 1926 5539 Lib.
1957 5484 2078 5539 Job.

618 5549 663 5632 f
700 5548 843 5603 Ordo
887 5553 1024 5604 enim
1064 5548 1307 5619 quidam,
1351 5548 1507 5632 etc._]
1544 5556 1616 5632 tit
1656 5558 1800 5611 enim
1845 5571 2170 5632 rerumﬂom-

575 5627 723 5700 nium
753 5631 1053 5677 creatarum
1086 5640 1246 5700 unum
1280 5637 1357 5680 est
1392 5627 1713 5700 principium
1737 5642 1983 5694 unusque
2015 5627 2167 5695 linis,

574 5697 653 5761 sic
676 5706 894 5761 necesse
922 5705 1003 5747 est
1036 5711 1168 5749 unus
1200 5697 1269 5751 sit
1305 5698 1611 5751 earumdem
1650 5713 1830 5752 rerum
1865 5699 2027 5761 ordo,
2064 5714 2167 5751 una

572 5758 939 5835 Providentia,
974 5779 1135 5835 quam
1180 5779 1389 5835 utpote
1440 5768 1702 5821 infinitam
1761 5783 1934 5832 neque
1985 5758 2166 5821 animo

571 5834 1061 5906 comprehendere,
1090 5834 1277 5903 neque
1305 5837 1485 5890 verbis
1523 5839 1794 5906 explicare
1831 5853 2116 5902 possumus
2150 5855 2164 5890 :

569 5899 770 5969 optime
815 5902 958 5955 enim
1007 5899 1293 5970 Homerus,
1339 5907 1486 5960 Iliad.
1536 5899 1609 5961 ΜΣ
1662 5899 1918 5978 Ἀργει)ίὲον
1955 5907 1997 5961 δ’
2039 5911 2162 5975 ἐμὲ,

2287 4854 2439 4906 deum
2469 4856 2654 4920 eloqui.

2357 4970 2386 5001 "
2425 4970 2573 5034 Quod
2613 4969 2926 5037 quibusdam
2979 4978 3197 5023 vocatur
3243 4971 3602 5037 spondaicnm.
3648 4971 3877 5026 Carmen

2286 5050 2368 5093 est
2391 5050 2645 5093 constans
2668 5056 2730 5094 cx
2762 5055 2865 5093 uno
2891 5056 3086 5108 genere
3108 5056 3380 5103 versuum,
3404 5056 3631 5106 quorum
3656 5044 3879 5111 quilibet

2287 5118 2598 5163 tetrameter
2630 5111 2785 5165 tertio
2818 5113 2932 5163 loco
2962 5112 3231 5181 dactylum
3264 5122 3320 5166 et
3359 5121 3550 5179 qnarto
3578 5114 3873 5179 spondeum

2284 5183 2481 5253 stepius
2530 5181 2690 5235 habet
2723 5198 2737 5234 :
2770 5182 2890 5235 aliis
2934 5197 3061 5237 vero
3111 5183 3280 5247 locis,
3326 5192 3519 5252 printer
3563 5182 3659 5237 hos
3692 5186 3872 5253 pedes.

2285 5251 2443 5303 etiam
2478 5268 2573 5304 ana
2586 5264 2826 5320 pastum.

2358 5342 2406 5393 1.
2434 5340 2563 5395 Jura
2588 5342 2853 5414 tonantis.]
2886 5341 3267 5397 Providentiam
3296 5341 3392 5397 Dei
3421 5360 3438 5398 :
3471 5359 3589 5397 nam
3615 5360 3732 5397 cum
3760 5345 3872 5398 hate

2282 5411 2613 5467 Providentia
2635 5431 2696 5469 ex
2724 5411 2879 5468 dictis
2906 5416 2968 5467 sit
2991 5416 3161 5467 divina
3188 5415 3319 5467 ratio
3345 5416 3399 5466 in
3427 5431 3625 5467 summo
3646 5418 3871 5469 omnium

2280 5485 2509 5553 principe
2537 5488 2810 5537 constituta
2837 5501 2950 5553 qua:
2980 5495 3163 5537 cuncta
3201 5487 3457 5554 disponit,
3488 5485 3598 5538 inec
3632 5502 3734 5538 non
3764 5488 3866 5539 iui-

2280 5555 2469 5608 merito
2499 5565 2715 5608 vocatur
2743 5557 2829 5622 jus
2855 5555 3093 5609 divinum
3121 5600 3136 5621 ,
3175 5558 3287 5610 sive
3318 5558 3400 5610 lex
3430 5557 3631 5609 divina.
3666 5556 3867 5611 Deinde

2280 5640 2411 5679 vero
2448 5635 2627 5679 tonans
2670 5637 2751 5679 est
2797 5629 2933 5679 Deus
2976 5644 2989 5678 :
3028 5643 3147 5680 cum
3187 5627 3329 5682 enim
3367 5642 3543 5681 causae
3573 5628 3869 5695 peculiares

2278 5696 2521 5767 fulguris,
2553 5697 2773 5750 tonitrui
2795 5735 2811 5761 ,
2843 5706 2893 5750 et
2924 5698 3158 5757 fulminis
3188 5698 3343 5767 vulgo
3371 5712 3475 5751 non
3508 5699 3865 5763 innotescant,

2277 5768 2391 5819 haec
2414 5766 2599 5821 effecta
2633 5769 2700 5820 ita
2727 5769 2825 5821 soli
2854 5767 2961 5819 Deo
2986 5769 3139 5828 tribui
3168 5766 3595 5836 consueverunt,
3619 5779 3675 5822 ut
3698 5780 3866 5836 poetzn

2278 5851 2571 5904 praesertim
2606 5840 3330 5909 nominandofulgurantem,
3368 5847 3647 5904 tonantem,
3678 5848 3731 5894 et
3762 5840 3863 5909 [ηις

2275 5910 2571 5971 nnnantem,
2605 5909 2771 5963 Deum
2805 5907 3025 5978 intelligi
3044 5907 3237 5967 velint.
