4290 6258
430 462 524 516 821

570 579 705 636 Pura
733 580 904 638 solers
930 596 1152 640 cernere
1176 593 1376 649 mente,

569 673 764 741 Aspice
790 675 984 729 summi
1014 675 1241 730 culmina
1273 677 1417 732 εαξη.

569 766 728 838 301
770 766 884 822 Illic
907 769 1052 838 justo
1080 769 1284 826 foedere
1312 787 1494 832 rerum

426 859 461 914 5
578 859 822 916 Veterem
851 871 1072 926 servant
1099 862 1274 918 sidera
1309 880 1511 933 pacem.

571 951 686 1007 Non
717 953 797 1008 sol
827 955 989 1008 rutilo
1012 956 1255 1010 concitus
1287 957 1408 1027 igne

575 1046 821 1102 Gelidum
850 1046 1083 1104 Phoebes
1112 1040 1333 1116 impedit
1361 1065 1536 1105 axem.

569 1139 677 1194 Nec
701 1155 819 1210 qua“:
846 1156 1055 1196 summo
1080 1145 1281 1197 vertice
1307 1144 1485 1198 mundi

571 1231 766 1287 Flectit
795 1233 1012 1302 rapidos
1039 1232 1170 1289 Ursa
1200 1243 1427 1303 meatus,

427 1321 494 1376 ll)
568 1322 845 1391 Nunquam
879 1325 1101 1378 occiduo
1131 1326 1237 1381 lota
1269 1326 1554 1395 profundo,

569 1414 777 1470 Cmtcra
807 1431 1034 1472 cernens
1059 1417 1236 1473 sidera
1265 1422 1450 1489 mergi,

573 1506 732 1573 Cupit
760 1510 972 1565 Oceano
1004 1512 1206 1580 tingere
1242 1514 1504 1567 ﬂammas.

569 1601 795 1670 Semper
821 1605 1026 1660 vicibus
1053 1605 1310 1675 temporis
1336 1607 1503 1676 aequis

569 1692 769 1762 Vesper
794 1711 945 1751 seras
977 1697 1184 1750 nuntiat
1213 1697 1453 1762 umbras,

433 1784 500 1840 15
575 1785 908 1857 Revehitque
935 1787 1074 1843 diem
1108 1787 1319 1842 Lucifer
1349 1789 1569 1843 almum.

565 1877 653 1933 Sic
679 1887 909 1933 aeternos
940 1879 1110 1934 reficit
1137 1893 1324 1933 cursus

573 1973 826 2027 Alternus
852 1989 1006 2028 amor
1033 1991 1044 2026 :
1079 1973 1157 2027 sic
1183 1972 1457 2042 astrigeris

575 2065 782 2122 Bellum
816 2067 1022 2122 discors
1049 2067 1266 2124 exsulat
1293 2067 1426 2125 oris.

1337 470 1426 526 DE
1456 471 1976 530 CONSOLATIONE
2017 471 2487 529 PHILOSOPHUE
2524 473 2654 530 LIB.
2690 475 2780 532 IV.

2035 591 2089 650 A

2255 587 2382 642 Haec
2417 587 2706 643 concordia
2737 596 2999 658 temperat
3023 590 3190 658 aequis

2112 679 2184 736 20
2261 681 2534 735 Elementa
2567 681 2762 748 modis,
2790 691 2847 734 ut
2876 680 3162 751 pugnantia

2261 771 2478 827 Vicibus
2506 773 2701 826 cedant
2726 771 2940 826 humida
2962 772 3140 838 siccis,

2259 863 2598 933 Jungantque
2621 864 2781 919 fidem
2810 863 3004 934 frigora
3031 864 3279 929 ﬂammis,

2262 956 2530 1010 Pendulus
2562 957 2699 1026 ignis
2725 966 2906 1026 surgat
2936 956 2988 1009 in
3013 955 3178 1009 altum
3199 995 3214 1018 ,

2259 1047 2545 1115 Terraeque
2575 1062 2764 1115 graves
2793 1046 3027 1117 pondere
3065 1048 3257 1100 sidant.

2118 1139 2188 1196 25
2261 1140 2421 1210 302
2464 1140 2652 1195 Iisdem
2683 1141 2861 1195 causis
2889 1155 3015 1195 vere
3046 1139 3244 1209 tepenti

2259 1232 2442 1300 Spirat
2470 1231 2676 1287 ﬂorifer
2700 1246 2873 1287 annus
2902 1231 3118 1297 odores,

2261 1324 2444 1380 Estas
2473 1325 2726 1380 Cererem
2757 1326 2958 1380 fervida
2991 1327 3177 1387 siccat,

2263 1417 2487 1470 Remeat
2517 1418 2691 1487 pomis
2727 1419 2906 1488 gravis
2939 1427 3243 1481 autumnus,

2266 1514 2505 1569 Hiemem
2532 1514 2740 1569 deﬂuus
2767 1515 2949 1584 irrigat
2981 1513 3173 1567 imber.

2120 1607 2188 1663 30
2263 1607 2388 1661 Haec
2416 1608 2702 1677 temperies
2733 1607 2859 1669 alit,
2889 1622 2950 1659 ac
2980 1605 3182 1676 profert

2266 1701 2535 1770 Quidquid
2565 1701 2727 1754 vitam
2759 1701 2930 1768 Spirat
2957 1700 3008 1753 in
3039 1701 3170 1754 orbe
3196 1718 3207 1751 :

2265 1792 2464 1848 Eadem
2496 1793 2712 1862 rapiens
2740 1792 2943 1858 condit,
2975 1800 3030 1846 et
3056 1791 3251 1859 aufert,

2264 1885 2424 1941 Obitu
2450 1899 2699 1956 mergens
2723 1893 2837 1940 orta
2871 1899 3142 1954 supremo.

2267 1977 2434 2032 Sedet
2464 1977 2670 2032 interea
2696 1976 2944 2030 conditor
2974 1977 3133 2039 altus,

2049 2051 2097 2112 Β
2126 2067 2196 2124 55
2270 2069 2578 2139 Rerumque
2606 2083 2799 2140 regens
2829 2066 2996 2122 ﬂectit
3027 2068 3290 2127 habenas,

1760 2177 2336 2237 lNTERPRETATlO.

430 2291 528 2347 ilic
555 2304 693 2347 astra
722 2296 941 2349 retinent
976 2294 1308 2349 concordiam
1343 2293 1608 2365 antiquam
1640 2308 1813 2365 rerum
1833 2335 1847 2357 ,
1880 2302 2016 2347 certo

430 2366 632 2431 fallere.
666 2365 760 2422 Sol
786 2377 964 2436 raptus
995 2369 1206 2435 flamma
1234 2364 1505 2436 splendida
1531 2381 1635 2419 non
1662 2364 1872 2433 impedit
1901 2381 2020 2417 cur-

429 2454 538 2489 rum
584 2438 828 2508 frigidum
851 2435 1021 2493 luna.
1077 2436 1255 2499 Neque
1289 2435 1422 2508 Ursa
1444 2478 1458 2500 ,
1497 2453 1609 2504 quia
1644 2437 1855 2508 uertitur
1883 2436 2020 2508 circa

430 2507 678 2560 summum
708 2508 886 2579 polum
912 2509 1108 2572 mundi,
1137 2510 1250 2560 licet
1280 2507 1400 2560 hinc
1425 2523 1683 2576 nunquam
1711 2507 1886 2560 abluta
1908 2507 2020 2579 fue-

431 2583 496 2629 rit
526 2578 714 2632 oceano
743 2579 974 2644 occiduo,
1005 2581 1125 2632 inde
1149 2595 1262 2632 vero
1287 2579 1453 2630 videat
1479 2587 1662 2631 caetera
1692 2589 1832 2630 astra
1857 2578 2016 2643 ablui,

429 2649 589 2703 studet
617 2650 823 2704 abluere
850 2667 966 2703 suos
992 2651 1134 2717 ignes
1167 2649 1268 2702 hoc
1294 2650 1482 2702 eodem
1513 2648 1664 2702 mari.
1700 2649 1912 2715 Semper
1940 2651 2022 2702 al-

431 2729 566 2790 terna
611 2722 699 2774 sed
720 2725 865 2789 justa
902 2723 1216 2774 successione
1257 2719 1498 2787 temporis
1534 2719 1684 2774 stella
1733 2721 2016 2790 vespertina

432 2788 618 2844 indicat
647 2788 877 2845 tenebras
907 2800 1214 2852 nocturnas,
1255 2791 1548 2859 eademque
1578 2791 1725 2846 stella
1761 2788 2014 2844 matutina

432 2863 581 2930 refert
613 2861 777 2916 lucem
822 2863 1113 2931 fecundam.
1164 2863 1252 2915 Sic
1287 2877 1430 2914 amor
1475 2862 1766 2928 reciprocus
1810 2871 2015 2927 reparat

433 2917 594 2985 motus
619 2917 887 3002 perpetu'os
910 2950 928 3000 ;
949 2934 1021 2987 sic
1043 2933 1228 2987 bellum
1252 2933 1444 2986 discors
1469 2917 1686 3003 'ejecium
1707 2942 1826 2986 este
1846 2917 2015 3002 regio-
2041 2917 2088 2981 C

2122 2294 2268 2347 nibus
2314 2295 2590 2362 stelliferis.
2657 2290 2942 2347 Concordia
2989 2293 3087 2345 ista
3130 2291 3424 2344 moderatur
3465 2291 3711 2344 elementa

2113 2366 2274 2438 justis
2296 2365 2513 2438 legibus,
2539 2374 2594 2417 ut
2617 2365 2826 2416 humida
2845 2362 3329 2438 contraria-alternis
3350 2364 3528 2438 cedant
3548 2362 3714 2427 siccis,

2124 2433 2170 2490 et
2201 2433 2397 2507 frigida
2424 2439 2600 2489 ineant
2641 2451 2818 2504 pacem
2860 2451 2975 2487 cum
2999 2433 3238 2507 calidis;
3269 2435 3413 2507 ignis
3447 2449 3717 2507 suspensus

2125 2503 2293 2561 eitolet'
2321 2522 2523 2561 sursum
2581 2503 2647 2560 et
2673 2516 2808 2560 terra
2869 2505 3156 2571 ponderosa
3197 2503 3434 2556 subsistat
3465 2504 3717 2556 deorsum

2124 2592 2217 2631 sua
2248 2580 2514 2650 gravitate.
2550 2576 2650 2632 His
2683 2577 2873 2650 legibus
2903 2593 3066 2650 annus
3093 2577 3280 2643 florum
3310 2591 3493 2650 parens
3533 2574 3718 2650 emittit

2125 2645 2306 2703 odores
2345 2658 2662 2717 tempestate
2701 2645 2872 2713 tepida
2914 2649 3081 2709 reris,
3146 2655 3293 2699 testas
3336 2645 3502 2698 calida
3551 2647 3718 2713 coquit

2129 2737 2344 2774 messem
2368 2761 2382 2784 ,
2428 2729 2705 2772 autumnus
2735 2721 3002 2770 revertitur
3032 2727 3245 2768 onustus
3297 2719 3458 2781 pontis
3485 2756 3498 2779 ,
3549 2717 3720 2782 pluvia

2129 2792 2316 2844 cadens
2345 2791 2566 2862 aspergit
2596 2789 2830 2844 hiemem.
2853 2787 3002 2862 Hinc
3031 2787 3294 2862 temprries
3333 2786 3719 2862 nutrit_produ-_-

2125 2863 2294 2931 citque
2323 2856 2514 2930 corpus
2537 2877 2681 2914 omne
2723 2860 2860 2928 quod
2906 2859 3204 2931 agit‘vitani
3249 2859 3301 2910 in
3348 2856 3580 2931 mundo;
3624 2856 3717 2908 sed

2121 2927 2300 2986 eadem
2334 2927 2619 3000 temperies
2651 2927 2783 2984 tollit
2811 2938 2860 2984 et
2894 2927 3114 2982 occultat
3144 2928 3276 2980 idem
3309 2943 3494 2995 corpus
3527 2928 3717 2990 uiuens,

1950 3046 2181 3105 NOTAE.

501 3164 555 3217 2.
582 3162 725 3236 Pura
753 3165 910 3219 solers
939 3180 1140 3218 cernere
1165 3161 1377 3236 mente.]
1423 3164 1595 3220 Mente
1624 3164 1858 3236 omnibus
1891 3180 2027 3236 prie-

437 3235 639 3301 iudiciis
686 3245 837 3289 exuta
885 3237 1018 3289 clare
1046 3245 1093 3289 et
1136 3235 1372 3306 distincte
1400 3252 1736 3306 cognoscere,
1787 3235 2023 3291 divinam

444 3307 696 3360 nimirum
729 3306 1122 3360 Providentiam
1150 3348 1166 3369 ,
1213 3305 1372 3375 hujus
1417 3305 1594 3361 autem
1646 3307 2025 3371 Providentiae,

439 3377 611 3444 indice
667 3376 1048 3444 Philos0phia,
1095 3385 1410 3447 argumenta
1465 3385 1592 3431 sunt
1635 3378 1766 3447 ipsae
1823 3386 2030 3433 naturas

439 3448 582 3516 leges
609 3487 624 3510 ,
657 3461 790 3516 quas
843 3448 1082 3502 videmus
1122 3447 1664 3516 observari,primum
1708 3447 1923 3518 quidem
1973 3449 2025 3502 in

439 3518 730 3584 sideribus,
772 3518 962 3572 deinde
990 3519 1042 3573 in
1071 3518 1382 3575 elementis,
1426 3529 1609 3588 postea
1649 3521 1700 3572 in
1747 3519 1874 3587 ipsis
1902 3519 2030 3574 anni

441 3589 844 3658 tempestatibus
861 3633 874 3651 ,
909 3588 1138 3656 denique
1165 3589 1215 3641 in
1241 3591 1488 3643 omnibus
1511 3590 1828 3658 corporibus
1847 3590 2031 3646 viven-

443 3661 581 3714 tibus
612 3675 628 3724 ;
655 3661 722 3713 de
748 3660 940 3728 quibus
969 3675 1212 3714 seorsum
1247 3661 1589 3729 Philosophia
1618 3660 1826 3715 dictura
1854 3671 1954 3716 est.

512 3753 564 3806 5.
593 3751 808 3807 Serrant
836 3753 1005 3805 sidera
1037 3750 1258 3823 pacem.]
1291 3754 1330 3806 I.
1366 3753 1637 3808 Praedictze
1671 3753 2030 3808 Providentiae.

443 3823 585 3884 leges
605 3823 956 3876 observantur
977 3823 1026 3876 in
1050 3824 1342 3887 sideribus,
1367 3825 1626 3878 nimirum"
1643 3824 1694 3877 in
1721 3825 1855 3891 sole,
1882 3825 2029 3888 luna,

442 3893 574 3964 Ursa
598 3935 612 3957 ,
651 3892 896 3947 Lucifero
933 3904 985 3946 et
1014 3897 1227 3948 caeteris
1267 3895 1455 3949 stellis.
1489 3895 1641 3957 Nam,
1674 3896 1920 3964 quamvis
1951 3897 2032 3950 sol

441 3962 511 4016 ita
545 3965 613 4017 sit
641 3979 838 4031 corpus
869 3964 1137 4031 lucidum,
1175 3974 1234 4018 ut
1263 3965 1392 4034 ignis
1425 3966 1608 4020 haberi
1641 3962 1831 4034 possit,
1881 3967 2032 4034 juxta

444 4035 569 4088 illtid
590 4035 767 4107 “Eccli.
799 4049 928 4089 XLIII
969 4052 985 4089 :
1019 4036 1112 4089 Sol
1144 4052 1356 4089 exurens
1395 4048 1620 4101 montes,
1656 4037 1833 4090 radios
1860 4038 2035 4107 igneos

445 4106 744 4175 essu/flans;
775 4109 896 4159 luna
924 4121 1051 4160 vero
1074 4107 1142 4158 ita
1165 4121 1361 4175 corpus
1381 4121 1630 4175 Opacum,
1656 4117 1713 4159 ut
1735 4109 1833 4161 nisi
1861 4106 2036 4162 alieno

445 4177 647 4248 lumine
678 4177 912 4230 reluceat
940 4217 956 4239 ,
1003 4176 1190 4245 frigida
1229 4179 1405 4244 potius
1434 4193 1591 4248 quam
1637 4178 1808 4231 calida
1856 4178 2037 4232 haberi

447 4246 678 4312 debeat,
724 4248 805 4301 sol
849 4258 1025 4301 tamen
1059 4248 1127 4300 ita
1172 4258 1413 4303 movetur
1439 4246 1465 4313 ,ἡ
1499 4257 1557 4302 ut
1586 4248 1726 4302 lunae
1756 4250 2035 4302 circuitum

449 4331 553 4371 non
587 4317 858 4382 impediat.
891 4317 1151 4372 Similiter
1185 4317 1317 4372 Ursa
1350 4318 1492 4387 polo,
1525 4319 1611 4373 cui
1645 4335 1838 4372 nomen
1868 4319 2038 4384 dedit,

449 4388 618 4441 vicina
647 4389 715 4441 ita
749 4397 991 4443 movi‘tur
1017 4389 1156 4442 circa
1188 4389 1434 4443 eumdem
1468 4391 1671 4456 polum,
1703 4399 1762 4442 ut
1787 4392 2039 4444 occiden-

2132 3174 2298 3219 tatum
2325 3164 2635 3228 motricium,
2662 3177 2782 3232 qua:
2805 3162 2872 3215 ita
2903 3171 3114 3216 notatur
3140 3159 3430 3231 (Pendula:
3452 3161 3584 3232 ignis
3606 3178 3720 3216 sur-

2130 3246 2229 3309 gat_
2240 3237 2294 3309 in
2324 3237 2504 3309 altum,
2535 3235 2808 3309 Terraque
2834 3233 3264 3309 grauespondere
3292 3233 3504 3309 sidunt).

2202 3306 2294 3360 25.
2336 3303 2528 3360 Iisdem
2573 3302 2773 3371 causis,
2816 3302 2956 3374 etc.]
3002 3302 3087 3358 llI.
3134 3303 3321 3358 Iisdem
3370 3304 3722 3360 Providentiae

2133 3377 2338 3446 legibus
2396 3387 2624 3446 quatuor
2684 3377 2807 3430 anni
2871 3384 3256 3443 tempestates,
3307 3374 3556 3428 nimirum
3584 3391 3718 3446 ver,

2133 3444 2292 3502 testas
2315 3488 2329 3511 ,
2363 3444 2648 3501 autumnus
2685 3459 2738 3502 et
2785 3446 2958 3500 hiems
2991 3446 3091 3499 sibi
3133 3446 3359 3498 invicem
3403 3444 3718 3498 snticedunt.

2134 3519 2241 3573 Ver
2269 3533 2369 3573 suo
2396 3527 2580 3586 tepore
2615 3517 2778 3573 ﬂores
2820 3517 3120 3580 odoresque
3149 3516 3367 3570 emittit.
3417 3515 3598 3570 Esms
3624 3531 3724 3568 suo

2135 3590 2342 3644 fervore
2373 3603 2577 3643 messes
2607 3590 2793 3643 siccat.
2828 3589 3129 3641 Autumnus
3164 3587 3334 3654 pomis
3371 3591 3596 3640 onuStus
3633 3602 3725 3640 su-

2134 3660 2240 3724 bit;
2275 3659 2593 3729 Iandemque
2622 3659 2793 3713 hiems
2819 3660 2886 3712 ab
2914 3659 3193 3718 imbribus,
3215 3659 3326 3711 sive
3355 3659 3458 3712 ἀπὸ
3481 3665 3571 3712 τοῦ
3596 3657 3722 3723 ὕειν,

2136 3733 2330 3794 pluere,
2364 3731 2532 3794 dicta,
2565 3730 2763 3800 pluviis
2791 3744 2948 3798 agros
2979 3729 3162 3798 irrigat
3198 3745 3211 3780 :
3242 3742 3362 3798 quae
3395 3731 3573 3782 omnia
3613 3731 3726 3783 evi-

2135 3802 2452 3856 dentissime
2483 3801 2569 3854 hic
2597 3809 2986 3868 praponuntur.

2206 3875 2295 3927 50.
2323 3870 2449 3926 Hac
2476 3867 2758 3940 temperies,
2782 3867 2913 3941 etc.]
2944 3870 3028 3924 IV.
3064 3869 3156 3924 His
3185 3870 3345 3923 etiam
3371 3869 3564 3923 divinas
3591 3870 3724 3924 Pro-

2139 3943 2386 3998 videntia:
2437 3943 2642 4012 legibus
2692 3957 2919 4010 corpora
2974 3941 3203 4012 viventia
3246 3942 3474 4008 primum
3509 3941 3723 4009 quidem

2139 4014 2192 4067 in
2222 4024 2374 4068 utero
2404 4012 2627 4066 formata
2658 4013 2871 4066 aluntur
2891 4051 2907 4078 ,
2947 4011 3140 4067 deinde
3169 4011 3221 4064 in
3253 4025 3410 4064 auras
3443 4013 3724 4078 prodeunt,

2142 4083 2464 4154 tandemque
2494 4093 2712 4150 peracto
2742 4084 2862 4136 viue
2892 4097 3052 4136 cursu
3084 4083 3384 4154 moriuntur
3417 4098 3430 4132 :
3459 4082 3598 4154 quod
3630 4083 3727 4137 ad-

2139 4151 2391 4209 mirabile
2418 4155 2633 4222 quidem
2662 4164 2744 4208 est
2774 4155 3090 4221 generatim,
3124 4151 3217 4206 sed
3251 4153 3406 4220 longe
3437 4153 3729 4209 admirabi-

2141 4227 2246 4279 lius
2276 4225 2551 4294 speciatim
2584 4235 2904 4294 spectatum.

2217 4292 2318 4349 54(
2340 4295 2494 4351 Sedet
2520 4292 2709 4348 interea
2730 4338 2744 4359 ,
2781 4293 2908 4365 etc.]
2941 4293 3003 4348 V.
3033 4293 3374 4363 Philosophia
3407 4292 3584 4359 docet,
3612 4296 3731 4351 illas

2144 4380 2434 4436 corp0rttm
2468 4367 2863 4422 vicissitudines
2889 4367 3011 4417 oriri
3040 4380 3067 4416 a
3103 4365 3208 4418 Deo
3238 4365 3561 4436 ttr0vidente.
3598 4367 3732 4421 Ilinc

451 4459 592 4512 tibus
617 4459 826 4513 caeteris
861 4458 1125 4513 sideribus
1167 4476 1432 4523 nunquam
1470 4435 1698 4514 hccidai.
1746 4459 1854 4513 Nec
1883 4475 2040 4515 secus
2065 4453 2120 4513 D

2037 4480 2040 4510 ι
2065 4453 2120 4513 ι)
2147 4435 2287 4490 Deus
2317 4439 2385 4491 ab
2409 4438 2597 4523 eadem
2627 4436 2977 4523 Philosophia
3017 4448 3235 4523 vocatur
3263 4435 3523 4516 conditor,
3556 4437 3731 4523 mode-

457 4527 647 4590 Ventts,
663 4545 778 4598 quae
800 4531 1022 4583 alternis
1041 4541 1250 4585 noctem
1273 4529 1523 4598 diemque
1546 4531 1868 4598 praenuntiat
1887 4547 2044 4585 [Itane

452 4599 687 4663 Lucifer,
717 4615 838 4654 sero
871 4599 1094 4669 Vesper.
1128 4602 1253 4653 nihil
1284 4600 1621 4654 obstantibus
1647 4601 1860 4654 cteteris
1884 4602 2044 4656 astris

453 4671 880 4725 constantissime
903 4686 1025 4724 suas
1047 4673 1278 4725 alternat
1304 4672 1470 4724 vices.
1496 4670 1676 4734 Usque
1699 4673 1834 4725 adeo
1856 4686 2042 4726 verum

457 4750 540 4796 est
568 4741 743 4795 sidera
790 4743 1129 4810 praescriptas
1169 4741 1523 4795 Providentiae
1557 4743 1702 4810 leges
1732 4743 2041 4796 observare.

453 4811 554 4866 Sed
599 4812 666 4866 de
705 4808 942 4882 Lucifero
989 4808 1159 4866 metro
1208 4813 1238 4865 5
1278 4811 1372 4866 lih.
1420 4828 1476 4876 I,
1516 4811 1582 4864 de
1619 4808 1761 4865 Ursa
1803 4821 1977 4866 metro
2012 4813 2046 4867 5
2118 4859 2121 4862 .

455 4883 546 4938 lib.
577 4899 648 4946 tv,
681 4892 733 4936 et
759 4883 827 4937 de
857 4882 1142 4946 sideribus,
1169 4898 1286 4953 qua;
1315 4898 1433 4936 cum
1461 4882 1731 4948 occidunt,
1758 4887 1932 4953 poetis
1959 4883 2044 4938 di-

454 4964 646 5008 cuntur
673 4967 876 5008 oceano
907 4954 1106 5022 mergi,
1142 4952 1337 5024 passim
1365 4953 1567 5008 dictum
1596 4961 1699 5007 est.

526 5065 612 5121 19.
653 5065 780 5120 Han:
809 5068 1102 5131 concordia,
1136 5064 1263 5137 etc.]
1311 5067 1372 5120 ll.
1415 5067 1626 5121 Easdem
1677 5069 1821 5137 leges
1860 5068 2048 5123 Provi-

457 5137 657 5191 dentiae
705 5150 986 5192 servantur
1037 5138 1088 5191 in
1120 5139 1418 5192 elementis.
1466 5139 1801 5192 Elementutn
1853 5140 2050 5194 dicitur

457 5222 654 5273 corpus
678 5208 958 5262 dividuum
980 5251 995 5275 ,
1026 5209 1167 5278 quod
1197 5209 1265 5263 ita
1299 5211 1583 5263 formatum
1613 5220 1715 5268 est.
1745 5221 1804 5264 ut
1834 5225 1898 5264 ex
1931 5212 2047 5279 ipso

457 5287 650 5333 cietera
674 5289 1082 5346 componantur.
1118 5279 1287 5350 Vulgo
1310 5290 1536 5349 quatuor
1566 5281 1918 5336 admittuntur
1939 5282 2049 5336 ele-

459 5357 667 5413 menta,
695 5365 888 5418 nempe
919 5351 1085 5417 ignis,
1119 5365 1238 5412 aer,
1281 5366 1414 5420 aqua
1455 5360 1508 5405 et
1536 5360 1675 5406 terra
1707 5369 1720 5416 ;
1769 5369 1887 5421 qua:
1933 5363 2045 5408 tum

460 5422 828 5492 qualitatibus,
859 5435 990 5487 quas
1015 5431 1204 5474 vocant
1235 5423 1577 5485 alteratrices,
1616 5437 1738 5476 cum
1770 5424 2044 5492 qualitati-

459 5489 580 5553 bus,
615 5505 746 5563 quas
773 5491 956 5546 dicunt
972 5493 1210 5563 matrices
1238 5493 1374 5546 inter
1405 5507 1464 5545 se
1497 5508 1731 5563 pugnare
1761 5489 2046 5562 perhiben-

461 5569 568 5616 tur.
607 5562 1257 5634 Qualitatesialteratriﬁces,
1293 5565 1557 5632 inquiunt,
1583 5562 1716 5618 'sunt
1744 5565 1905 5631 calor,
1938 5565 2042 5634 fri-

461 5649 578 5700 gus,
603 5634 785 5684 humor
809 5642 856 5685 et
881 5633 1100 5687 siccitas.
1135 5633 1428 5700 Qualitates
1454 5644 1630 5688 autem
1657 5637 1891 5687 matrices
1919 5633 2044 5688 Sunt

462 5702 638 5756 levitas
667 5711 722 5757 et
749 5703 989 5773 grauitas.
1023 5703 1134 5757 Non
1175 5708 1348 5769 agitur
1381 5705 1464 5757 hic
1509 5705 1607 5757 nisi
1639 5705 1705 5757 de
1743 5705 2037 5758 concordia

459 5773 1265 5839 ejusmodielementorum,sive
1291 5776 1496 5828 ratione
1523 5774 1833 5841 qualitatum
1851 5776 2042 5828 altera—

463 5844 692 5904 tricium,
751 5860 869 5912 qtae
908 5843 985 5897 sic
1019 5845 1333 5902 exprimitur
1377 5846 1590 5912 (cedant
1622 5845 1834 5898 humida
1871 5846 2040 5909 siccis,

467 5916 780 5984 iunguntque
813 5915 964 5996 ﬁdem
993 5915 1187 5985 frigora
1218 5913 1462 5984 ﬂammis)
1499 5916 1609 5968 sive
1639 5915 1844 5969 ratione
1869 5915 2042 5986 quali-

2146 4517 2312 4574 rator,
2350 4523 2459 4568 rex,
2499 4509 2757 4570 dominus,
2791 4508 2927 4575 fons,
2959 4507 3125 4575 origo,
3159 4505 3241 4558 lea:
3279 4515 3324 4556 et
3367 4510 3565 4573 sapiens
3593 4509 3732 4559 arbi-

2147 4588 2221 4631 ter
2248 4593 2266 4631 :
2296 4588 2350 4630 ut
2382 4579 2585 4630 scilicet
2615 4579 2697 4630 his
2727 4575 3025 4629 nominibus
3052 4590 3167 4627 eam
3197 4590 3354 4643 quam
3388 4576 3596 4628 insitam
3633 4579 3731 4628 ha-

2154 4647 2341 4702 bemus
2370 4647 2464 4702 Dei
2496 4647 2670 4700 ideam
2704 4650 3072 4708 notionemve,
3113 4644 3204 4697 sed
3246 4648 3731 4710 perturbationibus

2151 4719 2518 4783 obscuratum,
2550 4727 2603 4771 et
2633 4717 2794 4772 veluti
2826 4717 3048 4783 sopitum
3081 4715 3330 4786 illuSIret,
3360 4716 3682 4786 suscitetquc
3713 4737 3727 4770 :

2155 4788 2252 4841 hac
2282 4787 2480 4858 quippe
2506 4787 2620 4841 idea
2651 4802 2745 4842 seu
2773 4786 2946 4856 potius
2972 4786 3079 4858 Deo
3109 4786 3222 4858 ipso
3243 4785 3488 4852 docente,
3517 4785 3730 4844 tandem

2151 4855 2437 4928 aliquando
2495 4855 2879 4927 cognoscemus
2932 4857 3102 4910 solum
3149 4855 3312 4909 Deum
3356 4872 3475 4910 esse
3514 4860 3735 4928 proprie

2153 4943 2367 4982 causam
2400 4929 2771 4998 praedictorum
2795 4936 3034 4981 motuum
3063 4940 3197 4997 quos
3232 4928 3508 4993 miramur,
3539 4931 3648 4984 sive
3677 4933 3734 4986 in

2154 4999 2420 5054 sideribus
2445 5041 2459 5063 ,
2500 5000 2612 5055 sive
2658 5001 2710 5053 in
2741 4998 3020 5054 elementis
3045 5039 3062 5064 ,
3101 4999 3212 5052 sive
3243 4999 3294 5050 iu
3326 4998 3442 5052 aliis
3472 4999 3736 5069 ejusmodi

2154 5070 2468 5140 corporibus
2499 5088 2510 5122 :
2543 5072 2679 5124 sicut
2707 5085 2811 5124 non
2841 5070 3016 5140 minus
3037 5073 3124 5139 pie
3154 5083 3309 5138 quam
3333 5070 3487 5124 docte
3513 5074 3738 5127 demon-

2158 5139 2346 5195 stravit
2392 5151 2579 5194 auctor
2623 5143 2740 5196 libri
2789 5141 2857 5196 de
2902 5139 3246 5208 Inquisitione
3290 5143 3545 5196 veritatis.
3605 5147 3738 5199 Hinc

2156 5211 2344 5266 eadem
2375 5211 2720 5281 Philosophia
2753 5225 2894 5265 nunc
2922 5211 3095 5272 docet,
3129 5226 3233 5265 non
3277 5212 3446 5264 Sttilllli
3477 5215 3734 5283 quietem,

2154 5284 2247 5336 sed
2291 5285 2451 5339 etiam
2500 5295 2700 5336 motum
2744 5297 3024 5350 corporum
3047 5322 3061 5346 ,
3096 5283 3220 5354 _iino
3249 5293 3300 5334 et
3331 5284 3516 5354 modos
3545 5287 3739 5354 quibus

2155 5365 2376 5420 corpora
2402 5362 2701 5416 moventur,
2724 5368 2842 5408 esse
2868 5354 2934 5405 ab
2958 5355 3071 5420 ipso
3096 5351 3204 5406 Deo
3226 5351 3740 5418 provitleuteISistit

2155 5424 2416 5476 retrahens
2447 5440 2508 5476 ac
2543 5441 2664 5490 vaga
2690 5424 2861 5493 ﬁrmat
2890 5438 2909 5477 :
2936 5438 3059 5477 ecce
3090 5426 3347 5491 quietem,
3404 5436 3541 5478 motu
3571 5429 3740 5480 conci-

2157 5501 2227 5546 tat
2254 5496 2328 5546 ire
2358 5510 2377 5546 :
2402 5509 2527 5548 ecce
2558 5503 2757 5548 motum
2793 5497 2962 5560 ipsum
2999 5512 3010 5557 ;
3044 5507 3200 5550 rectos
3228 5510 3464 5548 revocans
3493 5501 3614 5559 ius,
3647 5500 3738 5564 fle-

2155 5579 2250 5617 xos
2279 5564 2460 5616 iterum
2485 5575 2633 5637 cogat
2657 5567 2710 5618 in
2737 5566 2880 5618 orbes
2913 5581 2931 5618 :
2960 5579 3085 5619 ecce
3116 5567 3304 5637 modos
3335 5579 3530 5620 nimus.
3563 5568 3739 5637 Atque

2159 5649 2226 5705 ne
2253 5643 2468 5700 putares
2492 5635 2653 5689 Deum
2681 5637 2728 5690 id
2751 5637 2908 5690 officii
2933 5635 3263 5688 commisisse
3287 5647 3477 5688 natura
3498 5635 3703 5692 cuidam
3722 5682 3740 5705 ,

2148 5703 2351 5776 formw,
2383 5707 2734 5773 qualitatibus,
2765 5707 3109 5776 accidentibus
3134 5715 3185 5758 et
3212 5709 3422 5760 caeteris
3449 5703 3736 5776 ejusmodi,

2155 5775 2496 5844 Philosophia
2529 5779 2707 5842 addit,
2741 5777 2852 5850 fore
2882 5788 2935 5830 ut
2959 5818 2972 5840 ,
3015 5775 3116 5829 nisi
3148 5775 3286 5850 Deus
3317 5779 3430 5846 ipse
3463 5775 3574 5834 haec
3603 5796 3742 5850 pra:-

2150 5856 2476 5923 slaret,_qute
2504 5865 2637 5901 nunc
2678 5848 2874 5902 stabilis
2913 5850 3134 5902 continet
3179 5847 3305 5900 ordo
3330 5889 3345 5915 ,
3382 5847 3618 5923 dissepta'
3650 5870 3742 5908 suo

2151 5917 2290 5987 fonte
2315 5917 2576 5987 fatiscant.
