4290 6258
574 346 675 399 δῑὲό

714 464 825 518 liex
854 472 906 518 et
933 464 1211 527 dominus,
1242 464 1359 516 fons
1387 472 1438 515 et
1469 461 1649 531 origo,

714 557 821 613 Lex
848 568 897 612 ct
921 559 1134 626 sapiens
1162 555 1362 609 arbiter
1389 556 1547 625 :cqui,

710 651 777 704 Et
812 665 928 719 qua:
957 658 1102 703 motu
1125 648 1356 702 concitat
1383 650 1481 714 ire,

710 742 862 797 Sistit
883 743 1180 808 retrahens,
1205 756 1268 795 ac
1299 756 1425 811 vaga
1461 742 1653 797 ﬁrmat.

566 836 634 889 40
707 837 865 905 303
906 835 1034 890 Nam
1068 837 1165 889 nisi
1198 846 1372 891 rectos
1404 850 1663 892 revocans
1691 835 1827 902 itus,

708 928 904 983 Flexos
932 928 1126 983 iterum
1157 940 1309 999 cogat
1337 929 1388 983 in
1419 930 1597 993 orbes,

706 1018 834 1084 Quae
864 1035 1004 1075 nunc
1031 1020 1236 1074 Stabilis
1266 1021 1504 1074 continet
1529 1019 1685 1085 ordo,

712 1109 950 1176 Dissepta
980 1126 1077 1164 suo
1107 1111 1253 1165 fonte
1287 1112 1548 1166 fatiscant.

708 1201 803 1255 llic
832 1213 913 1256 est
939 1203 1144 1258 cunctis
1182 1204 1479 1257 communis
1515 1217 1681 1273 amor,

564 1291 633 1346 45
708 1294 1078 1364 llepetuntque
1111 1296 1233 1348 boni
1267 1294 1371 1348 fine
1402 1298 1591 1350 teneri.

708 1386 838 1452 Quia
878 1403 983 1441 non
1014 1387 1169 1441 aliter
1194 1387 1387 1441 durare
1416 1395 1637 1456 queunt,

711 1478 818 1532 Nisi
850 1494 1110 1534 converso
1141 1494 1327 1533 rursus
1357 1494 1541 1533 amore

708 1568 949 1623 lleiluant
976 1584 1151 1624 causa:
1170 1611 1185 1635 ,
1215 1586 1333 1638 qum
1361 1568 1506 1623 dedit
1535 1581 1673 1622 esse.

1061 1690 1222 1762 304
1262 1691 1479 1765 rupsa
1524 1689 1634 1744 vn.

560 1796 951 1851 Ancuuesrun.
984 1824 1053 1833 ——
1084 1793 1174 1848 Sic
1204 1810 1348 1861 ergo,
1381 1794 1542 1863 inquit
1570 1789 1909 1863 Philowpltia
1929 1834 1943 1858 ,
1975 1795 2140 1846 omnis

632 1868 868 1936 fortuna,
898 1866 999 1917 sive
1027 1865 1135 1918 haec
1192 1862 1651 1933 prospera'fuerit,
1682 1862 2018 1936 sitteadversa
2041 1904 2055 1927 ,
2085 1874 2141 1917 ut

627 1931 741 2009 pote
768 1952 880 2005 qua:
908 1953 941 1988 a
973 1935 1079 2009 Deo
1110 1931 1411 2009 providente
1437 1931 1632 2009 oritur,
1674 1932 1741 2009 ad
1780 1934 1948 2009 ipsum
1977 1931 2141 2009 Deum

630 2005 872 2078 refertur,
895 2016 949 2059 ut
974 2007 1038 2061 sit
1062 2007 1192 2060 bona
1209 2048 1223 2070 ,
1247 2021 1338 2059 nec
1358 2006 1455 2059 nisi
1481 2006 1792 2058 abutentium
1824 2006 1943 2057 vitio
1966 2005 2140 2059 mala:

626 2077 700 2131 sic
728 2080 909 2149 probos
938 2094 1180 2148 prospera
1210 2092 1533 2149 remunerare
1558 2118 1571 2141 ,
1611 2077 1826 2130 adversa
1866 2091 2096 2149 exercere
2122 2094 2141 2141 ;

625 2150 882 2273 improbos
920 2164 1036 2203 vero
1075 2148 1289 2203 aduersa
1333 2148 1512 2218 punire
1536 2191 1551 2216 ,
1594 2164 1839 2219 prospera
1876 2148 2141 2201 emendare

667 2237 692 2273 e
727 2230 795 2273 et.

667 2230 795 2276 ebet.

625 2311 813 2366 iamne
844 2311 1002 2382 igitur
1031 2309 1204 2375 vides,
1230 2309 1353 2377 quid
1387 2308 1502 2364 lucc
1523 2310 1721 2375 omnia,
1748 2325 1866 2378 quae
1887 2308 2139 2375 diximus,

558 2402 948 2472 consequatur?
1005 2399 1307 2467 Quidnam?
1339 2400 1573 2468 inquam.
1611 2408 1638 2437 ⁸
1669 2400 1916 2464 Omnem,
1946 2400 2136 2469 inquit,

557 2497 752 2551 bonam
778 2509 995 2566 prorsus
1019 2509 1137 2549 esse
1164 2493 1463 2547 fortunam-
1484 2492 1551 2547 Et
1569 2490 1598 2530 δ
1621 2493 1733 2562 qui,
1759 2492 1995 2562 inquam,
2022 2492 2139 2549 fieri

555 2590 767 2659 potest?
808 2588 1039 2643 Attende
1060 2629 1074 2653 ,
1106 2586 1307 2655 inquit,
1338 2601 1458 2641 cum
1499 2585 1675 2641 omnis
1707 2586 1915 2640 fortuna
1946 2586 2029 2641 vel
2055 2585 2140 2655 ju-

554 2681 753 2745 cunda,
779 2680 859 2735 vel
888 2693 1108 2748 aspera,
1139 2689 1246 2732 tum
1272 2678 1651 2733 remunerandl
1676 2677 2029 2734 exercendive
2059 2674 2140 2748 (ὅ)

553 2773 756 2837 bonos,
791 2785 896 2829 tum
940 2771 1195 2843 puniendi
1241 2772 1609 2842 corrigendive
1657 2772 1930 2842 improbos
1977 2776 2141 2827 causa

553 2866 856 2932 deferatur;
887 2864 1063 2921 omnis
1093 2865 1232 2919 bona
1262 2872 1366 2931 est,
1397 2879 1554 2934 quam
1584 2864 1667 2920 vel
1701 2863 1901 2934 justam
1929 2873 2141 2920 constat

553 2976 697 3028 esse,
726 2962 811 3018 vel
840 2960 1043 3017 utilem.
1076 2957 1245 3014 Nimis
1274 2957 1508 3029 quidem,
1543 2958 1779 3029 inquam,
1810 2975 1936 3015 vera
1965 2959 2136 3023 ratio;

1793 348 1897 402 AN.
1944 348 2153 403 MANL.
2195 350 2322 405 SE"
2389 348 2609 405 BOE'I‘II

2183 470 2235 527 Α
2263 475 2336 531 et,
2365 468 2408 519 si
2431 480 2587 532 quam
2613 465 2767 534 paulo
2795 473 2917 518 ante
2941 463 3162 518 docuisti
3188 459 3582 517 Providentiam
3610 461 3833 515 lutumve

2170 1899 2218 1959 B

3734 350 3835 396 8'34

2256 558 2617 625 considerem,
2651 557 2816 610 firmis
2850 557 3050 611 viribus
3086 556 3207 610 nixa
3238 556 3519 610 sententia.
3559 554 3662 607 Sed
3694 570 3833 618 eam,

2254 652 2298 704 si
2333 652 2546 719 placet,
2583 652 2719 705 inter
2746 665 2837 703 eas
2867 663 2997 719 quas
3030 650 3046 678 ¹
3084 659 3105 687 ο
3140 648 3493 717 inopinabiles
3526 648 3683 716 patilo
3713 656 3833 701 ante

2255 745 2500 812 posuisti,
2538 743 2649 812 (10)
2690 757 3051 798 numeremus.
3082 740 3104 777 ἀ
3135 742 3268 808 Qui?
3310 740 3500 810 inquit.
3544 739 3677 805 Quia
3712 750 3734 775 θ
3783 740 3834 794 id

2256 834 2531 888 hominum
2564 850 2739 886 sermo
2775 833 3072 887 communis
3103 840 3349 899 usurpat,
3389 839 3443 885 et
3470 830 3682 895 quidem
3710 844 3835 885 cre-

2250 924 2371 989 bro,
2397 923 2747 994 quorumdam
2779 923 2969 977 malam
2993 939 3111 978 esse
3142 923 3430 978 fortunam.
3464 922 3626 978 Visne
3658 924 3833 993 igitur,

2252 1015 2463 1084 inquit,
2509 1015 2777 1085 paulisper
2818 1015 2957 1086 vulgi
2997 1016 3332 1069 sermonibus
3367 1015 3683 1070 accedamus
3709 1054 3723 1077 ,
3770 1031 3834 1070 ne

2250 1107 2475 1160 nimium
2516 1106 2666 1161 velut
2699 1106 2767 1160 ab
2812 1106 3155 1161 humanitatis
3197 1122 3294 1159 usu
3331 1106 3621 1162 recessisse
3655 1106 3833 1159 videa-

2250 1200 2406 1254 mur?
2435 1199 2504 1254 Ut
2530 1200 2721 1270 placet,
2748 1199 2985 1269 inquam.
3016 1200 3176 1270 305
3204 1202 3223 1230 ²
3248 1200 3432 1254 Nonne
3459 1198 3616 1267 igitur
3639 1197 3833 1252 bonum

2252 1306 2446 1346 censes
2468 1307 2607 1358 esse,
2634 1292 2772 1359 quod
2800 1291 3048 1360 prodest?
3077 1292 3149 1345 Ita
3175 1301 3276 1355 est,
3302 1291 3534 1360 inquam.
3560 1289 3687 1356 Quae
3707 1299 3834 1341 vero

2251 1395 2343 1437 aut
2377 1392 2629 1447 exercet,
2660 1393 2752 1436 aut
2781 1384 3037 1450 corrigit,
3077 1382 3315 1452 prodest.
3351 1382 3564 1445 Fateor,
3595 1380 3829 1450 inquam.

2248 1477 2395 1531 Bona
2426 1478 2603 1547 igitur.
2668 1476 2686 1513 ί
2722 1477 2957 1544 Quidni?
3001 1477 3103 1531 Sed
3133 1476 3247 1531 haec
3277 1490 3458 1531 eorum
3487 1485 3603 1536 est,
3636 1472 3723 1541 qui
3752 1470 3832 1526 vel

2250 1569 2302 1623 in
2324 1571 2527 1624 virtute
2557 1570 2740 1639 positi,
2776 1580 2965 1624 contra
2994 1584 3181 1639 aspera
3211 1569 3411 1625 bellum
3440 1576 3630 1633 gerunt
3649 1608 3662 1629 ,
3696 1564 3774 1619 vel
3802 1579 3831 1620 a

2247 1661 2391 1714 vitiis
2418 1661 2781 1727 declinantes,
2814 1662 3026 1716 virtutis
3054 1662 3157 1717 iter
3182 1661 3463 1731 arripiunt.
3496 1656 3577 1730 (ξε)
3606 1659 3829 1727 Negare,

2248 1754 2484 1825 inquam,
2515 1770 2740 1823 nequeo.
2764 1739 2899 1821 Quid
2924 1770 3048 1809 vero
3065 1753 3323 1823 jucunda,
3343 1767 3460 1822 quae
3483 1752 3534 1806 in
3558 1750 3831 1819 praemium

2252 1848 2503 1903 tribuitur
2534 1849 2689 1903 bonis
2715 1890 2731 1913 ,
2781 1865 2907 1903 num
2953 1848 3140 1918 vulgus
3178 1848 3372 1902 malam
3401 1859 3520 1900 esse
3550 1841 3831 1898 decernit?

2248 1940 2595 2011 Nequaquam
2625 1960 2637 1993 :
2667 1956 2852 1997 verum
2875 1941 2951 1995 uti
2979 1948 3080 2008 est,
3111 1940 3180 1994 ita
3204 1952 3415 2009 quoque
3439 1950 3557 1992 esse
3578 1934 3831 2005 optimam

2245 2044 2449 2089 censet.
2475 2033 2610 2101 Quid
2636 2033 2862 2103 reliqua,
2886 2049 3026 2103 qum,
3052 2048 3171 2087 cum
3204 2032 3272 2085 sit
3297 2045 3509 2101 aspera,
3537 2028 3681 2098 justo
3705 2040 3831 2095 sup-

2244 2126 2406 2194 plicio
2433 2127 2603 2180 malos
2648 2134 2898 2191 coercet,
2946 2141 3073 2180 num
3122 2126 3313 2179 bonam
3360 2121 3589 2194 populus
3638 2119 3832 2191 putat?

2246 2216 2356 2269 lmo
2390 2216 2659 2281 omnium,
2692 2217 2926 2287 inquam,
2960 2231 3079 2285 quae
3107 2216 3398 2285 excogitari
3430 2221 3667 2284 possunt,
3692 2209 3831 2281 judi-

2245 2320 2330 2364 cat
2360 2310 2473 2381 (10)
2504 2325 2622 2365 esse
2653 2309 3030 2365 miserrimam.
3074 2307 3205 2362 Vide
3248 2306 3405 2376 igitur
3433 2321 3499 2360 ne
3524 2306 3829 2375 Opinionem

2246 2400 2426 2471 populi
2450 2411 2732 2471 sequentes
2759 2400 3008 2470 quiddam
3040 2400 3194 2455 valde
3227 2409 3251 2447 ι
3289 2397 3619 2469 inopinabile
3649 2388 3674 2432 lt
3703 2408 3831 2450 con-

2245 2493 2566 2549 fecerimus?
2619 2492 2795 2560 Quid?
2841 2494 3078 2564 inquam.
3132 2494 3204 2546 Ex
3248 2492 3331 2545 his
3360 2492 3502 2546 enim
3528 2536 3541 2558 ,
3571 2489 3682 2555 ait,
3713 2502 3833 2557 quae

2248 2602 2501 2643 concessa
2526 2596 2681 2653 sunt,
2719 2586 2735 2624 ί
2770 2588 2946 2642 evenit
2974 2602 3160 2642 eorum
3188 2585 3438 2657 quidem,
3471 2584 3557 2653 qui
3597 2575 3679 2637 vel
3709 2588 3833 2635 sunt

2248 2680 2301 2734 in
2332 2681 2692 2749 possessione,
2718 2682 2803 2735 vel
2832 2680 2882 2734 in
2915 2690 3192 2748 provectu,
3226 2677 3312 2733 vel
3340 2678 3392 2732 in
3420 2676 3701 2747 adeptione
3723 2674 3833 2728 vir-

2250 2774 2395 2839 tutis,
2420 2788 2655 2836 onmem,
2680 2786 3011 2843 quaecunque
3041 2772 3132 2836 sit,
3156 2771 3348 2825 bonam
3372 2788 3387 2835 ;
3418 2769 3469 2824 in
3495 2766 3833 2836 improbitate

2248 2880 2376 2920 vero
2408 2866 2768 2931 manentibus,
2800 2880 3014 2919 omnem
3048 2864 3335 2933 pessimam
3375 2875 3495 2916 esse
3522 2858 3633 2932 (15)
3660 2858 3831 2914 fortu-

2241 2971 2386 3012 nam.
2423 2957 2554 3025 Hoc,
2588 2957 2824 3028 inquam,
2859 2971 3043 3013 verum
3074 2963 3180 3021 est,
3214 2956 3425 3010 tametsi
3458 2968 3615 3008 nemo
3642 2951 3831 3006 audeat

1908 3088 2487 3146 INTERPRETATIO.

554 3210 688 3267 illud
720 3210 891 3265 deleas
917 3218 1077 3264 morte
1103 3209 1304 3264 ultima.
1343 3205 1558 3261 Interim
1586 3205 1721 3261 Deus
1740 3248 1754 3272 ,
1785 3222 2013 3260 summus
2036 3223 2143 3259 om-
2173 3206 2221 3268 (ζ
2252 3203 2495 3259 circuitus
2521 3221 2813 3260 causarum.

553 3285 697 3336 nium
724 3292 941 3347 creator,
971 3282 1127 3341 sedet,
1155 3290 1201 3334 et
1229 3280 1502 3346 disponens
1528 3278 1820 3332 moderatur
1847 3278 2009 3331 veluti
2042 3282 2145 3347 fre-

512 3400 521 3413 ,
554 3355 634 3408 nis
664 3369 743 3405 res
778 3366 964 3405 omnes
988 3393 1002 3415 ,
1042 3353 1149 3421 ipse
1184 3352 1419 3419 princeps
1446 3393 1459 3414 ,
1497 3350 1734 3421 dominus
1761 3389 1775 3412 ,
1811 3349 2141 3415 principium,

554 3425 721 3492 Origo,
755 3423 837 3477 lex
864 3434 909 3475 et
961 3420 1186 3491 prudens
1215 3421 1507 3492 moderator
1536 3420 1667 3487 (equi
1690 3437 1707 3483 ;
1731 3436 1809 3492 _ac
1836 3435 2145 3487 quwcunque

554 3490 807 3547 dat'motu
837 3490 989 3553 cieri,
1021 3492 1136 3545 hmo
1162 3491 1420 3543 continens
1452 3498 1681 3542 moratur
1711 3490 1979 3558 firmatque
2007 3507 2144 3543 com-

554 3576 711 3617 mota.
754 3562 875 3616 Nisi
903 3564 1035 3615 enim
1068 3561 1199 3615 Deus
1234 3561 1504 3631 prohibens
1546 3560 1727 3613 itiones
1755 3570 1935 3631 rectas,
1968 3576 2145 3613 rursus

555 3644 869 3703 promoveret
908 3632 1232 3686 circuitione:
1257 3671 1271 3693 ,
1320 3647 1379 3684 ea
1422 3646 1535 3703 qua:
1564 3630 1978 3703 jam__cohterent
2017 3632 2145 3703 serie

556 3699 728 3774 ﬁrma,
751 3723 781 3756 a
809 3721 902 3757 suo
935 3703 1181 3772 principio
1208 3704 1383 3774 avulsa
1414 3699 1652 3774 perirent.
1678 3699 1792 3774 Hoc
1816 3709 1888 3774 est
1916 3700 2141 3774 studium

557 3770 820 3829 commune
867 3770 1132 3837 omnibus,
1175 3772 1346 3825 omnia
1386 3770 1585 3825 student
1628 3772 1783 3824 teneri
1833 3772 1932 3837 [ine
1979 3773 2143 3825 boni:

556 3848 796 3915 quoniam
822 3862 934 3913 qua:
968 3844 1099 3897 Deus
1138 3843 1405 3906 condidit,
1454 3841 1561 3895 haec
1604 3857 1704 3894 non
1743 3853 1954 3915 possunt
1995 3842 2144 3915 aliter

556 3913 903 3986 perseverare,
950 3916 1047 3969 nisi
1086 3930 1260 3968 amore
1297 3915 1479 3968 iterum
1520 3927 1756 3967 converso
1795 3913 2009 3983 quidam
2054 3914 2146 3982 ﬁat

2325 3287 2348 3310 ἰ
2394 3275 2674 3345 Utramque
2701 3281 2997 3347 fortunam,
3026 3291 3205 3345 nempe
3239 3290 3537 3346 prosperam
3574 3283 3619 3330 et
3648 3273 3830 3328 aduer-

2248 3361 2359 3399 sam
2385 3362 2493 3401 esse
2521 3349 2725 3402 bonam.

2322 3416 2347 3454 ¹’
2392 3419 2679 3481 Quomodo.

2324 3499 2345 3525 (τ
2388 3487 2733 3543 lncredibiles.

2320 3556 2345 3592 ἀ
2390 3561 2580 3621 Quare.

2325 3638 2347 3703 ξ
2391 3628 2476 3703 I_ta
2497 3632 2721 3685 homines
2751 3631 2901 3702 vulgo
2930 3631 3223 3701 loquuntur,
3252 3645 3295 3687 et
3324 3632 3526 3703 quidem
3554 3629 3754 3702 saepius.

2325 3698 2345 3736 τ
2394 3701 2564 3767 Quare
2594 3704 2739 3756 non?

2329 3782 2353 3818 Β
2396 3771 2720 3827 Incredibile.

2328 3839 2354 3919 ξι
2394 3840 2744 3919 intulerimus.

2333 3914 2346 3949 ί
2389 3914 2746 3985 Consequitur.

2077 4045 2307 4104 NOTAE.

629 4163 718 4219 Η.
755 4161 855 4216 Hic
883 4170 955 4216 est
983 4162 1177 4215 cunctis
1204 4162 1484 4217 communis
1509 4160 1698 4233 amor.]
1732 4163 1895 4218 Amor
1928 4163 2142 4231 proprie

558 4252 664 4290 non
690 4242 775 4290 est
800 4235 899 4288 nisi
927 4234 1143 4299 mentis,
1175 4234 1298 4297 huc,
1325 4249 1431 4303 quo
1461 4234 1602 4287 Deus
1632 4235 1819 4289 saltem
1849 4233 2142 4301 generatim

558 4307 820 4376 impellit,
854 4304 1253 4376 propendentis;
1286 4305 1403 4369 sed,
1437 4313 1650 4374 propter
1678 4306 1961 4373 quamdam
1990 4306 2143 4359 sitni-

556 4375 855 4437 litudinem,
889 4391 1038 4429 amor
1075 4375 1265 4429 dicitur
1309 4378 1467 4429 etiam
1511 4390 1794 4443 corporum
1819 4415 1835 4441 ,
1879 4385 2144 4445 quatenus

555 4450 645 4504 illa
678 4451 779 4502 huc
801 4448 984 4514 etiam,
1008 4461 1113 4515 quo
1146 4447 1284 4501 Deus
1304 4446 1550 4514 impellit,
1581 4449 1673 4501 sed
1704 4460 1881 4500 mente
1909 4448 2137 4501 humana

554 4521 754 4576 rectius
787 4518 1029 4573 tendunt.
1070 4518 1246 4583 Quare
1272 4532 1391 4573 cum
1422 4517 1561 4571 Deus
1589 4533 1692 4571 non
1723 4528 1845 4584 agat
1881 4517 1979 4571 nisi
2012 4534 2134 4586 pro-

2256 4166 2590 4238 abutentiu'm
2616 4167 2747 4222 vitio
2778 4167 2970 4222 malam
3000 4168 3229 4238 aliquam
3262 4181 3406 4224 esse.

2324 4240 2343 4311 τ
2372 4237 2559 4292 Nonne
2589 4241 2746 4311 igitur
2788 4239 2996 4302 bonum,
3026 4236 3159 4309 eté.]
3190 4239 3230 4294 l.
3262 4238 3601 4309 Philosophia
3647 4239 3835 4310 probat

2250 4308 2412 4378 vulgo
2430 4308 2639 4363 omnem
2677 4310 2943 4364 fortunam
2974 4324 3093 4365 esse
3118 4308 3309 4365 bonam
3337 4308 3671 4380 argumento,
3694 4312 3835 4381 quod

2249 4389 2443 4451 vocant
2471 4382 2537 4433 ad
2569 4383 2840 4435 hominem.
2878 4381 3009 4434 Cum
3063 4382 3211 4445 utile,
3256 4383 3521 4451 quoddam
3573 4384 3640 4435 sit
3669 4397 3835 4451 genus

2250 4450 2398 4517 boni,
2427 4451 2586 4505 etiam
2605 4456 2787 4522 vulgo,
2821 4453 2903 4505 cui
2932 4452 3195 4505 familiare
3212 4450 3316 4514 est.
3343 4454 3538 4507 bonum
3571 4450 3712 4506 aliud
3738 4455 3833 4506 ho—

2250 4532 2482 4587 nestum,
2509 4523 2650 4577 aliud
2698 4523 3013 4592 jucundum,
3037 4522 3178 4576 aliud
3211 4524 3341 4577 utile
3365 4523 3595 4588 censeri,
3629 4524 3834 4577 idcirco

554 4603 675 4661 pter
701 4592 1067 4663 semetipsum,
1094 4582 1208 4643 haec
1233 4604 1457 4657 corpora
1488 4590 1621 4642 Deus
1650 4582 2133 4663 nonvimpellit'nisi
2169 4582 2222 4644 Ι)
2250 4582 2505 4663 quidquid
2522 4596 2647 4648 utile
2678 4582 2782 4663 est,
2816 4592 2967 4659 illud,
2995 4582 3154 4647 etiam
3188 4595 3366 4663 vulgo.
3400 4582 3596 4647 bonum
3639 4592 3833 4648 habea-

554 4658 621 4716 ad
654 4677 711 4717 se
739 4680 750 4713 :
782 4661 920 4715 unde
950 4660 1137 4714 eadem
1154 4674 1403 4729 corpora,
1432 4666 1489 4712 ut
1505 4669 1629 4728 pote
1654 4675 1773 4729 qua:
1800 4658 2015 4714 student
2042 4661 2141 4715 hoc

555 4744 713 4801 pacto
738 4732 857 4785 boni
882 4732 982 4800 ﬁne
1012 4732 1199 4798 teneri,
1230 4732 1296 4785 ad
1326 4729 1494 4784 Deum
1521 4730 1719 4799 pariter
1745 4732 1986 4785 tendunt.
2026 4729 2142 4786 Sic-

554 4819 657 4873 que
692 4805 748 4857 lit
778 4804 1033 4857 circuitus
1080 4817 1359 4857 causarum
1408 4801 1593 4869 prima:
1638 4801 1843 4856 scilicet
1877 4816 2053 4873 causa;
2090 4810 2146 4856 et

554 4872 676 4930 ﬁnis
716 4873 921 4935 ultimi;
970 4880 1235 4943 quatenus
1282 4873 1462 4927 omnia
1489 4913 1503 4936 ,
1550 4887 1670 4940 qua:
1700 4874 1943 4943 oriuntur
1972 4887 2001 4925 a
2031 4872 2141 4927 Deo

554 4955 809 5014 tanquam
832 4959 861 4997 a
890 4958 1047 4997 causa
1078 4946 1268 5011 prima,
1299 4952 1640 4998 revertuntur
1671 4942 1737 4995 ad
1771 4943 1947 5014 ipsum
1975 4943 2139 4997 Deum

552 5013 805 5086 tanquam
829 5014 894 5066 ad
923 5014 1080 5067 finem
1106 5015 1347 5068 ultimum
1376 5028 1390 5078 ;
1418 5014 1488 5067 ita
1514 5022 1569 5086 ut
1588 5014 1703 5067 sine
1730 5013 1819 5086 illo
1843 5029 1962 5067 cum
1991 5028 2139 5086 amo-

552 5088 626 5141 ris
655 5082 764 5139 tum
793 5098 1070 5138 causarum
1103 5087 1329 5139 circuitu
1372 5100 1486 5152 qua:
1516 5084 1657 5138 Deus
1687 5084 1825 5137 dedit
1853 5100 1990 5150 esse,
2028 5082 2143 5140 haec

552 5159 701 5211 aliter
727 5157 913 5209 durare
940 5171 1040 5208 non
1069 5165 1287 5211 possent.

627 5172 701 5211 ter
727 5172 913 5209 aurare
940 5172 1040 5208 non
1104 5172 1287 5209 ossent.

626 5231 643 5259 ¹
686 5172 1463 5296 1ηορὶηαὺίιρε.ῘΡΙηενεάὶὺὶιεε,
1488 5234 1562 5287 et,
1586 5234 1644 5279 ut
1670 5225 1905 5295 loquitur
1929 5224 2141 5291 Cicero,

552 5302 868 5369 paradoxas.
922 5297 1136 5369 Scilicet
1177 5300 1367 5366 vulgus
1404 5296 1825 5369 prazcipitatione
1857 5305 1912 5351 et
1948 5296 2142 5369 praaju-

552 5367 975 5439 diciojudicans,
1009 5367 1059 5421 id
1100 5377 1246 5436 putat
1270 5369 1610 5432 incredibile,
1642 5368 1783 5435 quod
1813 5368 2143 5439 sapientibus

552 5443 694 5496 clara
715 5438 780 5495 et
807 5440 1056 5493 distineta
1086 5439 1392 5509 cognitione
1415 5438 1780 5508 judicantibus
1803 5438 2142 5493 verissimum

550 5512 1016 5577 certissimumque
1044 5509 1251 5564 videtur
1280 5528 1290 5562 :
1318 5511 1470 5579 cujus
1513 5512 1589 5564 rei
1631 5510 1779 5579 plura
1812 5520 1937 5564 sunt
1963 5524 2143 5564 exem-

551 5586 639 5652 pla
668 5582 807 5652 apud
842 5580 1211 5652 philosophos,
1237 5590 1295 5633 ut
1324 5582 1390 5633 de
1421 5582 1644 5652 lumine,
1682 5580 1748 5635 de
1776 5580 2069 5643 coloribus,
2096 5586 2150 5633 et

552 5650 766 5708 caneris
791 5650 1075 5720 ejusmodi.
1107 5650 1197 5707 Sic
1220 5667 1347 5719 ergo
1373 5651 1427 5703 id
1456 5653 1713 5705 hominum
1738 5668 1902 5706 sermo
1926 5667 2149 5704 cantatu-

553 5727 635 5776 nis
658 5732 895 5787 usurpat,
928 5732 973 5773 et
1005 5722 1209 5789 quidem
1240 5722 1433 5783 crebro,
1461 5724 1799 5787 quorumdam
1830 5723 2020 5773 malam
2044 5737 2152 5774 esse

555 5796 835 5860 fortunam.
867 5796 1043 5853 Quare
1070 5790 1436 5857 Philosophia,
1460 5793 1624 5858 ipsius
1644 5793 1783 5857 vulgi
1813 5793 2151 5845 sermonibus

556 5870 732 5928 utens,
755 5862 945 5929 probat
971 5874 1186 5913 omnem
1216 5862 1483 5913 fortunam
1516 5877 1632 5916 esse
1675 5863 1891 5926 bonam,
1927 5876 2022 5915 nec
2048 5863 2147 5914 nisi

2253 4674 2337 4718 tttr
2385 4679 2605 4719 necesse
2657 4674 2759 4719 est.
2803 4666 2961 4733 Atqui
3005 4664 3217 4719 fortuna
3267 4674 3491 4733 utraque
3544 4665 3687 4718 utilis
3725 4673 3830 4729 est,

2248 4737 2444 4804 quippe
2472 4750 2591 4803 qua:
2610 4746 2701 4789 aut
2721 4745 2938 4791 exercet
2958 4746 3050 4788 aut
3071 4735 3313 4804 corrigit.
3342 4735 3597 4789 Nimirum
3626 4736 3834 4789 fortuna

2249 4808 2424 4861 omnis
2444 4806 2527 4859 vel
2553 4807 2837 4875 proborum
2867 4815 2950 4860 est
2973 4807 3056 4859 vel
3085 4806 3478 4874 improborum;
3506 4821 3624 4875 qua:
3655 4821 3835 4861 rursus

2249 4879 2333 4932 vel
2356 4873 2577 4933 adversa
2610 4878 2745 4931 solet
2770 4876 2950 4930 haberi
2978 4877 3063 4930 vel
3099 4873 3374 4947 prospera.
3417 4878 3471 4931 1°
3497 4873 3552 4932 Si
3584 4883 3696 4933 haec
3725 4877 3836 4932 for-

2248 4958 2373 5002 tuna
2401 4950 2623 5002 adversa
2676 4949 2836 5003 fuerit
2867 4947 3154 5016 proborum
3174 4991 3188 5013 ,
3219 4960 3403 5002 eorum
3448 4949 3695 5002 videlicet
3743 4947 3836 5017 qui

2253 5021 2502 5074 virtutem
2530 5022 2735 5080 colunt,
2770 5018 2885 5073 huic
2935 5021 3122 5073 iisdem
3173 5020 3412 5087 prodest,
3471 5029 3563 5071 aut
3599 5020 3664 5072 ad
3692 5018 3836 5084 ipsos

2252 5090 2608 5143 absolvendos
2629 5105 2658 5143 a
2685 5092 2919 5159 peccatis
2946 5090 3248 5158 praeteritis,
3276 5100 3368 5143 aut
3395 5089 3458 5142 ad
3485 5090 3624 5156 ipsos
3646 5104 3677 5159 a
3698 5091 3835 5142 tutu-

2251 5161 2327 5214 ris
2356 5161 2668 5228 servandos,
2688 5157 2788 5215 aut
2805 5160 2871 5215 ad
2896 5157 3112 5215 eosdem
3159 5161 3227 5213 ad
3274 5162 3520 5213 virtutem
3578 5157 3833 5226 majorem

2253 5233 2668 5299 promovendos.
2693 5232 2750 5285 2°
2782 5231 2837 5287 Si
2863 5232 3053 5286 eadem
3107 5230 3322 5285 fortuna
3372 5244 3626 5300 prospera
3676 5230 3837 5300 fuerit

2251 5305 2563 5357 eorumdem
2624 5303 2911 5370 proborum
2942 5342 2957 5366 ,
3027 5302 3139 5355 haec
3189 5302 3328 5370 vulgi
3373 5299 3538 5355 etiam
3584 5299 3837 5368 opinione

2251 5374 2451 5440 optima
2478 5382 2579 5436 est,
2612 5388 2715 5426 non
2744 5374 2918 5426 solum
2958 5373 3078 5441 quia
3111 5388 3318 5427 merces
3343 5382 3425 5426 est
3456 5372 3664 5425 virtutis
3696 5384 3833 5437 pra:-

2253 5443 2446 5507 teritte,
2466 5444 2559 5497 sed
2589 5446 2750 5496 etiam
2772 5444 2897 5512 quia
2917 5443 3159 5513 ejusdem
3189 5444 3401 5496 virtutis
3430 5441 3635 5513 fatone
3664 5452 3835 5494 mate-

2255 5516 2334 5567 ria
2363 5521 2463 5567 est.
2493 5513 2548 5566 5⁸
2599 5515 2651 5567 Si
2700 5511 2909 5567 fortuna
2949 5511 3185 5568 'adversa
3232 5515 3391 5568 fuerit
3450 5511 3835 5582 improborum,

2258 5586 2371 5638 haec
2388 5584 2587 5652 justum
2610 5592 2693 5637 est
2718 5585 2964 5638 vitiorum
2997 5585 3313 5653 supplicium
3366 5584 3755 5652 praeteritorum
3787 5590 3841 5636 et

2257 5656 2555 5708 futurorum
2613 5654 2842 5709 frenum.
2907 5657 2964 5709 4°
3003 5656 3057 5709 Si
3114 5655 3321 5709 fortuna
3381 5669 3632 5724 prospera
3684 5654 3842 5724 fuerit

2258 5726 2495 5790 ipsorum
2530 5727 2913 5794 improborum,
2966 5726 3077 5780 haec
3129 5741 3235 5780 non
3292 5725 3393 5780 nisi
3452 5723 3662 5780 illorum
3715 5723 3840 5775 vit-tt

2260 5799 2395 5854 lnala
2424 5808 2502 5850 tst
2540 5814 2551 5850 :
2584 5815 2700 5850 nam
