4290 6258
406 359 508 417 89.5

408 480 670 534 confiteri.
704 482 902 547 Quare,
928 482 1119 553 inquit,
1152 482 1220 535 ita
1250 482 1331 534 vir
1358 482 1571 549 sapiens
1602 482 1822 535 moleSie
1847 481 1983 536 ferre
2012 488 2060 544 Α

412 592 516 630 non
548 574 740 641 debet,
773 579 981 646 quoties
1010 579 1063 632 in
1103 578 1326 633 fortuna:
1357 586 1627 632 certamen
1659 576 1974 631 adducitur:

413 682 469 724 ut
498 671 666 725 virum
700 671 889 725 fortem
930 686 1034 725 non
1066 671 1218 728 decet
1249 670 1539 741 indignari,
1576 672 1781 741 quoties
1811 672 1986 725 incre-

410 762 523 832 puit
570 763 796 818 bellicus
842 763 1116 818 tumultus.
1169 764 1391 833 Utrique
1420 766 1591 828 enim,
1627 764 1748 818 huic
1774 764 1989 832 quidem

412 856 597 925 gloria:
629 857 1015 925 pr0pagandm,
1048 856 1123 909 illi
1153 872 1279 911 vero
1310 837 1687 911 confirmanda:
1714 855 1991 924 sapientia:

410 947 696 1003 difficultas
725 952 857 1018 ipsa,
891 950 1107 1004 materia
1134 950 1248 1021 (ΞΟ)
1270 959 1369 1006 est.
1403 951 1475 1005 Ex
1506 965 1611 1020 quo
1639 951 1799 1005 etiam
1833 958 1857 985 α
1886 950 1991 1003 vir-

412 1049 496 1093 tus
524 1053 743 1095 vocatur
763 1083 776 1105 ,
805 1044 949 1111 quod
980 1044 1091 1098 suis
1117 1044 1320 1098 viribus
1368 1045 1543 1099 nitens
1574 1060 1679 1099 non
1711 1054 1990 1114 superetur

410 1134 668 1189 adversis.
700 1136 879 1205 Neque
908 1136 1049 1191 enim
1081 1151 1174 1192 vos
1200 1138 1254 1192 in
1289 1135 1316 1175 ιτ
1355 1147 1605 1207 provectu
1638 1138 1792 1207 positi
1820 1136 1991 1191 virtu-

413 1227 508 1293 tis,
550 1238 574 1267 θ
614 1228 854 1283 diffluere
890 1230 1116 1299 deliciis,
1151 1241 1203 1286 et
1244 1230 1270 1267 ά
1315 1246 1682 1286 emarcescere
1720 1231 1992 1302 voluptate

411 1318 669 1385 venistis,
723 1322 958 1388 praelium
1020 1338 1139 1377 cum
1199 1324 1341 1378 omni
1393 1324 1601 1377 fortuna
1656 1323 1815 1378 nimis
1870 1339 1993 1378 acre

417 1418 439 1444 ε
470 1411 775 1475 conseritis,
805 1429 869 1465 ne
896 1428 989 1466 vos
1018 1424 1108 1466 aut
1138 1413 1303 1467 tristis
1332 1414 1618 1483 opprimat,
1650 1424 1738 1467 aut
1760 1414 1991 1482 jucunda

413 1512 755 1570 corrumpat:
786 1502 950 1557 firmis
986 1502 1002 1540 τ
1037 1504 1267 1560 medium
1299 1506 1499 1559 viribus
1525 1515 1801 1573 occupate.
1830 1506 1993 1573 Quid-

411 1592 534 1661 quid
556 1601 734 1648 autem
763 1595 877 1665 (25)
904 1597 1036 1650 infra
1065 1596 1325 1664 subsistit,
1350 1608 1437 1651 aut
1468 1599 1604 1651 ultra
1634 1598 1990 1668 progreditur,

414 1691 574 1747 habet
615 1702 977 1763 contemptum
1019 1695 1321 1763 felicitatis,
1366 1711 1468 1751 non
1518 1696 1675 1752 habet
1716 1698 1993 1766 praemium

414 1793 631 1853 laboris.
683 1797 843 1867 306
882 1800 897 1829 ί
928 1798 983 1852 In
1011 1808 1187 1853 vestra
1217 1800 1355 1854 enim
1387 1800 1546 1854 situm
1580 1814 1758 1861 manu,
1786 1801 1994 1869 qualem

415 1894 565 1950 vobis
597 1894 863 1951 fortunam
916 1898 1147 1954 formare
1189 1900 1409 1956 malitis.
1462 1901 1646 1955 Omnis
1671 1902 1845 1967 enim,
1878 1919 1997 1972 qua:

414 1997 619 2055 videtur
646 2014 856 2069 aspera,
893 2003 994 2058 nisi
1027 2012 1121 2057 aut
1149 2012 1403 2068 exercet,
1436 2014 1527 2058 aut
1555 2007 1791 2077 corrigit,
1826 2007 1995 2075 punit.

1297 364 1383 419 DE
1421 362 1938 419 CONSOLATIONE
1982 362 2453 423 PHILOSOPHUE
2500 367 2630 425 LIB.
2671 370 2759 426 IV.

3560 358 3670 418 8‘26

2546 486 2702 557 307
2737 485 3024 540 METRUM
3049 488 3064 507 ⁶
3092 482 3203 537 VII.

2087 580 2472 632 Anotisttasruat.
2525 609 2594 618 -—
2641 579 2975 644 Philosophia
3016 579 3193 648 probat
3241 576 3486 647 exemplis
3518 574 3669 648 Aga-

2168 652 2469 717 memnonis,
2510 651 2705 719 lilyssis
2758 661 2802 704 ct
2825 647 3086 713 Herculis,
3112 649 3338 701 homines
3370 647 3551 717 optatis
3571 659 3674 700 non

2167 721 2287 789 frui,
2318 721 2416 773 nisi
2444 732 2554 790 post
2576 724 2860 775 exantlatos
2891 723 3074 775 multos
3105 719 3318 774 labores.

2241 812 2385 866 Bella
2415 813 2497 868 bis
2522 814 2698 884 quinis
2729 825 2978 884 operatus
3008 815 3159 868 annis

2243 902 2396 958 Ultor
2422 905 2689 972 Atreides,
2726 906 2968 977 Phrygia:
2997 906 3162 961 ruinis

2241 996 2445 1053 Fratris
2467 1001 2693 1054 amissos
2725 1000 2988 1055 thalamos
3017 1001 3196 1070 piavit.

2243 1091 2335 1145 llle
2364 1093 2489 1146 dum
2522 1093 2695 1147 Graia:
2727 1094 2853 1148 dare
2882 1094 2997 1148 vela
3031 1093 3185 1148 classi

2242 1182 2422 1250 Optat,
2457 1194 2512 1239 et
2534 1196 2719 1241 ventos
2750 1186 2965 1241 redimit
2992 1201 3209 1250 cruore,

2248 1277 2403 1331 Exuit
2444 1288 2669 1348 patrem,
2703 1281 3064 1351 miserumque
3093 1281 3256 1334 tristis

2244 1368 2495 1424 Foederat
2522 1380 2698 1440 gnata:
2716 1371 2961 1441 jugulum
2994 1371 3269 1426 sacerdos.

2242 1460 2404 1529 308
2433 1459 2601 1514 Flevit
2626 1463 2855 1516 amissos
2888 1462 3098 1516 ithacus
3126 1460 3357 1526 sodales,

2241 1551 2382 1617 Quos
2407 1551 2571 1616 ferus,
2595 1563 2745 1607 vasto
2775 1555 3039 1609 recubans
3069 1555 3121 1607 in
3152 1562 3328 1617 antro,

2103 1642 2170 1698 10
2248 1643 2430 1697 Mcrsit
2458 1644 2671 1698 immani
2698 1644 3056 1714 Polyphemus
3087 1643 3225 1697 alvo.

2246 1735 2350 1789 Sed
2384 1743 2582 1799 tamen,
2611 1750 2753 1790 caeco
2783 1734 3097 1790 furibundus
3123 1750 3239 1799 ore,

2246 1826 2505 1881 Gaudium
2540 1826 2746 1881 maestis
2779 1827 3027 1898 lacryoiis
3057 1824 3315 1895 rependit.

2247 1918 2525 1972 Herculem
2557 1918 2674 1972 duri
2708 1918 2981 1973 celebrant
3012 1918 3252 1983 labores;

2257 2007 2347 2064 Ille
2367 2006 2660 2063 Centauros
2693 2008 2892 2065 domuit
2922 2009 3202 2079 superbos,

2099 1182 2132 1237 5

1696 2179 1700 2183 ς
1747 2142 2318 2199 INTERPRETATIO.

489 2265 515 2329 ξ
561 2255 733 2329 Υἱνιιιε
759 2273 791 2309 a
814 2257 1003 2313 viribus
1033 2269 1105 2313 est
1138 2259 1415 2329 appellata.

491 2325 518 2364 ἰ
559 2326 857 2399 Pragressu.

496 2409 517 2436 ο
560 2398 851 2453 Abundare.

489 2468 514 2505 ἀ
553 2470 869 2524 Putrescere.

492 2550 514 2575 θ
546 2540 889 2596 Committitis.

496 2608 515 2647 ί
552 2611 976 2677 Mediocritatem,
1012 2613 1063 2667 in
1092 2628 1192 2682 qua
1220 2614 1388 2669 virtus
1419 2626 1683 2681 versatur,
1712 2625 1891 2671 tenete.

491 2683 833 2753 Agamemnon
858 2686 997 2739 Atrei
1023 2685 1182 2753 filius,
1216 2695 1481 2757 postquam
1516 2688 1748 2742 militavit
1782 2690 1833 2741 in
1866 2687 1906 2740 Τ
1912 2699 2001 2739 ro-

2030 2264 2077 2324 B
2099 2258 2253 2327 janos
2286 2259 2457 2312 decem
2478 2260 2649 2326 annis,
2673 2269 2865 2317 vastata
2887 2260 3047 2331 Troja
3073 2259 3360 2314 ulciscendo
3380 2259 3534 2331 piavit
3556 2276 3658 2313 uxo

2106 2345 2211 2383 rem
2241 2332 2320 2384 sui
2350 2334 2526 2399 fratris
2567 2332 2788 2386 Menelai
2834 2330 3033 2401 raptam
3074 2346 3103 2385 a
3151 2331 3370 2391 Paride;
3398 2330 3493 2401 sed
3531 2341 3682 2390 antes

2106 2402 2240 2454 idem
2278 2403 2640 2471 Agamemnon
2670 2404 2839 2456 volens
2868 2400 2991 2456 dare
3016 2402 3125 2457 vela
3153 2402 3360 2455 navibus
3383 2400 3573 2455 ercis
3602 2417 3681 2455 re-

2107 2472 2401 2541 dimensquc
2426 2483 2597 2527 ventos
2624 2475 2731 2543 (qui
2757 2475 2854 2543 ipsi
2877 2474 3206 2543 negabantur
3229 2476 3445 2542 propter
3471 2486 3683 2529 cervum

2110 2542 2290 2597 Diana:
2311 2543 2380 2596 ab
2408 2546 2521 2612 ipso
2545 2542 2803 2613 occisum)
2828 2542 3075 2615 sanguine
3096 2543 3285 2615 effuso,
3319 2544 3545 2613 deposuit
3581 2544 3686 2613 pie.

2108 2624 2260 2685 tatem
2292 2623 2579 2683 paternam,
2613 2627 2657 2669 et
2696 2617 2803 2683 ipse
2832 2614 3107 2669 sacerdotis
3146 2614 3305 2683 ofﬁcio
3333 2615 3577 2685 functus,
3592 2616 3686 2685 ju-

2108 2684 2298 2755 gulavit
2357 2698 2560 2740 maestus
2630 2687 2954 2756 Iphigeniam
3003 2700 3153 2741 suam
3214 2686 3453 2738 miseram
3503 2684 3684 2753 ﬁliam.

1913 2820 2141 2879 ΝΟΤᾸΞ.

492 2942 507 2972 ⁸
541 2938 603 2994 1η
636 2951 797 2994 vestra
825 2941 975 2994 situm
1004 2957 1179 3004 manu,
1214 2939 1343 3011 etc.]
1374 2940 1435 2994 Il.
1456 2939 1792 3010 PliiloSOphia
1811 2948 1990 2997 osten-

423 3011 520 3072 dit,
552 3013 814 3066 fortunam
864 3013 1060 3067 nullam
1107 3026 1228 3066 esse
1261 3012 1455 3066 malam
1507 3012 1605 3066 nisi
1664 3012 1991 3066 abutentium

424 3084 548 3137 vitio
575 3101 588 3135 :
618 3086 739 3153 quia
782 3100 898 3149 qua:
938 3084 1095 3149 bona,
1129 3092 1251 3136 sunt
1296 3092 1446 3136 extra
1495 3084 1725 3136 hominis
1748 3084 1991 3136 volunta-

425 3163 563 3219 tem,
598 3154 710 3208 Ιιίιιθ
742 3170 837 3222 pro
866 3154 1023 3221 bona,
1057 3162 1147 3206 aut
1189 3154 1323 3206 mala
1357 3153 1594 3222 ejusdem
1634 3154 1863 3207 hominis
1905 3167 1994 3206 vo-

427 3224 652 3305 luntate,
700 3224 1075 3312 hortaucenseri
1115 3236 1344 3306 possunt
1395 3232 1486 3277 aut
1538 3226 1694 3312 mala.
1727 3223 1997 3312 .Y‘oluntas
2024 3249 2070 3312 ρ

425 3295 618 3364 quippe
642 3296 690 3348 in
710 3295 946 3349 moribus
968 3296 1236 3363 praecipue
1268 3306 1554 3364 spectatur.
1584 3296 1740 3362 Atqui
1763 3295 1995 3359 fortuna,

426 3368 535 3421 sive
568 3380 836 3433 prospera,
857 3367 967 3421 sive
998 3365 1239 3428 adversa,
1274 3376 1328 3418 ut
1351 3376 1490 3434 patet
1509 3381 1571 3419 ex
1590 3366 1768 3430 dictis,
1801 3366 1999 3419 bonum

429 3447 510 3490 est
537 3446 684 3490 extra
712 3436 943 3490 hominis
995 3436 1321 3489 voluntatem
1365 3437 1617 3491 existens.
1669 3436 1794 3490 Haac
1848 3437 2004 3505 igitur

427 3508 635 3561 fortuna
656 3506 728 3560 ita
753 3508 909 3568 bona.
930 3518 985 3561 ut
1016 3507 1113 3560 nisi
1157 3506 1491 3561 abutentium
1543 3510 1675 3561 mala
1705 3507 2002 3572 voluntate,

427 3586 518 3630 aut
559 3577 691 3631 vitio
743 3593 1010 3646 nunquam
1059 3578 1128 3631 sit
1158 3579 1294 3631 mala
1328 3594 1342 3633 :
1372 3594 1535 3647 quare
1585 3594 1706 3632 cuni
1756 3577 2004 3646 improbi,

430 3660 691 3714 quatenus
716 3649 767 3701 iu
796 3666 889 3702 sua
932 3649 1252 3715 improbitate
1294 3660 1636 3715 perseverant,
1668 3664 1761 3702 sua
1794 3663 2008 3714 Semper

431 3722 719 3773 abutantur
750 3735 1001 3788 prospera
1025 3719 1257 3783 fortuna,
1288 3722 1486 3774 idcirco
1510 3719 1853 3788 Pliilostiphia
1878 3733 2009 3772 con-

431 3790 595 3842 cludit
628 3806 827 3843 omnem
864 3790 1213 3857 improborum
1252 3790 1515 3845 fortunam
1555 3807 1661 3844 esse
1704 3790 2008 3858 pessimam:

434 3862 721 3928 proborum
751 3876 877 3914 vero
928 3876 1141 3929 semper
1170 3862 1359 3914 bonam
1395 3880 1406 3913 :
1436 3863 1557 3930 quia
1586 3862 1750 3914 omnis
1778 3861 2007 3929 fortuna,

435 3947 548 4001 qua:
568 3933 738 4002 probis
764 3933 961 3985 videtur
1003 3949 1205 4000 aspera,
1231 3931 1342 3994 hos,
1367 3934 1467 3986 nisi
1492 3942 1682 3987 exercet
1722 3943 1812 3985 aut
1847 3932 2011 3985 corri-

435 4002 527 4070 git,
551 4004 695 4072 punit
727 4019 745 4055 :
771 4018 942 4073 neque
969 4004 1019 4057 bi
1045 4003 1204 4056 etiam
1239 4003 1410 4070 probi,
1441 4003 1507 4056 ad
1555 4012 1807 4058 :eternam
1842 4003 2012 4057 felici-

439 4083 596 4127 tatem
630 4074 730 4127 nisi
761 4073 992 4137 fortuna,
1020 4089 1138 4143 qua:
1189 4073 1374 4128 iisdem
1422 4074 1627 4129 videtur
1656 4089 1866 4143 aspera,
1895 4088 2014 4143 per-

436 4145 658 4198 veniunt
682 4163 693 4196 :
720 4144 982 4213 siquidem

508 4241 523 4257 ‘
554 4237 703 4303 Quod
764 4236 959 4290 dicitur
1005 4234 1343 4306 Sapphicum.
1374 4237 1602 4289 Carmen
1650 4244 1901 4290 constans
1949 4249 2014 4287 ex

438 4324 545 4360 uno
573 4323 768 4377 genere
797 4323 1068 4371 versuum,
1093 4322 1315 4376 quorum
1337 4308 1559 4375 quilibet
1585 4321 1823 4370 coreum,
1852 4320 2015 4374 spon-

440 4380 621 4439 deum,
649 4378 937 4447 dactylum,
971 4388 1023 4432 et
1055 4381 1186 4429 duos
1215 4393 1405 4431 coreos
1437 4377 1613 4430 habet.
1643 4378 1916 4430 Clauditur
1939 4386 2018 4429 ta-

441 4462 562 4503 men
593 4450 691 4502 hoc
721 4464 933 4501 carmen
964 4464 1121 4502 versu
1149 4449 1378 4513 Adonio,
1414 4450 1499 4516 qui
1535 4447 1748 4517 dactylo
1776 4458 1829 4501 et
1858 4462 2019 4514 spon-

442 4520 543 4573 deo
570 4528 794 4580 constat,
826 4521 1019 4588 quique
1066 4527 1185 4583 post
1232 4518 1447 4573 tertium
1491 4534 1756 4587 quemque
1802 4532 2016 4571 versum

443 4590 789 4659 Sapphicum,
815 4591 937 4657 poni
966 4591 1121 4643 solet.

514 4683 563 4734 1.
617 4680 760 4733 Bella
808 4680 881 4732 bis
930 4681 1119 4749 quinis,
1170 4679 1299 4749 etc.]
1346 4680 1386 4734 Ι.
1442 4678 1782 4748 Philosophia
1833 4680 2023 4748 probat

444 4754 687 4821 exemplo
727 4753 1160 4819 Agamemnonis,
1200 4752 1469 4805 hominem
1515 4768 1619 4803 non
1664 4753 1762 4802 frui
1804 4751 2020 4819 optatis,

443 4823 541 4876 nisi
584 4831 699 4889 post
730 4833 1006 4890 susceptos
1045 4825 1404 4888 toleratosque
1434 4824 1628 4875 multos
1676 4822 1909 4877 labores.
1940 4821 2024 4875 Ni-

444 4895 632 4947 mirum
668 4893 836 4955 Paris,
867 4894 1054 4946 Priami
1088 4894 1227 4961 regis
1255 4892 1608 4960 Trojanoruni
1636 4892 1794 4955 filius,
1830 4894 2025 4947 instth

445 4974 526 5017 cta
552 4965 722 5017 classe
746 4966 795 5016 in
823 4963 1081 5018 Graeciam
1106 4965 1373 5031 profectus
1395 4965 1459 5017 ad
1489 4964 1787 5017 Menelaum
1815 4962 2020 5031 Sparta:

446 5050 624 5103 regem
668 5035 925 5102 pervenit,
972 5034 1330 5104 Helenamque
1370 5038 1484 5105 ejus
1537 5050 1758 5105 uxorem
1809 5034 2019 5103 rapuit:

447 5105 588 5173 quod
622 5108 797 5171 inique
847 5105 1025 5159 ferens
1054 5107 1414 5173 Agamemnon
1454 5107 1598 5159 Atrei
1635 5104 1773 5157 filius
1805 5115 1855 5155 ct
1890 5120 2021 5170 pric-

451 5177 576 5229 dicti
610 5175 831 5229 Menelai
876 5176 1060 5239 frater,
1093 5180 1399 5230 convocatis
1429 5176 1647 5229 Graecia:
1696 5175 2020 5243 principibus

453 5248 813 5300 transfretavit
852 5246 905 5299 in
958 5247 1257 5314 Phrygiam,
1288 5247 1501 5315 TrOjtfll
1531 5247 1759 5308 obsedit,
1798 5260 2019 5314 eamque

453 5330 569 5384 post
594 5316 885 5377 decennale
916 5316 1107 5370 bellum
1134 5316 1256 5369 dolo
1283 5330 1511 5385 captam,
1538 5317 1680 5370 ferro
1705 5327 1756 5368 et
1787 5317 1907 5384 igne
1932 5331 2022 5381 po-

454 5391 658 5454 pllialth
682 5399 779 5442 est.
824 5385 926 5442 Sed
956 5388 1094 5441 idem
1126 5391 1486 5455 Agamemnon
1517 5387 1729 5454 Trojam
1772 5396 2021 5441 obsessu-

450 5474 557 5522 rus,
584 5474 701 5513 eum
727 5460 790 5511 ad
820 5460 1063 5512 Aulidem
1099 5459 1314 5512 Baetim
1334 5471 1542 5527 portum
1570 5458 1820 5524 venisset,
1846 5457 2023 5528 ibique

450 5545 603 5582 suum
634 5532 926 5583 exercitum
974 5539 1295 5593 recenseret,
1332 5530 1510 5582 Diana:
1539 5545 1755 5583 cervum
1809 5533 2021 5591 ignarus

449 5601 672 5653 occidit:
700 5602 1045 5667 quamobrem
1071 5601 1228 5652 Diana
1254 5600 1404 5664 irata,
1434 5601 1670 5654 immissa
1695 5600 2019 5668 pestilentia,

452 5682 639 5725 ventos
666 5672 978 5739 suppressit.
1008 5671 1400 5728 Consuluerunt
1427 5674 1719 5728 Oraculum.
1747 5686 1775 5722 a
1808 5686 1912 5739 quo
1947 5684 2022 5722 re-

448 5757 702 5806 sponsum
732 5752 832 5804 est,
877 5757 980 5794 non
1022 5748 1146 5793 ante
1184 5741 1483 5807 pacifici-tos
1529 5742 1641 5795 fore
1689 5742 1838 5802 deos,
1864 5754 2022 5807 quam

459 5814 720 5881 Iphigenia
758 5811 1169 5878 Agamemnonis
1203 5812 1363 5877 ipsius
1392 5812 1495 5863 lilia
1530 5813 1789 5863 immolata
1816 5812 2020 5861 fuisset.

455 5880 771 5953 Obsequitur
800 5892 967 5952 pater,
997 5882 1264 5952 ipsiusque
1284 5883 1574 5938 sacerdotis
1597 5882 1767 5937 ol'ticio
1791 5880 2020 5947 lunonis,

2049 4640 2101 4699 D

2104 2938 2263 2991 filiam
2291 2937 2545 3007 iugulavit
2570 2953 2583 2990 :
2614 2937 2795 3004 sicque
2825 2946 2943 3005 post
2976 2937 3171 2990 multas
3195 2935 3522 2990 calamitates
3543 2950 3682 2990 mu.-

2102 3020 2289 3077 tosque
2334 3010 2543 3062 labores
2589 3008 2803 3062 tandem
2848 3008 3134 3077 aliquando
3172 3007 3311 3069 ausis
3357 3007 3551 3075 potitus
3581 3015 3682 3062 est.

2106 3079 2288 3146 Virgil.
2320 3078 2538 3134 Aineid.
2567 3094 2623 3145 η,
2652 3095 2702 3133 v.
2733 3078 2834 3134 108
2860 3096 2873 3131 :

2225 3190 2367 3252 Step0.
2391 3188 2557 3251 fugam
2583 3189 2733 3239 Danai
2757 3189 2902 3252 Troja
2925 3191 3127 3251 cupiere
3151 3188 3318 3238 relicta

2228 3254 2385 3301 Moliri
2411 3268 2421 3301 :
2451 3263 2501 3299 et
2522 3252 2670 3312 1mth
2686 3252 2803 3300 fessi
2824 3253 3085 3312 discedere
3111 3252 3258 3309 bello,

2231 3316 2588 3376 Fet-issentque
2607 3314 2823 3363 utinam!
2852 3315 2995 3374 Stepe
3020 3311 3127 3361 illos
3147 3324 3319 3373 aspera
3340 3313 3474 3373 ponti

2232 3375 2518 3426 Ioterclusit
2539 3378 2717 3435 hiems,
2747 3383 2799 3424 et
2831 3377 3006 3424 terruit
3031 3383 3199 3424 auster
3225 3383 3417 3423 euntes.

2230 3439 2500 3500 Prtecipue,
2527 3451 2635 3485 cum
2657 3440 2754 3497 jam
2769 3436 2846 3486 hic
2869 3438 3370 3500 trabibuscontevtus
3393 3435 3589 3484 acernis

2233 3498 2399 3549 Staret
2421 3513 2596 3563 equus,
2616 3508 2716 3563 toto
2735 3506 3011 3547 sonuerunt
3028 3499 3217 3563 aethere
3244 3498 3412 3563 nimbi.

2232 3559 2769 3623 Suspensi—Eurypilum
2788 3564 3012 3623 scitatum
3036 3560 3223 3623 oracula
3249 3559 3419 3607 Phoebi

2228 3623 2492 3683 Mittimus;
2511 3621 2652 3685 isque
2676 3624 2829 3684 adytis
2850 3622 2953 3669 inec
2980 3624 3135 3671 tristia
3162 3621 3287 3669 dicta
3312 3625 3529 3682 reportat
3552 3633 3565 3667 :

2234 3684 2488 3746 Sanguine
2508 3685 2732 3746 placastis
2752 3690 2943 3746 ventos,
2969 3691 3021 3733 et
3043 3684 3230 3744 virgine
3259 3696 3381 3731 ctesa

2237 3745 2355 3798 Cum
2381 3745 2585 3809 primum
2615 3745 2783 3795 Iliacas
2806 3745 2960 3794 Danai
2986 3748 3185 3794 venistis
3205 3746 3262 3793 ad
3285 3756 3442 3792 auras.

2184 3834 2237 3888 8.
2267 3830 2437 3886 Flevit
2468 3832 2680 3885 amissos
2711 3831 2921 3883 Ithacus
2948 3827 3218 3899 sodaleis.)
3250 3829 3312 3883 ll.
3342 3828 3537 3883 Eadem
3571 3826 3688 3881 Plii-

2114 3904 2360 3973 l050phia
2387 3904 2571 3970 probat
2601 3903 2846 3970 exemplo
2873 3901 3106 3973 Ulyssis,
3133 3899 3402 3973 hominem
3433 3915 3536 3973 non
3556 3910 3690 3973 ante

2116 3969 2358 4043 perfundi
2387 3969 2586 4036 laetitia,
2610 3969 2770 4041 quam
2792 3969 3002 4026 tristitia
3034 3971 3253 4024 affectus
3275 3970 3452 4043 fuerit.
3481 3969 3693 4043 Scilicet

2116 4040 2333 4115 Ulysses
2365 4061 2458 4098 rex
2495 4040 2686 4098 Ithaca:
2709 4052 2768 4098 et
2784 4043 3010 4115 Dulichii
3030 4042 3351 4115 insularum,
3374 4041 3441 4115 de
3456 4056 3566 4115 quo
3586 4040 3693 4108 jam

2116 4112 2280 4170 locuti
2326 4130 2508 4169 sumus
2539 4124 2711 4168 metro
2752 4115 2784 4167 5
2825 4113 2981 4182 hujus
3030 4112 3171 4176 libri,
3219 4112 3357 4165 inter
3401 4113 3531 4165 alios
3572 4124 3694 4163 suos

2118 4202 2271 4239 casus
2316 4189 2364 4238 in
2412 4186 2642 4239 Siciliam
2687 4185 2893 4238 delatus
2930 4194 3032 4248 cst,
3075 4193 3131 4237 et
3180 4194 3389 4236 antrum
3420 4183 3694 4250 cujusdam

2121 4258 2372 4326 Cyclopis
2402 4272 2504 4311 una
2536 4271 2653 4309 cuni
2687 4255 2846 4308 sociis
2876 4255 2985 4307 suis
3016 4260 3301 4326 ingressus.
3344 4252 3571 4326 Cyclops
3608 4252 3695 4326 ille

2118 4321 2482 4396 Polyphemus
2514 4328 2704 4389 dictus,
2741 4326 3010 4379 ferebatur
3040 4321 3271 4391 Neptuni
3313 4321 3469 4387 filius,
3496 4321 3695 4396 ingenti

2122 4394 2346 4466 corpore
2388 4398 2659 4466 praeditus,
2694 4397 2785 4450 sed
2820 4412 2923 4448 uno
2952 4396 3206 4466 duntaxat
3234 4397 3409 4466 oculo,
3455 4409 3611 4462 quem
3647 4394 3696 4466 in

2123 4463 2296 4522 fronte
2330 4463 2573 4522 habebat.
2611 4467 2963 4520 Devoraverat
2997 4465 3104 4533 jam
3150 4465 3406 4533 quosdam
3438 4480 3503 4517 ex
3528 4463 3696 4516 comi«

2126 4539 2266 4591 tibus
2290 4538 2781 4608 Ulyssis,reliquos
2811 4540 2997 4590 eodem
3042 4538 3228 4608 mortis
3263 4549 3455 4602 genere
3492 4548 3697 4608 perem-

2127 4621 2331 4676 pturus,
2358 4604 2477 4661 cuni
2509 4604 2726 4677 Ulysses
2754 4608 2852 4660 sibi
2884 4621 2984 4658 non
3015 4607 3188 4677 minus
3218 4621 3372 4677 quam
3399 4604 3699 4677 superstiti-

2131 4675 2226 4733 bus
2255 4682 2414 4733 sociis
2454 4675 2722 4741 metuens,
2748 4677 3125 4745 Polyphemum
3174 4675 3453 4727 inebriavit
3489 4675 3698 4737 altoque

2128 4765 2318 4817 sopore
2349 4750 2595 4802 obrutum
2626 4750 2794 4811 clava,
2828 4758 2917 4799 aut
2942 4748 3130 4800 adusto
3155 4747 3351 4812 stipite,
3388 4746 3697 4817 cxcarcavit;

2130 4814 2236 4873 tum
2265 4821 2438 4873 socios
2459 4828 2511 4872 et
2532 4820 2873 4886 semetipsum
2897 4822 2994 4870 Sub
3016 4819 3236 4869 arietum
3258 4817 3397 4869 villis
3420 4814 3699 4883 implicuit,

2130 4890 2446 4960 tandemque
2477 4905 2661 4943 omnes
2702 4904 2801 4943 una
2844 4903 2961 4941 cuni
2993 4902 3152 4957 grege
3185 4902 3251 4941 ex
3300 4899 3457 4960 antro
3502 4886 3701 4955 egressi

2129 4968 2326 5015 tantam
2363 4958 2684 5014 habuerunt
2726 4960 2980 5023 laetitiam,
3034 4970 3284 5026 quantam
3326 4958 3591 5010 tristitiam
3636 4972 3701 5010 ex

2129 5044 2297 5086 morte
2326 5032 2613 5093 scciorutn,
2638 5042 2692 5085 et
2730 5047 2827 5085 suo
2856 5032 3093 5101 periculo
3123 5039 3500 5101 conceperant.

2202 5104 2285 5156 15.
2313 5101 2587 5156 Hercalem
2626 5104 2737 5155 duri
2774 5102 3028 5154 celebrant
3060 5098 3299 5167 labores]
3341 5099 3424 5153 111.
3470 5098 3704 5153 Philoso-

2130 5174 2252 5244 phia
2278 5176 2521 5241 exemplo
2548 5174 2807 5237 Herculis,
2840 5172 3026 5240 probat
3051 5187 3153 5223 non
3173 5172 3488 5244 comparari
3509 5168 3703 5223 cmlum

2132 5241 2232 5298 nisi
2278 5255 2394 5313 post
2424 5253 2702 5312 superatos
2754 5249 2931 5312 plures
2967 5254 3121 5296 terra:
3173 5241 3402 5295 labores.
3453 5241 3703 5313 Hercules

2129 5310 2325 5385 quippe
2345 5310 2509 5380 lovis,
2538 5322 2592 5368 et
2616 5310 2883 5368 Alcmena:
2909 5314 3069 5378 filius,
3102 5313 3293 5367 lunoni
3324 5310 3703 5385 propterea_sic

2132 5381 2333 5440 invisus
2366 5386 2482 5448 fuit,
2519 5396 2573 5438 ut
2602 5385 2752 5438 novis
2776 5385 3023 5453 periculis
3045 5400 3277 5455 semper,
3309 5381 3702 5455 agenteeadem

2130 5457 2358 5522 Junone,
2385 5455 2543 5508 fuerit
2566 5452 2825 5523 obiectus.
2857 5455 2922 5510 Ut
2944 5456 3009 5510 ab
3034 5452 3175 5519 aliis,
3202 5456 3278 5508 sic
3304 5474 3330 5506 a
3364 5452 3702 5523 Philosoiniia

2131 5541 2269 5579 nunc
2300 5528 2600 5579 referuntur
2624 5522 2907 5581 duodecim
2940 5524 3176 5579 Herc‘ulis
3222 5525 3449 5589 labores,
3480 5522 3573 5576 sed
3599 5522 3703 5575 alio

2130 5605 2183 5651 et
2209 5612 2401 5663 genere
2430 5606 2484 5649 et
2510 5598 2719 5651 ordine.

2202 5661 2289 5720 {4.
2334 5665 2446 5737 Ille
2476 5664 2775 5733 Centauros,
2815 5664 2944 5737 etc.]
2982 5666 3207 5737 Primus
3241 5661 3485 5718 Herculis
3535 5661 3702 5737 labor.
3770 5686 3779 5698 ·

2129 5737 2375 5792 Centauri
2407 5735 2698 5792 Thessalia:
2729 5739 2905 5807 populi
2926 5735 3096 5791 secus
3130 5736 3307 5789 Pelion
3341 5742 3574 5787 montem
3603 5736 3701 5807 lia-

2133 5808 2380 5873 hitantes,
2413 5811 2502 5877 qui
2545 5810 2683 5877 quod
2728 5805 2879 5877 primi
2929 5824 3094 5873 equos
3134 5807 3373 5870 domare,
3404 5816 3455 5859 et
3487 5820 3553 5856 ex
3600 5805 3703 5858 illis

2136 5895 2366 5950 pugnare
2413 5884 2692 5949 coeperint,
2733 5880 2798 5935 ab
2846 5881 2960 5934 alii»
3003 5878 3244 5949 gentibus
3290 5893 3392 5933 ceu
3446 5886 3696 5944 monstra,
3778 5910 3779 5913 η
