4290 6258
486 340 589 399 829
1393 344 1479 397 DF.
1516 344 2035 404 CONSOLATIONE
2075 348 2547 407 PHILOSOPHUS
2588 353 2715 409 LIB.
2758 354 2820 410 Υ.
3647 350 3752 411 830

630 453 810 509 Ultimi
842 454 1034 509 cmlum
1068 454 1265 510 meruit
1293 454 1510 511 laboris.
2093 465 2147 522 Α
2315 466 2324 485 ’

2093 465 2147 522 Α
2315 466 2482 539 Terga
2515 470 2761 525 nudatis?
2785 479 3034 542 superata
3062 470 3219 528 tellus

622 549 779 620 311
814 548 888 602 Ite
914 564 1053 602 nunc
1082 547 1265 612 fortes,
1294 549 1381 603 ubi
1412 550 1552 604 celsa
1577 554 1753 623 magni
2167 560 2238 614 55
2460 561 2647 618 Sidera
2677 564 2858 620 donat,

621 640 775 693 Ducit
797 640 1025 708 exempli
1060 640 1139 693 via
1168 657 1180 692 :
1207 654 1303 694 cur
1330 642 1528 697 inertes

1828 760 2398 818 lNTEIiPRETATIO.

475 874 642 948 ultimi
665 882 960 948 prtesertim
984 890 1063 948 sui
1096 890 1301 928 taoorts.
1338 883 1474 946 Ergo
1495 879 1651 948 agile,
1684 882 1911 946 generosi
1948 880 2043 934 lto-

475 945 646 999 mines
673 964 683 997 :
714 944 1117 1014 quandoquidem
1156 963 1395 1017 magnum
1416 944 1716 1019 exemplum
1745 951 1880 1004 vobis
1913 968 2051 1005 mon-

2167 890 2299 934 strat
2339 882 2436 933 iter
2469 879 2685 934 sublime
2708 897 2727 935 :
2752 898 2909 952 quare
2952 882 3192 937 desidiosi
3238 883 3501 939 ostenditis
3539 880 3750 937 dorsum

2167 953 2449 1021 fugiendo?
2475 962 2609 1006 terra
2629 952 2757 1007 victa
2788 954 2872 1007 dat
2901 958 3101 1009 corium.

2001 1067 2224 1124 NOTAE.

470 1174 744 1239 Hercules,
797 1175 883 1229 hic
927 1190 1053 1230 suos
1104 1175 1357 1231 humeros
1404 1175 1542 1247 omlo
1595 1177 1894 1242 supposuit,
1942 1194 2049 1247 quo

469 1248 654 1300 ultimo
678 1248 970 1315 prmsertim
1005 1247 1184 1301 labore
1206 1247 1395 1301 meruit
1417 1246 1635 1311 caelum,
1667 1256 1720 1300 et
1752 1250 1799 1300 in
1824 1246 2045 1304 deorum

468 1316 747 1386 collegium
773 1318 1078 1381 translatus,
1104 1318 1303 1380 Martis,
1329 1329 1383 1371 ut
1406 1318 1616 1385 quidam
1637 1328 1842 1387 putant,
1868 1321 2040 1374 stella.

542 1389 705 1440 Porro
734 1392 970 1442 onmium
1016 1389 1235 1443 istorum
1292 1391 1532 1444 llerrulis
1576 1390 1812 1443 laborum
1844 1391 2047 1444 descri-

466 1460 675 1527 ptiones
702 1462 769 1511 ita
804 1461 1108 1528 frequentes
1153 1470 1277 1514 sunt
1316 1460 1453 1528 apud
1495 1468 1694 1525 poetas.
1746 1471 1803 1513 ut
1841 1462 2038 1515 nullius

467 1540 636 1598 ρυειίε
679 1530 776 1583 hac
807 1530 873 1583 de
906 1545 960 1584 re
986 1532 1287 1598 conscripta
1332 1531 1565 1583 carmina
1614 1529 1892 1584 referenda
1924 1547 2043 1586 esse

2230 1181 2317 1235 5‘2.
2352 1180 2494 1251 Uni.)
2542 1180 2655 1235 Non
2703 1181 2849 1235 locus
2890 1180 2973 1234 hic
3010 1179 3369 1248 signiﬁcatur:
3405 1180 3539 1251 alias
3564 1180 3745 1233 dicen-

2157 1252 2281 1305 dutn
2314 1249 2497 1307 fuisset
2520 1268 2617 1319 quo
2656 1252 2833 1305 ducit:
2874 1252 2964 1306 sed
2999 1252 3175 1319 potius
3204 1266 3359 1305 causa
3394 1266 3489 1304 cur
3521 1249 3745 1304 fortibus

2156 1325 2286 1376 viris
2323 1325 2388 1375 sit
2420 1323 2673 1388 eundum,
2715 1322 3158 1388 quemadmodum
3208 1323 3396 1376 Cicero
3434 1322 3604 1375 dixit:
3644 1320 3743 1375 Ubi

2154 1395 2310 1447 semel
2329 1395 2442 1463 quis
2472 1395 2793 1465 pejcraveril,
2818 1395 2861 1445 ei
2883 1394 3021 1465 credi
3050 1403 3222 1462 postea
3250 1410 3349 1465 non
3380 1393 3594 1465 oportet.

2224 1467 2312 1519 55.
2342 1465 2498 1519 Ducit
2527 1463 2755 1533 exempli
2798 1463 2925 1534 ria.]
2961 1464 3396 1533 Agamemnonis,
3431 1464 3653 1533 Ulyssis,
3685 1470 3742 1515 et

2156 1536 2417 1606 Herculis,
2470 1552 2695 1606 quorum
2744 1534 3014 1589 laboribus
3044 1535 3319 1599 docemur,
3370 1534 3733 1606 Vitiiquidcm

466 1596 848 1670 putaverimus.
883 1601 985 1656 Sed
1018 1596 1264 1655 omittere
1305 1601 1392 1655 hic
1438 1616 1541 1653 non
1575 1601 1852 1667 debemus,
1900 1606 2038 1670 quod
2074 1596 2120 1657 B
2149 1604 2303 1660 facile
2326 1596 2445 1668 iter,
2479 1596 2571 1660 sed
2601 1621 2839 1659 amarum
2865 1606 3058 1671 linem;
3092 1596 3447 1659 virtutis-tero
3469 1596 3736 1657 difficilem

464 1672 808 1725 doctissimus
858 1672 1079 1727 liuetius
1121 1674 1171 1725 in
1219 1686 1385 1726 aureo
1423 1687 1520 1725 suo
1568 1674 2041 1726 lietnonstrationis

462 1743 784 1811 evangelica:
833 1744 968 1797 libro
1013 1743 1077 1795 de
1116 1743 1340 1797 llercule
1391 1758 1560 1809 nuper
1607 1741 1795 1806 edidit,
1851 1759 2043 1811 nempe

465 1829 677 1881 tirnpus.
711 1814 743 1866 4
776 1812 841 1866 de
867 1814 959 1873 lib.
991 1812 1173 1879 Josue,
1221 1830 1274 1867 n.
1331 1813 1396 1867 15
1426 1832 1435 1865 :
1471 1813 1799 1882 Perrin/gata,
1848 1814 2037 1881 inquit,

461 1883 568 1936 [nec
610 1895 681 1936 est
729 1885 995 1937 doctorum
1046 1885 1305 1937 hominum
1346 1886 1615 1948 sententia,
1667 1883 1838 1946 plures
1884 1887 2041 1950 fuisse

460 1952 726 2017 Hercules,
762 1964 807 2007 et
856 1965 998 2025 gesta
1027 1957 1253 2008 omnium
1296 1972 1325 2007 a
1369 1954 1561 2008 Graecis
1596 1956 1752 2025 fuisse
1796 1958 1848 2008 in
1880 1972 2037 2009 unum

464 2024 757 2096 Ihebanum
790 2024 997 2090 collata,
1034 2043 1122 2079 seu
1160 2027 1323 2088 potius
1354 2026 1563 2095 fortibus
1598 2024 1888 2096 quibusque
1918 2029 2039 2079 viris

458 2093 699 2149 Herculis
720 2112 898 2149 nomen
941 2098 1094 2163 tuisse
1134 2093 1445 2161 impositum.
1478 2093 1809 2150 Tres—statuit
1848 2096 2040 2150 Diodo-

458 2182 575 2219 rus:
612 2166 931 2236 .Egyptium,
967 2166 1239 2230 Creticum,
1274 2177 1317 2219 et
1359 2166 1677 2222 Thebanum.
1709 2166 1829 2221 Tres
1863 2167 2038 2220 Arria-

457 2238 653 2308 nus_lib.
676 2253 711 2291 lt
756 2238 819 2291 de
848 2237 1087 2308 Expedit.
1114 2238 1421 2291 Alexandri:
1445 2238 1773 2308 quyptium,
1802 2237 2035 2308 Tyrium,

456 2317 502 2359 et
532 2306 800 2373 Crescunt;
830 2308 1007 2370 quibus
1046 2306 1252 2361 Iitdium
1284 2320 1528 2377 praetcrea
1558 2306 1706 2362 addit
1739 2311 1792 2362 in
1840 2307 2037 2362 Indicis

456 2394 517 2431 ex
554 2378 895 2449 blegasthene.
924 2379 1197 2431 Herculem
1225 2382 1313 2431 alii
1347 2382 1756 2447 antiquissimum
1780 2382 2036 2433 arbitran-

457 2458 538 2499 tur
578 2448 912 2513 Pltaznicium,
956 2453 1233 2502 secundant
1266 2449 1594 2520 zEgyptium,
1638 2463 1941 2520 postremum
1975 2466 2035 2501 ac

455 2522 776 2594 recentiorem
804 2521 1388 2594 Tltebanunt.r_Quidamg
1415 2522 1688 2594 ngyptios
1717 2523 1847 2575 duos
1873 2539 2035 2591 agno-

454 2602 616 2651 scunt,
647 2590 934 2643 Herodotus
961 2594 1085 2644 duos
1113 2591 1336 2655 (ἔνατος,
1367 2590 1785 2656 Deut—naturam,
1817 2590 2035 2647 alterum

459 2660 711 2733 [ierat-m;
760 2662 933 2733 Cicero
972 2679 1091 2726 sex;
1133 2664 1401 2716 duodecim
1449 2664 1570 2728 alii;
1622 2666 1833 2733 quidam
1879 2666 2035 2718 etiam

454 2730 601 2805 longe
644 2736 832 2799 plures.
879 2732 988 2803 Ego
1039 2738 1243 2786 omnino
1283 2736 1511 2800 unicum,
1554 2730 1767 2805 cumque
1814 2735 2030 2805 Jiosuam

453 2802 609 2870 fuisse
647 2813 851 2868 statuo;
887 2802 1002 2857 nam
1052 2821 1163 2872 quae
1207 2807 1497 2859 tribuuntur
1544 2802 1690 2871 aliis,
1716 2806 1782 2859 ad
1823 2804 2038 2859 vauam

453 2877 621 2926 omnia
650 2876 908 2927 commode
930 2876 1107 2946 referri
1133 2892 1277 2942 posse
1296 2877 1453 2935 vides.

2150 1678 2437 1804 viapasged
2462 1678 2669 1733 dulcem
2705 1680 2925 1732 exitum.
2959 1677 3160 1732 Seneca
3193 1676 3242 1730 in
3278 1678 3502 1731 llercule
3528 1675 3734 1740 ()Etteo,

2150 1766 2202 1802 ν.
2402 1767 2413 1802 :

2150 1766 2202 1802 ν.
2238 1766 2413 1802 Ἰυόοζ

2302 1840 2558 1903 Nunquam
2581 1842 2776 1903 Stygias
2801 1839 2956 1888 fertur
2980 1840 3039 1888 ad
3062 1841 3259 1888 umbras

2304 1903 2479 1965 Inclyta
2507 1902 2658 1953 virtus
2686 1918 2698 1953 ;
2726 1905 2868 1951 vivite
2890 1902 3058 1954 fortes,

2300 1966 2403 2015 Nec
2428 1967 2651 2015 Lethaeos
2675 1979 2802 2014 saeva
2830 1978 2917 2025 per
2936 1977 3104 2013 amnes

2303 2030 2398 2078 Vos
2417 2030 2509 2077 fata
2534 2029 2731 2077 trahent
2753 2042 2765 2075 :
2784 2027 2872 2075 sed
2896 2040 3001 2074 tum
3026 2040 3236 2075 summas

2302 2092 2481 2153 Exiget
2504 2092 2647 2138 horas
2675 2098 2955 2153 consumpta
2981 2088 3088 2153 dies

2301 2150 2485 2203 Iter'ad
2512 2165 2717 2214 superos
2735 2150 2886 2211 gloria
2914 2152 3110 2211 pandet.

2218 2237 2305 2291 54.
2337 2237 2501 2307 Terga
2536 2234 2788 2305 nudatis.]
2819 2235 3171 2289 Similitudine
3213 2236 3488 2302 desumpta
3516 2248 3544 2286 a
3564 2232 3725 2307 Amili-

2145 2306 2308 2367 tibus,
2333 2304 2527 2373 quibus
2552 2319 2700 2370 turpe.
2729 2304 2809 2360 est
2841 2308 3127 2374 propositis
3159 2308 3362 2375 magnis
3395 2304 3644 2372 praemiis,
3670 2312 3726 2359 et

2144 2378 2365 2432 ducibus
2390 2380 2666 2447 generosis
2689 2379 3067 2448 praeeuntibus,
3096 2387 3239 2443 terga
3275 2387 3479 2430 vertere
3509 2377 3558 2429 in
3587 2390 3724 2443 prte-

2144 2450 2235 2515 lio,
2268 2449 2597 2519 signiﬁcatur
2630 2447 2780 2512 turpe
2820 2450 3017 2515 pariter
3061 2452 3221 2501 menti
3258 2449 3520 2519 humanm,
3555 2447 3722 2510 ipsam

2139 2522 2409 2588 proposita
2433 2522 2535 2573 vita
2564 2531 2785 2582 aeterna,
2817 2519 3161 2586 pluribusque
3182 2532 3379 2571 sancns
3399 2518 3526 2570 viris
3544 2532 3725 2569 exem-

2141 2593 2286 2658 plum
2321 2594 2761 2653 monstrantibus,
2796 2593 2961 2644 averti
3006 2608 3033 2642 u
3071 2592 3177 2643 Dt-o
3206 2600 3259 2643 et
3288 2591 3351 2641 ad
3382 2604 3467 2641 res
3499 2599 3724 2641 caeteras

2140 2664 2412 2716 converti:
2447 2662 2573 2715 hinc
2600 2662 2846 2716 additur:
2877 2662 3133 2726 Superata
3166 2661 3317 2713 tellus
3350 2660 3517 2731 sidera
3547 2662 3721 2731 donat,

2141 2733 2291 2801 quasi
2324 2733 2573 2786 dicatur:
2604 2746 2722 2800 qttte
2767 2746 2916 2785 mens
2950 2734 3259 2785 inconcussa
3288 2730 3481 2796 corpus
3504 2730 3719 2801 Avicerit,

2143 2799 2257 2857 [Luc
2296 2803 2404 2855 Deo
2455 2799 2711 2857 :elerutnn
2756 2802 3072 2855 adhurrebit.
3126 2803 3310 2855 Matth.
3357 2816 3446 2854 xl:
3495 2799 3722 2856 lieanttm

2139 2877 2380 2928 caelorum
2403 2879 2500 2927 vim
2528 2874 2739 2940 patitur,
2763 2882 2807 2924 et
2837 2873 3042 2924 violenti
3072 2872 3271 2940 rapiunt
3292 2872 3444 2925 illud.

1269 2984 3692 3008 ’—————_———_————-———-—‘—‘-————'o

1564 3076 1943 3179 LIBER
1996 3072 2605 3195 QUINTUS.

888 3245 1048 3317 312
1086 3245 1303 3301 PROSA
1357 3244 1589 3300 PRIMA.

450 3362 839 3417 Anonunuruu.
873 3391 943 3399 —
977 3361 1126 3428 Quod
1160 3362 1329 3414 omnia
1361 3359 1645 3431 providenti
1697 3356 1828 3431 nihil
1871 3354 2028 3431 possit

517 3450 621 3486 esse
640 3433 977 3501 inopinatum,
1003 3434 1233 3501 quodque
1258 3428 1402 3483 casus
1424 3442 1654 3485 eventum
1689 3430 1753 3480 si:
1792 3428 2029 3501 inopina~

517 3516 641 3563 tum,
682 3499 949 3570 propterea
1002 3499 1208 3555 Boetius
1241 3503 1414 3571 objicit
1455 3504 1563 3570 {ore
1584 3509 1638 3553 ut
1667 3502 1830 3568 posita
1857 3499 2029 3571 dit-ina

519 3572 844 3626 Providentia
868 3575 1043 3627 nullus
1086 3585 1211 3626 esset
1257 3570 1447 3626 casus:
1487 3574 1574 3625 sed
1605 3573 1723 3624 huic
1763 3570 2028 3639 respondet

518 3643 877 3716 Philosop'tia,
907 3647 1230 3713 qures'ionem
1252 3645 1314 3698 de
1334 3661 1453 3697 casu
1482 3644 1553 3696 ita
1577 3658 1685 3695 esse
1707 3643 1771 3694 de
1802 3641 2023 3716 nomine,

515 3724 591 3776 ut,
638 3711 965 3798 pro:dtverso
1008 3717 1225 3769 nominis
1265 3731 1377 3779 usu,
1436 3730 1586 3767 casus
1638 3712 1815 3784 negari
1865 3711 2023 3780 possit

513 3798 558 3839 ει
588 3804 765 3840 αεδενι.

512 3900 731 3954 Dixerat
759 3911 808 3967 δ,
839 3901 1205 3970 orationisque
1233 3914 1450 3955 cursum
1482 3899 1498 3930 ⁸
1526 3898 1591 3953 ad
1639 3898 1739 3952 alia
1781 3895 2025 3965 quaedam

444 3993 715 4047 tractanda
740 4001 897 4063 atque
917 3993 1246 4063 expedienda
1272 3992 1529 4046 vertebat.
1554 3989 1687 4044 Tum
1712 4004 1832 4058 ego,
1868 3990 2028 4041 Recta

444 4082 682 4153 quidem,
716 4084 954 4151 inquam,
986 4083 1313 4148 exhortatio,
1360 4092 1553 4152 tuaque
1586 4095 1808 4153 prorsus
1848 4088 2030 4134 aucto-

441 4177 597 4233 ritate
621 4177 958 4247 dignissima.
983 4177 1088 4232 Sed
1118 4177 1257 4246 quod
1290 4186 1346 4230 tu
1369 4176 1566 4230 dudum
1597 4173 1665 4231 de
1687 4172 2026 4229 Providentia

441 4272 786 4339 qumstionem
814 4272 1054 4340 pluribus
1078 4272 1388 4340 implicitum
1419 4284 1541 4324 esse
1570 4269 1775 4333 dixisti,
1800 4282 1857 4321 re
1886 4266 1911 4303 ι’
1942 4282 2029 4320 ex-

442 4366 639 4436 perior.
670 4364 750 4435 (5)
790 4364 983 4432 Quaero
1019 4365 1160 4420 enim
1193 4380 1260 4419 an
1291 4379 1412 4419 esse
1450 4362 1650 4431 aliquid
1696 4362 1938 4423 omnino,
1974 4367 2032 4411 et

2064 3241 2109 3303 ρ
2141 3238 2391 3307 quidnam
2458 3252 2579 3292 esse
2645 3241 2827 3291 Casum
2878 3232 3159 3287 arbitrere.
3211 3233 3370 3303 313
3416 3232 3547 3286 Tum
3598 3232 3717 3287 illa:

2136 3332 2395 3395 Festino,
2433 3333 2641 3400 inquit,
2686 3330 2918 3383 debitum
2978 3327 3349 3396 promissionis
3405 3327 3718 3392 absolvere,

2134 3426 2378 3493 viamque
2408 3423 2520 3489 tibi,
2547 3436 2649 3490 qua
2677 3424 2696 3451 '
2728 3431 2749 3460 ε
2778 3420 2999 3490 patriam
3026 3419 3317 3482 reveharis,
3347 3418 3572 3489 aperire.
3601 3418 3723 3473 llaec

2135 3523 2310 3569 autem
2343 3515 2441 3569 etsi
2476 3514 2719 3583 perutilia
2742 3498 2985 3582 cognitu,
3020 3521 3199 3565 tamen
3222 3509 3247 3547 ά
3276 3526 3304 3563 a
3340 3511 3595 3580 prepositi
3624 3526 3721 3565 no-

2134 3609 2233 3663 stri
2280 3608 2493 3662 tramite
2542 3607 2811 3674 paulisper
2857 3620 3045 3659 aversa
3098 3614 3269 3659 sunt:
3321 3602 3722 3670 verendumque

2133 3708 2237 3765 est,
2271 3715 2337 3754 ne
2360 3709 2383 3736 θ
2414 3698 2586 3753 deviis
2611 3697 2879 3767 fatigatus,
2897 3697 2963 3750 ad
2994 3698 3356 3751 emetiendum
3390 3705 3593 3749 rectum
3619 3697 3722 3748 iter

2130 3790 2377 3845 sufficere
2403 3790 2479 3861 (5)
2503 3805 2605 3844 non
2650 3790 2843 3859 possis.
2879 3789 2955 3843 Ne
3001 3789 3073 3851 id,
3101 3789 3340 3869 inquam,
3368 3800 3585 3857 prorsus
3631 3802 3721 3839 ve-

2132 3901 2307 3941 reare.
2323 3885 2453 3939 Nam
2483 3885 2677 3954 quietis
2697 3883 2826 3937 mihi
2858 3883 2975 3937 loco
3000 3881 3156 3936 fuerit
3174 3897 3259 3947 ea,
3279 3884 3470 3951 quibus
3491 3880 3721 3934 maxime

2135 3979 2396 4042 delector,
2427 3992 2737 4046 agnoscere.
2766 3978 2936 4031 Simul
2964 3991 3084 4030 cum
3116 3975 3136 4006 ³
3165 3974 3182 4013 ί
3214 3990 3373 4029 omne
3403 3974 3721 4041 disputatio-

2139 4073 2219 4126 nis
2249 4080 2353 4126 tuze
2385 4072 2522 4124 latus
2550 4068 2845 4123 indubitata
2886 4067 2989 4122 fide
3019 4068 3341 4131 constiterit,
3378 4065 3509 4118 nihil
3540 4064 3605 4118 de
3632 4079 3720 4117 se-

2133 4163 2421 4232 quentibus
2465 4169 2490 4208 8
2512 4160 2829 4229 ambigatur.
2861 4159 2993 4213 Tum
3034 4159 3120 4213 illa
3159 4179 3169 4212 :
3214 4155 3240 4194 δ
3274 4160 3495 4219 Morem,
3528 4156 3717 4225 inquit,

2135 4272 2315 4326 geram
2342 4256 2434 4310 tibi
2451 4271 2465 4319 ;
2482 4256 2748 4324 simulque
2764 4256 2876 4309 sici
2901 4270 3089 4308 exorsa
3114 4252 3280 4309 est.”
3309 4253 3363 4307 Si
3387 4250 3623 4321 quidem,
3642 4250 3720 4303 ἰη-

2139 4352 2268 4421 quit.
2288 4350 2479 4418 aliquis
2508 4360 2757 4404 eventum
2794 4345 3217 4417 temerario(l0)
3252 4354 3420 4412 motu,
3470 4344 3719 4412 nullaque

1775 4461 2348 4525 INTERPRETATIO.

510 4598 538 4625 ι
568 4585 931 4656 Philosophia.
2050 4577 2105 4635 D
2206 4572 2230 4656 ξ
2268 4573 2443 4656 guinis
2471 4572 2852 4644 circumspectio
2889 4581 2987 4626 tute
3014 4572 3327 4641 quaestionis.

512 4658 536 4696 δ
569 4642 804 4725 Βεὶρεα.’
2204 4653 2230 4725 ξ
2260 4642 2549 4725 Qubitelur.

514 4740 536 4799 ς
568 4711 632 4783 In
664 4711 881 4797 patriam
904 4726 1185 4782 reducaris.
1522 4798 1546 4799 η
2126 4796 2129 4799 Α
2205 4711 2230 4799 ξ
2267 4713 2548 4799 Qbsequai'.

510 4797 537 4836 ά
568 4800 641 4853 Ab
664 4784 900 4853 instituto
931 4807 1105 4851 nostro
1134 4798 1454 4869 aliquatenus
1476 4798 1669 4852 aliena.
2126 4796 2129 4799 λ
2264 4784 2501 4869 μεωρὶις

512 4881 535 4906 ε
566 4869 839 4923 Extraneis
867 4856 1251 4939 quwstionibus.
2208 4858 2222 4904 l
2268 4856 2416 4920 Quod
2444 4856 2504 4908 si.

1969 4984 2198 5048 ΝΟΤίΕ.

510 5121 628 5175 ‘Ad
665 5120 770 5174 alia
806 5119 1385 5192 quiedamrtractanda.]
1442 5118 1573 5187 Quae
1611 5118 1753 5192 enim
1790 5117 1899 5183 jam
1944 5113 2025 5167 di-

438 5192 605 5245 cenda
637 5201 759 5245 sunt
779 5192 846 5245 de
877 5208 1017 5256 casu,
1052 5191 1168 5245 htec
1218 5206 1324 5244 non
1361 5188 1630 5260 pertinent
1673 5188 1739 5241 ad
1789 5200 2022 5256 prresens

442 5263 760 5327 institutum,
790 5262 892 5315 nisi
920 5262 1085 5315 instar
1112 5262 1387 5331 cujusdam
1420 5261 1729 5328 appendicis
1760 5261 2023 5313 accessio-

439 5336 608 5393 nisve.
631 5344 706 5397 et,
731 5334 870 5387 sicut
899 5335 1206 5402 loquuntur.
1234 5349 1323 5400 per
1350 5331 1875 5398 accidens.Quucirc:t
1908 5340 2019 5383 sta-

2200 5105 2221 5137 ⁸
2251 5104 2414 5158 Omne
2442 5105 2805 5172 disputationis
2835 5103 3019 5176 latus.]
3044 5104 3113 5160 Ut
3132 5105 3523 5171 antecedentia,
3552 5111 3691 5163 comi
3708 5130 3723 5144 ·

2130 5178 2315 5241 tantia,
2346 5177 2723 5243 consequentia
2751 5216 2766 5239 ,
2815 5177 2971 5244 vulgo
3017 5178 3243 5231 dicimus
3288 5178 3444 5245 facies
3475 5186 3715 5247 quazsuw

2127 5248 2212 5301 nis
2238 5265 2250 5298 :
2289 5247 2385 5301 Les
2409 5247 2584 5299 choses
2613 5262 2710 5315 que
2734 5264 2861 5301 nous
2886 5248 3235 5309 considerans,
3277 5249 3353 5301 dit
3399 5250 3624 5301 l’autt-ur
3651 5254 3717 5302 «lu

2124 5319 2260 5372 livre
2287 5318 2352 5371 de
2378 5318 2421 5369 la
2458 5317 2769 5372 Recherche
2801 5322 2865 5371 de
2898 5320 2945 5371 la
2974 5316 3161 5376 vérité.
3194 5335 3254 5371 ne
3280 5335 3406 5371 nous
3438 5336 3561 5386 para
3586 5330 3716 5373 ssent

438 5404 532 5459 tim
556 5389 705 5459 dicet.
723 5389 1085 5473 Philosophia,
1115 5389 1244 5465 Itch
1274 5406 1363 5455 etsi
1405 5389 1662 5470 perutiliaw
1685 5404 1912 5473 cognitu,
1945 5411 2023 5452 ta-
2114 5390 2310 5457 jamais
2340 5391 2676 5473 entit‘rement.
2695 5389 2949 5473 ét'identes
2974 5406 3068 5473 que
3103 5392 3302 5473 lqrsque
3329 5389 3717 5473 l‘t-ntendeinent

437 5490 555 5531 tuen
583 5492 615 5526 a
646 5476 896 5545 propositi
916 5476 997 5528 sui
1028 5476 1229 5545 tramite
1258 5476 1521 5540 paulisper
1549 5490 1720 5527 aversa
1749 5488 1875 5526 esse.

509 5546 532 5617 ξ
564 5541 795 5617 Patriam
838 5544 1135 5617 reveharis]
1169 5544 1483 5615 Usurpatum
1505 5548 1567 5596 ab
1596 5545 1908 5617 auctoribus,
1933 5541 2019 5617 in-

436 5616 552 5687 quit
583 5616 822 5681 Servius,
853 5628 908 5671 ut
938 5618 988 5671 in
1018 5613 1313 5685 quat-suone
1337 5634 1436 5685 quo
1476 5618 1565 5687 vel,
1594 5613 1896 5687 addant_vel
1935 5614 2025 5666 de-

437 5685 642 5742 trahant
668 5690 1093 5757 prtepositionem.
1128 5689 1218 5744 Sic
1248 5686 1429 5755 Virgil.
1459 5703 1475 5741 t
1508 5686 1660 5749 Aid,
1696 5702 1745 5739 v.
1778 5685 1840 5739 6:

564 5778 752 5891 {alliam
773 5778 869 5829 fato
895 5779 1127 5841 profugus
1150 5778 1433 5827 Lavinaque
1457 5780 1589 5826 venit

662 5854 767 5890 ora.

662 5854 767 5890 0H.

2130 5475 2192 5511 en
2212 5476 2243 5510 a
2272 5459 2503 5511 examine
2525 5469 2638 5512 tous
2659 5458 2729 5511 les
2759 5460 2893 5511 cotes
2919 5473 2962 5511 et
2992 5472 3103 5512 lous
3126 5461 3197 5511 lis
3228 5472 3484 5527 rnpports.

2199 5549 2539 5622 ‘Siquidem
2584 5551 2770 5622 aliquis
2794 5560 3043 5622 eventum,
3076 5548 3206 5621 etc.]
3241 5550 3502 5617 Deinceps
3542 5551 3716 5603 Philo-

2133 5621 2322 5689 sophia
2350 5621 2525 5672 varios
2558 5621 2682 5673 usus
2706 5622 2925 5688 exponit
2955 5621 3117 5689 hujus
3146 5623 3394 5684 nominis,
3425 5637 3591 5681 casus,
3620 5623 3713 5675 ilo-

2130 5700 2323 5759 cetque
2354 5706 2460 5759 quo
2492 5692 2649 5743 modo
2680 5707 2827 5744 casus
2859 5690 3005 5758 rejici
3036 5691 3224 5743 debeat
3255 5702 3309 5744 et
3343 5692 3569 5745 admitti.
3598 5693 3709 5745 Sri-

2128 5763 2253 5815 licet
2298 5777 2446 5815 casus
2488 5762 2681 5814 dicitur
2721 5777 2748 5813 a
2786 5763 2988 5825 cadere,
3032 5777 3093 5817 ea
3138 5764 3356 5816 notione
3394 5778 3497 5831 qua
3536 5765 3712 5815 cadere

2127 5834 2267 5889 idem
2298 5843 2381 5888 est
2417 5834 2554 5902 quod
2590 5834 2795 5886 'evenire
2817 5849 2835 5885 :
2861 5835 3211 5902 quamobrem
3249 5851 3396 5889 casus
3418 5834 3711 5905 generatim
