4290 6258
585 364 669 421 tibi

1803 365 1913 419 AN.
1959 362 2169 417 MANL.
2210 360 2359 416 SEV.
2406 357 2631 414 BOETll

3751 356 3854 413 852

583 502 862 543 causarum
876 488 1207 541 conuexione
1223 483 1560 553 productum,
1586 496 1766 535 casum
1794 479 2166 543 essedefiniat,
2197 480 2248 538 Α
2274 490 2465 531 causas
2515 475 2675 528 habet
2706 492 2715 525 :
2778 486 3001 542 quarum
3054 471 3392 541 improvisus,
3449 472 3855 543 inopinatusque

581 577 709 631 nihil
734 577 951 630 omnino
976 590 1158 629 casum
1184 588 1303 628 esse
1326 575 1614 637 conlirmo,
1636 582 1689 627 et
1714 583 1737 609 ι
1768 582 1964 642 przeter
1987 569 2163 637 subje-

580 680 673 724 cta:
703 668 777 722 rei
808 667 1251 736 signiﬁcationem
1301 665 1514 718 inanem
1564 679 1783 734 prorsus
1824 677 2010 717 vocem
2048 674 2167 713 esse

579 760 830 814 decerno.
877 757 1007 823 Quis
1049 756 1215 824 enim,
1252 766 1540 810 coercente
1594 754 1644 809 iu
1689 754 1932 809 ordinem
1977 760 2165 807 cuncta

578 852 710 910 Deo.
743 852 890 905 locus
918 862 1035 903 esse
1060 849 1199 901 ullus
1222 848 1507 902 temeritati
1534 848 1766 917 reliquus
1798 845 2013 915 potest?
2036 842 2165 897 Nam

580 951 705 1003 nihil
744 964 807 1003 ex
834 948 1000 1001 nihilo
1032 946 1283 1007 existere,
1320 960 1443 999 vera
1475 945 1739 999 sententia
1763 952 1875 1007 est;
1901 942 1983 997 cui
2011 954 2168 994 nemo

580 1044 695 1112 (l5)
727 1056 958 1104 unquam
986 1053 1224 1093 veterum
1252 1037 1275 1075 ι’
1306 1038 1601 1104 refragatus
1631 1046 1742 1102 est,
1778 1048 2080 1104 quanquam
2116 1031 2166 1085 id

580 1136 655 1189 illi
686 1152 790 1188 non
821 1134 887 1188 de
915 1146 935 1172 ε
961 1143 1218 1203 operante
1242 1132 1530 1202 principio,
1554 1130 1645 1185 sed
1670 1130 1736 1184 de
1763 1128 2024 1183 materiali
2052 1125 2171 1178 sub-

577 1227 741 1296 jecto,
786 1226 888 1280 hoc
922 1236 1023 1291 est,
1057 1225 1123 1279 de
1166 1235 1351 1279 natura
1399 1223 1636 1277 omnium
1692 1222 1975 1285 rationum,
2017 1216 2170 1287 quasi

580 1318 851 1388 quoddam
876 1317 1105 1386 jeccrint
1138 1316 1562 1370 fundamentum.
1588 1314 1657 1367 At
1685 1312 1728 1368 si
1763 1310 1925 1365 nullis
1954 1326 2017 1364 ex
2046 1324 2171 1361 cau-

578 1414 652 1466 sis
677 1412 874 1482 aliquid
901 1412 1131 1489 oriatur,
1162 1410 1215 1464 id
1245 1411 1311 1465 de
1338 1411 1504 1464 nihilo
1528 1419 1702 1463 ortum
1731 1422 1851 1462 esse
1882 1406 2166 1461 videbitur.

578 1503 730 1569 Quod
752 1504 795 1557 si
819 1503 918 1557 hoc
948 1503 1058 1557 ﬁeri
1087 1504 1401 1572 nequit,uec
1426 1516 1606 1557 casum
1634 1500 1847 1569 quidem
1869 1496 2172 1567 hujusmodi

579 1609 697 1651 esse
726 1595 982 1665 possibile
1020 1606 1123 1659 est,
1157 1596 1370 1665 qualent
1407 1584 1566 1663 paulo
1595 1592 1712 1662 (‘20)
1759 1600 1881 1645 ante
1923 1589 2169 1645 delinivi-

579 1703 720 1743 mus.
747 1690 883 1755 Quid
918 1690 1098 1757 igitur,
1134 1690 1369 1759 inquam,
1402 1686 1608 1742 nihilne
1651 1695 1753 1751 est,
1781 1683 1921 1755 quod
1965 1683 2047 1738 vel
2079 1697 2171 1737 ca-

579 1798 694 1848 sus,
717 1784 803 1839 vel
828 1784 1099 1837 fortuitum
1121 1782 1241 1852 jure
1260 1782 1517 1852 appellari
1540 1781 1734 1851 queat?
1752 1779 1829 1834 An
1848 1786 1929 1833 est
1948 1776 2170 1847 aliquid,

579 1878 787 1930 tametsi
813 1876 1000 1945 vulgus
1042 1876 1223 1936 lateat.
1262 1875 1348 1928 cui
1378 1872 1635 1928 vocabula
1674 1871 1776 1925 ista
1809 1868 2171 1925 conveniant?
2202 1857 2251 1918 B

578 1968 890 2022 Aristoteles
914 1966 938 2003 ά
973 1983 1123 2023 meus
1154 1968 1225 2031 id,
1261 1968 1447 2036 inquit,
1481 1967 1533 2021 in
1564 1964 1824 2037 Physicis,
1862 1974 1884 1999 ο
1909 1971 1962 2017 et
1989 1963 2160 2031 brevi,

579 2066 636 2111 et
656 2059 767 2112 veri
794 2059 1090 2128 propinqua
1114 2060 1319 2113 ratione
1342 2058 1603 2113 delinivit.
1629 2058 1891 2124 Quonam,
1922 2054 2162 2124 inquam,

578 2150 743 2221 3m.
772 2151 966 2205 modo?
990 2150 1228 2217 Quoties,
1259 2152 1354 2214 ait,
1390 2149 1586 2219 aliquid
1613 2148 1910 2217 cujuspiam
1942 2146 2016 2201 rei
2042 2160 2162 2217 gra-

577 2242 646 2293 tia
698 2243 920 2310 geritur,
971 2242 1221 2312 aliudque
1274 2242 1588 2312 quibusdam
1631 2242 1697 2297 de
1737 2241 1933 2308 causis,
1979 2255 2159 2309 quam,

576 2333 715 2401 quod
755 2333 1152 2398 intendebatur,
1201 2333 1450 2403 obtingit,
1498 2348 1657 2389 casus
1697 2342 1963 2387 vocatur:
2009 2341 2065 2386 ut
2117 2333 2161 2385 si

576 2426 693 2495 quis
723 2427 934 2482 colendi
966 2429 1075 2497 agri
1108 2442 1268 2481 causa
1300 2427 1509 2483 fodiens
1538 2428 1780 2493 humum,
1818 2426 2018 2482 defessi
2045 2425 2160 2479 auri

576 2520 784 2587 pondus
816 2522 1068 2576 inveniat.
1105 2520 1215 2574 Hoc
1247 2520 1408 2589 igitur
1431 2520 1649 2575 fortuito
1680 2518 1893 2590 quidem
1931 2516 2165 2574 creditur

574 2612 829 2668 accidisse
854 2630 866 2675 ;
895 2629 1076 2669 verum
1104 2613 1184 2683 (5)
1209 2628 1314 2667 non
1340 2612 1405 2668 de
1424 2612 1590 2667 nihilo
1614 2622 1722 2668 est.
1755 2610 1887 2666 Nam
1917 2610 2166 2682 pr0prias

2267 581 2561 622 concursus
2592 578 2774 617 casum
2810 563 3021 616 videtur
3064 572 3335 631 operatus.
3377 563 3507 616 Nam
3544 562 3641 615 nisi
3681 562 3855 616 cultor

2268 661 2378 729 agri
2412 660 2629 712 humum
2659 656 2891 721 foderet,
2928 656 3027 709 nisi
3060 672 3124 710 eo
3154 656 3252 709 loci
3286 656 3565 726 pecuniam
3596 670 3745 710 suam
3771 654 3857 711 de-

2268 752 2473 822 positor
2524 749 2811 813 obruisset,
2853 763 3042 803 aurum
3085 762 3192 802 non
3228 756 3370 803 esset
3420 748 3716 802 inventum.
3762 747 3857 803 lla:

2269 854 2386 897 sunt
2419 842 2577 911 igitur
2601 840 2801 895 fortuiti
2823 854 2997 895 causa:
3025 836 3045 877 τ
3076 838 3401 910 compendii,
3433 840 3570 908 quod
3590 854 3657 893 ex
3685 837 3855 892 obviis

2270 936 2371 991 sibi
2390 944 2443 990 et
2458 934 2850 989 confluentibus
2870 935 3068 998 causis,
3092 948 3197 988 non
3218 948 3282 988 ex
3304 934 3540 1003 gerentis
3563 932 3856 986 intentione

2273 1030 2386 1100 (10)
2414 1029 2677 1098 provenit.
2707 1026 2891 1096 Neque
2920 1026 3086 1092 enim,
3116 1027 3198 1081 vel
3230 1025 3319 1095 qui
3342 1041 3527 1080 aurum
3552 1026 3747 1085 obruit.
3770 1025 3855 1079 vel

2270 1123 2358 1192 qui
2401 1136 2585 1192 agrum
2624 1121 2886 1184 exercuit,
2922 1130 2979 1174 ut
3010 1134 3072 1175 ea
3107 1120 3331 1187 pecunia
3374 1120 3720 1187 reperiretur,
3769 1119 3853 1170 in-

2272 1213 2461 1280 tendit,
2493 1213 2612 1279 sed,
2660 1212 2735 1267 uti
2775 1212 2914 1277 disi,
2962 1227 3069 1282 quo
3101 1211 3190 1266 ille
3228 1211 3427 1277 obruit,
3472 1210 3612 1265 hunc
3656 1211 3855 1265 fodisse

2274 1316 2298 1355 8
2329 1307 2599 1371 convenit,
2634 1317 2794 1376 atque
2825 1306 3116 1361 concurrit.
3150 1305 3300 1361 Licet
3326 1305 3488 1374 igitur
3514 1305 3737 1359 delinire
3760 1320 3855 1359 ca-

2272 1416 2389 1456 sum
2419 1416 2541 1455 esse.
2570 1401 2920 1468 inopinatum,
2952 1414 3015 1454 ex
3035 1399 3426 1455 conﬂuentibus
3450 1397 3717 1462 causis,in
3749 1397 3851 1462 his,

2273 1508 2391 1561 quae
2422 1492 2490 1545 ob
2516 1491 2715 1560 aliquid
2745 1499 3025 1561 geruntur,
3058 1500 3331 1547 eventum.
3368 1491 3699 1545 Concurrere
3730 1502 3855 1540 vero

2276 1595 2433 1652 atque
2457 1582 2733 1638 conﬂuere
2756 1597 2946 1638 causas
2972 1574 3096 1638 facit
3129 1583 3263 1637 ordo
3306 1582 3397 1637 ille
3423 1580 3711 1637 inevitabili
3742 1578 3855 1651 {15)

2273 1677 2606 1733 connexione
2631 1674 2947 1745 procedens,
2980 1673 3068 1745 qui
3098 1673 3163 1728 de
3207 1672 3565 1727 Providentia:
3598 1672 3741 1726 fonte
3767 1670 3857 1725 de-

2275 1771 2557 1835 scendens,
2585 1781 2777 1825 cuncta
2808 1769 2918 1824 suis
2946 1768 3103 1835 locis,
3138 1768 3574 1839 temporibusque
3602 1766 3855 1837 disponit.

2652 1904 2812 1975 315
2854 1902 3142 1958 METRUM
3171 1906 3186 1926 ¹
3217 1902 3500 1958 PRIMUM.

2273 2022 2662 2079 Aacuuaaruu.
2688 2048 2758 2059 -
2786 2019 2967 2083 Sicut,
3008 2018 3173 2087 inquit
3208 2016 3572 2087 Philosophia,
3617 2016 3857 2086 fortuitus

2342 2111 2451 2149 esse
2479 2101 2643 2162 potest
2665 2092 2869 2144 navium
2896 2093 3145 2143 constanti
3167 2090 3387 2143 duorum
3417 2090 3688 2162 ﬂuminum
3704 2104 3857 2162 cursu

2344 2160 2669 2232 abreptarunt
2702 2178 2963 2224 occursus,
3009 2162 3080 2213 ita
3120 2177 3265 2216 casus
3296 2160 3637 2215 constantibus
3678 2160 3856 2212 divina!

2343 2234 2690 2289 Providentiw
2721 2232 2915 2303 legibus
2935 2232 3145 2302 regitur.

2412 2326 2582 2397 Rupis
2600 2324 2961 2381 Achaemenias
2984 2326 3239 2395 scopulis,
3262 2325 3347 2381 ubi
3366 2340 3520 2381 versa
3541 2332 3855 2396 sequentum

2483 2417 2795 2473 Pectoribus
2828 2417 2941 2485 ligit
2971 2418 3175 2487 spicula
3207 2433 3376 2488 pugna
3410 2418 3597 2487 fugax,

2415 2513 2575 2584 316
2604 2510 2778 2580 Tigris
2800 2518 2854 2567 et
2868 2509 3163 2579 Euphrates
3186 2526 3290 2565 uno
3313 2521 3373 2565 se
3394 2510 3537 2564 lontc
3562 2510 3857 2579 resolvunt,

2493 2604 2558 2659 Et
2589 2618 2715 2659 mox
2746 2601 3015 2672 abjunctis
3047 2601 3410 2659 dissociantur
3437 2604 3609 2672 aquis.

1962 2717 2540 2779 INTERPRETATIO.

650 2850 675 2917 ξ
698 2841 823 2917 Qua:
850 2845 1045 2917 nullam
1074 2859 1179 2897 rem
1207 2843 1484 2917 subjectam
1508 2844 1782 2917 signiﬁcet.

646 2913 672 2950 δ
695 2914 1042 2971 Contradixit.

646 2996 667 3021 υ
704 2984 822 3038 Non
843 2987 906 3039 de
927 3003 1079 3041 causa
1101 2988 1361 3056 efﬁciente,
1388 2988 1475 3042 sed
1503 2987 1567 3041 de
1595 2986 1811 3040 materia
1838 2993 2034 3037 tantum
2056 2982 2161 3034 sive

573 3056 634 3130 de
662 3072 717 3108 re
743 3073 856 3125 qua:
881 3060 1199 3124 modiﬁcetur
1222 3075 1241 3114 :
1270 3062 1415 3130 quasi
1448 3059 1670 3113 dixerint
1700 3058 1910 3111 modum
1938 3056 2041 3110 sive
2068 3069 2158 3106 ra-

571 3127 756 3180 tionem
779 3144 877 3180 non
903 3145 1010 3182 esse
1036 3131 1204 3184 nihili.

572 3220 581 3231 ·
642 3194 668 3233 ἀ
702 3197 1073 3270 Philosophus.

2344 2847 2367 2875 ο
2402 2836 2515 2889 Lib.
2550 2850 2609 2899 tt,
2638 2850 2753 2900 cap.
2780 2834 2833 2890 5.

2347 2906 2365 2945 ί
2403 2907 2638 2973 Quaestus
2667 2908 2772 2959 sive
2800 2906 3053 2960 utilitatis.

2342 2989 2367 3023 κ
2393 2977 2677 3048 Contingit.

2346 3045 2792 3121 Quemadmodum
2815 3047 2983 3118 Tigris
3003 3056 3049 3101 et
3074 3045 3362 3121 Euphrates
3383 3050 3667 3121 proﬂuunt,
3694 3051 3857 3108 veluti

2267 3136 2333 3176 es
2365 3119 2551 3174 eadem
2582 3118 2810 3188 origine,
2834 3135 2897 3172 ex
2917 3121 3055 3172 saxis
3079 3120 3265 3173 montis
3292 3118 3503 3185 Persici,
3525 3122 3611 3175 ubi
3632 3120 3855 3175 Parthus

2265 3191 2519 3245 dimicans
2568 3190 2811 3260 fugiendo
2850 3190 3016 3260 inﬁgit
3061 3191 3274 3261 sagittas
3315 3207 3582 3248 conversas
3619 3193 3855 3248 cordibus

2100 3307 2304 3366 ΝΟΤᾸΞ
2315 3348 2329 3361 .

571 3424 705 3479 nihil
749 3434 830 3479 est
872 3425 1014 3496 aliud
1052 3442 1210 3496 quam
1263 3438 1507 3485 eventus.
1542 3428 1737 3483 Verum
1788 3436 2010 3483 eventus
2059 3424 2147 3481 ille
2175 3424 2222 3489 (ἶ
2253 3434 2510 3496 constans
2531 3439 2593 3478 ex
2618 3422 2815 3491 duplici
2840 3438 3037 3494 genere
3060 3438 3309 3496 versuum
3334 3424 3686 3490 alternorum,
3709 3414 3844 3495 quo.

572 3495 779 3568 duobus
806 3495 975 3568 modis
1008 3495 1111 3552 dici
1152 3510 1329 3565 potest
1365 3517 1379 3554 :
1434 3501 1662 3568 primum
1704 3498 1917 3567 quidem
1966 3496 2143 3559 nulla;

570 3566 759 3637 deinde
784 3567 954 3635 aliqua
982 3583 1259 3624 causarum
1288 3566 1623 3626 connexioue
1651 3566 1957 3637 predttctus.
1978 3570 2033 3623 Si
2068 3585 2153 3620 ca-

569 3653 657 3689 sus
680 3636 887 3708 dicatur
915 3646 1139 3691 eventum
1162 3643 1424 3695 temerario
1443 3651 1600 3703 motu,
1625 3636 1864 3708 nullaque
1883 3656 2152 3693 causarum
2180 3665 2185 3669 ο

571 3706 879 3760 connexione
924 3710 1254 3777 productum,
1292 3723 1439 3766 certe
1470 3729 1618 3765 casus
1648 3706 1788 3765 nihil
1819 3722 1901 3764 est
1958 3720 2152 3775 praeter

570 3780 773 3831 inanem
805 3795 975 3832 vocent
1005 3796 1023 3833 :
1058 3797 1177 3835 cum
1217 3783 1357 3836 enim
1390 3782 1616 3836 nihilum
1677 3797 1781 3836 non
1821 3781 1989 3850 possit
2029 3796 2149 3835 esse

570 3850 729 3903 ullius
752 3851 824 3924 rei
856 3864 1033 3914 causa,
1067 3863 1313 3924 eventum
1346 3868 1503 3907 omne
1539 3852 1768 3922 aliquam
1814 3852 2149 3906 habeatcau-

571 3935 707 3981 sam,
737 3921 924 3974 saltem
958 3921 1309 3987 e’xteriorem,
1353 3938 1571 3978 necesse
1613 3921 1714 3977 est.
1757 3923 1810 3978 Si
1846 3938 1973 3977 vero
2000 3939 2151 3974 casus

568 3989 778 4044 dicatur
807 4001 1051 4064 eventum
1085 3994 1256 4064 aliqua
1279 4009 1559 4049 causarum
1589 3995 1923 4049 conuexione
1948 3993 2150 4064 produ-

571 4071 739 4134 ctum,
771 4061 864 4113 sed
898 4072 1097 4134 praeter
1129 4061 1398 4120 notionem
1440 4068 1877 4134 voluntatemque
1906 4063 2111 4132 agentis
2132 4103 2148 4127 ,

569 4130 1001 4205 distinguendum
1028 4145 1129 4187 est.
1162 4136 1255 4189 Vel
1286 4138 1425 4190 enim
1466 4151 1624 4190 causa
1670 4130 1804 4199 lucc,
1838 4130 2030 4201 prteter
2060 4150 2154 4187 eu-

567 4201 653 4269 jus
696 4202 966 4275 notionem
1000 4204 1438 4275 voluntatemque
1483 4217 1733 4261 eventum
1775 4206 1970 4260 dicitur
2015 4206 2151 4269 fieri,

572 4280 656 4343 est
698 4274 886 4343 prima,
936 4275 1183 4329 nimirum
1221 4274 1394 4341 Deus;
1426 4279 1507 4331 vel
1542 4288 1624 4331 est
1667 4277 1924 4339 secunda,
1962 4290 2154 4343 nempe

571 4342 754 4396 homo.
803 4342 859 4397 Si
896 4360 1054 4398 causa
1104 4349 1216 4401 huic
1264 4347 1425 4401 fuerit
1467 4349 1658 4414 prima,
1711 4348 1888 4401 nullus
1941 4342 2159 4401 omnino

571 4429 720 4465 casus
743 4424 855 4467 est:
883 4418 1312 4486 quandoquidem
1343 4419 1543 4472 nullum
1568 4428 1817 4473 eventum
1853 4418 2160 4485 producitur

573 4488 1061 4558 prmternotionetn
1092 4489 1525 4558 voluntatemque
1560 4490 1649 4543 Dei
1675 4508 1685 4542 :
1712 4504 1832 4541 eum
1858 4504 2163 4541 concurrere

568 4572 630 4630 ac
664 4556 923 4630 conﬂuere
957 4574 1155 4621 causas,
1187 4572 1243 4613 ιιι
1288 4556 1684 4621 nunc—dicitur.
1720 4562 1875 4630 faciat
1916 4561 2042 4611 ordo
2071 4560 2161 4612 ille

572 4625 848 4701 inevitabili
897 4632 1206 4701 cottnexione
1245 4631 1542 4701 procedens,
1588 4636 1672 4699 qui
1711 4625 1774 4685 de
1816 4629 2158 4684 Providentite
2185 4639 2238 4700 Ι)

566 4698 1050 4775 [ante_desceuden_s,
1077 4698 1258 4754 cuncta
1278 4706 1383 4756 suis
1407 4704 1529 4755 locis
1550 4698 1958 4773 temporibusque
1979 4702 2155 4769 dispo-

569 4768 661 4842 nit.
691 4768 827 4842 ΑιΠεί
856 4772 1103 4842 pradicta
1136 4788 1291 4825 causa
1328 4776 1485 4827 fuerit
1519 4768 1774 4836 secunda,
1802 4768 1946 4827 casus
1977 4768 2154 4842 potest

569 4838 806 4889 admitti:
831 4841 951 4912 quia
983 4857 1123 4908 smpe
1143 4856 1395 4897 eventum
1427 4844 1731 4911 producitur
1762 4853 1957 4912 praeter
1980 4838 2156 4897 notio-

568 4921 687 4958 nem
718 4919 775 4983 et_
802 4910 1128 4983 voluntatem
1163 4916 1390 4967 hominis
1420 4910 1435 4966 ἐ
1466 4924 1522 4967 ιιι
1565 4917 1607 4967 si
1656 4910 1771 4983 quis
1800 4915 2000 4967 colendi
2040 4916 2155 4983 agri

566 4991 717 5028 causa
749 4980 945 5046 fodiens
985 4982 1191 5055 humum
1243 4986 1433 5053 defessi
1478 4987 1593 5037 auri
1629 4980 1832 5055 pondus
1882 4980 2154 5039 inveniat:

567 5060 864 5125 quanquam
920 5053 1059 5105 enim
1117 5070 1273 5109 causa
1321 5058 1495 5125 aliqua
1550 5053 1737 5117 fuerit,
1788 5073 1905 5125 qun
1958 5072 2147 5109 attrum

565 5115 825 5196 obruetit,
877 5137 1171 5191 quanquam
1227 5115 1616 5196 etiam'aliqua
1665 5115 1821 5181 causa
1880 5130 1964 5187 sit,
2030 5142 2150 5195 quae

564 5192 864 5242 exercendo
904 5205 1094 5247 terram
1142 5211 1327 5250 aurum
1355 5192 1638 5264 tletexerit,
1681 5200 1802 5267 quia
1833 5210 2007 5251 tamen
2036 5192 2148 5250 att-

566 5274 679 5337 rum
708 5272 896 5337 praeter
926 5268 1193 5318 notionem
1229 5270 1666 5336 voluntatemque
1703 5270 1947 5337 agricola:
1996 5271 2144 5323 inve-

566 5331 709 5383 nitur
737 5331 804 5383 ab
854 5332 968 5399 ipso
1007 5336 1254 5403 agricola.
1291 5340 1486 5393 idcirco
1520 5331 1768 5393 eventum
1823 5341 1949 5392 illud
1998 5348 2143 5394 nisus

564 5404 895 5474 ίξμιλοιιῐηιινε
939 5421 999 5457 ex
1048 5423 1151 5474 quo
1209 5411 1490 5463 conficitur
1531 5413 1643 5464 lucc
1683 5426 1838 5463 casus
1880 5412 2138 5473 definitio,

563 5469 891 5549 lnopiuatum
920 5490 981 5525 8.1?
1003 5469 1370 5543 conﬂuentibus
1393 5483 1578 5542 causis,
1614 5484 1664 5533 in
1693 5482 1771 5534 his
1802 5498 1918 5549 qua:
1947 5482 2007 5533 ob
2037 5469 2139 5535 ali;

563 5544 685 5605 quid
717 5556 978 5620 geruntur,
1019 5559 1271 5601 creatum.
1310 5552 1484 5614 Quare
1513 5570 1633 5604 eum
1673 5544 1877 5614 bestius,
1923 5553 2139 5620 plantat,

565 5622 869 5691 et_corpora
899 5615 1186 5671 ittatiituata
1219 5638 1321 5674 non
1358 5623 1587 5675 ltaheaut
1629 5624 1842 5691 proprie
1872 5615 2144 5677 notionem

566 5682 1022 5762 yplttntatemque.
1074 5703 1268 5754 ptmter
1309 5708 1439 5760 quas
1489 5682 1742 5747 ργριιίιιιιῖ
1798 5694 2145 5762 producatur,

565 5749 684 5802 ideo
707 5754 788 5802 his
819 5749 993 5809 nullus
1024 5749 1105 5811 est
1134 5778 1301 5812 Nisus.

638 5842 657 5863 ⁶
684 5840 839 5907 Quod
870 5857 1089 5900 vocatur
1130 5849 1319 5918 elegia.
1377 5854 1552 5922 Elegia
1598 5864 1772 5910 autem
1813 5866 1890 5912 cst
1934 5871 2148 5913 carmen

2264 3512 2380 3550 rum
2436 3495 2580 3563 prior
2620 3496 2951 3557 hexameter.
2999 3494 3267 3565 posterior
3310 3506 3665 3565 pentameter,
3717 3494 3853 3553 Sicut

2263 3566 2466 3620 dicmm
2502 3574 2586 3620 est
2616 3566 2667 3619 in
2696 3566 2717 3618 l
2748 3577 2876 3621 met.
2911 3568 3003 3621 lib.
3039 3582 3075 3619 ι.
3334 3589 3341 3599 ο

2338 3639 2387 3690 1.
2426 3636 2584 3706 Rupis
2621 3637 2955 3690 Achaemeniae
2985 3638 3252 3708 scopulis.]
3308 3630 3389 3691 Ea:
3416 3650 3584 3692 monte
3617 3637 3849 3694 Persico.

2261 3708 2600 3762 Achaemenis
2627 3708 2963 3775 enim,Persis
2984 3719 3086 3771 est,
3112 3719 3202 3761 aut
3224 3710 3413 3763 saltem
3434 3710 3600 3775 ipsius
3618 3710 3852 3765 Persidis

2260 3794 2383 3842 pars
2423 3779 2501 3833 sic
2533 3778 2671 3832 dicta
2713 3780 2780 3830 ab
2811 3779 3160 3843 Achaemene,
3197 3780 3285 3849 qui
3308 3821 3322 3843 ,
3354 3780 3490 3849 apud
3527 3780 3851 3836 Herodotum

2260 3849 2297 3903 Ι.
2331 3849 2464 3902 llist.
2496 3850 2803 3921 tv,7primns
2828 3851 3103 3921 Persarum
3138 3866 3257 3911 rex,
3288 3866 3315 3903 a
3342 3866 3446 3920 quo
3474 3866 3660 3905 omnes
3688 3868 3842 3921 reges

2262 3935 2431 3988 usque
2471 3920 2534 3973 ad
2578 3920 2796 3973 Darium
2828 3920 3241 3975 descenderunt.
3294 3921 3427 3975 Hinc
3459 3921 3709 3976 Horatius
3750 3920 3784 3976 l.
3814 3939 3847 3977 tt

2260 3988 2461 4053 Carm.,
2485 3990 2573 4045 od.
2596 3990 2683 4054 12,
2709 3989 2848 4043 Nam
2875 4001 2929 4043 tu
2951 4007 3064 4061 qua:
3090 3994 3247 4045 tenuit
3264 3992 3401 4046 dives
3418 3992 3759 4059 Achaemenes,
3792 3994 3848 4049 itl

2261 4071 2341 4115 est
2376 4062 2658 4115 Persarum
2692 4078 2815 4124 rex,
2850 4071 2903 4114 et
2942 4062 3034 4115 lib.
3072 4078 3148 4126 ιιι,
3180 4062 3269 4116 od.
3299 4063 3350 4126 1,
3382 4064 3851 4129 Achwmeniumque

2262 4142 2478 4197 costum,
2514 4132 2614 4185 hoc
2662 4144 2745 4186 est
2794 4144 3119 4202 unguentum
3168 4133 3455 4187 Persicum.
3511 4134 3851 4190 Achaamenia

2262 4213 2438 4256 autem
2466 4206 2551 4256 hic
2577 4203 2893 4271 quibusdam
2922 4213 3003 4257 est
3024 4206 3298 4268 Armenia,
3324 4220 3479 4259 mons
3501 4221 3628 4259 vero
3659 4202 3747 4259 ille
3770 4216 3852 4260 est

2265 4290 2422 4327 mons
2448 4274 2652 4327 Taurus
2683 4292 2695 4327 :
2728 4275 2869 4343 quod
2900 4273 3201 4338 Sallustius,
3231 4286 3410 4328 auctor
3438 4277 3769 4340 certissimus,
3794 4286 3850 4334 ut

2266 4344 2455 4413 legitur
2485 4347 2534 4397 itt
2562 4345 2869 4411 fragmentis
2894 4346 3140 4399 Historia:
3162 4346 3401 4413 ejusdem
3426 4346 3689 4407 Sallustii.
3714 4364 3850 4400 asse-

2263 4416 2330 4467 rit
2357 4413 2549 4487 Tigrim
2575 4427 2621 4469 et
2649 4416 2961 4479 Euphratem
2989 4433 3090 4468 uno
3117 4420 3255 4484 fonte
3275 4433 3481 4470 manare
3510 4418 3561 4469 in
3584 4419 3847 4483 Armenia,

2261 4488 2354 4558 qui
2377 4504 2465 4553 per
2494 4488 2691 4541 diversa
2719 4498 2895 4558 euntes
2919 4487 3121 4557 longius
3152 4489 3471 4552 dividantur,
3500 4491 3664 4558 spdtio
3689 4490 3847 4541 medio

2263 4557 2438 4610 relicto
2471 4559 2746 4629 multarunt
2775 4556 3025 4622 millium;
3066 4576 3179 4625 qutr
3215 4570 3379 4612 tamen
3422 4556 3588 4624 terra,
3634 4575 3747 4629 qua:
3786 4562 3849 4613 ab

2264 4629 2387 4693 ipsis
2412 4629 2651 4694 ambitur,
2681 4628 3050 4695 MesOpotatuia
3081 4631 3288 4682 dicitur.

2340 4702 2388 4750 1.
2418 4698 2514 4752 Ubi
2542 4718 2680 4752 versa
2706 4712 3016 4765 sequentum.
3044 4700 3175 4769 etc.]
3212 4700 3305 4753 Hic
3336 4703 3507 4770 agitur
3526 4701 3594 4755 de
3618 4700 3845 4765 Parthis,

2268 4770 2334 4823 iis
2356 4771 2559 4824 scilicet
2584 4773 2816 4840 populis,
2838 4771 2927 4839 qui
2958 4790 2985 4822 e
3003 4770 3212 4841 Scythis
3239 4771 3449 4825 orittmli
3479 4772 3543 4825 ad
3566 4786 3658 4825 eas
3682 4789 3847 4840 usque

2264 4842 2404 4894 Asiae
2436 4843 2700 4910 regiunes,
2732 4856 2848 4909 qua:
2880 4843 3020 4909 'ligri
3052 4854 3105 4895 et
3136 4842 3407 4907 Euphrate
3437 4844 3745 4897 fluminibus
3771 4847 3847 4896 al-

2265 4910 2501 4975 luuntur,
2536 4928 2690 4966 suum
2722 4912 3051 4981 protulerunt
3090 4913 3391 4977 imperium.
3448 4915 3509 4967 lii
3541 4925 3717 4967 autem
3754 4930 3847 4982 po-

2265 4982 2371 5053 puli
2418 4995 2575 5037 erant
2622 4984 2948 5035 formidolosi
2982 4984 3092 5036 suis
3122 4989 3416 5053 pra'sertim
3459 4985 3681 5051 sagittis,
3714 5001 3846 5053 quas

2265 5051 2403 5106 inter
2448 5054 2750 5119 fugiendum
2794 5054 2844 5106 in
2879 5051 3219 5121 insequentes
3251 5058 3316 5108 ita
3352 5051 3755 5124 retorquehaut,
3788 5066 3843 5109 ιιι

2264 5125 2315 5175 in
2351 5140 2501 5177 versa
2537 5126 2764 5178 hostium
2801 5136 3015 5194 pectora
3050 5126 3144 5179 has
3174 5126 3443 5181 vibrarent
3476 5144 3486 5175 :
3534 5137 3642 5177 tum
3676 5128 3844 5181 \ersis

2251 5194 2430 5317 Eubito
2461 5195 2879 5317 ρηιιίἓιρυειιιιιιι
2912 5197 3271 5253 instaurarent
3313 5216 3323 5249 ε
3371 5200 3508 5250 ttude
3539 5195 3723 5265 Virgil.
3761 5213 3840 5260 ιιι,

2298 5280 2468 5317 θοι-ιι..
2504 5282 2553 5317 v.
2580 5283 2611 5317 ι)
2654 5284 2666 5317 :

2298 5280 2468 5335 eorg.,
2504 5282 2553 5320 v.
2580 5266 2666 5320 5|:

2373 5396 2725 5462 Fidentemque
2754 5399 2864 5461 fuga
2889 5400 3134 5460 Parthum,
3164 5403 3411 5464 versisque
3439 5404 3647 5464 sagittis.

2324 5504 2377 5558 '5.
2420 5502 2589 5574 Tigris
2612 5516 2654 5558 et
2678 5506 3002 5575 Euphrates.J
3029 5506 3199 5577 Tigris
3221 5525 3249 5561 a
3272 5508 3545 5563 celeritate
3574 5510 3651 5563 sic
3672 5508 3843 5562 dictus

2258 5584 2473 5643 propter
2504 5579 2747 5644 sagittam
2782 5578 2991 5631 Persica
3020 5580 3189 5645 lingu:-
3220 5582 3616 5646 cognominem,
3647 5580 3841 5633 flumen

2255 5656 2362 5713 est,
2396 5648 2536 5714 quod
2570 5649 2740 5700 oritur
2772 5650 2821 5701 iu
2848 5650 3118 5709 Armenia,
3151 5650 3196 5701 si
3231 5667 3334 5703 non
3368 5666 3432 5704 ex
3464 5654 3651 5703 eodem
3678 5652 3841 5711 fonte,

2257 5717 2703 5783 quemadmodum
2755 5721 2827 5771 ait
2875 5720 3155 5786 prmdictus
3194 5721 3496 5783 Sallustius,
3538 5722 3727 5775 saltem
3770 5735 3843 5774 ex

2258 5789 2447 5847 eodem
2500 5799 2711 5851 monte,
2756 5806 2817 5842 ex
2880 5806 2983 5857 quo
3036 5791 3332 5857 Euphrates
3384 5809 3395 5841 :
3444 5804 3552 5844 tum
3594 5792 3841 5845 fluctibus

2261 5857 2693 5926 Mesopotamiam
2722 5861 3041 5914 alluetitihue
3065 5860 3235 5916 iullttit
3271 5866 3320 5917 in
3346 5862 3695 5933 Euphratem,
3720 5876 3841 5917 cum
