4290 6258
634 363 740 425 853i

1849 361 1961 416 AN.
2007 359 2220 416 MANL.
2264 357 2415 415 θεν.
2458 359 2680 418 ΒΟΕἸῚΙ

3800 351 3909 411 858

635 477 998 548 constringit?
1024 475 1119 532 Est
1144 484 1195 542 ι,
1226 473 1416 544 inquit.
1439 473 1604 545 319
1639 474 1649 504 ‘
1676 472 1859 542 Neque
1882 475 2026 530 enim
2061 473 2223 529 fuerit
2245 477 2298 534 Δ
2330 475 2464 531 hanc
2489 477 2671 531 nonin
2692 473 2941 530 omnibus
2971 489 3178 546 mquam
3209 488 3331 532 esse
3354 475 3642 530 consumo.
3661 471 3794 528 Nam
3819 487 3910 529 su-

637 573 745 626 ulla
773 571 1047 627 rationalis
1079 579 1286 630 natura,
1310 568 1436 635 quin
1463 556 1637 621 erdem
1667 567 1890 622 libertas
1911 568 2050 623 adsit
2075 569 2216 621 arbi-

640 665 748 719 trii.
769 663 899 717 Nam
925 662 1067 732 quod
1090 661 1294 714 ratione
1317 660 1390 713 uti
1414 659 1729 714 naturaliter
1756 671 1952 730 potest,
1976 663 2028 716 id
2057 663 2217 717 habet

636 756 922 828 judicium,
958 769 1064 823 quo
1103 753 1352 822 quodque
1399 752 1688 807 discernat:
1722 753 1822 808 Per
1864 769 1922 808 se
1953 755 2110 825 igitur
2138 755 2216 810 lu-

635 847 855 917 gienda,
887 843 1189 914 optandave
1227 844 1512 913 dignoscit.
1540 842 1692 910 Quod
1740 844 1901 916 320
1944 861 2068 900 vero
2097 846 2217 916 quis

635 937 928 1006 optandum
975 951 1095 991 esse
1137 935 1375 1004 judicat,
1424 936 1594 1004 petit:
1645 934 1843 1006 refugit
1890 952 2042 999 vero.
2074 939 2216 1008 quod

635 1030 909 1085 existimat
937 1044 1059 1084 esse
1086 1028 1418 1099 fugiendum.
1450 1030 1629 1097 Quare
1655 1031 1847 1100 quibus
1875 1031 2016 1086 inest
2057 1025 2229 1096 ratio,

637 1121 765 1192 ipsis
794 1122 953 1176 etiam
979 1121 1123 1176 inest
1164 1121 1400 1187 volendi,
1440 1122 1762 1192 nolendique
1789 1123 2029 1180 libertas.
2061 1127 2079 1155 ³
2109 1127 2216 1181 Sed

2325 572 2526 640 pernis,
2559 570 2859 636 divinisque
2886 568 3200 623 substantiis
3227 578 3280 622 et
3314 567 3596 638 perspicax
3624 567 3905 636 judicium,

2324 675 2377 717 et
2404 663 2708 728 incorrupta
2737 659 2815 731 (5)
2839 660 3106 724 voluntas,
3137 669 3191 713 et
3218 659 3408 713 efﬁcax
3445 668 3748 728 optatorum
3775 673 3910 725 pra:-

2327 766 2410 808 sto
2432 766 2511 810 est
2539 761 2795 823 potestas.
2815 752 3080 806 llumanas
3109 766 3238 805 vero
3261 750 3464 803 animas
3490 749 3769 804 liberiores
3793 748 3911 818 quic

2326 851 2447 905 dem
2472 863 2595 904 esse
2618 861 2841 901 necesse
2862 854 2965 908 est,
2988 860 3108 900 cttm
3143 858 3200 897 se
3229 844 3283 897 in
3312 843 3504 896 mentis
3525 841 3722 896 divinae
3742 839 3768 878 ι)
3791 855 3910 910 spe-

2326 941 2591 996 culatione
2628 946 2990 994 conservant:
3039 935 3214 990 minus
3244 951 3394 1000 vero,
3437 949 3558 989 cum
3599 933 3908 988 dilabuntur

2325 1034 2390 1087 ad
2426 1047 2678 1101 corpora,
2729 1030 3009 1099 minusque
3041 1030 3224 1095 etiam,
3272 1043 3395 1082 cum
3427 1027 3660 1084 terrenis
3687 1026 3909 1080 artubus

2325 1126 2663 1195 colligantur.
2685 1123 2932 1177 Extrema
2957 1135 3086 1177 vero
3111 1130 3195 1175 est
3219 1120 3472 1185 servitus,
3497 1135 3618 1174 cum
3641 1118 3786 1173 vitiis
3815 1116 3910 1172 deo

1983 1284 2562 1343 INTERPRETATIO.

711 1405 737 1433 ε
759 1394 936 1450 Nostri
960 1394 1170 1450 arbitrii
1204 1394 1442 1450 libertas.

2394 1399 2420 1438 δ
2451 1396 2915 1469 Coutemplatioue.

2157 1557 2363 1614 NOTIE

710 1699 911 1753 Dicitur
946 1699 1007 1750 3°
1036 1695 1247 1749 valendo
1276 1711 1292 1748 :
1325 1709 1466 1757 nam,
1506 1702 1563 1746 ut
1591 1693 1665 1746 ait.
1693 1693 1751 1749 S.
1783 1695 1916 1764 Aug.
1950 1696 1984 1748 Ι.
2029 1711 2062 1749 ιι
2101 1696 2209 1749 Re-
2242 1697 2291 1756 B
2323 1695 2456 1749 nihil
2484 1697 2555 1748 sit
2579 1693 2746 1757 aliud,
2779 1705 2938 1764 quam
2972 1704 3144 1754 mens,
3169 1704 3292 1758 qua:
3328 1689 3633 1758 mgnitioue
3663 1689 3799 1748 duce
3827 1708 3912 1750 se-

639 1780 817 1833 trac.t.,
850 1785 898 1822 c.
935 1770 993 1830 l,
1028 1783 1128 1820 non
1155 1768 1364 1818 dicimus
1395 1780 1498 1817 esse
1537 1767 1585 1817 in
1625 1767 2086 1834 potestate'nostra,
2113 1767 2212 1819 nisi

640 1844 769 1907 quod
799 1858 910 1892 cum
937 1840 1192 1900 voluntas,
1225 1837 1301 1903 ﬁt,
1346 1835 1602 1908 ubiprius
1637 1846 1682 1908 et
1710 1838 1924 1889 maxime
1949 1849 2021 1890 est
2052 1839 2216 1908 ipsum

640 1906 781 1966 uelle.
816 1911 1101 1976 Propterea
1134 1923 1319 1962 omnes
1348 1906 1651 1974 philosophi
1685 1907 1898 1972 docent,
1925 1906 2105 1960 sedem
2149 1909 2214 1960 Ii-

642 1982 861 2035 bertatis
890 1995 1008 2033 esse
1037 1979 1364 2031 voluntatem
1393 1993 1406 2037 ;
1435 1977 1573 2030 unde
1596 1978 1786 2038 duplex
1810 1988 2102 2045 agnoscunt
2125 1994 2218 2047 ge-

641 2067 740 2106 nus
780 2063 929 2104 actus
969 2051 1117 2102 liberi
1153 2068 1165 2100 :
1212 2051 1438 2101 alterum
1490 2057 1687 2101 vocant
1725 2049 1968 2112 elicitum,
2010 2049 2099 2115 qui
2132 2057 2218 2103 est

641 2125 807 2191 ipsum
835 2122 960 2174 velle
984 2137 1000 2183 ;
1025 2123 1249 2191 alterum
1278 2119 1460 2172 dicunt
1484 2119 1812 2184 imperatum,
1843 2121 1930 2187 qui
1956 2129 2037 2172 est
2059 2120 2217 2174 obse-

642 2190 821 2262 quium
853 2191 1093 2262 corporis
1118 2190 1182 2242 ad
1210 2199 1391 2262 uiuum
1416 2192 1629 2241 mentis.

717 2264 913 2316 bicitur
939 2261 1002 2313 4ο
1031 2261 1158 2312 duce
1198 2260 1484 2330 cognitione
1511 2275 1530 2312 :
1561 2260 1684 2327 quia
1706 2299 1718 2318 ,
1767 2259 2217 2327 quemadmodum

644 2334 789 2386 aiunt
816 2333 973 2386 iidem
1006 2331 1327 2400 philosotihi,
1353 2332 1581 2382 voluntas
1603 2345 1702 2381 non
1730 2332 1892 2398 fertur
1913 2330 1965 2382 in
1992 2331 2220 2400 incogni-

644 2417 752 2457 tunt
778 2418 795 2456 .'
822 2404 981 2474 ignoti
1009 2404 1152 2454 nulla
1179 2399 1382 2467 cupido.

718 2475 782 2529 Ut
812 2469 986 2527 autem
1029 2487 1179 2526 meus
1208 2470 1442 2539 generali
1476 2469 1575 2522 hac
1607 2469 1850 2523 libertate
1882 2469 2103 2538 pnedita
2137 2485 2222 2524 se-

646 2544 814 2611 ipsaut
845 2554 964 2613 agat
1004 2553 1348 2610 ntoveatque.
1401 2556 1506 2613 non
1545 2551 1642 2613 est
1682 2555 1902 2594 necesse
1955 2551 2011 2592 ιιι
2055 2541 2218 2594 veluti

645 2617 818 2668 media
845 2611 899 2668 et
921 2614 1230 2667 indifferens
1251 2612 1605 2665 consdtuatur
1634 2611 1770 2664 inter
1793 2613 1899 2662 duo
1928 2614 2219 2674 contraria,

646 2686 732 2740 vel
783 2686 942 2740 etiam
992 2681 1410 2737 coutradicentia
1452 2699 1463 2734 :
1517 2681 1942 2749 quandoquidem
1990 2681 2222 2742 theologi

645 2758 839 2810 docent
875 2758 1007 2808 hanc
1063 2753 1371 2823 generalem
1408 2751 1708 2823 libertatem
1749 2753 2007 2818 reperiri.
2060 2754 2221 2806 etiam

647 2827 735 2879 ubi
778 2827 921 2880 nulla
967 2821 1363 2890 est—ejusmodi
1423 2821 1812 2888 indi/ferentia;
1870 2823 2132 2891 siquidem
2163 2823 2220 2877 S.

647 2898 904 2959 Thomas,
929 2912 982 2966 q.
1021 2896 1086 2949 10
1129 2897 1197 2948 de
1220 2893 1612 2966 Potentia,»art.
1643 2893 1678 2944 ‘2
1706 2895 1770 2946 ad
1797 2895 1848 2952 5,
1882 2903 1999 2966 post
2026 2893 2084 2947 S.
2117 2894 2225 2946 Au-

648 2969 918 3033 gnstinum
949 2964 1139 3032 docet,
1175 2975 1230 3018 et
1262 2965 1426 3016 Deum
1457 2964 1622 3016 libere
1651 2979 1828 3018 amare
1871 2965 2125 3032 seipsum,
2172 2977 2227 3018 «ιι

646 3037 900 3107 Spiritum
943 3047 1186 3090 sanctum
1223 3050 1250 3086 a
1297 3034 1452 3087 Patre
1517 3035 1770 3102 Filioque,
1824 3039 2068 3103 quamvis
2116 3051 2223 3089 non

649 3108 1192 3179 possibilitertlibere
1243 3115 1419 3179 tamen
1470 3107 1793 3179 procedere:
1846 3116 2222 3179 nemo‘autem

646 3175 846 3234 dixerit
881 3190 968 3232 aut
1002 3178 1166 3231 Deum
1199 3177 1262 3236 ad
1295 3177 1528 3242 seipsum
1561 3176 1868 3239 amandum,
1895 3187 1985 3227 aut
2011 3175 2222 3229 Patrem

2319 1768 2618 1829 metipsant,
2653 1763 2901 1827 volendo,
2936 1776 3094 1830 agere
3123 1769 3320 1828 potest,
3353 1776 3686 1832 quaecunque
3733 1779 3906 1830 mens,

2320 1839 2626 1906 cognitione
2672 1837 2828 1896 duce,
2861 1832 3204 1900 semetipsam
3261 1833 3391 1906 agit.
3417 1833 3672 1906 volendo,
3704 1834 3819 1906 haec
3848 1835 3912 1889 li-

2322 1903 2532 1961 bertate
2561 1907 2849 1968 afﬁciatur,
2885 1917 3106 1958 necesse
3132 1913 3232 1956 est.
3267 1903 3429 1970 Atqui
3459 1917 3609 1957 mens
3637 1905 3812 1958 omnis
3840 1907 3911 1960 ita

2323 1992 2382 2031 se
2413 1979 2611 2040 habet;
2645 1992 2767 2030 nam
2810 1989 2962 2029 mens
2989 1973 3166 2045 omnis
3181 1989 3300 2045 ~non
3326 1973 3494 2027 solum
3531 1977 3828 2045 cognoscit,
3857 1985 3912 2032 et

2315 2048 2614 2118 judicando
2669 2047 2928 2100 discernit
2987 2044 3128 2118 quod
3170 2043 3478 2118 fugiendum
3519 2043 3684 2118 est'et
3717 2058 3911 2114 optan-

2321 2116 2482 2180 dum;
2528 2119 2620 2172 sed
2649 2117 2785 2182 quod
2823 2116 3107 2181 optandum
3149 2131 3257 2168 esse
3278 2117 3482 2186 judicat
3539 2117 3691 2181 petit,
3721 2119 3910 2186 refugit

2322 2205 2438 2243 vero
2478 2191 2613 2257 quod
2636 2189 2887 2242 existimat
2906 2203 3010 2240 esse
3035 2187 3364 2256 fugiendum:
3381 2187 3522 2256 quod
3547 2188 3910 2258 unusquisque

2325 2260 2380 2314 in
2402 2260 2692 2323 semetipsti
2719 2259 3014 2321 experitur.

2395 2333 2416 2361 ¹
2446 2331 2550 2401 δρα
2591 2331 2721 2383 [ωδε
2746 2347 2850 2401 non
2889 2330 2941 2381 in
2973 2326 3204 2381 omnibus
3243 2343 3570 2401 aequantes“
3609 2329 3906 2401 constituo.]

2331 2400 2418 2455 Ill.
2449 2397 2627 2454 Posito
2657 2400 2964 2454 discrimine
2992 2403 3128 2450 inter
3159 2411 3393 2451 mentem
3423 2397 3681 2465 divinam,
3708 2397 3910 2468 angeli;

2324 2485 2440 2524 cam
2496 2482 2550 2526 et
2583 2477 2898 2534 humanam,
2934 2468 3276 2536 Philosophia
3310 2469 3468 2523 docet
3498 2470 3762 2524 diversam
3789 2485 3908 2526 esse

2329 2541 2380 2595 ia
2414 2542 2496 2595 his
2524 2542 2790 2596 mentibus
2829 2541 3150 2594 libertatem.
3181 2538 3309 2591 Nam
3352 2539 3492 2608 quod
3538 2550 3744 2607 spectat
3772 2541 3911 2594 divi-

2329 2628 2446 2665 nant
2484 2625 2537 2668 et
2577 2614 2868 2678 angelicam
2913 2624 3167 2672 mentem,
3214 2624 3346 2678 quas
3395 2610 3738 2678 Philosophia
3767 2627 3910 2666 nunc

2327 2695 2480 2736 vocat
2515 2699 2794 2748 supernas,
2827 2682 3122 2750 divitiasque
3147 2681 3454 2732 substantias
3494 2680 3560 2734 de
3594 2682 3673 2735 bis
3706 2684 3782 2735 sic
3825 2683 3908 2736 vi«l

2327 2755 2483 2806 detur
2527 2754 2832 2807 ratiocinari
2883 2753 3067 2806 eadem
3124 2751 3464 2820 Philosophia
3502 2771 3514 2804 :
3575 2768 3692 2820 qua:
3731 2766 3905 2818 mens,

2328 2825 2633 2892 cognitione
2671 2825 2840 2886 duce,
2885 2826 3264 2891 semetipsum,
3319 2821 3583 2886 volendo,
3634 2823 3910 2879 efﬁCacius

2328 2911 2486 2955 agere
2518 2905 2720 2963 potest,
2766 2897 2878 2947 lucc
2921 2893 3132 2946 liberior
3163 2893 3367 2945 censeri
3413 2893 3573 2947 debet
3600 2911 3612 2945 :
3640 2893 3907 2962 siquidem

2331 2966 2548 3019 libertas
2597 2974 2836 3019 versatur
2882 2964 2932 3016 iu
2981 2965 3079 3017 hac
3130 2972 3428 3029 potestate;
3491 2964 3585 3018 sed
3641 2963 3907 3032 prtedictas

2331 3049 2535 3089 mentes
2573 3050 2843 3101 supernze,
2880 3036 3018 3088 Deus
3045 3035 3290 3087 videlicet
3332 3044 3386 3087 et
3425 3036 3662 3103 angelus,
3705 3047 3905 3090 semet-

2331 3108 2471 3174 ipsas
2499 3109 2802 3174 cognitione
2831 3106 2989 3171 duce,
3017 3104 3264 3167 volendo,
3293 3103 3563 3159 efﬁcacius
3586 3121 3744 3174 agere
3775 3121 3906 3173 pos-

2331 3190 2452 3231 sunt
2480 3195 2493 3242 ;
2529 3195 2649 3231 nam
2678 3180 2727 3230 in
2773 3191 3087 3245 unaquaque
3115 3185 3292 3229 mente
3321 3185 3548 3243 quatuor
3573 3176 3905 3232 considerari

649 3251 946 3319 Filiumqtte
984 3248 1049 3302 ad
1091 3240 1489 3319 producendum
1524 3245 1780 3319 Spiri_tum
1829 3256 2080 3319 sanetum
2102 3261 2222 3300 esse
2249 3240 2294 3302 C
2329 3240 2574 3315 possunt,
2609 3249 2856 3301 nimirum
2897 3240 3193 3316 perceptio,
3208 3240 3488 3312 judicium,
3514 3247 3703 3302 electio
3728 3261 3781 3302 et
3811 3263 3905 3301 ex.

651 3315 1065 3375 indiderentem.
1092 3315 1395 3383 Quinetiam
1419 3318 1558 3370 idem
1577 3318 1631 3370 S.
1649 3315 1882 3370 Thomas
1901 3319 1950 3367 itt
1976 3332 2029 3368 III
2052 3318 2224 3382 Sent.,

648 3392 773 3445 dist.
807 3392 894 3447 18.
927 3405 977 3458 q.
1014 3390 1066 3452 ‘I,
1099 3399 1200 3441 art.
1231 3388 1265 3440 9.
1291 3390 1354 3440 ad
1390 3390 1452 3449 5,
1485 3389 1696 3458 videtur
1741 3389 1874 3438 hanc
1927 3385 2226 3441 libertatem

649 3463 700 3514 in
729 3456 1192 3514 Citristo'Domino
1222 3473 1543 3526 agnoscere:
1577 3456 1792 3509 Etiamsi
1821 3458 2046 3510 liberum
2074 3458 2229 3510 Ultri-

648 3532 716 3585 εςιί
747 3532 1052 3589 arbitrium,
1083 3530 1271 3596 inquit,
1300 3540 1427 3581 esset
1454 3529 1837 3581 determinatam
1862 3530 1927 3580 ad
1951 3545 2106 3580 unum
2133 3547 2230 3580 nu-

649 3618 806 3665 mero,
840 3602 964 3652 sicut
991 3599 1058 3652 ad
1098 3599 1410 3669 diligendum
1439 3597 1778 3669 Deum,quod
1807 3612 1903 3650 non
1936 3603 2098 3666 facere
2129 3617 2228 3653 non

651 3681 834 3737 potest,
877 3681 1041 3724 tamen
1069 3687 1133 3722 ea;
1161 3667 1255 3720 hoc
1280 3685 1379 3720 non
1406 3669 1588 3720 amittit
1619 3667 1928 3729 libertatem,
1959 3679 2046 3719 aut
2074 3671 2229 3722 ratio-

649 3760 760 3796 nem
791 3743 959 3795 laudis
991 3741 1089 3795 sive
1131 3740 1294 3791 meriti
1319 3782 1329 3797 .
1358 3741 1478 3808 quia
1524 3742 1575 3791 in
1602 3738 1732 3791 illud
1763 3755 1863 3790 non
1909 3749 2099 3800 coacte,
2140 3741 2228 3792 sed

649 3823 825 3884 sponte
847 3811 1032 3874 tendit,
1054 3820 1202 3880 atque
1222 3811 1295 3863 ita
1319 3819 1390 3862 est
1407 3819 1546 3884 actus
1566 3811 1645 3861 sui
1663 3809 1916 3884 dominus.
1939 3808 2015 3862 Ex
2037 3810 2228 3884 quibus

649 3880 892 3949 sequitur
931 3890 1244 3949 potestatem
1287 3880 1538 3946 peccandi
1586 3895 1687 3930 nou
1718 3881 1998 3949 pertinere
2046 3880 2109 3933 ad
2143 3895 2228 3933 ra-

650 3948 844 4008 tionem
878 3948 1033 4022 hujus
1056 3951 1339 4013 libertatis,
1386 3951 1429 4003 si
1467 3950 1680 4016 quidem
1717 3948 1854 4002 Deus
1885 3959 1940 4022 et
1961 3949 2224 4016 Christus,

650 4026 700 4078 iu
734 4024 925 4094 quibus
952 4020 1100 4076 nulla
1153 4021 1546 4094 fuit_peccandi
1592 4031 1844 4094 potestas,
1897 4020 1994 4072 hac
2032 4021 2222 4075 saltem

650 4090 895 4149 libertate
916 4094 1239 4147 afﬁciuntur.
1255 4090 1510 4159 Sequitur
1532 4095 1710 4154 etiam,
1740 4090 1904 4143 Deum
1927 4103 2228 4146 moventem

649 4178 884 4220 nostram
920 4176 1152 4218 tuentem
1199 4163 1264 4216 ad
1309 4165 1656 4228 semetipsum
1686 4174 1949 4228 tamquam
1984 4165 2048 4213 ad
2079 4177 2228 4215 sum-

649 4253 791 4290 tuum
825 4238 1042 4298 bonum,
1068 4235 1181 4287 sive
1205 4233 1329 4285 dum
1355 4241 1535 4285 nostra
1569 4247 1719 4285 mens
1750 4247 1868 4284 cum
1899 4243 2082 4286 nostro
2109 4249 2231 4286 cor-

651 4323 780 4375 pore
819 4302 1340 4374 eonjttugitur,,sive
1374 4304 1533 4356 etiam
1565 4304 1692 4355 dum
1723 4305 1911 4356 eadem
1935 4306 2002 4375 ab
2036 4305 2226 4357 eodetn

648 4373 872 4446 corpore
901 4373 1136 4442 sejuncta
1162 4384 1275 4446 est,
1298 4388 1492 4441 augere
1521 4375 1694 4446 potius
1721 4388 1878 4439 quam
1903 4373 2114 4446 :ttll:(_!ll‘e
2138 4390 2230 4442 ge-

649 4443 884 4502 neralem
936 4447 1069 4499 banc
1118 4445 1309 4498 mentis
1360 4453 1556 4497 nostra:
1594 4443 1937 4497 libertatem:
1979 4443 2229 4497 Voluntas

649 4521 783 4572 enim
810 4529 1002 4583 nostra,
1040 4515 1215 4584 inquit
1252 4517 1307 4568 S.
1335 4519 1469 4585 Aug.
1507 4516 1539 4566 I.
1572 4530 1625 4568 ιιι
1652 4517 1719 4567 de
1751 4513 1864 4566 ιιι».
1898 4515 2051 4576 Arb.,
2073 4531 2123 4585 ς.
2169 4516 2223 4581 5,

647 4607 736 4642 nec
764 4591 996 4643 voluntas
1017 4583 1176 4650 esset,
1210 4587 1306 4638 nisi
1326 4583 1452 4638 esset
1481 4588 1530 4637 in
1564 4594 1736 4638 nostra
1762 4593 2024 4653 potestate.
2062 4583 2226 4639 Porro

647 4662 765 4728 quia
810 4670 879 4712 est
911 4661 961 4711 in
993 4666 1270 4725 potestate,
1300 4657 1456 4708 libera
1499 4667 1572 4710 est
1622 4656 1783 4728 nobis.
1817 4654 1936 4708 Non
1985 4657 2117 4708 enim
2159 4667 2230 4709 est

647 4725 786 4783 nobis
809 4729 1040 4794 liberum,
1056 4729 1190 4796 quod
1213 4728 1264 4779 in
1289 4737 1530 4794 potestate
1551 4743 1652 4779 non
1675 4725 1939 4790 habemus,
1963 4738 2048 4778 aut
2067 4736 2226 4797 potest

647 4818 746 4853 non
769 4817 875 4853 esse
895 4801 1030 4868 quod
1062 4800 1323 4850 habemus.
1604 4867 1609 4868 γ
1721 4819 1729 4828 ο

717 4867 972 4937 Quamvis
1001 4880 1177 4922 autem
1216 4881 1366 4920 mens
1396 4867 1633 4936 generali
1684 4869 1780 4920 hac
1812 4867 2054 4921 libertate
2083 4883 2224 4936 prte-

646 4941 775 5003 dita,
809 4957 912 4992 non
949 4951 1231 5008 prOpterea
1252 4940 1320 4991 sit
1344 4937 1687 5000 indifferens;
1713 4939 1765 4990 id
1795 4947 1968 4991 tamen
1995 4955 2100 4991 noa
2129 4940 2225 4993 ob-

647 5022 772 5072 stat,
803 5012 928 5077 quin
975 5010 1030 5062 in
1081 5008 1235 5061 nobis
1266 5009 1545 5060 mortalem
1583 5011 1716 5060 hanc
1746 5010 1907 5060 vitam
1937 5010 2218 5074 agentibus

647 5082 865 5134 libertas
892 5082 963 5133 ι-ἱι
1009 5079 1233 5133 facultas
1279 5077 1342 5130 ad
1372 5079 1686 5132 utrumlibet
1715 5081 1827 5131 sive
1872 5079 2215 5145 inditl'erens;

649 5152 789 5204 unde
818 5151 955 5220 apud
988 5165 1086 5202 nos
1115 5148 1308 5214 duplex
1340 5159 1423 5200 est
1461 5151 1711 5201 libertas:
1747 5150 1912 5202 altera
1945 5149 2221 5202 contradi-

646 5225 861 5286 ctionis,
895 5236 996 5288 qua
1029 5233 1311 5288 possumus
1340 5234 1496 5286 agere
1530 5220 1609 5272 vel
1644 5234 1748 5272 non
1799 5233 1956 5287 agere
1991 5237 2002 5270 :
2056 5221 2223 5274 altera

646 5292 1056 5353 Contrarietatis,
1089 5307 1191 5360 qua
1237 5305 1520 5360 possumus
1569 5305 1728 5357 agere
1774 5290 1873 5343 hoc
1925 5292 2005 5341 vel
2049 5291 2220 5343 illud:

646 5365 785 5419 sicut
821 5363 986 5416 fusius
1041 5362 1343 5429 philosophi
1390 5359 1604 5414 docent.
1649 5360 1884 5412 Liberum
1926 5361 2224 5427 arbitrium,

645 5435 816 5501 inquit
867 5435 926 5490 S.
986 5438 1116 5502 Aug.
1181 5433 1216 5484 Ι.
1260 5431 1326 5483 de
1370 5432 1495 5486 Cor.
1541 5445 1590 5486 et
1641 5430 1757 5494 Gr.,
1811 5446 1928 5498 cap.
1975 5430 2034 5495 1,
2074 5441 2118 5483 ιι
2159 5434 2227 5484 ad

646 5506 839 5559 malum
875 5515 921 5558 et
956 5505 1022 5557 ad
1065 5514 1250 5557 bonum
1289 5503 1610 5570 faciendum,
1656 5503 2002 5564 conﬁtendum
2029 5513 2104 5555 est
2134 5513 2224 5556 nos

645 5578 849 5630 habere.

719 5651 734 5678 ³
797 5647 978 5715 Neque
1023 5645 1155 5698 enim
1204 5643 1358 5715 fuerit
1394 5644 1502 5715 ulla
1549 5643 1818 5715 rationalis
1859 5652 2069 5707 natura,
2103 5645 2222 5711 quin

645 5718 806 5770 eidem
837 5713 1039 5768 libertas
1068 5717 1200 5769 adsit
1228 5713 1470 5782 arbitrii.]
1498 5715 1556 5766 ll.
1580 5714 1756 5767 Pasita
1789 5715 2041 5780 praedicta
2066 5716 2223 5768 liber-

649 5792 770 5836 tatis
812 5787 1119 5847 definitione
1178 5784 1332 5836 facile
1389 5793 1598 5847 potest,
1649 5783 1991 5852 Philosophia
2043 5788 2176 5837 duce
2203 5813 2219 5849 ,ι

648 5852 834 5912 oadem
863 5856 1078 5908 libertas
1107 5855 1425 5922 propugnari
1449 5855 1555 5906 hac
1578 5855 1816 5907 ratione:
1847 5869 1967 5908 cum
1999 5853 2218 5910 libertas

1911 5996 1928 6023 ι

2258 4624 2312 4684 D

2332 3321 2560 3382 secutio,
2589 3334 2709 3386 qua:
2743 3319 2813 3371 ita
2852 3319 2991 3371 inter
3016 3332 3073 3370 se
3097 3331 3334 3370 connexa
3371 3329 3515 3382 sunt,
3545 3327 3721 3371 utnec
3755 3333 3905 3373 exse-

2332 3393 2474 3442 cutio
2515 3397 2630 3442 sine
2675 3389 2966 3452 electione,
3003 3403 3100 3441 ne'c
3141 3389 3331 3440 electio
3377 3389 3493 3442 sine
3535 3387 3772 3454 judicio,
3807 3403 3905 3442 nec

2327 3461 2587 3528 judicium
2617 3462 2731 3514 sine
2764 3463 3103 3527 perceptione
3125 3472 3243 3512 esse
3264 3457 3484 3511 debeat:
3508 3474 3673 3528 quare
3701 3475 3796 3527 pro
3820 3474 3905 3512 va-

2334 3532 2523 3585 Pietate
2569 3530 2925 3597 perceptionis
2975 3540 3168 3582 caetera
3216 3529 3536 3592 variantur;
3582 3532 3631 3582 iu
3663 3531 3905 3596 supernis

2332 3613 2508 3655 autem
2537 3602 2836 3668 divinisque
2857 3599 3199 3664 substantiis,
3230 3599 3394 3667 magis
3415 3615 3573 3666 quam
3600 3599 3651 3653 in
3677 3604 3904 3664 ca-teris,

2332 3683 2402 3724 est
2429 3674 2697 3742 perspicax
2717 3672 2996 3739 judicium,
3031 3673 3328 3736 incorrupta
3357 3669 3613 3731 voluntas,
3656 3681 3703 3725 et
3722 3673 3908 3742 gﬁcaa:

2333 3735 2617 3811 optatoram
2649 3735 2888 3811 potestas.
2929 3742 3078 3806 Quod
3116 3735 3247 3794 vero
3297 3742 3525 3809 pertinet
3573 3742 3638 3794 ad
3671 3735 3903 3796 tuentem

2333 3814 2653 3877 humanam,
2686 3814 2840 3882 hujus
2888 3813 3141 3880 distingui
3185 3821 3418 3878 possant
3456 3820 3684 3878 quatuor
3715 3823 3904 3876 status,

2332 3885 2422 3951 qui
2453 3895 2608 3952 prout
2635 3899 2756 3936 sunt
2787 3883 3127 3936 sublimiores
3157 3891 3248 3934 aut
3277 3883 3609 3946 humiliores,
3648 3884 3904 3950 majorem

2337 3954 2534 4006 habent
2573 3964 2663 4007 aut
2704 3954 2961 4006 minorem
3009 3953 3328 4006 libertatem.
3383 3952 3586 4024 Primus
3631 3965 3801 4006 status
3829 3962 3910 4007 est
3941 4013 3954 4024 _

2332 4025 2530 4077 mentis
2562 4040 2589 4076 a
2620 4039 2845 4091 corpore
2871 4032 3151 4089 separatae,
3180 4038 3296 4091 qtae
3327 4021 3532 4076 scilicet
3570 4041 3622 4077 se
3648 4025 3702 4077 in
3731 4025 3910 4077 mentis

2333 4094 2520 4147 divina:
2543 4095 2885 4164 speculatione
2920 4103 3201 4159 conservat,
3241 4105 3289 4147 et
3313 4093 3426 4144 haec
3457 4110 3608 4147 tuens
3637 4095 3911 4148 liberrima

2332 4177 2459 4228 est;
2511 4164 2650 4235 quod
2701 4164 3485 4233 praestantissima,cognitione
3507 4165 3661 4229 duce,
3713 4180 3912 4218 semet-

2335 4237 2538 4300 ipsatu,
2580 4236 2809 4289 volendo
2855 4235 3191 4303 amandoque
3240 4236 3438 4298 Deum,
3491 4239 3720 4288 maxime
3750 4251 3911 4303 agere

2337 4317 2526 4370 potest.
2560 4305 2840 4361 Secundus
2890 4316 3059 4359 status
3103 4317 3186 4358 est
3227 4305 3420 4358 mentis
3461 4305 3758 4374 conjuncue
3787 4322 3910 4359 cum

2331 4392 2580 4443 corpore,
2619 4377 2760 4446 quod
2793 4377 2866 4429 illi
2909 4376 2975 4429 ad
3007 4387 3190 4429 nutum
3221 4375 3534 4441 obsequitur
3563 4395 3574 4430 :
3599 4377 3770 4444 qualis
3794 4387 3913 4432 erat

2336 4463 2486 4499 tuens
2517 4451 2671 4511 primi
2705 4449 2962 4514 parentis,
2985 4447 3273 4513 antequam
3296 4458 3601 4513 peccasset;
3633 4451 3748 4500 hare
3769 4450 3912 4502 cnim

2334 4519 2538 4585 dilapsa
2587 4528 2662 4571 est
2719 4519 2785 4570 ad
2814 4534 3028 4584 corpus;
3072 4527 3234 4586 atqtte
3290 4516 3401 4569 hate
3441 4520 3633 4572 mentis
3667 4519 3912 4572 humana:

2338 4589 2572 4650 libertas,
2608 4604 2712 4641 non
2742 4600 2824 4641 est
2852 4589 3068 4656 quidem
3109 4596 3275 4652 tanta,
3305 4598 3500 4655 quanta
3524 4601 3608 4642 εει
3635 4589 3908 4642 beatarum

2340 4660 2594 4712 mentium
2631 4677 2643 4711 :
2676 4662 2768 4728 sed
2803 4663 3122 4728 reliquarum
3151 4669 3324 4711 tamen
3357 4661 3613 4713 maxima:
3647 4660 3909 4726 siquidem

2339 4731 2572 4782 Adamus
2621 4727 2808 4798 majori
2854 4730 3156 4798 cognitione
3205 4729 3459 4797 praeditus
3500 4731 3687 4784 melius
3717 4741 3913 4784 semet-

2337 4800 2508 4866 ipsum
2537 4839 2552 4862 ,
2579 4801 2833 4863 voleudo,
2884 4816 3043 4868 agere
3094 4807 3323 4867 poterat.
3356 4799 3570 4854 Tertius
3621 4811 3788 4854 status
3828 4809 3913 4855 est

2334 4873 2527 4924 mentis
2558 4871 3045 4938 perturbationibus
3084 4870 3299 4935 quidem
3339 4872 3574 4935 amicta,
3606 4871 3697 4926 sed
3723 4871 3910 4926 iisdem

2334 4958 2437 4994 non
2468 4943 2852 4995 consentientis
2875 4959 2887 4992 :
2915 4941 3083 5005 qualis
3106 4951 3222 4994 erat
3251 4956 3404 4994 meus
3427 4948 3486 4997 δ.
3508 4943 3653 4996 Pauli
3684 4944 3911 4997 dicentis

2330 5013 2395 5064 ad
2446 5012 2670 5064 Roman.
2706 5028 2776 5064 vtt
2806 5029 2816 5062 :
2867 5010 3028 5064 Video
3060 5013 3215 5064 aliam
3245 5011 3405 5080 legent
3429 5015 3480 5065 in
3508 5015 3742 5066 membris
3765 5015 3910 5076 meis,

2329 5093 2689 5150 repugnantem
2718 5083 2815 5152 legi
2840 5083 3017 5134 utentis
3039 5097 3183 5146 mete,
3202 5093 3248 5134 et
3273 5083 3602 5152 captivantem
3624 5098 3702 5134 me
3723 5082 3774 5135 in
3802 5084 3916 5150 lege

2332 5153 2547 5220 peccati,
2577 5169 2692 5220 qua:
2727 5150 2798 5206 est
2841 5155 2894 5205 in
2921 5153 3154 5206 membris
3191 5150 3342 5205 meis.
3366 5150 3559 5219 Infelix
3597 5169 3687 5220 ego
3717 5153 3872 5206 homo
3893 5169 3915 5207 :

2330 5224 2444 5291 quis
2468 5241 2545 5276 me
2574 5223 2801 5276 liberabit
2835 5228 2897 5275 a‘e
2925 5239 3137 5290 corpore
3173 5223 3348 5275 mortis
3373 5224 3566 5290 hujus?
3605 5223 3788 5276 Gratia
3819 5223 3916 5278 Dei

2333 5310 2418 5361 per
2447 5293 2625 5347 Iesum
2665 5294 2917 5347 Christum
2951 5292 3230 5346 Dominum
3274 5303 3525 5346 nostrum.
3568 5293 3631 5346 Et
3675 5299 3789 5347 lure
3819 5296 3916 5347 bu-

2336 5379 2505 5416 manae
2530 5369 2725 5419 mentis
2751 5365 2962 5417 terrenis
2990 5365 3200 5417 artubus
3229 5362 3529 5430 conjuncta:
3565 5365 3783 5418 libertas
3812 5380 3914 5420 att-

2337 5434 2617 5488 tecedente
2645 5437 2838 5496 minor,
2865 5443 2949 5488 est
2967 5437 3328 5502 subsequente
3358 5434 3556 5502 major:
3589 5436 3731 5503 quod
3762 5451 3915 5492 mens

2335 5505 2568 5557 nondum
2607 5504 2741 5557 victa
2793 5506 3020 5559 fatiscat.
3066 5505 3298 5572 Quartus
3353 5505 3583 5574 denique
3627 5515 3799 5560 status
3829 5517 3917 5561 est

2333 5575 2526 5628 tuentis
2575 5575 3067 5642 perturbationilms
3107 5575 3494 5643 obsequentis;
3548 5591 3668 5646 quac
3700 5578 3916 5632 libertas

2335 5659 2437 5698 tam
2470 5645 2657 5712 exigua
2682 5655 2783 5709 est,
2815 5657 2871 5696 ttt
2901 5646 3172 5700 servitutis
3204 5646 3380 5714 potius
3426 5645 3686 5702 rationein
3720 5647 3918 5714 habere

2331 5716 2571 5788 videatur
2605 5733 2616 5766 :
2653 5714 2896 5768 Extrema
2936 5732 3050 5769 vero
3082 5713 3322 5784 libertas,
3350 5719 3516 5788 inquit
3548 5713 3912 5785 Philosophia,

2331 5797 2400 5838 est
2429 5786 2658 5847 servitus,
2689 5802 2804 5859 cum
2831 5788 2960 5838 vitiis
2991 5788 3174 5841 dedita:
3205 5786 3433 5843 utentes
3453 5792 3666 5844 rationis
3697 5791 3918 5859 propria

2328 5859 2641 5929 pits-sessione
2668 5857 2980 5913 ceciderunt.
