4276 6260
427 340 491 391 37
1317 345 1404 401 DE
1440 345 1956 402 CONSOLATIONE
1998 348 2477 407 PHILOSOPHIE
2518 351 2649 411 LIB.
2694 351 2755 406 V.

3569 354 3675 413 833

388 453 531 519 ἀξιιιξ,
560 454 783 509 rationis
813 458 1047 529 propriae
1078 458 1417 529 possessione
1446 460 1784 517 ceciderunt:
1811 463 1969 535 321
2002 469 2061 530 Α
2120 469 2152 523 5
2227 469 2438 523 lulirma
2463 484 2811 539 perrumpere
2841 468 2985 525 luce.

390 546 554 601 ‘Nam
581 547 668 602 ubi
691 550 877 605 oculos
906 566 936 605 a
963 567 1187 607 summa:
1210 553 1601 625 luceveritatis,
1624 554 1978 623 adinl‘eriora,

387 649 441 693 et
470 640 753 695 tenebrosa
786 641 1101 711 dejecerint,
1135 660 1260 698 mox
1294 645 1524 700 inscitiae
1549 648 1690 702 nube
1722 649 1977 717 caligant,

384 732 707 802 perniciosis
747 735 1028 790 turbantur
1058 736 1371 801 aliectibus,
1429 740 1628 809 quibus
1671 740 1980 796 accedeudo

384 824 903 894 consentiendoque,
928 842 1086 897 quam
1118 828 1372 884 invexere
1414 830 1544 896 sibi,
1577 832 1833 901 adjuvant
1864 847 1982 887 ser-

384 916 633 979 vitutem,
656 928 711 971 et
739 926 866 972 sunt
890 919 1123 988 quodam
1150 921 1313 975 modo
1335 922 1548 991 propria
1577 924 1825 978 libertate
1855 940 1981 994 cap-

384 1011 527 1065 tivae.
551 1010 683 1077 Quae
714 1020 892 1067 tamen
919 1013 999 1083 (5)
1025 1023 1047 1049 ει
1076 1013 1187 1079 ille,
1220 1015 1287 1070 ab
1314 1025 1519 1071 aeterno
1548 1026 1738 1073 cuncta
1771 1019 1980 1087 prOSpi-

383 1104 565 1170 ciens,
618 1102 975 1159 Providentia:
1014 1107 1187 1159 cernit
1234 1106 1484 1171 intuitus,
1531 1117 1583 1161 et
1611 1107 1723 1162 suis
1752 1123 1979 1179 quaeque

385 1194 591 1248 meritis
648 1194 1025 1264 prmdestinata
1079 1196 1353 1268 disponit,
1395 1198 1421 1237 δ
1451 1200 1472 1230 ²
1512 1200 1656 1256 πάντ’
1698 1203 1856 1277 ἐφορᾷ
1896 1203 1979 1255 καί

386 1288 537 1345 πάντ’
563 1291 825 1346 ἐπακούει.

860 1425 1019 1497 322
1060 1426 1350 1484 METRUM
1398 1431 1417 1453 ·
1446 1428 1511 1483 ιι.

387 1536 783 1611 Ancuuqvfruu.
814 1569 884 1579 —
917 1540 1067 1607 Quod
1097 1544 1159 1596 ab
1186 1543 1409 1599 Homero
1437 1547 1626 1599 dicitur
1642 1548 1706 1600 de
1738 1547 1860 1611 sole,
1896 1546 1979 1597 in-

454 1608 561 1673 quit
591 1604 956 1681 PhilosOpItia,
1003 1614 1059 1665 id
1081 1615 1242 1669 solius
1276 1616 1373 1668 Dei
1416 1628 1508 1682 est,
1536 1618 1709 1671 omnia
1753 1604 1975 1671 cernere.

527 1703 670 1757 Puro
700 1706 908 1759 clarum
934 1708 1138 1764 lumine
1165 1709 1424 1765 Phoebum

530 1795 767 1851 Melliilui
797 1800 943 1852 cauit
970 1801 1081 1854 oris
1114 1802 1378 1856 Homerus
1404 1818 1419 1857 :

528 1888 630 1953 Qui
663 1899 841 1945 tamen
873 1891 1061 1947 intima
1092 1894 1300 1949 viscera
1334 1906 1497 1951 terra:

529 1980 645 2036 Non
678 1982 837 2049 valet,
874 1996 963 2039 aut
987 1986 1183 2057 pelagi,
1218 1988 1495 2061 radiorum

2006 1869 2056 1928 B

2227 563 2386 634 323
2420 562 2571 617 Haud
2602 564 2678 617 sic
2703 564 2878 632 magni
2908 562 3163 620 conditor
3190 567 3345 622 orbis
3374 583 3389 622 :

2231 654 2363 707 llutc
2393 670 2459 708 ex
2492 656 2598 709 alto
2617 667 2807 709 cuncta
2834 657 3002 711 tuenti
3406 654 3413 663 ’

2225 745 2378 801 Nulla
2408 756 2565 801 terra:
2594 747 2735 801 mole
2768 748 3023 803 resistunt

2224 837 2339 892 Non
2372 854 2476 891 nox
2511 842 2641 893 atris
2668 840 2898 895 nubibus
2923 842 3124 906 obstat,

2089 929 2153 985 ll)
2226 930 2354 997 Quae
2379 932 2504 997 sint,
2542 949 2659 1001 quae
2685 933 2916 997 fuerint,
2949 934 3272 1005 veniantun

2231 1023 2347 1077 Uno
2375 1024 2569 1078 mentis
2599 1027 2774 1079 cernit
2806 1025 2859 1077 in
2893 1025 3021 1079 ictu.

2226 1116 2416 1183 Quem,
2442 1118 2561 1187 quia
2588 1119 2804 1187 respicit
2828 1120 3008 1174 omnia
3036 1122 3207 1189 solus,

2235 1207 2430 1263 Verum
2459 1210 2635 1279 possis
2652 1211 2838 1265 dicere
2859 1212 3052 1267 solem.

2616 1320 2776 1392 325
2798 1322 3015 1378 PROSA
3060 1323 3147 1377 ιιι.

2086 1438 2477 1509 Αιισιτμιιεθιτυιι.
2502 1465 2579 1509 γ-
2609 1434 2851 1501 Boetius,
2889 1440 3105 1509 cOgnitis
3144 1440 3315 1493 divina
3358 1444 3679 1509 providentia

2156 1518 2203 1558 et
2224 1506 2457 1582 libertate
2490 1506 3029 1582 ltumana,‘utriust]ue
3061 1506 3393 1565 concordiam
3420 1513 3679 1582 difficilem

2156 1578 2393 1655 ostendit,
2425 1578 2646 1647 primunt
2669 1580 3179 1655 quident_generatim
3204 1625 3216 1645 ,
3249 1583 3437 1636 deinde
3474 1578 3676 1655 specia-

2155 1648 2263 1711 tim,
2291 1664 2402 1724 cum
2430 1665 2493 1700 ea:
2519 1660 2663 1718 parte
2694 1652 2853 1715 ipsius
2871 1649 3237 1724 Providentite,
3264 1670 3377 1723 qua:
3399 1648 3681 1724 non'potesl

2155 1735 2262 1792 esse
2301 1721 2513 1783 incerta,
2546 1731 2651 1771 tum
2690 1737 2753 1773 ea:
2790 1731 2934 1789 parte
2961 1722 3122 1792 ipsius
3150 1721 3422 1791 libertatis,
3454 1721 3565 1792 qua:
3594 1730 3671 1781 vi-

2159 1790 2306 1843 detur
2333 1794 2648 1843 necessitatis
2669 1807 2873 1861 expers.

2171 1893 2305 1946 Tum
2334 1908 2433 1962 ego
2457 1900 2483 1929 ι
2508 1908 2521 1945 :
2552 1894 2653 1957 En,
2685 1893 2926 1962 inquam,
2949 1895 2964 1925 ⁸
2985 1894 3275 1950 dilllciliori
3305 1913 3491 1954 rursus
3512 1902 3682 1957 ambis

2092 1986 2296 2052 guitate
2323 1982 2646 2041 confundor.
2689 1984 2945 2051 Qurenatn
2969 2029 2983 2054 ,
3026 1987 3217 2057 inquit,
3252 1989 3353 2043 ista
3386 1994 3515 2045 est?
3562 1992 3681 2049 .lam

1747 2099 2322 2158 INTERPRETATIO.

457 2202 481 2264 fl
518 2192 650 2264 Deus
682 2194 977 2264 providens.

456 2262 482 2300 δ
516 2262 703 2317 Omnia
725 2266 882 2317 cernit
922 2276 968 2318 et
997 2268 1168 2321 omnia
1202 2270 1369 2322 audit.

454 2334 506 2387 11
514 2352 734 2397 umerus,
765 2346 915 2403 poeta
942 2338 1239 2405 eloquentia:
1267 2340 1451 2399 dulcis,
1477 2340 1614 2391 canit
1644 2340 1805 2392 solem
1834 2352 1968 2402 prte-

384 2416 601 2460 stantem
631 2407 744 2460 luce
768 2424 920 2477 pura,
951 2409 1036 2477 qui
1070 2410 1147 2464 sol
1182 2410 1512 2464 nihilominus
1555 2428 1655 2463 non
1676 2419 1843 2477 potest
1870 2424 1978 2477 per-

388 2479 569 2530 t'adere
586 2478 782 2530 viscera
811 2478 1055 2531 interiora
1079 2491 1245 2543 terrm,
1282 2492 1368 2534 aut
1390 2482 1564 2547 maris,
1585 2481 1853 2545 splendore
1885 2479 1981 2531 im-

390 2548 561 2601 becilli
585 2562 801 2601 suorum
826 2550 1112 2603 radiorum.
1160 2552 1281 2604 Non
1319 2556 1390 2605 ita
1419 2554 1558 2605 Deus
1588 2564 1783 2605 creator
1805 2549 1978 2618 magni

386 2620 561 2672 mundi
583 2631 763 2675 :terraz
781 2622 932 2674 etiam
947 2623 1275 2676 crassissima:
1289 2640 1390 2677 non
1413 2624 1658 2677 resistunt
1678 2625 1723 2676 ei
1745 2664 1759 2687 ,
1782 2622 1978 2692 quippe

2081 2195 2168 2263 qui
2199 2193 2357 2247 cernit
2383 2192 2553 2263 omnia
2581 2207 2643 2245 ea:
2664 2190 2870 2244 sublimi
2895 2210 2913 2245 :
2944 2210 3047 2246 ποτε
3068 2195 3292 2250 obscuris
3321 2198 3431 2251 suis
3456 2201 3670 2257 tenebris

2083 2262 2186 2319 non
2236 2265 2447 2333 impedit
2492 2262 2730 2330 ejusdem
2778 2274 3085 2331 aspectum:
3141 2266 3275 2321 videt
3349 2286 3453 2322 uno
3492 2272 3682 2326 intuitu

2083 2337 2284 2412 mentis,
2319 2335 2609 2412 praesentia,
2633 2337 2893 2412 prieterita
2920 2345 2966 2388 et
2981 2337 3194 2412 futura.__
3240 2339 3504 2402 Quoniam
3523 2346 3683 2412 igitur

2085 2408 2229 2461 Deus
2254 2406 2395 2459 solus
2418 2405 2551 2458 videt
2575 2406 2769 2473 omnia,
2792 2418 2934 2476 potes
2962 2410 3131 2463 dicere
3170 2410 3338 2465 Deum
3377 2427 3497 2468 esse
3524 2405 3682 2469 {olent

2083 2495 2277 2532 verum.

2158 2559 2184 2586 ει
2219 2550 2457 2603 Boetius.

1922 2722 2153 2782 NOTAE.

461 2854 477 2884 ¹
514 2852 651 2907 Ναηι
690 2852 776 2907 ubi
818 2853 1010 2917 oculos,
1045 2849 1175 2923 etc.]
1209 2853 1552 2908 Adtnirabilis
1601 2851 1985 2924 praedictorum

388 2925 528 2977 ratio
558 2926 743 2979 lectori
789 2926 963 2993 potius
1012 2925 1361 2993 attendenda,
1417 2940 1577 2995 quam
1631 2924 1760 2977 milti
1819 2936 1985 2988 expo—

391 2996 587 3049 nenda.

459 3066 481 3097 ³
513 3066 658 3123 "aut,
702 3068 854 3139 ἐφορᾷ
889 3072 971 3121 καὶ
1014 3071 1157 3123 πάντ’
1194 3064 1497 3139 ἐποικοιζιει.]Δ
1528 3066 1640 3139 Hoc
1669 3073 1775 3139 est,
1814 3063 1986 3115 υηιηία

393 3140 551 3190 cernit
609 3151 652 3191 et
719 3136 888 3191 omnia
953 3139 1138 3204 audit,
1198 3151 1251 3191 ut
1307 3139 1373 3192 de
1422 3136 1536 3191 sole
1592 3138 1667 3190 ait
1724 3136 1988 3189 Homerus

393 3209 544 3262 Iliad.
576 3232 628 3281 γ.

472 3306 490 3322 ⁸
531 3301 685 3368 Quod
712 3302 951 3355 nonnulli
972 3310 1164 3355 vocant
1184 3300 1589 3354 Archilochium.
1604 3297 1834 3352 Carmen
1855 3310 1988 3348 con-

395 3382 543 3425 stans
572 3388 633 3426 ex
671 3388 775 3425 uno
809 3388 1005 3439 genere
1061 3388 1310 3425 versuum
1333 3412 1346 3436 ,
1390 3387 1617 3440 quorum
1650 3369 1890 3440 quilibet
1907 3376 1985 3420 ιε-

395 3452 888 3513 ttattteterquatuor
922 3444 1082 3497 habet
1114 3444 1331 3496 ultimos
1361 3438 1549 3496 versus
1574 3440 1769 3493 heroici
1793 3438 1983 3508 pedes.

464 3537 519 3592 9...
552 3536 826 3590 Homerus.
860 3543 876 3609 J
926 3538 1191 3591 Homeros
1239 3549 1391 3605 poela
1434 3536 1818 3609 celeberrimus
1855 3575 1868 3595 ,
1908 3534 1987 3609 sic

397 3610 592 3671 dictus,
625 3609 766 3679 quod
790 3605 979 3677 captus
1006 3609 1179 3661 oculis
1210 3610 1342 3662 tince
1376 3608 1663 3675 indigeret.
1693 3606 1861 3679 Hujus
1885 3605 1986 3659 etsi

398 3681 600 3733 incerta
628 3678 751 3733 Sunt
792 3688 1055 3746 tempora,
1103 3692 1276 3733 tamen
1319 3680 1476 3733 annis
1512 3680 1697 3731 multis
1725 3678 1821 3729 fuit
1862 3686 1988 3731 ante

398 3751 689 3804 Romulum
725 3768 738 3802 :
771 3750 1088 3819 Colophonii
1117 3765 1237 3803 es~e
1266 3750 1452 3803 dicunt
1477 3764 1655 3815 suum,
1688 3746 1808 3802 Citii
1831 3762 1987 3801 slllllll

396 3822 699 3885 vindicant,
729 3822 985 3875 Salantini
1018 3821 1156 3874 hunc
1193 3831 1440 3889 repetunt
1468 3865 1479 3883 ,
1516 3821 1782 3891 Smyrna-i
1830 3835 1987 3891 suum

398 3909 518 3947 che
539 3893 905 3949 cotiteudunt.
942 3892 1084 3945 unde
1110 3892 1176 3945 de
1202 3894 1393 3945 ubrum
1426 3891 1601 3945 eidem
1620 3890 1684 3945 in
1712 3906 1810 3943 suo
1835 3890 1989 3958 oppi-

398 3968 467 4015 do
502 3974 871 4018 constructum
905 3962 1310 4017 dedicaverunt.
1350 3962 1620 4031 Quidquid
1647 3962 1717 4016 sit
1762 3961 1830 4015 de
1869 3962 1987 4030 «ejus

400 4037 592 4100 patria,
612 4048 715 4087 tatu
746 4034 1007 4089 facundus
1034 4034 1134 4086 fuit
1155 4044 1327 4097 vates,
1356 4046 1413 4088 ιιι
1436 4033 1747 4089 Alexander
1762 4048 1987 4100 magnus

400 4108 449 4158 in
477 4108 575 4159 hoc
602 4105 897 4173 prmsertim
927 4105 1139 4158 dicatur
1170 4106 1495 4169 fortunatus,
1541 4106 1685 4171 quod
1727 4119 1839 4157 sua;
1872 4106 1983 4157 vir-

400 4179 527 4231 tutis
560 4193 858 4245 prmconem
909 4178 1196 4229 llomerttm
1243 4187 1434 4231 nactus
1481 4176 1661 4230 fuerit.
1720 4176 1985 4229 Homerus

398 4260 578 4302 autem
606 4249 801 4316 saepius
831 4247 1175 4302 commendat
1196 4253 1364 4301 solem
1397 4248 1625 4316 ejusque
1656 4247 1856 4308 lumen,
1890 4246 1986 4300 sed

400 4322 736 4373 occasionem
768 4319 956 4372 horum
989 4334 1242 4372 versuum
1273 4317 1621 4383 Philosophia
1660 4318 1814 4371 nobis
1836 4320 1988 4371 vide-

2096 2849 2251 2894 calur
2282 2851 2504 2906 magnus
2535 2837 2786 2891 mundus.

2169 2911 2219 2962 7.
2263 2909 2342 2961 Ea:
2364 2908 2470 2961 alto
2491 2917 2672 2960 cuncta
2700 2910 2878 2962 tuenti.
2910 2908 2928 2981 ]
2956 2910 3012 2965 Si
3054 2912 3361 2986 Deus‘eam,
3392 2933 3549 2986 quam
3590 2919 3681 2973 ha-

2019 2988 2066 3050 c
2101 2980 2190 3035 bet
2211 2996 2395 3033 rerum
2428 2990 2762 3041 creatarum,
2811 2976 3082 3051 notionem
3114 2984 3240 3051 ipsis
3286 2976 3448 3043 rebus
3487 2992 3682 3044 t-reatis
3712 2976 3717 2981 ’

2099 3055 2319 3127 reteri-et
2348 3062 2665 3127 acceptam,
2690 3067 2809 3103 cum
2843 3050 3104 3117 ejusmodi
3139 3070 3225 3109 res
3250 3058 3360 3111 sint
3389 3059 3498 3114 Deo
3528 3063 3682 3127 longe

2097 3121 2400 3185 inferiores,
2450 3122 2588 3171 [iens
2615 3120 2888 3174 diceretur
2914 3139 3000 3176 res
3046 3126 3172 3178 istas
3194 3141 3256 3179 ex
3292 3129 3483 3184 humili
3518 3120 3679 3187 tueri.

2092 3193 2267 3268 Quare
2294 3206 2415 3268 cum
2448 3190 2592 3268 Deus
2619 3193 2811 3245 aliena:
2834 3193 2951 3268 opis
2981 3195 3111 3268 nihil
3148 3198 3359 3268 indigus
3391 3212 3445 3254 ut
3487 3207 3550 3253 ad
3584 3220 3683 3257 vo-

2095 3266 2313 3317 lcndum
2346 3262 2427 3316 sic
2456 3260 2521 3314 ad
2544 3266 3000 3330 cognoscendum,
3055 3267 3242 3321 harum
3263 3260 3469 3325 vrerum
3504 3275 3680 3328 notio-

2096 3350 2219 3388 nem
2250 3349 2311 3387 ex
2341 3332 2635 3401 semetipso
2667 3332 2881 3401 habeat,
2906 3338 3106 3405 Optime
3126 3338 3321 3395 dicitur
3350 3358 3436 3397 res
3465 3343 3599 3398 istas
3621 3361 3682 3399 es

2093 3405 2199 3459 alto
2227 3406 2379 3457 tueri.

2165 3477 2252 3531 10.
2286 3475 2415 3553 Quo:
2438 3476 2557 3553 sint,
2591 3491 2703 3540 qua'
2730 3479 2947 3545 fuerint,
2972 3482 3289 3553 veniamque.
3321 3482 3339 3553 ]
3372 3483 3681 3550 Prwsentia,

2094 3549 2373 3616 praeterita,
2408 3558 2455 3599 et
2482 3548 2658 3614 futura
2689 3564 2705 3598 :
2733 3564 2853 3601 nam
2881 3565 3002 3604 cum
3044 3548 3279 3617 cognitio
3323 3548 3429 3609 ~Dei
3472 3548 3683 3613 iulittita

2094 3619 2185 3683 sit,
2221 3623 2333 3671 haec
2375 3618 2867 3689 nullispza-sentis,
2909 3623 3190 3689 praeteriti,
3230 3632 3323 3677 aut
3354 3627 3518 3681 futuri
3548 3640 3683 3682 tem-

2096 3691 2240 3768 poris
2288 3688 2607 3768 tlilieretitiis
2653 3688 3268 3768 ciretttttsctibipotest.
3321 3696 3459 3762 Quin
3493 3699 3680 3768 etiam,

2092 3763 2235 3830 quttd
2266 3761 2457 3835 eadem
2490 3760 2838 3835 Deieognitio
2869 3761 2938 3813 sit
2971 3762 3213 3828 inlinita,
3256 3760 3370 3821 haec
3399 3760 3683 3835 multiplei

2093 3848 2216 3886 esse
2249 3831 2475 3901 nequit;
2505 3830 2643 3885 unde
2672 3831 2811 3885 Detts
2856 3835 3037 3886 omnia
3080 3852 3184 3888 uno
3225 3840 3405 3891 mentis
3449 3830 3611 3894 cernit
3634 3843 3684 3896 in

2091 3904 2192 3957 ictu
2203 3943 2215 3955 .

2172 3975 2253 4047 12.
2295 3973 2428 4037 Quia
2452 3972 2655 4047 respicit
2680 3974 2852 4025 omnia
2876 3975 3033 4047 solus,
3058 3985 3164 4031 etc.
3198 3976 3215 4047 1
3252 3978 3470 4034 Videtur
3502 3982 3682 4037 Philo-

2094 4046 2279 4114 sophia
2312 4045 2614 4113 respexisse
2658 4052 2779 4097 cutn
2823 4045 2887 4097 ad
2939 4045 3245 4113 prtedietam
3297 4050 3513 4106 Homeri
3566 4069 3687 4109 sen-

2100 4119 2339 4179 tentiam,
2373 4126 2482 4169 tum
2513 4118 2673 4169 etiam
2700 4119 2763 4167 ad
2800 4115 2912 4170 huic
2956 4117 3237 4172 Ciceronis
3276 4124 3432 4176 verba
3466 4140 3478 4176 ι
3511 4124 3578 4178 de
3596 4125 3686 4180 Di-

2093 4189 2201 4263 vin.
2228 4198 2281 4241 et
2313 4203 2347 4240 ιι
2367 4188 2434 4241 de
2457 4186 2577 4263 Nat.
2609 4187 2786 4263 deor._,
2812 4186 2926 4255 Sol,
2955 4190 3148 4259 inqttil,
3171 4190 3338 4245 dictus
3359 4195 3543 4257 est,vrl
3566 4197 3687 4263 quia

2093 4258 2233 4311 solus
2253 4274 2319 4312 ea:
2347 4258 2578 4311 omnibus
2599 4259 2847 4310 sideribus
2874 4271 2945 4311 est
2971 4258 3160 4324 tantus,
3193 4264 3268 4315 vel
3304 4265 3425 4330 quia
3454 4258 3688 4320 cumet:-

2097 4341 2243 4404 ortus
2271 4341 2372 4404 est,
2398 4330 2678 4381 obscuratis
2723 4330 2915 4382 cceteris
2945 4331 3196 4404 sideribus
3239 4332 3377 4386 solus
3427 4348 3635 4404 apparet
3666 4352 3686 4390 :

402 4402 487 4444 tur
516 4393 809 4474 sumpsisse
833 4405 897 4443 ex
923 4389 1073 4474 Iliad.
1106 4408 1181 4474 ’χε
1215 4390 1571 4474 u‘ndfe'ullima
1602 4395 1790 4474 verba_
1812 4402 1989 4474 Ρτοθξε
2016 4398 2070 4458 Ι)
2096 4402 2246 4474 quasi
2272 4389 2753 4474 sie'argumentata
2796 4410 2938 4453 esset
2972 4402 3351 4474 Philosophia:
3384 4389 3687 4474 quicunque

398 4463 691 4529 superioris
712 4462 994 4529 desumpta
1024 4459 1173 4525 sunt,
1202 4470 1254 4515 et
1287 4461 1373 4515 ubi
1421 4460 1687 4514 Homerus
1711 4459 1883 4513 solem
1912 4459 1991 4512 al-

370 4564 373 4567 -
400 4533 610 4589 locutus
638 4534 714 4587 sic
740 4532 885 4586 canit
918 4549 931 4584 :

541 4624 723 4686 Ἠέλιος
753 4624 790 4669 θ’
822 4622 875 4687 ὃς
906 4625 1055 4681 πάντ’
1084 4626 1268 4701 ἐφορᾷς-
1291 4630 1376 4679 καὶ
1397 4622 1543 4679 πάντ’
1572 4620 1861 4683 ἐπακούεις.

524 4718 605 4768 Sol
630 4731 824 4780 quoque
849 4719 932 4780 qui
956 4719 1119 4768 omnia
1140 4719 1274 4766 vides
1300 4724 1352 4766 et
1371 4716 1531 4765 omnia
1554 4715 1708 4764 audis.

400 4823 565 4890 Quasi
608 4824 873 4877 Homerus
923 4825 1189 4892 putaverit
1247 4826 1450 4888 solem,
1499 4824 1668 4876 instar
1712 4822 1991 4889 cujusdam

402 4895 654 4953 numinis,
684 4897 862 4947 omnia
890 4896 1070 4949 videre
1096 4908 1149 4949 et
1169 4896 1376 4950 audire.
1407 4894 1607 4948 Plinius
1637 4896 1670 4946 Ι.
1696 4908 1771 4950 XI.
1790 4908 1908 4959 cap.
1929 4898 1981 4946 ὃς

403 4964 505 5018 Hic
537 4966 663 5036 (sol)
696 4967 887 5033 inquit,
912 4983 1061 5019 suum
1084 4968 1252 5019 lumen
1278 4968 1471 5019 cwteris
1498 4981 1695 5033 quoque
1730 4964 1983 5017 sideribus

402 5042 598 5105 fenerat
622 5078 635 5097 ,
670 5036 977 5105 prwclarus,
1007 5038 1255 5101 eximius,
1309 5039 1481 5090 omnia
1528 5038 1752 5095 intuens,
1812 5036 1985 5087 omnia

401 5112 553 5160 etiam
582 5108 890 5169 exaudiens,
918 5119 973 5159 ut
1003 5110 1224 5175 principi
1258 5108 1549 5162 litterarum
1588 5107 1813 5160 Homero
1869 5106 1985 5175 pla-

404 5180 563 5233 cuisse
585 5180 638 5231 in
662 5194 763 5231 uno
789 5195 847 5231 eo
878 5179 1044 5231 video.

473 5250 525 5303 5.
561 5250 659 5312 Qui
689 5259 877 5309 tamen,
903 5259 1006 5303 etv.
1034 5248 1051 5320 j
1086 5250 1338 5315 Quamvts
1368 5250 1447 5303 sol
1471 5251 1537 5303 ab
1571 5250 1810 5304 Homero
1837 5250 1980 5303 diea-

404 5328 488 5373 tur
514 5330 662 5374 tanto
688 5331 949 5389 praestans
977 5322 1197 5389 lumine.
1244 5332 1302 5375 ut
1322 5324 1501 5374 omnia
1530 5338 1563 5372 v
1585 5322 1729 5378 deat.
1777 5322 1858 5374 sol
1899 5331 1980 5375 ta-

300 5442 315 5457 ,
404 5408 525 5445 men
557 5386 755 5446 lumine
780 5392 918 5445 adeo
947 5386 1110 5445 debili
1136 5403 1237 5458 est,
1265 5404 1320 5445 ut
1342 5393 1580 5447 remissis
1606 5409 1725 5446 cum
1752 5407 1778 5443 a
1813 5404 1973 5455 terra,

406 5472 516 5516 tum
548 5465 705 5517 etiam
739 5479 765 5515 a
802 5463 934 5517 mari
958 5462 1198 5531 ejusdem
1233 5464 1415 5527 radiis,
1450 5464 1531 5517 sol
1569 5474 1796 5532 nequeat
1831 5464 1979 5516 illus-

401 5543 564 5601 trare,
606 5533 845 5601 adeoque
877 5550 976 5588 nec
1018 5535 1197 5589 videre
1240 5536 1422 5589 intima
1469 5546 1558 5587 aut
1591 5544 1856 5589 terrarum
1888 5543 1981 5588 aut

401 5607 565 5661 maris
604 5606 839 5659 viscera:
871 5604 985 5660 haec
1013 5606 1195 5661 videre
1228 5608 1395 5661 solius
1422 5618 1506 5660 est
1532 5607 1643 5673 Dei,
1676 5621 1704 5659 a
1730 5621 1835 5676 quo
1865 5609 1979 5660 haec

399 5678 581 5733 Omnia
611 5687 791 5731 creata
823 5688 1228 5731 conservantur.

370 5756 381 5779 ‘
468 5750 523 5803 6.
560 5748 734 5817 Magni
778 5749 1011 5801 conditor
1060 5748 1262 5820 orbis.]
1318 5748 1474 5808 Deus.
1531 5749 1618 5816 qui
1663 5762 1845 5802 revera
1894 5757 1979 5801 est

396 5832 615 5875 creator
654 5836 759 5872 ttun
782 5820 954 5873 solum
983 5820 1212 5873 hominis
1242 5823 1332 5889 qui
1375 5822 1567 5873 dicitur
1607 5833 1799 5887 parvus
1823 5834 1979 5870 mun-

398 5889 526 5964 dits,
552 5890 647 5949 sed
665 5892 989 5965 reliquorum
1017 5892 1257 5949 omnium
1285 5934 1299 5961 ,
1328 5905 1553 5964 quorum
1577 5890 1854 5959 congeries
1879 5903 1975 5944 voc

2098 4473 2277 4524 omnia
2304 4472 2522 4539 respicit
2546 4482 2598 4523 et
2619 4470 2834 4539 quidem
2858 4475 3027 4539 solus,
3050 4474 3159 4535 ille,
3176 4472 3376 4539 judicio
3397 4470 3613 4529 Homeri
3632 4486 3687 4531 et

2099 4540 2407 4602 Ciceronis,
2469 4556 2627 4613 verus
2657 4542 2738 4593 sol
2765 4541 2866 4613 dici
2898 4553 3093 4610 potest.
3142 4544 3300 4613 Atqui
3333 4545 3472 4597 Deus
3505 4548 3686 4599 oumia

2102 4613 2320 4676 reSpicit
2347 4620 2405 4681 et
2450 4611 2664 4677 quidem
2702 4612 2867 4665 solus.
2918 4614 3054 4681 Ergo
3083 4611 3244 4668 Deus'
3264 4629 3425 4667 verus
3469 4616 3550 4669 sol
3578 4616 3686 4673 dici

2104 4694 2299 4749 potest,
2320 4680 2523 4745 judicio
2554 4690 2820 4733 tantorum
2851 4680 3109 4736 virorum.
3545 4697 3570 4723 ο

2155 4754 2182 4824 ιν
2232 4751 2515 4824 Diﬁiciliori
2582 4751 2983 4823 ambiguitate.]
3045 4754 3377 4824 Atnbiguitas
3441 4769 3687 4813 versatur

2099 4823 2149 4876 in
2174 4823 2275 4899 hoc
2318 4823 2455 4899 quod
2510 4824 2783 4899 proposita
2812 4824 3093 4899 multiplici
3122 4823 3223 4879 via
3252 4825 3538 4899 _dubitetur
3576 4845 3679 4899 qua

2092 4895 2324 4969 eundum
2349 4895 2415 4946 sit
2450 4896 2791 4969 :_ambigunm
2821 4895 2961 4947 enim
2992 4896 3189 4949 dicitur
3215 4897 3282 4951 ab
3314 4900 3513 4969 ambigo
3536 4914 3556 4953 .'
3576 4895 3688 4954 am-

2092 4966 2207 5041 bigo
2233 4974 2409 5041 autem
2443 4965 2509 5017 ab
2534 4970 2676 5016 ambe
2697 4965 2906 5041 circum,
2929 4978 2979 5019 et
3010 4984 3106 5041 ago
3136 4985 3153 5041 ς
3185 4970 3333 5037 quasi
3358 4965 3553 5041 ille'qui
3578 4988 3689 5028 am-

2093 5037 2248 5113 bigit,
2283 5039 2485 5113 circum
2514 5048 2722 5103 agatur.
2761 5036 2895 5113 Hinc
2924 5036 3237 5113 ambiguitas
3271 5036 3682 5113 dicitur-primo

2091 5110 2157 5163 de
2185 5109 2519 5177 corporibus,
2545 5123 2664 5177 qua:
2692 5108 2905 5179 paribus
2937 5109 3059 5163 hinc
3091 5110 3213 5163 inde
3236 5108 3522 5168 virtutibus
3545 5124 3685 5179 acta,

2094 5195 2265 5249 neque
2293 5182 2389 5233 hac
2421 5184 2597 5247 potius
2628 5195 2784 5242 quam
2829 5178 2953 5232 illae
2990 5190 3272 5235 moventur
3299 5198 3311 5245 ;
3347 5187 3584 5237 secundo
3622 5188 3688 5237 de

2094 5254 2360 5305 mentibus
2388 5297 2401 5318 ,
2433 5266 2551 5319 qua:
2582 5249 2799 5317 paribus
2844 5252 3092 5317 utrinque
3133 5256 3465 5319 argumentis
3496 5258 3689 5321 impul-

2089 5338 2185 5385 ειη,
2220 5340 2323 5376 non
2350 5323 2434 5375 ttni
2465 5324 2660 5389 potius,
2686 5336 2845 5388 quam
2873 5322 3025 5393 alteri
3057 5324 3369 5387 quaestionis
3402 5327 3535 5393 parti
3564 5341 3690 5375 t'mt~

2090 5397 2345 5448 sentiunt.
2378 5396 2493 5459 Quo
2523 5405 2691 5457 magis
2722 5402 2896 5445 autem
2926 5392 3137 5446 Boetius
3166 5392 3561 5460 Philosophiam
3584 5396 3689 5448 άμ-

2091 5476 2358 5518 serentem
2392 5464 2659 5531 intelligit,
2692 5478 2756 5515 eo
2782 5462 2899 5529 ejus
2928 5480 3078 5517 mens
3110 5466 3315 5519 libratis
3336 5480 3685 5534 argumento-

2088 5551 2205 5588 rum
2236 5536 2520 5589 tnomentis
2560 5539 2757 5586 incerta
2789 5535 3001 5587 videtur
3031 5537 3171 5589 circa
3229 5535 3466 5589 divinam
3502 5538 3684 5591 Provi-

2087 5606 2321 5659 dentiam
2356 5607 2765 5669 libertatemque
2818 5607 3106 5659 humanam
3136 5647 3150 5670 ,
3180 5608 3246 5659 de
3273 5608 3468 5675 quibus
3498 5609 3679 5663 hacte-

2089 5691 2189 5730 nus
2228 5676 2577 5742 Philosophia
2624 5676 2908 5740 disseruit,
2958 5693 3183 5745 quaeque
3213 5678 3283 5730 ita
3316 5678 3683 5745 videnturpu-

2090 5764 2275 5815 guare.
2309 5759 2364 5801 ιιι
2390 5748 2552 5800 altera
2568 5746 2794 5799 alteram
2822 5749 3083 5801 destruat.
3122 5749 3255 5803 llinc
3291 5750 3431 5803 idettt
3464 5752 3679 5807 Boetius

2093 5820 2343 5886 preponit
2372 5827 2681 5887 :tt'gtttttettla
2730 5818 2926 5886 quibus
2955 5829 3104 5888 putat
3125 5820 3327 5874 destrui
3350 5836 3506 5890 posse
3536 5840 3674 5878 cou-

2091 5890 2331 5946 cordiam
2355 5890 2547 5947 divina:
2580 5890 2935 5947 l’rowdentiac
2956 5902 3013 5948 e‘.
3032 5892 3289 5949 libertatis
3313 5892 3585 5953 humanm.
