4290 6258
665 387 762 444 839

1901 379 2012 434 AN.
2044 378 2250 434 MANL.
2291 379 2439 434 SEV.
2471 377 2694 433 ΒΟΕἸἸΙ

3826 379 3926 432 8ίο

673 501 836 559 enim.
863 497 1055 570 quibus
1079 495 1408 567 perturbare,
1433 493 1694 559 conjecto.
1717 489 1968 553 Nimium,
2001 489 2239 560 inquam,
2272 495 2318 550 Α
2351 497 2597 543 eventum
2629 488 2997 558 priescitarum
3045 501 3256 556 rerum,
3303 490 3463 544 etiam
3510 491 3555 546 si
3589 492 3926 560 przescicntia

666 604 690 630 ἰ
725 590 995 646 adversari
1025 603 1088 642 ac
1116 599 1415 654 repugnare
1443 582 1650 637 videtur
1671 624 1684 644 ,
1739 594 2072 649 praenoscere
2116 581 2240 635 uni-

661 699 814 740 versa
846 683 1035 747 Deum,
1053 689 1106 733 et
1125 694 1244 734 esse
1271 675 1708 732 trllum'libertatis
1732 674 2030 730 arbitrium.
2065 676 2083 706 ί
2105 675 2237 729 Nam

660 777 704 832 si
727 772 1020 843 cunctata)
1055 771 1510 842 prospiciPDeus,
1567 784 1738 840 neque
1784 769 1891 823 falli
1940 768 2049 823 ullo
2077 767 2236 824 modo

663 877 857 938 potest.
889 865 1104 920 evenire
1132 878 1351 920 necesse
1401 871 1483 918 est
1527 862 1665 933 quod
1719 861 2060 916 Providentia
2097 861 2240 916 futu-

661 978 776 1017 rum
810 975 930 1014 esse
959 957 1289 1028 prteviderit.
1341 957 1517 1024 Quare
1562 959 1604 1009 si
1643 956 1710 1010 ab
1734 964 1932 1010 :eterno
1957 970 2060 1010 non
2098 956 2236 1011 facta

664 1052 939 1108 hominum
963 1051 1121 1106 modo
1144 1093 1160 1116 ,
1203 1049 1297 1104 sed
1321 1049 1481 1103 etiam
1522 1048 1775 1115 consilia,
1828 1047 2236 1118 voluntatesque

662 1147 970 1216 prtcnoscit,
1021 1145 1165 1199 nulla
1189 1144 1292 1198 erit
1318 1141 1523 1196 arbitrii
1569 1141 1825 1195 libertas:
1871 1155 2045 1209 neque
2095 1139 2236 1194 enim

659 1240 741 1294 vel
772 1238 964 1294 factum
987 1237 1129 1292 aliud
1160 1236 1328 1290 ullum
1354 1277 1368 1300 ,
1393 1235 1474 1290 vel
1503 1226 1756 1305 quaelibet
1781 1232 2010 1287 existere
2041 1233 2239 1301 poterit

661 1332 929 1394 voluntas,
971 1329 1068 1384 nisi
1101 1343 1257 1398 quam
1310 1327 1489 1381 nescia
1531 1325 1642 1379 falli
1695 1323 2030 1379 Providentia
2062 1323 2238 1378 divina

659 1421 1019 1494 priesenserit.
1051 1421 1211 1491 325
1243 1419 1374 1474 Nam
1409 1418 1451 1472 si
1486 1431 1572 1472 res
1617 1416 1871 1471 aliorsum
1919 1431 2078 1486 quam
2111 1431 2238 1486 pro-

659 1518 787 1572 visae
817 1524 960 1580 sunt,
989 1516 1295 1584 detorqueri
1322 1513 1522 1579 valent,
1556 1527 1659 1565 non
1688 1511 1796 1578 jam
1823 1511 1930 1565 erit
1952 1510 2113 1565 futuri
2139 1510 2237 1564 lir-

663 1627 746 1665 ma
779 1608 1113 1680 praescientia
1144 1623 1158 1673 ;
1185 1607 1279 1660 sed
1309 1605 1490 1674 opinio
1526 1605 1704 1673 potius
1735 1603 1962 1680 incerta,
2009 1601 2150 1672 quod
2171 1601 2238 1657 de

659 1678 1022 1764 Deo-credere
1054 1697 1204 1754 nefas
1221 1697 1424 1766 judico.
1470 1697 1492 1728 ³
1513 1695 1696 1766 Neque
1727 1678 1870 1750 enim
1895 1695 2036 1748 illam
2071 1694 2238 1765 probo

660 1793 954 1855 rationem,
987 1807 1092 1861 qua
1138 1805 1198 1844 se
1222 1788 1436 1858 quidam
1478 1787 1730 1842 credunt.
1754 1788 1895 1842 hunc
1921 1787 2240 1856 qumstionis

663 1885 860 1940 nodum
888 1897 1044 1953 posse
1073 1882 1386 1937 dissolvere.
1418 1881 1582 1935 Aiunt
1608 1880 1689 1951 (5)
1720 1881 1883 1947 enim,
1927 1880 1953 1918 ι)
1985 1897 2089 1935 non
2118 1895 2237 1936 esse

2350 579 2544 634 futuris
2598 579 2758 634 rebus
2794 578 3074 633 eveniendi
3115 580 3488 635 necessitatem
3523 595 3629 635 non
3679 581 3928 636 videatur

2348 673 2568 728 inferre.
2601 673 2716 744 (l5)
2743 673 2952 728 Etenim
2987 674 3032 726 si
3061 674 3325 744 quispiam
3358 673 3572 740 sedeat,
3616 672 3928 744 Opinionem

2344 782 2463 837 qua:
2483 751 2612 823 cuni
2655 766 2847 822 sedere
2895 766 3168 836 conjectat
3208 781 3387 822 veram
3410 782 3530 822 esse
3554 782 3775 823 necesse
3803 778 3923 823 est:

2344 867 2503 929 atque
2529 873 2560 914 e
2587 872 2850 912 converso
2879 872 3085 924 rursus,
3118 859 3161 913 si
3184 857 3252 914 de
3281 858 3530 928 qu0piam
3559 874 3686 914 vera
3713 861 3783 913 sit
3804 861 3930 927 opi-

2345 951 2456 1016 nio,
2481 951 2735 1021 quoniam
2767 950 2941 1016 sedet,
2965 966 3086 1006 eum
3108 951 3299 1006 sedere
3328 938 3550 1006 necesse
3579 959 3682 1006 est.
3708 951 3761 1005 In
3786 959 3930 1007 utro-

2344 1059 2448 1114 que
2483 1045 2649 1115 igitur
2673 1046 2966 1099 necessitas
2999 1045 3138 1099 inest
3170 1062 3182 1097 :
3213 1045 3264 1098 in
3298 1045 3398 1100 hoc
3427 1043 3641 1115 quidem
3672 1045 3926 1112 sedendi,

2343 1145 2395 1187 at
2420 1150 2548 1189 vero
2578 1136 2633 1190 in
2664 1135 2835 1190 altero
2871 1136 3132 1191 veritatis.
3185 1133 3292 1190 Sed
3323 1150 3429 1190 non
3467 1134 3667 1190 idcirco
3703 1135 3930 1207 quisque

2344 1227 2494 1281 sedet
2520 1227 2774 1297 quoniam
2807 1242 2928 1282 vera
2961 1236 3041 1282 est
3063 1227 3283 1296 Opinio,
3333 1228 3428 1280 sed
3447 1227 3562 1281 haec
3595 1229 3776 1298 potius
3806 1228 3927 1297 (ΞΟ)

2344 1337 2466 1376 vera
2497 1331 2580 1376 est
2633 1320 2881 1392 quooiam
2932 1321 3234 1390 quempiam
3273 1320 3465 1376 sedere
3493 1322 3789 1391 praicessit.
3844 1321 3923 1376 Ita

2342 1428 2463 1467 cum
2489 1427 2646 1467 causa
2677 1413 2916 1466 veritatis
2956 1427 3019 1466 ex
3059 1412 3224 1466 altera
3277 1421 3430 1482 parte
3458 1412 3731 1496 procedat,
3784 1414 3928 1468 inest

2344 1517 2522 1560 tamen
2554 1505 2852 1560 communis
2878 1507 2928 1559 in
2956 1513 3182 1575 utraque
3213 1505 3523 1560 necessitas.
3550 1505 3712 1577 326
3756 1505 3921 1562 Simi-

2344 1598 2411 1652 lia
2434 1598 2500 1653 de
2521 1597 2878 1663 Providentia,
2911 1597 3208 1668 futurisque
3243 1597 3403 1653 rebus
3430 1599 3742 1655 ratiocinari
3765 1615 3926 1669 Opor-

2344 1698 2436 1744 tet.
2463 1691 2591 1744 Nam
2623 1692 2787 1746 etiam
2809 1691 2854 1745 si
2885 1689 3086 1745 idcirco
3135 1691 3385 1759 quoniam
3441 1691 3611 1746 futura
3642 1701 3763 1747 sunt
3800 1708 3927 1763 pro-

2345 1784 2591 1840 videntur
2612 1825 2627 1851 ,
2658 1801 2765 1840 non
2795 1799 2924 1839 vero
2948 1784 3070 1839 ideo
3091 1785 3343 1854 quoniam
3400 1785 3746 1853 providentur
3797 1802 3924 1843 eve-

2350 1877 2502 1933 nittnt
2533 1895 2546 1943 ;
2581 1878 2929 1932 nihilominus
2962 1889 3136 1933 tamen
3161 1894 3189 1931 a
3222 1878 3328 1934 Deo
3355 1880 3438 1935 vel
3460 1891 3684 1935 ventura
3734 1882 3914 1950 provi-

659 1975 782 2031 ideo
803 1949 929 2045 quid
959 1982 1306 2038 eventurum,
1333 1972 1583 2042 quoniam
1614 1949 1668 2024 id
1711 1970 2050 2026 Providentia
2092 1970 2237 2026 iutu-
2267 1949 2316 2010 Β
2343 1967 2496 2031 deri,
2522 1967 2603 2022 vel
2631 1968 2844 2045 provisa
2866 1967 3086 2022 evenire
3116 1982 3336 2045 necesse
3364 1980 3446 2023 est
3479 1989 3491 2022 :
3521 1971 3660 2039 quod
3693 1949 3758 2025 ad
3783 1972 3927 2041 peri-

659 2082 778 2124 rum
809 2081 928 2121 esse
956 2065 1312 2135 prospexerit,
1373 2063 1469 2119 sed
1503 2065 1824 2118 econtrario
1863 2065 2068 2132 potius,
2101 2081 2236 2134 quo-

661 2161 801 2215 niam
825 2158 950 2228 quid
977 2157 1214 2212 futurum
1240 2164 1358 2221 est,
1393 2157 1443 2210 id
1472 2157 1706 2211 divinam
1736 2156 2125 2210 Providentiam
2159 2158 2233 2211 la-

659 2262 774 2308 tere
797 2267 900 2306 non
929 2265 1105 2320 posse,
1131 2265 1300 2320 eoque
1333 2249 1492 2305 modo
1518 2251 1875 2306 necessarium
1910 2252 2011 2305 hoc
2041 2251 2095 2304 in
2111 2265 2238 2305 con-

659 2344 876 2399 trariam
907 2342 1072 2397 relabi
1093 2353 1318 2411 partem.
1344 2341 1527 2414 Neque
1553 2343 1694 2396 enim
1721 2357 1942 2397 necesse
1967 2357 2086 2397 esse
2106 2357 2236 2397 con-

657 2436 884 2505 tingere,
906 2449 1024 2504 quae
1051 2435 1398 2502 providentur
1425 2451 1438 2497 ;
1473 2435 1565 2489 sed
1585 2448 1803 2488 necesse
1830 2447 1970 2499 esse,
2004 2449 2123 2504 qure
2155 2437 2235 2489 fu-

659 2539 777 2585 tura
797 2528 925 2592 sint,
955 2525 1243 2597 provideri.
1277 2526 1393 2599 (l0)
1418 2525 1439 2557 ³
1482 2536 1503 2563 ο
1535 2526 1695 2593 Quasi
1729 2540 1886 2590 vero,
1915 2540 2034 2594 qtne
2061 2527 2240 2594 cujuso

659 2638 761 2694 que
791 2619 869 2676 rei
896 2633 1056 2675 causa
1089 2617 1178 2682 sit,
1237 2617 1640 2687 przescientiane
1678 2616 1975 2670 futurorum
2005 2615 2238 2671 necessi-

659 2717 818 2780 tatis;
851 2728 917 2767 an
945 2713 1246 2767 futurorum
1273 2711 1589 2774 necessitas,
1618 2709 1994 2775 Providentiae,
2031 2709 2237 2765 labore-

658 2817 765 2862 tur.
813 2803 840 2842 ἀ
873 2807 944 2860 At
993 2819 1088 2858 nos
1135 2801 1266 2858 illud
1297 2801 1665 2857 demonstrare
1705 2802 1970 2868 nitamur,
2023 2817 2238 2873 quoquo

659 2899 816 2956 modo
839 2913 958 2956 sese
987 2895 1181 2952 habeat
1201 2894 1334 2952 ordo
1353 2909 1634 2951 causarum
1661 2936 1676 2962 ,
1725 2895 2088 2952 necessarium
2117 2909 2238 2952 esse

2347 2059 2594 2115 mendam
2621 2033 2699 2129 f5)
2726 2033 2937 2113 arbitrii
2964 2042 3264 2114 libertatem
3293 2061 3462 2114 solum
3489 2033 3617 2116 satis
3639 2072 3741 2117 est.
3759 2033 3924 2119 {iam

2346 2169 2477 2209 vero
2498 2169 2656 2224 quam
2690 2163 2714 2190 ε
2746 2161 3132 2222 praeposterum
3170 2162 3282 2219 est,
3309 2163 3366 2208 ut
3394 2165 3610 2210 azterna:
3638 2157 3924 2226 praescien-

2346 2249 2432 2302 tize
2461 2247 2834 2316 temporalium
2873 2261 3054 2302 rerum
3084 2256 3306 2301 eventus
3338 2262 3498 2303 causa
3519 2262 3642 2302 esse
3671 2248 3924 2303 dicatur?

2350 2338 2487 2406 Quid
2520 2348 2603 2393 est
2631 2348 2807 2393 autem
2839 2337 2980 2392 aliud
3028 2338 3312 2404 arbitrari,
3358 2339 3477 2395 ideo
3512 2341 3678 2396 Deum
3720 2344 3922 2406 latura,

2345 2432 2598 2501 quoniam
2635 2434 2762 2487 sunt
2782 2441 3061 2497 eventura,
3087 2432 3388 2502 providere,
3420 2448 3576 2504 quam
3592 2444 3780 2506 putare
3805 2452 3925 2506 qua

2346 2525 2471 2579 olim
2487 2523 2818 2590 acciderunt,
2847 2539 3060 2580 causam
3087 2540 3310 2580 summm
3328 2527 3473 2581 illius
3495 2542 3615 2582 esse
3639 2528 3926 2597 providen-

2348 2617 2458 2671 tire?
2477 2617 2555 2672 Ad
2577 2617 2707 2682 hinc,
2738 2618 2926 2684 sicuti,
2950 2632 3067 2672 cum
3097 2619 3221 2688 quid
3254 2633 3375 2675 esse
3403 2618 3514 2690 (10)
3533 2620 3723 2686 scio,id
3749 2621 3925 2688 ipsum

2346 2725 2465 2766 esse
2481 2725 2704 2768 necesse
2725 2721 2836 2778 est;
2862 2713 2932 2766 ita
2963 2728 3081 2768 cum
3112 2713 3238 2783 quid
3268 2713 3497 2767 futurum
3521 2714 3667 2780 novi,
3685 2714 3927 2783 idipsum

2353 2802 2586 2858 futurum
2612 2819 2734 2859 esse
2768 2819 2991 2860 necesse
3018 2793 3124 2860 est.
3168 2805 3259 2860 Sic
3300 2806 3357 2859 tit
3403 2805 3564 2875 igitur
3619 2816 3676 2860 ut
3703 2819 3927 2862 eventus

2349 2895 2610 2965 praescitae
2641 2897 2718 2952 rei
2748 2905 2980 2969 nequeat
3003 2897 3216 2954 evitari.
3251 2897 3532 2954 Postremo
3562 2899 3581 2930 ⁵
3609 2898 3654 2953 si
3676 2899 3804 2970 quid
3827 2899 3924 2958 ali-

1993 3053 2567 3113 INTERPRETATIO.

731 3202 756 3228 ι
791 3190 1077 3247 Ρι·ω.ςεηείο
1106 3191 1277 3244 divina
1298 3197 1343 3244 et
1375 3190 1600 3242 humana
1630 3186 1833 3242 libertas
1867 3187 2102 3242 videntur
2129 3186 2224 3241 sibi

657 3263 866 3318 invicem
894 3262 1260 3316 contradicere.
2023 3283 2027 3288 -

727 3335 752 3372 ι)
788 3333 906 3386 Νοη
928 3334 1040 3386 ideo
1065 3331 1262 3401 aliquid
1293 3335 1517 3401 futurum
1571 3330 1707 3398 quod
1749 3329 1886 3385 Deus
1916 3331 1970 3383 id
2001 3346 2225 3399 praesen-

658 3407 808 3470 serit,
853 3405 940 3458 sed
967 3393 1163 3458 contra'
1197 3393 1358 3456 Deum
1396 3401 1451 3454 id
1477 3393 1799 3468 prtcsensisse
1825 3393 2068 3457 aaoniam
2090 3405 2225 3471 futa-
2256 3393 2302 3455 C

2341 3205 2400 3241 fil
2409 3205 2457 3242 ιη
2475 3200 2602 3244 erat.

2421 3272 2441 3298 ε
2473 3260 2578 3314 Sed
2610 3261 2702 3314 hoc
2720 3277 2821 3314 non
2841 3262 3005 3315 solvit.

2411 3327 2438 3368 ιι
2477 3331 2712 3403 [dipsion
2735 3342 2903 3386 tamen
2930 3331 3142 3403 probare
3174 3348 3428 3387 conemur.

2411 3412 2433 3440 ε
2467 3401 2790 3458 Perversum.

2171 3559 2400 3617 NOTAE.

733 3684 746 3714 ¹
789 3680 926 3734 Nam
947 3683 990 3734 si
1010 3689 1190 3733 cuncta
1233 3678 1475 3749 prospicit
1499 3678 1653 3741 Deus,
1673 3675 1817 3747 etc.]
1849 3678 1891 3733 Ι.
1919 3677 2226 3734 Generatim

658 3754 916 3820 probatur
947 3752 1195 3817 prmdicta
1230 3751 1514 3804 concordia
1561 3765 1662 3802 non
1694 3765 1851 3814 posse
1886 3759 2029 3804 stare
2057 3768 2068 3801 :
2104 3751 2225 3820 quia

658 3841 775 3878 cum
795 3823 1010 3877 libertas
1043 3820 1272 3875 hominis
1299 3821 1533 3885 viatoris,
1570 3829 1625 3872 ut
1649 3821 1756 3888 jam
1788 3820 1985 3873 dictum
2016 3829 2130 3888 est,
2178 3831 2233 3876 et

658 3893 988 3962 experientia
1016 3891 1320 3961 quotidiana
1342 3931 1360 3954 ,
1409 3892 1507 3958 ipsi
1532 3889 1776 3944 Ciceroni
1800 3891 2112 3960 exterisque
2142 3907 2232 3959 pa-

657 3967 810 4036 ganis
840 3974 964 4018 nota
993 3961 1374 4036 conﬁrmatur,
1423 3962 1492 4015 sit
1516 3962 1759 4036 facultas
1800 3963 1866 4015 ad
1900 3962 2226 4036 utrutniibet,

658 4032 940 4104 propterea
972 4034 1112 4101 quod
1163 4034 1230 4086 ita
1263 4032 1754 4104 necessariumest.
1785 4043 1837 4085 ut
1875 4043 1966 4104 aut
2006 4034 2230 4086 nullate-

658 4103 779 4172 nus,
808 4115 897 4158 aut
926 4121 1028 4157 non
1053 4104 1156 4156 alio
1178 4146 1192 4171 ,
1239 4117 1394 4172 quam
1425 4119 1530 4169 quo
1559 4103 1738 4156 exiStit
1775 4103 1966 4159 modo.
1997 4106 2228 4158 existere

659 4175 850 4245 possit,
879 4173 1005 4228 illud
1039 4175 1240 4228 homini
1273 4189 1375 4227 non
1401 4183 1482 4245 est
1513 4174 1738 4229 liberum
1766 4191 1778 4238 ;
1809 4175 2049 4242 adeoque
2087 4175 2226 4228 circa

659 4243 787 4300 illud
813 4245 952 4299 nulla
973 4255 1055 4297 est
1082 4245 1246 4313 ipsius
1275 4243 1504 4296 hominis
1535 4245 1773 4298 libertas.
1824 4246 2004 4308 Atqui,
2057 4245 2227 4309 posita

659 4317 836 4370 divina
867 4315 1229 4378 Providentia,
1263 4315 1436 4367 omnia
1472 4315 1628 4378 facta,
1680 4315 1840 4377 dicta,
1889 4316 2222 4384 cogitataque

659 4386 888 4442 hominis
917 4387 986 4439 ita
1011 4399 1068 4438 se
1100 4385 1397 4438 habebunt:
1423 4400 1540 4437 cum
1567 4385 1706 4438 enim
1735 4387 1909 4436 divina
1940 4386 2229 4438 Providen-

659 4460 727 4512 tia
751 4459 823 4512 sit
854 4457 1042 4510 horum
1068 4455 1304 4509 omnium
1338 4472 1440 4508 non
1465 4457 1635 4508 solum
1660 4456 2069 4522 praeteritorum,
2098 4472 2231 4521 pm:-

659 4529 1022 4597 sentiumque,
1082 4542 1262 4581 verum
1313 4525 1472 4581 etiam
1515 4525 1812 4579 futurorum
1878 4527 2131 4596 cognitio,
2184 4531 2229 4580 si

660 4600 775 4654 haec
797 4607 1016 4667 possunt
1038 4607 1130 4650 aut
1162 4613 1264 4650 non
1291 4599 1520 4667 existere
1539 4607 1623 4650 aut
1649 4598 1774 4659 alio,
1804 4613 1962 4665 quam
1990 4612 2095 4664 quo
2115 4598 2234 4652 exi-

661 4666 826 4735 stunt,
857 4669 1015 4723 modo
1063 4668 1330 4731 existere,
1380 4666 1558 4721 divina
1617 4667 1946 4734 providentia
1999 4682 2103 4721 non
2133 4668 2236 4722 erit

662 4742 952 4808 praesensio
1009 4739 1257 4802 evidens,
1317 4739 1558 4806 adeoque
1585 4738 1733 4792 ﬁrma
1787 4749 1841 4792 et
1878 4738 1987 4792 falli
2020 4739 2196 4792 nescia
2220 4779 2234 4800 ,

661 4812 753 4866 sed
787 4813 958 4878 potius
984 4810 1232 4875 obseura,
1261 4810 1466 4864 incerta
1500 4819 1554 4863 et
1574 4809 1742 4863 errori
1776 4811 2038 4874 obnoxia;
2093 4811 2233 4879 quod

661 4882 726 4936 de
752 4883 858 4936 Deo
887 4882 1125 4949 cogitare
1155 4881 1322 4934 nefas.

729 4955 746 4982 ²
819 4951 993 5019 Neque
1021 4953 1164 5004 illam
1193 4951 1349 5019 probo
1397 4950 1671 5012 rationem,
1703 4949 1842 5019 etc.]
1875 4949 2092 5004 Boetius
2129 4949 2230 5004 sibi

661 5021 874 5089 objicit,
907 5024 1042 5088 quod
1062 5020 1297 5074 nonnulli
1325 5022 1650 5088 reSpondere
1693 5021 1867 5074 solent
1892 5020 1958 5072 ad
1986 5021 2231 5076 tuendam

663 5093 969 5160 praedictam
1001 5089 1341 5145 concordiam
1366 5133 1380 5152 ,
1417 5089 1666 5146 videlicet
1721 5107 1822 5143 non
1857 5091 2078 5143 divinam
2102 5089 2235 5145 Pro-

661 5163 931 5215 videntium
979 5164 1268 5231 futurorum
1292 5172 1592 5226 eventuum,
1673 5162 1760 5214 sed
1805 5161 2006 5229 futuros
2031 5173 2233 5214 eventus

663 5233 848 5286 divina:
869 5232 1211 5287 Providentiae
1235 5249 1341 5287 esse
1366 5247 1574 5284 causam
1603 5248 1620 5283 :
1662 5248 1725 5285 ea:
1744 5249 1842 5298 quo
1866 5236 2120 5300 sequitur,
2153 5234 2235 5285 di-

661 5306 826 5357 vinam
875 5304 1236 5373 providentiam
1267 5304 1462 5373 potius,
1504 5319 1655 5370 quam
1699 5303 1928 5367 futurum
1970 5312 2227 5366 eventum,

661 5391 769 5430 esse
788 5375 1140 5428 necessariam.
1188 5375 1291 5428 Sed
1325 5375 1460 5428 idem
1493 5373 1701 5427 Boetius
1743 5377 1879 5428 hanc
1931 5376 2232 5439 responsio-

663 5462 785 5502 nem
817 5445 1043 5508 refutat,
1079 5445 1306 5514 primum
1336 5460 1399 5499 ex
1430 5459 1494 5498 eo
1514 5445 1652 5512 Quod
1686 5460 1791 5498 non
1819 5445 1975 5497 solvit
2005 5445 2232 5498 difficul-

664 5529 824 5571 tatem
853 5557 870 5581 ,
901 5516 1096 5570 deinde
1124 5532 1188 5569 ex
1219 5532 1283 5570 eo
1305 5515 1446 5584 quod
1476 5526 1854 5582 praeposterum
1874 5524 1975 5578 est,
2006 5526 2229 5570 eventus

660 5586 866 5642 futuros
895 5602 1016 5641 esse
1043 5601 1255 5640 causam
1277 5586 1473 5639 divinie
1497 5585 1871 5640 Providentiae.

731 5658 752 5688 ³
793 5658 951 5724 Quasi
979 5673 1121 5721 vero,
1162 5669 1262 5711 etc.
1290 5653 1309 5724 ⁷]
1333 5657 1568 5710 Primum
1592 5699 1606 5723 ,
1638 5658 1826 5724 inquit,
1863 5657 1976 5710 hinc
2006 5672 2228 5726 respon-

659 5728 740 5796 sio
765 5743 867 5782 non
897 5727 1054 5780 Solvit
1080 5727 1443 5780 difficultatem
1464 5767 1479 5790 ,
1511 5728 1937 5795 quandoquidem
1963 5744 2064 5780 non
2080 5743 2226 5796 (rute-

660 5795 815 5858 ritur,
847 5805 962 5849 utra
985 5799 1053 5849 sit
1082 5798 1300 5851 alterius
1336 5812 1494 5849 causa
1513 5836 1528 5856 ,
1561 5812 1626 5849 an
1659 5796 1996 5850 Providentia
2024 5795 2109 5851 rei
2139 5801 2224 5851 fu-

660 5871 812 5930 turae,
837 5880 905 5924 an
931 5878 1018 5922 res
1047 5865 1216 5922 futura
1252 5864 1649 5924 Providentia}?
1680 5881 1779 5924 nec
1804 5867 2000 5929 minus,
2027 5869 2226 5926 utt‘avis

2341 3681 2410 3734 sit
2457 3678 2754 3752 necessaria
2777 3720 2792 3744 ,
2833 3680 3072 3752 sequitur
3104 3681 3325 3735 alterius
3360 3682 3652 3738 necessitas
3690 3700 3703 3735 :
3735 3699 3921 3752 quem-

2341 3751 2627 3804 admodum
2656 3766 2720 3805 ex
2743 3765 2809 3804 eo
2841 3751 2978 3819 quod
3019 3767 3144 3806 vere
3171 3752 3404 3820 judicem
3457 3762 3508 3808 te
3536 3751 3764 3818 sedere,
3830 3770 3923 3810 εοε-

2343 3822 2522 3887 quitur
2544 3822 2848 3893 necessario
2883 3833 2933 3875 te
2967 3838 3090 3876 vere
3117 3824 3305 3877 sedere
3328 3842 3341 3886 ;
3366 3835 3536 3879 autex
3565 3827 3779 3893 ecquod
3805 3842 3923 3879 mo-

2348 3894 2425 3946 lcs
2454 3894 2622 3962 lignea
2655 3890 2814 3964 fuerit
2843 3893 3062 3964 aiqualis
3107 3908 3225 3947 cum
3270 3895 3588 3964 decempeda
3609 3936 3624 3960 ,
3659 3890 3922 3961 sequitur

2346 3964 2666 4026 necessario,
2691 3963 3072 4029 decempedam
3105 3979 3221 4017 esse
3247 3963 3504 4034 mqttalem
3531 3982 3649 4020 cum
3681 3967 3781 4020 hac
3804 3983 3922 4020 mo-

2345 4037 2392 4086 le
2425 4035 2596 4102 lignea
2633 4050 2646 4093 ;
2693 4035 2826 4106 licet
2855 4034 3178 4099 decempeda
3232 4035 3389 4102 hujus
3419 4039 3732 4106 :rqualitatis
3754 4081 3768 4103 ,
3828 4047 3923 4092 aut

2346 4116 2467 4158 tuus
2494 4106 2625 4158 situs
2650 4105 2988 4171 illiusjudicii
3028 4106 3236 4159 dicatur
3264 4122 3443 4159 eausa.

2422 4175 2438 4204 ἲ
2483 4173 2603 4226 Jaiu
2630 4191 2741 4228 vero
2765 4192 2916 4249 quam
2949 4191 3330 4244 prmpostcrum,
3363 4189 3466 4232 etc.
3499 4178 3517 4249 ]
3549 4179 3746 4233 Deinde
3786 4197 3923 4245 pra:-

2343 4257 2600 4313 posteram
2629 4255 2710 4299 est
2743 4246 2855 4298 sive
2886 4261 3227 4312 perversum,
3262 4261 3468 4302 mutato
3497 4246 3702 4304 scilicet
3735 4266 3914 4304 rerum

2341 4318 2560 4374 ordine,
2611 4325 2833 4370 eventus
2871 4318 3078 4371 futuros
3108 4333 3227 4371 esse
3253 4334 3466 4373 causam
3504 4321 3700 4374 divina:
3727 4321 3916 4375 Provi-

2341 4387 2536 4440 dentiae
2565 4403 2578 4448 ;
2612 4387 2728 4453 quia
2771 4402 2892 4439 cum
2923 4387 3096 4441 omnis
3125 4404 3282 4442 causa
3312 4391 3382 4442 sit
3413 4405 3511 4443 suo
3532 4391 3722 4444 effecto
3750 4394 3914 4458 prior.

2342 4469 2707 4527 p'a'posterum
2737 4467 2820 4511 est
2851 4459 2977 4511 illud
3001 4461 3138 4526 quod
3166 4475 3194 4511 a
3225 4461 3644 4515 certo-duntaxat
3677 4473 3917 4530 tempore

2344 4529 2558 4592 existit,
2592 4543 2710 4581 esse
2748 4544 2961 4581 causam
3005 4529 3123 4595 ejus
3148 4530 3289 4594 quod
3337 4547 3400 4584 ex
3439 4533 3582 4584 omni
3613 4529 3917 4588 aeternitate

2343 4599 2525 4651 existit
2556 4616 2566 4649 :
2602 4599 2652 4652 id
2677 4609 2850 4651 autem
2881 4613 2938 4651 se
2971 4599 3218 4661 haberet,
3247 4602 3291 4655 si
3318 4613 3539 4656 eventus
3578 4601 3787 4657 futurus
3829 4619 3916 4656 es-

2346 4679 2428 4722 set
2456 4684 2611 4722 causa
2644 4669 2836 4722 divina:
2876 4670 3228 4724 Providentia'.
3259 4689 3273 4736 ;
3312 4689 3430 4725 nam
3479 4689 3590 4740 qua:
3616 4675 3736 4726 olim
3777 4675 3914 4726 acci-

2345 4743 2551 4804 derunt,
2580 4741 2727 4793 verbi
2762 4741 2950 4808 gratia,
2985 4740 3223 4795 Romana
3257 4744 3481 4808 mantia,
3525 4759 3644 4796 cum
3679 4745 3791 4797 hmo
3820 4760 3918 4797 an-

2347 4821 2428 4863 tea
2455 4810 2624 4862 futura
2655 4820 2867 4877 essent,
2893 4823 3074 4866 essent
3116 4828 3291 4868 causa:
3330 4813 3528 4868 divina:
3561 4814 3916 4869 Providentia:

2346 4897 2465 4948 quae
2495 4895 2685 4934 (inertia
2711 4891 2814 4935 est.

2413 4952 2432 4980 ⁵
2454 4953 2521 5025 δὲ
2557 4953 2679 5019 quid
2708 4952 2891 5025 aliquis
2931 4953 3209 5025 aliorsum,
3233 4954 3382 5025 etc.]
3411 4954 3469 5009 Il.
3507 4955 3764 5009 Probatur
3795 4971 3919 5024 spe-

2341 5023 2545 5086 ciatim,
2572 5037 2637 5077 ex
2670 5032 2818 5092 parte
2845 5023 3216 5087 ipsiusdaviine
3256 5023 3632 5087 Providentize,
3657 5023 3913 5093 prindicta

2339 5095 2626 5147 concordia
2652 5110 2756 5145 non
2799 5109 2953 5160 posse
2982 5104 3148 5166 stare,
3178 5098 3298 5164 quia
3327 5113 3444 5166 qua:
3469 5095 3658 5148 mentis
3685 5096 3916 5162 qualitas

2343 5182 2372 5215 a
2406 5166 2734 5230 philosophis
2769 5174 2988 5218 vocatur
3015 5165 3234 5219 scientia
3255 5209 3268 5231 ,
3313 5166 3424 5221 haec
3458 5166 3615 5220 debet
3648 5181 3768 5218 esse
3808 5181 3915 5219 non

2340 5234 2496 5288 modo
2553 5233 2800 5296 evidens,
2846 5249 3026 5288 verum
3057 5239 3218 5290 etiam
3263 5253 3386 5291 vera
3431 5249 3482 5290 et.
3511 5246 3653 5290 certa
3677 5277 3691 5298 ,
3725 5237 3916 5291 saltem

2341 5308 2548 5359 ratione
2569 5304 2754 5373 judicii
2780 5305 2920 5374 quod
2949 5305 3050 5360 sibi
3081 5307 3239 5361 habet
3256 5324 3518 5361 annexum
3547 5325 3558 5359 :
3583 5308 3717 5362 adeo
3737 5318 3795 5360 ut
3818 5323 3918 5362 nec

2342 5376 2511 5429 instar
2532 5377 2732 5429 erroris
2763 5377 2834 5428 sit
2890 5375 3021 5430 falsa
3051 5418 3063 5440 ,
3095 5393 3195 5432 nec
3221 5381 3388 5431 inStar
3416 5379 3685 5448 opinionis
3711 5380 3781 5432 sit
3832 5380 3916 5432 inc-

2338 5458 2482 5500 certa
2519 5461 2532 5498 :
2563 5461 2683 5500 cum
2719 5448 2877 5514 igitur
2909 5448 3242 5502 Providentia
3279 5445 3465 5502 divina
3489 5450 3556 5503 sit
3593 5450 3836 5513 scientia,
3864 5458 3918 5504 et
3977 5445 3986 5452 ’

2337 5517 2550 5584 quidem
2591 5515 2794 5590 meliori
2824 5518 2972 5585 jure,
3005 5520 3435 5590 quamquielibet
3471 5521 3702 5575 humana
3733 5520 3918 5590 cognio

2341 5592 2433 5652 tio,
2463 5596 2744 5654 propterea
2769 5587 3107 5643 Providentia
3138 5589 3319 5644 divina
3349 5592 3511 5646 debet
3536 5607 3656 5647 esse
3679 5608 3781 5646 non
3804 5587 3920 5646 ino-

2337 5659 2407 5710 do
2437 5657 2676 5731 evidens,
2703 5674 2881 5731 verum
2911 5661 3070 5713 etiam
3094 5677 3220 5715 vera
3241 5672 3296 5716 et
3319 5673 3461 5716 certa
3487 5679 3501 5729 ;
3531 5664 3674 5731 atqui
3703 5679 3915 5729 eorum,

2337 5743 2456 5796 quae
2484 5730 2729 5801 libertate
2749 5728 2978 5801 humana
3009 5731 3179 5784 futura
3205 5744 3403 5796 essent,
3431 5735 3574 5788 nulla
3599 5728 3778 5801 posset
3798 5728 3920 5789 eSse

2341 5797 2676 5873 Providentia
2707 5800 2945 5858 evidens.
2981 5815 3103 5855 vera
3129 5814 3183 5856 et
3227 5815 3372 5857 certa
3406 5821 3420 5869 ;
3474 5797 3616 5873 quod
3646 5805 3761 5860 hinc
3809 5817 3920 5861 non

2338 5869 2409 5926 sit
2438 5868 2539 5930 uisi
2571 5869 2636 5928 de
2665 5871 2727 5926 iis
2758 5886 2877 5943 quae
2908 5874 3211 5932 necessaria
3240 5883 3386 5934 sunt.
