4290 6258
376 426 474 480 8M

1283 424 1363 477 DE
1402 421 1917 479 CONSOLATJONE
1956 419 2427 477 PHILOSOPHle
2496 418 2625 474 UB.
2670 420 2731 473 γ.

3536 420 3638 474 8ιέ

376 542 497 612 quis
519 549 544 575 λ
574 540 645 592 ali
685 554 852 603 rsum,
884 548 1043 607 atque
1074 549 1195 590 sese
1242 552 1327 589 res
1355 536 1536 598 habet,
1562 536 1833 590 existimet
1858 577 1873 598 ,
1899 533 1950 587 id
1982 543 2027 595 Α
2057 542 2465 619 consequatur,
2494 514 2681 602 liquet.
2731 531 2949 586 Frustra
2975 526 3119 583 enim
3148 524 3335 591 bonis,
3381 527 3639 600 malisque

378 651 485 689 non
512 632 674 687 modo
705 630 927 685 scicntia
959 644 1063 683 non
1089 638 1195 693 est,
1218 629 1312 682 sed
1341 639 1424 682 est
1455 630 1638 697 opinio
1660 628 1816 682 fallax
1840 668 1854 691 ,
1886 627 1955 680 ab

379 725 618 781 scientiae
642 722 870 777 veritate
907 722 1062 790 longe
1083 721 1314 774 diversa.
1349 721 1526 785 Quare
1556 720 1601 773 si
1632 719 1857 789 quid-ita
1879 718 1957 771 fu-

380 832 557 875 turum
587 826 670 872 est
696 856 712 880 ,
754 823 815 869 ut
849 815 967 883 ejus
1004 815 1116 885 (15)
1148 825 1330 870 certus
1358 830 1419 868 ac
1463 815 1809 869 necessarius
1851 827 1955 867 non

373 912 451 966 sit
474 917 728 974 eventus,
754 910 806 964 id
834 916 1151 963 eventurum
1185 922 1306 963 csse
1337 907 1577 977 prmsciri
1608 907 1698 976 qui
1730 906 1958 973 poterit?

378 1005 529 1059 Sicut
573 1003 721 1058 enim
762 1001 986 1055 scientia
1016 1000 1132 1067 ipsa
1155 998 1184 1038 δ
1215 1000 1547 1069 impermista
1573 1007 1656 1054 est
1700 997 1919 1051 falsitati
1946 1014 1957 1051 :

378 1097 452 1149 ita
476 1095 526 1148 id
549 1092 691 1163 quod
716 1091 784 1146 ab
799 1106 860 1147 ea
891 1090 1195 1160 concipitur
1218 1132 1232 1154 ,
1256 1105 1377 1144 esse
1399 1091 1573 1154 aliter,
1599 1099 1760 1159 atque
1783 1088 1962 1143 conci-

381 1188 545 1258 pitur,
571 1186 778 1255 nequit.
828 1186 903 1240 Ea
938 1200 1167 1255 namque
1195 1198 1354 1239 causa
1381 1194 1499 1249 est,
1551 1198 1650 1236 cur
1681 1181 1962 1236 mendacio

377 1278 603 1332 scientia
630 1286 834 1343 careat,
857 1276 1003 1346 quod
1022 1291 1082 1332 se
1105 1278 1174 1330 ita
1198 1291 1313 1331 rem
1342 1290 1607 1346 quamque
1634 1274 1834 1328 habere
1869 1287 1963 1327 ne-

376 1386 529 1425 cesse
554 1381 637 1426 est
663 1413 678 1436 ,
712 1371 790 1424 uti
813 1386 932 1431 eant
965 1384 1088 1425 sese
1112 1370 1313 1425 habere
1340 1370 1563 1423 scientia
1601 1368 1962 1438 comprehen-

378 1464 478 1518 dit.
529 1462 666 1529 Quid
692 1461 804 1533 (20)
827 1462 1029 1532 igitur?
1080 1462 1323 1528 Quonam
1364 1460 1524 1515 modo
1553 1460 1694 1515 Deus
1723 1461 1838 1514 hare
1884 1458 1963 1511 in-

381 1563 529 1608 certa
548 1556 718 1608 futura
743 1553 1072 1622 praenoscit?
1089 1553 1221 1608 Nam
1238 1554 1280 1608 si
1305 1553 1687 1608 inevitalviliter
1703 1559 1959 1606 eventura

379 1655 585 1711 ceu-et,
618 1659 737 1707 qua:
759 1645 917 1699 etiam
948 1660 1053 1700 non
1081 1645 1300 1701 evenire
1323 1644 1582 1713 possibile
1608 1654 1713 1707 est,
1738 1642 1960 1698 fallitur:

380 1737 521 1804 quod
542 1736 746 1791 sentire
784 1751 888 1789 non
936 1736 1097 1789 modo
1148 1736 1296 1790 nefas
1329 1744 1444 1802 est,
1499 1734 1595 1789 sed
1625 1736 1789 1789 etiam
1824 1748 1962 1789 voce

383 1830 651 1899 proferre.
686 1834 754 1883 At
791 1830 858 1892 si,
896 1831 973 1885 uti
1002 1838 1154 1895 sunt,
1194 1830 1267 1883 ita
1298 1845 1360 1883 ea
1397 1829 1574 1882 futura
1612 1843 1734 1883 esse
1774 1828 1966 1882 decer-

2060 625 2176 694 (10)
2205 624 2445 694 praemia,
2482 637 2721 690 pirnteve
2749 630 3145 692 proponuntur,
3169 634 3287 689 quac
3318 619 3496 674 nullus
3525 637 3642 676 me-

2062 717 2167 769 ruit
2222 714 2362 769 liber
2422 728 2485 768 ac
2545 713 2873 768 voluntarius
2927 720 3102 766 motus
3156 710 3479 764 animorum.
3562 711 3644 766 ld-

2061 821 2165 875 que
2220 806 2458 860 omnium
2512 804 2782 859 videbitur
2825 802 3247 873 iniquissimum,
3315 804 3457 873 quod
3503 820 3645 859 nunc

2063 899 2425 968 irquissimum
2474 896 2779 966 judicatur,
2830 896 2916 950 vel
2970 896 3143 964 puniri
3196 895 3498 965 improbos,
3559 901 3644 954 vel

2066 992 2401 1046 remunerari
2458 990 2651 1058 probos
2709 1007 2721 1041 :
2768 1002 2903 1058 quos
2954 986 2983 1024 ιι
3048 987 3113 1042 ad
3168 988 3482 1043 alterutrum
3540 1005 3643 1043 non

2065 1082 2279 1151 propria
2308 1082 2470 1136 mittit
2511 1080 2791 1144 voluntas,
2822 1079 2916 1135 sed
2967 1079 3128 1134 futuri
3169 1080 3313 1149 cogit
3360 1092 3505 1134 certa
3556 1095 3649 1135 ne-

2064 1175 2307 1229 cessitas.
2400 1172 2510 1227 Nec
2578 1172 2704 1226 vitia
2757 1170 2971 1241 igitur,
3041 1185 3141 1226 nec
3200 1170 3426 1225 virtutes
3491 1172 3647 1240 quid-

2064 1281 2223 1336 quam
2278 1265 2508 1330 fuerint,
2558 1265 2651 1319 sed
2683 1264 2797 1334 (15)
2833 1264 3068 1319 omnium
3114 1263 3425 1320 meritorum
3471 1267 3648 1335 potius

2067 1357 2222 1411 mista
2242 1367 2398 1425 atque
2435 1353 2451 1393 ί
2484 1353 2771 1409 indiscreta
2799 1354 3063 1409 confusio.
3109 1354 3334 1422 Quoque
3369 1354 3497 1408 nihil
3522 1369 3645 1409 sce-

2070 1447 2289 1501 leratius
2317 1443 2609 1514 excogitari
2632 1451 2827 1510 potest,
2852 1458 2973 1497 cum
2990 1457 3058 1498 ex
3086 1442 3413 1512 providentia
3440 1460 3644 1507 rerum.

2070 1537 2244 1591 omnis
2272 1535 2405 1590 ordo
2432 1534 2687 1593 ducatur.
2736 1533 2972 1602 nihilque
2997 1532 3235 1587 consiliis
3262 1533 3422 1589 liceat
3453 1534 3643 1596 huma-

2070 1629 2181 1692 nis,
2217 1627 2307 1689 ῆι,
2354 1634 2413 1680 ιιι
2440 1624 2564 1680 vitia
2595 1639 2806 1694 quoque
2839 1625 3001 1696 328
3046 1635 3225 1679 nostra
3267 1625 3332 1679 ad
3379 1626 3641 1680 bonorum

2069 1719 2306 1774 omnium
2338 1717 2639 1772 referantur
2664 1726 2937 1771 auctorem
2963 1717 3013 1772 i.
3072 1718 3235 1787 Igitur
3255 1734 3356 1774 nec
3398 1722 3645 1789 sperandi

2069 1810 2267 1879 aliquid
2300 1824 2400 1863 nec
2432 1807 2457 1845 ¹ί
2494 1807 2813 1877 deprecandi
2856 1808 2961 1862 ulla
3007 1810 3143 1863 ratio
3182 1818 3283 1863 est.
3327 1810 3463 1877 Quid
3502 1813 3644 1865 enim

384 1925 486 1990 "il,
512 1930 569 1975 ,η
597 1937 750 1990 mque
778 1922 861 1976 νει
892 1922 1007 1976 ﬁeri
1036 1938 1097 1977 ea
1121 1963 1135 1987 ,
1166 1922 1248 1975 νει
1284 1937 1388 1976 non
1420 1920 1532 1975 ﬁeri
1582 1936 1741 1992 posse
1763 1935 1962 1989 οοεηο,
1999 1907 2041 1962 Β
2070 1905 2149 1958 vel
2180 1913 2355 1969 Speret
2381 1902 2687 1973 quisquam,
2717 1901 2801 1955 vel
2826 1902 2992 1956 etiam
3020 1899 3038 1937 ι
3064 1900 3401 1971 deprecetur,
3434 1903 3645 1971 quando

382 2025 515 2080 scat,
544 2030 663 2085 qua:
691 2016 905 2073 esthzec
930 2014 1285 2083 pracscicntia,
1304 2030 1420 2084 quae
1442 2015 1573 2070 nihil
1602 2022 1828 2077 certum,
1847 2011 1964 2083 (9.5)

382 2110 511 2164 nihil
540 2111 729 2164 Stabile
750 2109 1158 2177 comprehendit
1183 2111 1205 2164 i
1240 2110 1398 2181 327
1430 2110 1536 2163 Aut
1556 2108 1681 2177 quid
1710 2111 1809 2162 hoc
1832 2118 1855 2146 ο
1875 2122 1960 2161 reo

383 2202 487 2255 fert
517 2203 534 2235 ί
559 2201 813 2256 vaticinio
863 2201 957 2255 illo
980 2203 1209 2257 ridiculo
1238 2203 1505 2257 Tiresiae?
1546 2199 1573 2239 ἀ
1603 2201 1865 2271 Quidquid
1884 2201 1964 2254 di-

382 2311 516 2359 cam,
545 2304 633 2347 aut
655 2296 767 2357 erit,
795 2305 886 2348 aut
917 2312 1038 2350 non.
1071 2305 1096 2332 ο
1133 2295 1270 2361 Quid
1294 2297 1455 2350 etiam
1482 2294 1657 2349 divina
1673 2294 1961 2363 providen-

383 2386 456 2439 tia
490 2386 724 2440 hmuana
773 2387 1029 2455 opinione
1076 2388 1427 2456 praestiterit,
1462 2388 1546 2452 si,
1587 2385 1667 2440 uti
1695 2386 1960 2451 homines,

382 2477 583 2535 incerta
610 2478 824 2544 iudicat,
854 2494 1077 2547 quorum
1104 2487 1187 2533 est
1233 2478 1467 2532 incertus
1488 2486 1718 2532 eventus
1744 2478 1765 2529 ?
1802 2476 1957 2542 Quod

381 2572 428 2623 si
452 2570 588 2638 apud
613 2570 760 2624 illum
794 2585 977 2625 rerum
1007 2571 1243 2624 omnium
1268 2568 1628 2623 certissimum
1660 2568 1859 2621 fontem
1886 2569 1965 2622 ni-

384 2661 462 2715 hil
491 2661 569 2732 (5)
590 2662 780 2716 incerti
811 2677 933 2716 esse
957 2671 1155 2731 potest,
1180 2671 1359 2716 certus
1392 2676 1575 2715 eorum
1604 2670 1689 2715 est
1719 2670 1963 2725 eventus,

380 2764 504 2818 qua:
537 2752 710 2805 futura
748 2752 979 2807 ﬁrmiter
1011 2751 1103 2806 ille
1132 2751 1453 2821 praescierit.
1499 2752 1675 2818 Quare
1707 2753 1850 2806 nulla
1880 2762 1964 2807 est

382 2843 633 2896 humanis
660 2843 921 2907 consiliis,
966 2843 1373 2912 actionibusque
1402 2842 1661 2897 libertas:
1706 2858 1838 2909 quas
1876 2843 1961 2896 di-

384 2933 505 2986 vina
535 2947 685 2987 mens
717 2934 832 2988 sine
862 2932 1106 2987 falsitatis
1145 2948 1330 2987 errore
1359 2942 1547 2987 cuncta
1600 2935 1959 3002 prospiciens,

386 3021 454 3074 ad
482 3037 648 3076 unum
669 3021 847 3093 alligat
870 3030 927 3078 et
951 3023 1264 3093 constringit
1304 3033 1578 3078 eventum.
1634 3026 1654 3055 ¹
1681 3024 1797 3091 Quo
1830 3022 1851 3062 ί
1880 3040 1966 3079 se-

386 3116 492 3169 tnel
522 3124 736 3185 recepto
758 3156 775 3181 ,
807 3126 1039 3184 quantus
1062 3125 1089 3164 ε
1139 3130 1359 3170 occasus
1401 3117 1750 3170 humanarum
1783 3132 1962 3171 rerum

2068 1997 2301 2067 optanda
2326 1998 2503 2050 omnia
2534 1994 2702 2050 series
2727 2003 2764 2029 ιη
2795 1993 3054 2048 indeﬂexa
3083 1994 3396 2048 connectit?
3421 1995 3643 2050 Aufere-

2071 2095 2156 2139 tur
2185 2086 2348 2154 igitur
2385 2084 2598 2138 unicum
2630 2081 2759 2137 illud
2794 2083 2934 2136 inter
2972 2082 3215 2137 homines
3262 2082 3533 2153 Deumque
3564 2088 3644 2155 (5)

2068 2175 2480 2238 commercium,
2526 2172 2776 2241 sperandi
2798 2173 3004 2227 scilicet
3029 2188 3091 2227 ac
3113 2181 3137 2208 ιι
3170 2174 3515 2243 deprecandi.
3564 2178 3648 2232 Si-

2070 2266 2282 2334 quidem
2316 2273 2341 2301 ο
2368 2265 2531 2333 justas
2565 2263 2876 2317 humilitatis
2913 2263 3085 2331 pretio
3113 2264 3538 2321 inaestimabilem
3565 2268 3648 2322 vi-

2073 2372 2187 2412 cem
2214 2355 2409 2410 divinre
2457 2353 2640 2424 gratiae
2690 2368 3095 2422 promeremur:
3127 2355 3214 2424 qui
3264 2356 3410 2410 solus
3454 2360 3646 2414 modus

2073 2459 2178 2513 est,
2210 2463 2315 2517 quo
2341 2460 2463 2500 cum
2500 2446 2607 2499 Deo
2632 2443 2867 2511 colloqui
2897 2444 3143 2499 homines
3163 2459 3320 2516 posse
3350 2446 3651 2517 videantur,

2075 2545 2257 2613 illique
2283 2542 2570 2596 inaccessae
2596 2540 2697 2594 luci
2737 2540 2884 2607 prius
2912 2556 3124 2610 quoque
3155 2558 3312 2612 quam
3346 2544 3651 2614 impetrent,

2073 2636 2188 2699 ipsa
2212 2631 2544 2702 supplicandi
2579 2631 2787 2686 ratione
2828 2632 3118 2702 conjungii
3164 2650 3282 2703 quae
3330 2636 3408 2703 si,
3438 2648 3650 2706 recepta

2075 2731 2369 2782 futurorum
2397 2724 2747 2788 necessitate,
2778 2724 2915 2777 nihil
2946 2724 3137 2779 virium
3168 2726 3365 2782 habere
3393 2728 3508 2800 (10)
3541 2744 3653 2785 crc-

2071 2820 2283 2882 dantur,
2337 2815 2462 2885 quid
2489 2816 2591 2869 erit
2621 2856 2636 2880 ,
2688 2827 2794 2881 quo
2819 2816 3030 2867 sumino
3078 2815 3150 2867 illi
3193 2816 3368 2870 ferum
3424 2818 3650 2888 principi

2072 2920 2097 2957 ν
2127 2903 2372 2963 cnnnec'ti
2403 2914 2562 2975 atque
2589 2904 2868 2959 adhaerere
2895 2904 3204 2972 possunus?
3232 2906 3406 2972 Quare
3433 2920 3677 2963 necesse

2071 3011 2176 3065 erit
2233 3008 2524 3062 humanum
2575 3020 2763 3074 genus,
2817 3004 2892 3057 uti
2923 2996 2944 3034 ⁸
2975 3001 3132 3073 paulo
3178 3016 3301 3059 ante
3354 3009 3651 3077 cantahas,

2079 3124 2107 3162 ιι
2127 3112 2426 3179 disceptum
2454 3111 2615 3177 atQue
2640 3104 2961 3175 disiunctum
2984 3098 3082 3159 ἓύο
3112 3104 3255 3162 fonte
3285 3106 3546 3165 fatiscere.

1710 3286 2290 3345 INTERPRETATIO.

462 3457 486 3483 ⁸
531 3448 649 3502 Νοη
683 3450 911 3516 perinde.

460 3517 489 3556 δ
532 3518 622 3572 Est
646 3536 823 3582 expers
853 3521 1064 3577 erroris.

463 3599 488 3625 ε
533 3588 719 3655 Differ!
744 3607 773 3639 η
797 3590 1125 3644 divinatione.

463 3655 490 3693 ά
532 3659 683 3728 Apud
713 3657 1008 3723 Horatium,
1043 3662 1079 3713 ι.
1108 3677 1142 3714 ιι
1168 3660 1358 3728 Serm,
1394 3674 1492 3714 sat.
1520 3660 1571 3714 5.

466 3740 489 3763 α·
532 3730 796 3792 Quomodo
825 3731 998 3783 divina
1041 3732 1359 3798 providentia
1398 3734 1561 3802 major
1592 3732 1685 3784 erit
1726 3731 1972 3800 opinione

392 3803 637 3853 autumni.

471 3870 488 3907 ι
536 3868 684 3934 Quod
712 3870 755 3923 si
782 3872 1118 3935 concesseris,
1148 3872 1344 3924 nullam
1376 3872 1587 3927 scilicet
1613 3885 1735 3925 esse
1765 3870 1818 3924 in
1835 3869 1967 3939 ipsis

394 3941 698 3993 hominibus
730 3940 1052 3996 libertatein.

466 4018 490 4055 ὂ
531 4006 796 4062 luteritus.

465 4078 495 4115 δ
534 4079 612 4132 Ad
638 4079 951 4134 utrumlibet.

2159 3445 2173 3482 ί
2221 3442 2450 3512 Confusa
2482 3444 2816 3513 perturbatio.

2161 3517 2173 3563 ἱ
2222 3515 2407 3569 Deum.

2155 3584 2177 3622 ¹ι
2227 3584 2486 3654 liogandi.

2162 3654 2173 3691 ¹
2225 3654 2405 3723 Roget.

2152 3734 2191 3760 ιη
2232 3723 2600 3779 lntntutabttis.

2153 3803 2179 3830 n
2221 3793 2482 3863 Rogandi.

2146 3874 2169 3900 θ
2213 3865 2371 3919 Recta
2392 3864 2553 3943 nostri
2583 3864 2861 3943 abjectiqne
2890 3882 3139 3923 meremur
3166 3867 3257 3922 Dei
3278 3873 3522 3940 gratiam,
3551 3888 3660 3943 qua!

2071 3952 2173 3988 non
2206 3943 2367 4002 potest
2389 3934 2514 3987 satis
2542 3937 2805 3989 testimari.

2146 4015 2174 4053 ι’
2219 4004 2348 4057 Deo.

2144 4086 2173 4125 q
2217 4074 2526 4143 Separarum
2553 4081 2583 4126 a
2603 4090 2695 4128 suo
2720 4075 2975 4145 principio
3004 4080 3187 4145 perire.

1904 4247 2133 4303 ΝυΤᾸΕ.

469 4390 485 4420 ⁸
553 4386 801 4441 Vaticinio
852 4386 943 4440 illo
981 4388 1200 4459 ridiculo
1247 4387 1514 4459 Tiresian]
1545 4388 1608 4442 Et
1634 4396 1783 4441 certe
1812 4384 1860 4439 si
1883 4384 1972 4459 di-

398 4460 518 4512 vina
548 4459 883 4524 providentia
908 4470 1050 4512 esset
1076 4458 1143 4513 de
1175 4458 1365 4512 futuris
1388 4454 1514 4511 istis'
1533 4460 1733 4522 liberis,
1766 4460 1879 4508 sive
1902 4454 1971 4509 de

398 4531 466 4583 iis
494 4545 608 4597 qua:
644 4545 785 4596 aeque
811 4530 1001 4595 possint
1024 4546 1122 4581 non
1149 4528 1261 4593 ﬁeri
1304 4545 1364 4582 ac
1386 4530 1531 4594 fieri;
1569 4531 1753 4582 eadem
1795 4526 1978 4593 opinio

2156 4384 2193 4464 '_
2222 4381 2530 4464 Quoaemft
2563 4393 2785 4464 recepto.
2818 4382 2837 4454 ]
2865 4384 2952 4440 lli.
2978 4386 3245 4464 Probatur
3269 4394 3567 4462 speciatim,
3601 4416 3665 4454 ex

2083 4461 2232 4519 parte
2263 4454 2432 4518 ipsius
2471 4454 2731 4525 libertatis
2765 4457 3046 4525 qunanaa,
3083 4454 3336 4525 praedicta
3380 4454 3668 4524 concordia

2084 4538 2187 4598 non
2205 4538 2362 4598 posse
2391 4532 2534 4575 stare
2560 4539 2572 4574 :
2599 4524 2722 4598 quia
2747 4524 2832 4598 ubi
2859 4541 2963 4598 non
3011 4524 3092 4581 est
3123 4540 3357 4598 potesms
3375 4535 3440 4588 ad
3466 4546 3668 4593 utrum-

400 4589 540 4674 foret
566 4589 756 4674 similis
776 4589 1236 4674 vaticinationiilli
1265 4589 1505 4674 ridiculae
1521 4598 1739 4674 Tiresiae
1769 4612 1783 4651 :
1828 4589 1977 4674 quid—
2008 4589 2057 4648 D
2086 4593 2237 4673 libet,
2268 4592 2339 4645 ibi
2370 4607 2474 4672 non
2494 4592 2853 4674 _est_homit_iis
2881 4597 3101 4674 viatoris
3124 4589 3383 4657 'libertas.
3441 4589 3668 4674 Sapien-

400 4669 524 4732 quid
553 4668 725 4721 diram
747 4678 835 4721 aut
863 4669 958 4720 erit
982 4679 1068 4721 aut
1105 4685 1228 4722 non.
1264 4671 1497 4723 Tiresias
1529 4668 1623 4720 fuit
1653 4676 1801 4719 vates
1833 4666 1978 4718 Tlte-

402 4738 694 4805 hauus,qui
729 4739 894 4792 fertur
920 4753 953 4803 a7
976 4738 1185 4793 .lunone
1218 4739 1339 4791 laesa
1364 4743 1664 4792 ohcrccatus
1682 4778 1695 4799 ,
1718 4748 1772 4790 et
1794 4751 1823 4789 a
1846 4734 1981 4805 Jove

400 4803 690 4932 vstigserante
715 4808 942 4863 donatus
971 4808 1224 4863 facultate
1267 4808 1612 4863 vaticinandi.
1660 4808 1842 4861 Horat.
1867 4803 1904 4858 Ι.
1944 4819 1980 4857 ιι

475 4894 601 4932 τιη..
632 4888 732 4931 sat.
762 4880 796 4932 ὅ
824 4894 838 4930 :

475 4894 601 4944 rm.,
632 4893 732 4931 sat.
762 4893 796 4933 ὸ
824 4894 838 4930 :

524 5008 629 5071 line
652 5021 848 5071 quoque
864 5008 1073 5065 Tiresia,
1099 5017 1277 5069 prmter
1302 5017 1492 5056 narrata
1520 5009 1707 5069 petenti

524 5069 784 5125 llespdnde
806 5072 980 5131 quibus
1003 5071 1207 5117 amissas
1239 5083 1471 5130 reparare
1491 5083 1667 5130 queam
1689 5082 1770 5118 res

522 5131 579 5178 At
594 5132 723 5180 tibus
744 5140 892 5190 atque
918 5132 1131 5178 modis...

590 5192 631 5240 Ο
657 5192 769 5239 nulli
797 5193 1054 5253 quidquam
1080 5193 1285 5240 mentite
1312 5192 1470 5248 vides,
1499 5199 1551 5239 ut

523 5252 696 5303 Nudus
722 5252 959 5315 inopsque
981 5255 1175 5301 domum
1200 5255 1402 5302 redeam
1428 5260 1481 5301 te
1511 5261 1678 5303 vate...

476 5399 571 5453 llic
584 5408 760 5453 autem
774 5408 939 5463 vates,
958 5400 1055 5452 inst
1067 5413 1126 5451 ar
1141 5409 1484 5465 cmterorum,
1501 5401 1744 5467 ambigue
1756 5402 1987 5468 locutus,

403 5471 609 5523 solebat
643 5470 821 5523 dicere
843 5487 855 5520 :
897 5471 1142 5538 quidquid
1161 5470 1345 5533 dicam,
1371 5481 1460 5523 aut
1486 5473 1604 5535 erit,
1632 5484 1718 5524 aut
1741 5490 1839 5524 non
1866 5491 1885 5528 :
1911 5477 1991 5527 in-

382 5539 667 5605 'telligvns,
695 5555 789 5591 sua
814 5540 949 5592 dicta
983 5544 1093 5591 lore
1119 5553 1208 5592 aut
1229 5558 1331 5593 non
1348 5540 1459 5594 fore
1482 5558 1634 5605 vera;
1665 5557 1787 5595 cum
1813 5556 1988 5597 tamen

399 5611 517 5661 aliis
542 5610 941 5675 intelligendum
969 5610 1493 5675 prmhuretsuadicta
1536 5616 1850 5668 siveaiendo
1877 5618 1989 5668 sive

403 5680 652 5749 negando
680 5695 894 5747 semper
914 5679 1030 5733 fore
1060 5697 1204 5734 vera.
1242 5682 1492 5737 Horatius
1534 5684 1791 5752 przedicto
1817 5686 1934 5740 loco
1969 5703 1982 5737 :

521 5805 562 5869 ς)
590 5806 844 5856 Laertiade
861 5845 873 5863 ,
902 5809 1144 5869 quidquid
1168 5811 1322 5859 dicam
1342 5820 1423 5863 aut
1444 5815 1541 5863 erit
1562 5822 1645 5863 aut
1670 5830 1764 5867 non
1787 5829 1799 5863 :

519 5866 755 5916 Divinare
782 5866 967 5918 etenim
991 5866 1196 5929 magnus
1219 5875 1333 5920 mihi
1354 5875 1499 5923 donat
1530 5877 1716 5937 Apol'o.

679 5948 953 6009 Ριτηοι..
1000 5950 1243 6010 LXIIL

2090 4662 2297 4738 tissime
2325 4664 2466 4738 enim
2494 4660 2727 4738 Ecclesia
2760 4663 3030 4738 damnavit
3061 4668 3195 4722 hanc
3222 4660 3664 4738 propositionem:

2090 4734 2169 4785 Ad
2190 4732 2482 4810 merendum
2498 4741 2541 4782 et
2555 4732 2908 4810 demerendum
2934 4737 2987 4788 in
3015 4747 3148 4789 statu
3170 4732 3367 4794 natura:
3393 4744 3551 4810 lapsa:
3568 4765 3671 4803 non

2090 4801 2365 4880 requiritur
2386 4802 2437 4853 in
2459 4800 2665 4885 homine
2693 4802 2899 4881 libertas
2928 4822 2958 4857 a
2999 4814 3330 4885 necessitate;
3364 4800 3456 4865 sed
3488 4800 3670 4885 sufﬁcit

2092 4890 2123 4924 a
2150 4872 2408 4951 coactique
2437 4885 2458 4923 :
2482 4873 2681 4951 optime
2710 4876 2872 4951 etiam
2903 4891 3043 4930 nunc
3066 4872 3374 4935 diciturlinc
3405 4872 3669 4951 potesiate

2092 4941 2298 4995 suhlata
2326 4943 2438 4993 fore
2473 4948 2551 5019 ιιι,
2580 4942 2632 4995 1⁰
2663 4958 2761 4996 nec
2788 4946 2944 4999 virtus
2976 4958 3249 5019 essetnec
3269 4941 3444 5005 vitium
3463 4996 3476 5019 ,
3509 4941 3671 5012 adeo;

2094 5026 2198 5081 que
2228 5025 2328 5065 nec
2359 5012 2646 5084 primitium,
2702 5028 2799 5067 nec
2829 5016 3138 5083 supplicium
3173 5034 3194 5084 ;
3252 5021 3309 5073 2°
3341 5012 3481 5080 Deus
3525 5041 3669 5084 esset

2095 5090 2276 5168 auctor
2300 5082 2521 5162 omnium
2552 5083 2787 5168 vitiorum
2817 5099 2835 5147 ,'
2877 5082 2939 5139 ὅσ
2977 5103 3073 5140 nec
3104 5082 3344 5154 sperandi
3365 5110 3462 5148 nec
3491 5082 3669 5168 dep};

2094 5153 2245 5224 θαηάὶ
2274 5153 2403 5204 ratio
2433 5160 2593 5224 esset,
2626 5152 2866 5220 adeoque
2888 5152 3179 5224 auferre‘itr
3202 5165 3408 5215 unicum
3431 5152 3566 5220 illud
3589 5172 3671 5223 in-

2094 5236 2167 5273 trr
2186 5223 2413 5294 homines
2446 5220 2704 5294 Qeumque
2721 5220 3098 5293 commercium,
3123 5234 3363 5291 sperandi
3387 5220 3669 5294 scilicvtvac

2093 5292 2436 5371 deprefapdi;
2461 5289 2517 5341 4°
2540 5290 2770 5371 denique
2802 5289 3265 5371 humanum'genus
3293 5289 3571 5371 disceptant

2092 5380 2190 5431 que
2218 5366 2529 5441 disjurtctum
2551 5376 2644 5441 suo
2673 5366 2812 5441 [ante
2837 5369 3058 5441 fatiscat.
3099 5366 3256 5440 Atqui
3291 5366 3461 5441 posita
3486 5379 3667 5434 divina

2100 5430 2451 5510 providentia,
2488 5430 2762 5510 nullaerit
2864 5436 3090 5510 lumine
3120 5430 3321 5495 vizitore
3347 5456 3578 5510 potestas

2100 5503 2406 5555 utrumlibet
2438 5518 2449 5551 :
2481 5501 2739 5575 siquidem
2770 5505 2946 5559 divina
2981 5498 3308 5575 piovideutia
3331 5498 3357 5572 ,’
3382 5498 3663 5575 indicium“

2096 5583 2197 5633 cst,
2229 5581 2285 5624 ut
2312 5582 2572 5645 potequze
2600 5572 2820 5627 evidens
2849 5588 2950 5642 est,
2985 5572 3103 5631 iura
3123 5622 3137 5645 ,
3162 5590 3217 5634 et
3243 5595 3386 5637 certa
3416 5590 3525 5640 scie
3568 5600 3635 5643 tea

2097 5658 2200 5729 μου
2233 5636 2323 5729 est
2345 5643 2446 5729 nisi
2472 5636 2545 5694 de
2574 5646 2913 5729 necessariis,
2937 5636 3204 5729 il.lf]tic,'ul
3233 5636 3523 5720 loquuntur
3551 5636 3667 5729 phi:

2094 5712 2326 5781 InSOphi,
2366 5712 2434 5765 ad
2468 5728 2625 5765 unum
2650 5712 3016 5771 determinatis.

2163 5803 2199 5893 _‘.
2227 5802 2398 5893 ξαέιίο
2435 5814 2550 5893 ’τηις
2580 5806 2927 5893 unum-.1.
2955 5808 3120 5893 Ubi".
3163 5812 3409 5893 ιίάειίςει
3453 5833 3663 5893 φίλι-ιο.

2092 5883 2269 5931 metro
2298 5878 2352 5933 θ.
2383 5889 2539 5933 versu
2571 5879 2657 5940 15,
2692 5876 2782 5932 ubi
2814 5876 3154 5950 Philosophia
3180 5876 3519 5952 loquebatur.

3190 5976 3269 6036 27
