2145 3129
302 201 351 228 847

911 197 964 225 AN.
987 196 1090 225 MANL.
1112 196 1186 225 SEV.
1210 196 1320 224 ΒΟΕΤΙΙ

1881 193 1933 221 8η

302 265 347 285 sus
371 260 534 291 mu.lurnque
554 255 678 291 qumsita;
700 254 747 282 sed
762 254 831 281 haud
848 262 979 289 quaquam
995 255 1029 281 ab
1040 255 1094 281 nllo
1108 256 1131 282 Α
1147 253 1370 280 convenientibus
1381 252 1592 287 nect'ssariisque
1604 251 1692 279 causis
1704 257 1764 278 esse
1776 250 1935 279 ducendam.

302 307 420 331 vestrum
432 303 558 330 hactentts
573 302 637 329 satis
647 302 829 336 diligenterae
839 302 950 328 ﬁrmiter
959 301 1092 335 expedita.

301 350 309 365 '
325 350 407 383 Cujus
422 353 434 367 ⁸
449 348 569 382 caliginis
584 348 624 383 (5)
639 354 718 374 causa
733 351 784 380 est,
798 346 867 381 quod
883 346 1003 373 humanae
1013 346 1093 373 ratio-

300 395 441 423 cinationis
454 399 541 422 motus
554 394 586 421 ad
597 393 694 420 divinae
707 393 881 428 prmscienti:e_
895 393 1092 427 simplicitatem

300 449 352 468 non
366 445 451 475 potest
461 439 595 466 admoveri
609 448 615 465 :
626 447 684 474 quae
693 439 716 465 si
726 438 778 465 ullo
787 439 867 465 modo
877 437 989 473 cogitari
1001 442 1091 473 queat,

299 487 366 515 nihil
391 494 503 522 prorsus
528 486 693 520 relinquetur
706 484 721 504 ι’
741 485 879 520 ambigui:
902 485 972 519 quod
991 484 1026 511 ita
1043 484 1091 511 de-

299 540 370 559 murn
388 532 547 566 patefacere,
565 536 645 565 atque
665 536 676 550 ε
700 530 825 565 expedire
846 531 964 565 tentabo,
980 531 1002 558 si
1017 531 1091 565 prius

296 587 327 605 ra
341 579 437 613 quibus
452 578 579 610 moveris,
591 576 604 595 ἀ
619 576 866 612 expendero.335
881 577 890 592 ²
906 577 1003 610 Qumro
1017 577 1089 603 enim

297 632 343 651 cur
355 625 426 651 illam
442 623 601 651 solventium
617 623 746 649 rationem
763 627 774 640 ε
790 623 876 649 minus
889 622 1025 649 efﬁcacem
1041 630 1090 657 pu-

296 674 336 697 tes
352 678 359 696 :
374 677 433 704 qua:
448 669 510 704 qtria
530 668 722 703 pra-scientiam
742 675 794 694 non
813 674 872 695 esse
895 667 991 694 l'nturis
1011 667 1090 695 rebus

295 722 405 742 causam
429 714 597 742 necessitatis
622 713 767 744 existimat,
789 713 853 740 nihil
874 713 996 748 impediri
1020 721 1089 747 prae-

296 761 408 788 scientia
421 759 525 788 arbitrii
540 760 689 787 libertatem
706 763 789 794 putat.
800 758 869 786 Num
880 759 950 786 enim
965 762 992 786 tn
1005 759 1090 785 aliun-

294 807 329 835 de
352 810 540 841 argumentum
564 805 711 832 i'uturnrum
734 804 900 832 necessitatis
923 804 1016 836 trahis,
1038 803 1088 831 nisi

294 851 365 886 quod
373 859 404 879 ea
412 851 452 886 (5)
459 858 517 885 qua:
527 850 715 883 prmsciuntur,
726 857 777 877 non
784 850 893 876 evenire
900 856 952 876 non
960 850 1090 883 possunt?

293 897 322 924 Si
338 896 417 930 igitur
432 895 563 931 prmnotio
574 896 674 923 nullam
690 894 784 922 futuris
798 895 879 922 rebus
891 894 981 929 adjicit
996 901 1088 921 neces-

1148 298 1199 325 Setl
1217 297 1282 333 fqui
1296 298 1351 325 ﬁeri
1370 302 1465 331 potest,
1481 303 1510 323 ut
1521 305 1550 324 ca
1567 304 1619 323 non
1635 296 1801 331 proveniant,
1817 304 1876 330 qua:
1894 296 1937 323 fu-

1147 349 1204 370 tttra
1220 352 1279 371 esse
1295 343 1485 378 providentur?
1501 343 1582 376 Quasi
1602 350 1666 370 vero
1681 349 1729 369 nos
1743 350 1784 374 ea.
1800 349 1860 376 quae
1875 350 1936 375 pro-

1146 389 1262 416 videntia
1277 389 1365 416 futura
1379 397 1440 416 esse
1461 388 1612 423 prmnosci',
1629 396 1680 415 non
1696 393 1823 415 eventura
1839 389 1935 415 creda-

1145 442 1203 461 mus
1218 442 1268 461 :ae
1287 443 1338 461 non
1353 434 1417 461 illttd
1432 433 1489 470 (‘25)
1510 434 1598 467 potius
1612 433 1784 465 arbitremur,
1800 434 1861 460 licet
1874 441 1937 460 eve-

1145 480 1227 512 niant,
1239 479 1304 506 nihil
1314 484 1412 512 tamen,
1422 483 1451 506 ut
1460 479 1607 510 evenirent.
1618 479 1658 506 sui
1669 484 1760 505 natura
1770 478 1937 506 neci-ssilatis

1131 524 1271 552 oltabuisse
1284 533 1291 551 :
1303 524 1374 559 quod
1396 524 1458 551 hinc
1481 524 1558 551 facile
1573 523 1722 559 perpendas
1741 524 1840 551 licebit.
1858 523 1936 550 Plura

1143 570 1241 598 etenim
1263 569 1326 597 dum
1345 570 1422 603 liunt,
1443 570 1563 604 subjecta
1584 569 1667 596 oculis
1687 570 1843 597 intuemur:
1859 574 1886 596 ut
1904 577 1936 595 ea

1143 624 1201 651 qua:
1215 617 1240 643 in
1254 621 1266 640 κ
1279 616 1415 651 quadrigis
1429 615 1599 643 moderandis
1610 620 1689 650 atque
1699 615 1837 643 ﬂectendis
1849 616 1936 642 facere

1143 667 1298 696 spectantur
1321 663 1420 697 aurigae
1436 670 1444 691 :
1461 667 1541 697 atque
1561 662 1594 689 ad
1617 662 1686 689 hunc
1702 662 1810 689 modum
1826 665 1936 688 cmiera.

1143 709 1210 735 Num
1226 709 1306 744 igitur
1318 708 1461 743 quidquam
1476 708 1581 735 illorum
1597 708 1631 735 ita
1647 708 1703 735 ﬁeri
1717 708 1862 735 necessitas
1877 707 1936 742 (30)

1143 754 1196 781 ulla
1218 753 1371 788 compellit?
1387 753 1507 781 Minime.
1522 752 1632 780 Frustra
1647 752 1717 781 enim
1731 758 1803 780 esset
1817 753 1881 780 artis
1897 752 1936 780 ei-

1143 800 1238 832 l'cctus,
1250 800 1273 826 si
1289 799 1378 826 omnia
1396 804 1488 826 coacta
1503 804 1685 827 moverentur.
1698 799 1764 833 Qua:
1777 799 1858 833 igitur
1872 806 1934 826 cum

1145 844 1224 877 ﬁunt,‘
1232 848 1324 871 carent
1345 844 1475 871 existendi
1491 845 1660 877 necessitate,
1675 844 1767 872 eadem
1780 845 1934 879 priusquam

1144 891 1218 925 ﬁant,
1235 890 1294 918 sine
1317 890 1477 918 neceSsitale
1492 889 1577 917 iulura
1594 894 1666 917 sunt.
1681 890 1769 924 Quare
1787 895 1849 917 sunt
1863 890 1935 925 qua:2

294 942 411 973 sitatem,
422 940 494 975 quod
509 945 537 967 tu
548 941 628 967 etiam
641 940 717 974 paulo
732 944 795 966 ante
809 939 941 971 fatebare;
958 938 1020 973 quid
1035 944 1086 972 est,
1105 947 1127 975 Β
1142 936 1202 963 dam
1216 941 1357 969 eventura,
1370 943 1484 971 quorum
1495 936 1583 963 exitus
1593 937 1627 963 ab
1640 936 1713 963 omni
1729 936 1888 963 necessitate
1899 944 1912 963 s
1924 942 1934 963 ι

293 987 365 1022 quod
390 987 533 1014 νυΙυιιιιιιίἱ
556 986 643 1014 exitus
666 993 756 1013 rerum
778 985 811 1012 ad
836 991 937 1012 certum
958 990 1088 1020 cogantur

293 1032 442 1060 eventum?
456 1032 562 1059 Etenim
578 1031 718 1066 positionis
741 1031 839 1066 gratia,
860 1035 889 1057 ut
910 1031 972 1065 quid
994 1038 1088 1058 conse-

293 1084 392 1114 quatur
413 1078 548 1110 advertas,
569 1082 717 1104 statuamus
740 1076 838 1103 trullam
862 1083 922 1103 esse
943 1075 1086 1109 przescien-

295 1126 369 1152 tiam.
381 1123 448 1151 Num
460 1123 549 1158 igitur,
558 1129 687 1158 quantttm
698 1122 731 1149 ad
743 1122 792 1149 hoc
804 1121 908 1154 attinet,
918 1121 974 1157 (l0)
985 1129 1045 1157 qua:
1054 1129 1085 1149 ex

293 1169 406 1197 arbitrio
416 1168 553 1200 eveniunt,
565 1168 599 1195 ad
611 1168 797 1195 necessitatem
810 1166 1086 1201 eoguntur?’Minime.

293 1216 448 1242 Statuamus
467 1214 562 1241 iterum
578 1220 648 1246 esse,
670 1213 717 1240 sed
739 1212 805 1240 nihil
827 1213 907 1240 rebus
923 1213 1088 1239 necessitatis

294 1261 444 1296 iniungere,
460 1259 587 1291 manebit,
605 1263 633 1286 ut
647 1259 753 1293 opinor,
774 1258 867 1285 eadem
883 1257 1026 1285 voluntatis
1045 1257 1087 1284 in-

294 1311 368 1341 tegra
391 1309 471 1339 atque
493 1304 616 1332 absohrta
638 1304 759 1331 libertas.
780 1303 834 1331 Sed
854 1303 1031 1338 praeseientia,
1046 1303 1088 1330 in-

294 1352 382 1387 quies,
399 1351 505 1379 tametsi
528 1351 622 1378 futuris
640 1349 783 1378 eveniendi
801 1349 948 1377 necessitas
967 1357 1019 1376 non
1036 1354 1087 1382 est,

293 1398 398 1432 signum
415 1402 503 1424 tamen
523 1401 573 1429 est,
590 1395 741 1423 necessario
758 1402 790 1422 ea
808 1402 868 1421 esse
887 1398 1009 1421 ventura.
1033 1394 1088 1422 Hoc

294 1444 374 1478 igitur
399 1442 489 1476 modo,
507 1442 588 1470 etiam
610 1442 631 1468 si
655 1441 829 1475 praeeognitio
845 1440 902 1475 (15)
915 1448 968 1467 non
983 1440 1087 1474 fuisset,

294 1487 462 1515 necessarios
483 1487 631 1514 futurorum
651 1487 740 1513 exitus
759 1493 819 1512 esse
837 1489 983 1512 constaret.
1005 1485 1089 1513 Omne

293 1533 392 1565 etenim
409 1533 524 1568 signum,
541 1537 642 1559 tantum
658 1531 720 1566 quid
742 1531 786 1562 sit,
803 1531 930 1563 ostendit,
952 1539 1004 1558 non
1024 1539 1089 1558 vero

293 1578 375 1607 efﬁcit
399 1579 471 1613 quml
494 1577 626 1612 designat.
647 1576 735 1610 Quare
755 1575 991 1603 demonstrandum
1015 1576 1089 1611 prius

1138 986 1288 1013 absolutus.
1312 986 1393 1022 336
1412 985 1477 1013 Nam
1494 986 1558 1013 illud
1578 986 1685 1020 quidem
1702 986 1804 1013 nulltrm
1819 987 1934 1015 arbitror

1139 1039 1199 1060 esse
1213 1031 1358 1065 dicturum,
1370 1032 1441 1066 quod
1458 1039 1517 1066 qua:
1532 1039 1603 1059 nunc
1628 1032 1703 1062 ﬁunt.
1719 1032 1873 1067 priusquam
1887 1033 1935 1060 ﬁe-

1139 1084 1210 1110 rent,
1227 1083 1356 1105 eventura
1371 1084 1423 1104 non
1439 1077 1546 1104 fu‘erint.
1562 1076 1624 1104 Hinc
1642 1077 1723 1111 igitur
1735 1078 1815 1104 etiam
1831 1085 1933 1112 praeco-

1137 1123 1210 1157 gnita
1223 1122 1320 1149 liberos
1333 1121 1432 1149 habent
1443 1127 1565 1149 eventus.
1579 1122 1645 1149 Nam
1658 1122 1726 1149 sicut
1736 1123 1847 1150 scientia
1861 1130 1930 1157 prte-

1139 1168 1254 1195 sentinm
1273 1175 1362 1195 rerurn
1378 1167 1445 1194 nihil
1462 1167 1503 1194 ltis
1521 1174 1582 1201 qua:
1603 1167 1680 1200 ﬁunt,
1704 1167 1738 1193 ita
1767 1168 1934 1201 praescientia

1140 1214 1287 1240 futurorum
1305 1212 1370 1239 nihil
1385 1211 1425 1239 ltis
1439 1220 1498 1246 quae
1511 1208 1622 1246 ventura
1635 1212 1674 1246 (5)
1689 1216 1751 1238 sunt
1765 1212 1934 1239 necessitatis

1139 1258 1152 1277 δ
1169 1260 1305 1293 importat.
1322 1257 1374 1286 Sed
1390 1257 1453 1291 hoc,
1468 1257 1567 1292 inquis,
1584 1258 1669 1291 ipsutn
1685 1257 1831 1289 dubitatur,
1843 1265 1875 1284 an
1889 1266 1933 1285 ει-

1141 1312 1200 1331 rum
1214 1311 1304 1332 rerum
1323 1311 1383 1337 qua:
1400 1304 1569 1331 necessarios
1584 1302 1672 1330 exitus
1688 1311 1739 1330 non
1755 1302 1864 1335 habent,
1880 1303 1933 1330 nlla

1141 1349 1224 1382 possit
1242 1355 1302 1377 esse
1322 1348 1461 1383 praenotio.
1488 1349 1496 1366 ⁸
1511 1348 1656 1375 Dissonare
1673 1349 1771 1375 etenim
1788 1348 1912 1375 videntur
1926 1357 1932 1375 :

1142 1400 1283 1430 putasqne,
1302 1395 1325 1421 si
1347 1394 1553 1428 pratvideantur,
1572 1394 1700 1428 consequi
1725 1395 1909 1422 necessitatem
1926 1405 1933 1421 :

1140 1442 1163 1468 si
1176 1442 1321 1468 nece5sitas
1332 1441 1413 1474 desit,
1427 1440 1539 1467 minime
1555 1441 1684 1474 prmsciri,
1697 1440 1814 1475 nihilque
1825 1440 1933 1467 scientia

1141 1487 1335 1521 conprehendi
1350 1494 1428 1521 posse
1443 1486 1494 1513 nisi
1508 1491 1622 1513 certum.
1640 1486 1716 1519 Quod
1731 1486 1753 1512 si
1768 1493 1827 1521 qua:
1841 1487 1934 1514 incerti

1140 1538 1202 1560 sunt
1218 1533 1276 1568 (l0)
1291 1532 1388 1564 exitus,
1405 1539 1436 1559 ea
1451 1532 1527 1566 quasi
1541 1537 1613 1558 certa
1632 1530 1814 1565 providentur,
1829 1531 1935 1565 opinio-

1141 1580 1182 1605 nis
1195 1578 1220 1605 id
1231 1586 1291 1605 esse
1304 1577 1310 1603 i
1327 1577 1481 1612 caliginem,
1495 1584 1548 1604 non
1559 1576 1678 1603 scientiae
1688 1578 1838 1603 veritatem.
1851 1577 1936 1603 Aliter

294 1628 347 1656 est,
362 1624 428 1651 nihil
445 1631 498 1650 non
509 1631 541 1650 ex
558 1622 718 1649 necessitate
732 1621 895 1655 contingere,
907 1627 936 1647 ut
947 1622 1089 1655 prtenotio-
1104 1628 1126 1659 ρ
1142 1623 1213 1650 enim
1228 1630 1260 1650 ae
1280 1630 1339 1650 sese
1354 1630 1397 1650 res
1414 1623 1540 1654 habeant,
1554 1624 1569 1644 Ιι
1585 1621 1719 1656 arbitrari,
1737 1622 1770 1649 ah
1785 1622 1935 1657 integritate

294 1677 356 1697 nem
378 1670 482 1704 signum
498 1675 558 1695 esse
574 1667 654 1701 hujus
675 1666 843 1693 necessitatis
860 1671 997 1700 appareat.
1013 1666 1087 1693 Alio-

293 1715 358 1750 quin
374 1714 396 1741 si
414 1715 470 1740 ltzt‘c
485 1712 556 1740 nulla
572 1717 624 1744 est,
647 1719 696 1739 nec
717 1711 758 1738 illa
780 1711 887 1746 quidem
906 1711 965 1745 ejus
990 1711 1029 1738 rei
1051 1712 1086 1738 si-

294 1767 375 1793 gnum
393 1758 490 1793 poterit
503 1764 574 1790 esse,
590 1764 649 1790 qua:
665 1756 721 1791 (ὶο)
737 1763 789 1782 ηοιι
805 1760 856 1783 est.
872 1755 929 1782 dam
948 1763 1011 1782 vero
1027 1763 1087 1790 pro-

295 1804 429 1831 bationem
455 1802 530 1829 ﬁrma
554 1802 657 1828 ratione
679 1802 819 1828 subnixam
841 1804 958 1831 constat,
977 1808 1035 1827 non
1057 1809 1090 1828 ex

1142 1669 1264 1695 scientim
1281 1669 1369 1696 credis
1387 1676 1446 1696 csse
1462 1667 1609 1696 diver‘sum.
1623 1670 1633 1685 ³
1648 1669 1729 1704 Cujus
1744 1670 1843 1697 erroris
1855 1677 1935 1697 causa

1144 1719 1195 1746 est,
1212 1713 1281 1747 qttod
1297 1714 1385 1741 omnia
1401 1722 1460 1749 qua:
1473 1714 1586 1748 quisque
1601 1715 1685 1746 novit.
1698 1723 1731 1742 ex
1747 1715 1863 1747 ipsorum
1880 1719 1935 1741 tan-

1146 1764 1201 1785 turn
1215 1759 1241 1785 vi
1252 1763 1332 1793 atque
1346 1765 1439 1786 natura
1452 1760 1576 1794 cogiiosci
1588 1760 1722 1787 existimat
1733 1768 1793 1795 qua:
1804 1762 1935 1792 sciuntur,

1146 1805 1215 1838 quod
1236 1809 1320 1831 totum
1336 1810 1428 1832 contra
1450 1809 1501 1832 est.
1522 1805 1608 1833 Omne
1625 1804 1632 1824 ι
1649 1806 1719 1833 enim
1732 1806 1790 1841 (i5)
1805 1806 1874 1840 quod
1889 1813 1935 1833 co-

292 1849 377 1876 s'um‘:
414 1855 502 1883 neque
523 1847 612 1881 petitis
631 1847 799 1874 extrinsecus
813 1847 1048 1880 argumenlis.sed
1061 1855 1093 1874 ex
1147 1851 1295 1885 gnoscitur,
1319 1858 1372 1878 non
1398 1851 1544 1878 secundum
1568 1852 1609 1879 sui
1632 1852 1696 1884 vim.
1720 1853 1765 1879 sed
1791 1852 1936 1880 secundum

980 1915 1268 1946 INTERI‘RETATIO.

330 1984 542 2023 f'Qbscurt'tatis.
1184 1987 1197 2005 ¹¹
1215 1988 1307 2023 Infert.

329 2019 344 2038 ὓ
1215 2019 1343 2060 (fugitare.

331 2060 342 2093 ξ
361 2054 509 2093 Emittit-are.
1186 2058 1193 2082 ἱ
1215 2054 1411 2087 Οὸὶειινῑιιιιεηι.

329 2089 341 2107 d
360 2089 525 2122 Explicuero.
1184 2093 1195 2111 ¹ί
1211 2093 1344 2121 Judimre.

331 2130 343 2142 ο
359 2126 423 2156 Quae
440 2124 552 2150 habetur
567 2130 643 2158 prosa
657 2123 674 2150 3
689 2123 767 2157 hujus
781 2123 840 2156 lil).,
859 2129 912 2150 not.
927 2124 953 2150 3.

330 2159 342 2178 τ
362 2159 505 2191 Quomodo.

329 2199 344 2217 ε
359 2194 492 2221 Curribus.

1187 2127 1193 2146 ¹
1214 2128 1289 2168 Quod
1303 2130 1471 2168 cognoscitur,
1487 2130 1515 2156 id
1528 2137 1579 2168 non
1599 2131 1634 2157 ad
1653 2131 1758 2168 modum
1772 2133 1879 2168 cogniti,
1893 2133 1936 2161 sed

1147 2165 1180 2190 ad
1195 2164 1296 2190 modum
1309 2165 1393 2198 potius
1403 2166 1575 2199 cognoscentis
1588 2167 1758 2200 cognoscitur.

1060 2251 1173 2279 ΝΟΤᾸΞ.

296 2318 401 2354 Marcus
414 2316 518 2354 Tullius
531 2315 699 2354 Cieerp.__qut_
713 2323 774 2343 ntnc
793 2320 885 2354 negata
901 2317 991 2354 divina
1006 2317 1091 2351 previ-
1109 2319 1132 2347 D
1147 2323 1223 2352 pacto
1237 2325 1244 2345 :
1258 2318 1291 2349 si.
1307 2324 1392 2352 posrta
1409 2321 1524 2345 unman'a
1538 2317 1669 2352 libertate,
1687 2320 1852 2354 providentia
1867 2322 1937 2350 divi‘

296 2352 397 2384 tientia,
414 2351 476 2379 inde
490 2359 553 2378 vitro
565 2351 680 2378 stabilita
692 2351 807 2378 lmmana
823 2352 955 2383 libertate,
968 2352 1029 2378 dum
1038 2353 1091 2379 vult

296 2388 410 2421 homines
424 2387 507 2421 facere
520 2387 623 2417 liberos,
648 2386 733 2421 inquit
754 2386 783 2414 S.
804 2388 870 2421 Aug.
886 2395 901 2412 v
916 2386 949 2414 de
959 2387 1020 2414 Civ.
1034 2387 1092 2419 Dei,

295 2423 356 2455 c.9,
371 2422 479 2449 eosdem
496 2422 558 2456 facit
571 2421 718 2458 sacrilegos.
731 2423 923 2458 Argumentum
935 2422 1014 2449 Tullii
1027 2422 1092 2449 illud

295 2463 337 2485 est
351 2465 405 2492 quo
418 2464 498 2490 supra
512 2464 576 2484 usus
590 2461 631 2484 est
645 2457 762 2488 Boetius,
779 2457 849 2490 quod
865 2457 991 2484 nimirum
1005 2460 1090 2492 posita

300 2493 416 2519 humana
429 2492 563 2522 lihertate,
581 2492 803 2524 quemadmodum
817 2493 981 2526 experientia
997 2493 1091 2524 proba-

297 2534 339 2555 tur
355 2527 488 2561 ponenda,
504 2527 669 2560 providentia
686 2527 774 2553 divina
791 2531 905 2561 nequeat
915 2534 976 2554 esse
991 2527 1090 2562 (qualis

295 2567 347 2593 est,
361 2566 406 2588 aut
421 2561 515 2594 nulla),
528 2562 647 2592 evidens,
659 2569 721 2588 vera
735 2567 762 2588 et
774 2567 846 2588 certa
858 2562 980 2589 scientia.

332 2598 340 2613 ¹
358 2597 438 2632 Cujus
450 2597 566 2632 caliginis
577 2596 676 2632 cauam]
688 2596 719 2623 II.
731 2596 901 2630 Philosophia
912 2597 958 2628 ait,
973 2596 1031 2623 ideo
1044 2605 1089 2624 ve-

297 2639 367 2660 :eres
387 2631 604 2665 recentioresque
620 2631 673 2658 non
692 2639 771 2663 posse
786 2631 930 2659 conetliare
946 2631 1089 2665 providen-

295 2670 359 2695 tiam
371 2667 488 2695 divinarrr
499 2673 559 2694 cum
570 2666 684 2693 humana
695 2667 827 2697 liherlate,
839 2666 901 2701 quia
913 2674 1003 2693 eorum
1014 2674 1089 2694 mens

297 2703 427 2732 inﬁrmior
445 2708 485 2729 est
504 2709 584 2736 quam
605 2706 633 2728 ιιι
654 2702 739 2733 pos~it
760 2702 877 2728 divinam
896 2702 1088 2735 praenotionem

298 2739 456 2773 percipere:
472 2738 542 2764 unde
562 2737 772 2771 praecipitatione
790 2742 817 2764 et
841 2737 995 2773 praejudicio
1018 2737 1090 2771 judi-

296 2781 371 2805 cans,
388 2777 467 2808 negat
483 2772 819 2808 divinamprovidentiam.
834 2772 904 2806 quod
921 2772 1014 2799 eadem
1032 2772 1090 2806 phi-

300 2808 419 2841 IOsophia
429 2808 591 2841 promittitse
599 2807 853 2838 demnnstraturam,
863 2813 1000 2842 postquam
1012 2816 1089 2841 argu-

297 2843 406 2881 mentis,
417 2843 599 2881 quibusantea
612 2842 718 2881 Bttctius
731 2842 1086 2881 movehaturtresponderit.

334 2879 344 2893 ⁸
366 2877 459 2912 Quwro
483 2878 565 2912 enim,
590 2877 654 2912 cte.]
683 2879 724 2903 ΙΙΙ.
755 2877 922 2910 Philosophia
947 2877 1089 2910 respondet

297 2911 461 2944 argumentis
479 2911 574 2945 quibus
593 2911 674 2945 supra
690 2919 752 2939 usus
767 2916 808 2939 est
826 2912 944 2943 Boetius;
965 2912 1014 2938 hoc
1031 2912 1089 2939 fere

1145 2361 1178 2379 na
1201 2354 1281 2386 pessit
1295 2360 1355 2380 esse
1370 2360 1423 2380 non
1439 2354 1519 2380 modo
1534 2354 1654 2386 evidens,
1670 2363 1762 2383 verum
1777 2356 1855 2383 etiam
1873 2365 1935 2385 vera

1147 2392 1173 2414 et
1188 2393 1261 2415 certa
1280 2387 1429 2425 futurorum
1445 2388 1568 2425 scientia,
1584 2395 1657 2416 certe
1669 2390 1757 2417 divina
1772 2392 1936 2425 providentia

1144 2423 1416 2460 recteqconciliabitur
1436 2430 1497 2450 cum
1522 2424 1636 2451 ltrrmana
1652 2423 1793 2452 libertate:
1805 2427 1935 2460 εἰιιιιτὼειη

1144 2458 1270 2495 przcdieta
1292 2458 1384 2495 omnia
1409 2463 1564 2495 argumenta
1585 2461 1718 2487 contraria
1744 2461 1793 2488 hac
1812 2458 1935 2495 proposi-

1145 2493 1217 2520 tione
1227 2493 1408 2525 continentur,
1426 2493 1495 2520 sicut
1512 2495 1659 2521 attendenti
1675 2495 1784 2528 patebit.
1800 2493 1877 2528 Atilii
1893 2505 1936 2525 res

1144 2528 1177 2554 ita
1191 2536 1219 2554 se
1233 2528 1328 2565 habet}
1340 2535 1399 2554 eum
1413 2528 1570 2565 enimnotio
1580 2531 1749 2562 praesentium
1763 2536 1789 2558 et
1803 2535 1934 2565 prmnnlio

1144 2562 1462 2600 eorumderninturorum
1472 2563 1608 2600 sintirjem
1622 2565 1755 2600 cogitandi
1770 2562 1872 2597 modus,
1886 2574 1935 2594 nec

1144 2598 1332 2636 dillerant_nisi
1350 2602 1479 2636 tempore,
1493 2599 1535 2636 cui
1551 2599 1622 2626 Deus
1633 2598 1685 2636 non
1701 2601 1802 2636 subest,
1815 2606 1936 2636 propter-

1144 2640 1175 2660 ea
1187 2637 1216 2660 ut
1227 2633 1299 2659 uotin
1316 2634 1497 2666 prmsentium,
1510 2634 1548 2660 sic
1562 2635 1692 2668 praenotio
1704 2633 1852 2662 futurorum
1865 2633 1935 2663 'hbe-

1144 2673 1335 2709 rorurnnpoteSI
1350 2668 1547 2709 eSse'revitlens,
1564 2677 1626 2696 vera
1640 2675 1667 2696 et
1682 2676 1764 2702 curta,
1780 2672 1934 2709 nullamque

1145 2702 1297 2738 ipsisiaﬁ‘ert
1307 2703 1505 2738 necessitatem.

1177 2737 1188 2752 ³
1199 2737 1278 2774 Cujus
1291 2739 1384 2764 erroris
1394 2737 1493 2774 cauom]
1504 2737 1545 2764 IV.
1559 2738 1727 2773 Philosophia
1740 2741 1857 2768 ostendit
1868 2749 1934 2774 prte-

1142 2772 1204 2800 dicti
1226 2773 1325 2799 erroris
1337 2780 1444 2800 causam
1464 2773 1489 2799 in
1504 2780 1537 2800 eo
1550 2772 1746 2807 versari,'quod
1762 2784 1823 2804 cum
1838 2772 1874 2803 ad
1887 2784 1933 2803 eo-

1142 2807 1322 2845 gnoscendum
1347 2808 1498 2834 necessaria
1511 2809 1552 2845 >sit
1571 2816 1638 2845 ctrtn_
1655 2817 1730 2837 mens
1755 2818 1931 2845 cognoscens,

1142 2847 1197 2879 tum
1219 2844 1328 2879 materia
1350 2843 1547 2879 cognoScendu,
1569 2843 1686 2879 praedicti
1705 2843 1878 2879 providentis:
1893 2843 1934 2873 di;

1141 2877 1209 2915 vina;
1230 2877 1375 2907 adversarii
1397 2878 1588 2915 praenotionem
1608 2877 1724 2915 divinam
1744 2881 1876 2915 accipiant
1890 2889 1934 2908 se-

1141 2912 1255 2940 cundum
1276 2918 1397 2940 naturam
1416 2914 1533 2939 materia:
1552 2914 1753 2948 cognoscendae,
1767 2912 1827 2943 cuin
1844 2912 1933 2943 tamen
