4290 6258
456 336 557 394 8ἑ9

1383 338 1473 393 DE
1510 334 2027 395 CONSOLATIONE
2071 333 2537 392 PBlLOSOPllle
2577 333 2701 389 LIB.
2750 332 2808 388 ν.

3636 328 3739 385 850

455 454 896 526 cognoscentium
948 453 1126 523 potius
1182 453 1657 524 comprehenditur
1714 452 2039 509 facultatem.
2076 457 2123 515 Α
2151 450 2276 517 scit,
2307 464 2405 505 nec
2434 447 2641 503 ratione
2679 456 2853 511 utens,
2892 459 2991 501 nec
3032 444 3431 515 imaginatione,
3473 456 3573 498 nec
3610 458 3737 498 sen-

455 547 587 603 Nam
614 554 672 601 ut
700 544 802 600 hoc
830 543 982 600 b’revi
1006 544 1205 612 liqueat
1228 545 1499 613 exemplo,
1523 545 1768 599 eamdem
1800 544 2042 613 corporis

454 638 831 695 rotunditatem
861 636 1017 691 aliter
1042 636 1210 700 visus,
1238 635 1392 690 aliter
1415 644 1585 689 tactus
1611 634 1851 703 agnoscit
1875 642 1921 688 ⁸.
1948 633 2042 688 Ille

452 732 663 787 eminus
701 744 945 796 manens,
988 736 1158 783 totum
1200 728 1357 782 simul
1384 728 1542 799 jaetis
1571 728 1732 783 radiis
1758 728 1992 782 intuetur
2025 746 2037 778 :

456 826 543 881 hic
563 838 693 879 vero
716 823 995 878 cohaerens
1014 822 1129 876 orbi
1154 830 1315 891 atque
1339 821 1677 889 conjunetus,
1703 820 1844 874 circa
1866 818 2038 888 ipsum

457 928 639 972 motus
668 915 951 980 ambitum,
978 913 1091 985 (ΞΟ)
1122 913 1503 967 rotunditatem
1540 912 1774 980 partibus
1797 926 2043 980 compre-

451 1006 660 1061 hendit.
686 1005 863 1074 Ipsum
894 1018 1107 1073 quoque
1135 1003 1405 1058 hominem
1434 1005 1450 1035 ⁸
1476 1003 1633 1057 aliter
1653 1017 1864 1070 sensus,
1887 1003 2041 1057 aliter

450 1095 784 1162 imaginatio.
815 1093 970 1148 aliter
995 1093 1152 1157 ratio,
1176 1092 1334 1147 aliter
1365 1093 1712 1161 intelligentia
1740 1100 2039 1149 contuetur.

450 1187 652 1241 Sensus
673 1185 817 1240 enim
842 1184 1063 1254 ﬁguram
1092 1184 1144 1238 in
1171 1184 1408 1253 subjecta
1432 1187 1649 1239 materia
1675 1187 2036 1240 constitutam.

448 1276 763 1343 lmaginatio
794 1291 925 1329 vero
965 1276 1135 1331 solam
1164 1274 1284 1330 sine
1312 1275 1533 1328 materia
1559 1274 1764 1343 judicat
1791 1274 2037 1343 ﬁguram.

451 1364 610 1418 Ratio
659 1380 788 1420 vero
841 1364 981 1419 hanc
1032 1379 1247 1434 quoque
1290 1365 1649 1429 transcendit,
1700 1364 2040 1433 speciemque

448 1454 645 1523 ipsam,
677 1470 797 1525 quae
824 1454 1184 1523 singularibus
1215 1456 1378 1519 inest,
1410 1452 1697 1507 universali
1723 1454 1880 1524 337
1912 1468 2038 1510 con-

447 1545 776 1600 sideratione
832 1545 1131 1614 perpendit.
1182 1543 1208 1582 δ
1253 1543 1623 1614 lntclligentia:
1672 1558 1801 1597 vero
1844 1543 2041 1598 celsior

446 1640 635 1693 oculus
683 1640 885 1694 existit.
972 1639 1331 1708 Supergressa
1390 1652 1619 1702 namque
1676 1636 2040 1692 universitatis

447 1730 727 1797 ambitum,
763 1730 931 1799 ipsam
955 1730 1097 1783 illam
1120 1728 1413 1797 simplicem
1439 1730 1663 1782 formam
1690 1743 1818 1796 pura
1842 1728 2039 1783 mentis

2147 541 2321 605 sibus,
2350 541 2444 596 sed
2479 540 2573 595 illo
2612 540 2717 593 ictu
2756 538 2950 593 mentis
2999 537 3317 601 formaliter,
3350 546 3408 591 ut
3437 536 3508 590 ita
3539 535 3738 601 dicam,

2148 643 2343 689 cuncta
2394 633 2749 703 prOSpicietts.
2784 632 2942 686 Ratio
2970 646 3183 701 quoque
3220 646 3341 685 cum
3367 627 3496 700 quid
3525 629 3741 685 univero

2146 727 2259 782 sale
2295 727 2533 795 reSpicil,
2570 741 2667 780 nec
2708 724 3108 792 imaginatione,
3148 738 3247 779 nec
3276 722 3525 777 sensibus
3555 730 3732 783 utens.

2146 817 2509 887 imaginabilia
2551 818 2633 870 vel
2680 816 2955 871 sensibilia
2994 816 3110 885 (15)
3149 813 3575 881 comprehendit.
3615 812 3740 867 llaec

2146 918 2229 964 est
2246 909 2390 964 enim
2416 924 2534 979 qua:
2559 907 2932 976 conceptionis
2951 921 3062 962 sua:
3085 906 3384 961 universale
3413 905 3485 960 ita
3507 903 3697 960 deﬁnit
3718 921 3736 961 ;

2147 1002 2309 1056 homo
2337 1010 2422 1058 est
2449 1002 2649 1057 animal
2684 1002 2834 1070 bipes
2861 1000 3140 1056 rationale.
3164 1000 3293 1067 Quae
3320 1014 3439 1052 cum
3463 997 3740 1052 universa-

2146 1091 2213 1147 lis
2241 1092 2390 1146 notio
2429 1092 2521 1161 sit,
2552 1102 2663 1148 tum
2698 1091 3116 1161 imaginabilem,
3160 1090 3583 1159 sensibilemque
3617 1102 3739 1143 esse

2142 1197 2260 1241 rem
2292 1186 2469 1241 nullus
2498 1186 2726 1257 ignorat,
2763 1186 2905 1256 quod
2937 1184 3029 1238 illa
3072 1200 3176 1239 non
3210 1183 3615 1254 imaginatione,
3644 1183 3730 1237 vel

2144 1287 2330 1341 sensu,
2354 1277 2447 1331 sed
2472 1277 2719 1332 rationali
2746 1277 3097 1345 conceptione
3123 1275 3446 1329 considerat.
3477 1274 3735 1345 Imagina-

2144 1365 2221 1420 tio
2250 1383 2460 1437 quoque
2487 1369 2701 1422 tametsi
2729 1382 2794 1423 ex
2823 1366 3076 1422 sensibus
3100 1366 3330 1430 visendi,
3363 1364 3736 1434 lormandiquo

2143 1462 2340 1531 ﬁguras
2365 1462 2480 1532 (20)
2512 1462 2742 1530 sumpsit
2779 1460 3082 1524 exordium,
3112 1473 3272 1515 sensu
3305 1469 3482 1514 tamen
3513 1459 3734 1514 absente

2143 1551 2419 1605 sensibilia
2445 1565 2671 1621 quasque
2702 1553 3003 1618 collustrat,
3040 1566 3143 1606 non
3175 1551 3437 1613 sensibili,
3473 1551 3565 1606 sed
3596 1552 3733 1605 ima-

2141 1642 2347 1712 ginaria
2398 1644 2609 1699 ratione
2645 1644 2945 1715 judicaudi.
2980 1644 3216 1700 Videsne
3256 1644 3441 1715 igitur,
3471 1654 3531 1698 ut
3560 1644 3613 1699 in
3644 1660 3731 1699 co-

2143 1736 2450 1805 gnoscendo
2478 1746 2691 1801 cuncta,
2725 1751 2821 1791 sua
2853 1738 3031 1807 potius
3059 1738 3330 1801 facultate,
3360 1752 3517 1808 quam
3546 1752 3729 1793 eorum

447 1824 561 1878 acie
600 1834 907 1878 contuetur.
946 1823 1004 1877 In
1034 1837 1139 1892 quo
1167 1820 1296 1875 illud
1328 1822 1560 1875 maxime
1586 1820 2032 1875 considerandum
2070 1810 2114 1869 Β
2140 1839 2259 1893 quae
2280 1837 2696 1895 cognoscuntur,
2727 1830 2977 1882 utantur?
3006 1829 3168 1899 333
3188 1830 3208 1859 ²
3233 1828 3417 1897 Neque
3448 1828 3499 1882 id
3534 1838 3556 1867 ο
3588 1828 3731 1898 inju-

451 1928 534 1971 est
567 1934 580 1969 :
610 1916 757 1987 quod
786 1914 1033 1982 superior
1072 1912 1557 1982 comprehendendi
1592 1912 1672 1966 vis
1697 1912 2041 1981 amplectitur

447 2007 787 2071 interiorem;
833 2004 912 2074 (ὅ)
962 2004 1183 2059 inferior
1227 2019 1355 2058 vero
1399 2004 1467 2058 ad
1511 2005 1841 2071 superiorem
1889 2004 2034 2058 nullo

448 2098 607 2154 modo
656 2095 951 2164 consurgit.
992 2094 1176 2160 Neque
1221 2095 1363 2148 enim
1411 2108 1600 2147 sensus
1643 2093 1839 2163 aliquid
1884 2103 2032 2147 extra

447 2188 727 2244 materiam
768 2186 935 2253 valet,
979 2186 1063 2240 vel
1111 2185 1437 2240 universales
1482 2186 1690 2253 species
1728 2186 2033 2256 imaginatio

446 2289 751 2347 contuetur,
801 2278 885 2333 vel
931 2282 1071 2331 ratio
1114 2278 1256 2346 capit
1295 2277 1591 2347 simplicem
1627 2263 1902 2331 formam:
1935 2278 2029 2331 sed

447 2372 797 2441 intelligentia
826 2370 978 2440 quasi
1004 2369 1233 2437 desuper
1252 2378 1522 2438 spectans,
1549 2378 1806 2437 concepta
1839 2368 2029 2433 forma,

446 2480 562 2535 ηυδε
592 2463 819 2518 subsunt
859 2462 1020 2515 etiam
1068 2470 1257 2514 cuneta
1301 2459 1589 2528 diiudicat;
1630 2465 1723 2513 sed
1761 2474 1829 2514 eo
1873 2463 2034 2513 modo

446 2570 550 2626 quo
578 2556 803 2608 formam
836 2554 1029 2621 ipsam,
1065 2567 1186 2622 qum
1217 2551 1348 2606 nulli
1377 2550 1466 2605 alii
1503 2562 1625 2605 nota
1654 2566 1774 2606 esse
1800 2559 2031 2620 poterat,

449 2647 558 2717 HO)
597 2644 1027 2714 comprehendit.
1069 2644 1201 2698 Nam
1253 2655 1308 2698 et
1352 2644 1573 2698 rationis
1613 2646 1941 2711 universum,
1981 2655 2036 2700 et

447 2737 836 2809 imaginationis
874 2736 1124 2807 ﬁguram,
1148 2746 1204 2792 et
1232 2736 1510 2792 materiale
1546 2737 1800 2791 sensibile
1832 2751 2030 2806 cogno-

2142 1916 2220 1971 ria
2246 1934 2260 1972 :
2286 1932 2408 1971 nam
2435 1934 2555 1973 cum
2579 1934 2737 1973 omne
2753 1919 3014 1988 judicium
3033 1919 3323 1989 jUtiicaltiiS
3346 1928 3494 1973 actus
3514 1920 3729 1986 existat,

2143 2022 2363 2063 necesse
2390 2018 2470 2063 est
2500 2019 2557 2064 ut
2585 2026 2734 2064 suam
2770 2010 2996 2079 quisque
3035 2024 3251 2078 Operam
3295 2025 3399 2063 non
3439 2024 3502 2064 ex
3534 2008 3729 2071 aliena,

2139 2098 2232 2152 sed
2258 2113 2323 2152 ex
2348 2098 2560 2168 propria
2589 2108 2852 2167 potestate
2880 2097 3140 2167 perﬁciat.

2595 2190 2761 2261 339
2799 2188 3088 2245 nemon
3121 2193 3137 2212 α
3170 2187 3259 2242 ιν.

2137 2282 2525 2335 AnotrusNruu.
2538 2277 3620 2349 —Quanquam,inquitPlrilosop/ria,Stoici
3631 2279 3725 2330 exi.

2206 2351 2540 2417 stimavert'nt,
2566 2362 2779 2405 mentem
2794 2350 3235 2415 ltumanam,nihil
3262 2349 3358 2401 nisi
3383 2350 3726 2414 acorporibus

2210 2422 2561 2489 informatum,
2580 2426 2861 2490 percipere;
2875 2425 2983 2474 Ita'c
3005 2431 3170 2474 tanien
3183 2422 3244 2473 ab
3261 2420 3524 2488 cfftcaciori
3538 2421 3725 2486 princi-

2210 2495 2295 2560 pio
2316 2492 2591 2560 informata
2602 2502 2649 2545 et
2661 2493 2847 2545 insensi
2855 2492 2924 2544 lia
2946 2491 3054 2545 sine
3071 2492 3351 2544 ministerio
3368 2505 3669 2560 corporum,
3682 2500 3728 2544 et

2209 2561 2439 2627 sensilia,
2453 2561 2962 2630 famulantibustpsis
2975 2561 3267 2633 corporibus
3289 2603 3302 2625 ,
3333 2562 3564 2631 percipit.

2286 2651 2563 2716 Quendam
2594 2650 2836 2706 Porticus
2860 2649 3035 2703 attulit

2283 2739 2556 2796 Obscurus
2584 2741 2807 2795 nimium
2834 2755 3014 2807 senes,

1783 2872 2081 2929 INTERPR
2091 2874 2362 2931 ΕΤΛΤΙΟ.

512 3003 539 3031 ι
569 2992 767 3056 Corpus
806 2992 1086 3064 rotundum
1123 2991 1233 3045 uisu
1275 2990 1476 3057 absens,
1507 3000 1645 3044 tactu
1687 3006 1912 3059 presens
1948 3007 2033 3043 so-
2065 2990 2110 3052 C
2141 3001 2287 3044 ortas
2339 3007 2404 3064 ea:
2449 2992 2750 3059 corporibus
2789 2993 3121 3064 exterioribus
3163 2993 3386 3064 impnmi
3412 2993 3677 3064 mentibus
3703 3007 3722 3045 :

447 3066 702 3134 terminatio
732 3063 1031 3134 percipitur.
1056 3130 1082 3134 __
1147 3128 1159 3134 ί

512 3133 540 3172 δ
572 3130 920 3256 [Intelligentia
948 3130 1221 3187 sublimior
1248 3141 1323 3187 est
1349 3132 1690 3204 cognoscendi
1714 3132 1913 3186 modus.

521 3215 543 3242 ε
614 3206 865 3256 mmerito.

521 3215 543 3242 ε
579 3214 865 3257 Immerito.

517 3273 755 3328 Porticus
780 3273 1127 3329 Atheniensis
1157 3272 1402 3342 produxit
1440 3269 1925 3342 olimqphilosoplios
1950 3270 2034 3324 in-

450 3344 717 3412 doctiores,
743 3345 831 3415 qui
876 3341 1234 3398 existimabant
1260 3358 1438 3397 sensus
1474 3341 1803 3407 nationesque
1832 3356 2031 3410 omnes,

2141 3062 2569 3130 quemadmodum
2618 3074 2800 3115 veteres
2835 3063 3063 3116 solebant
3100 3061 3297 3117 calamo
3345 3061 3503 3116 veloci
3528 3064 3723 3131 ,impri-

2144 3148 2285 3203 mere
2306 3133 2500 3185 litteras
2522 3133 2575 3185 in
2594 3132 2775 3186 charta
2806 3133 3066 3203 a’quabili,
3098 3134 3352 3203 nullisque
3372 3142 3522 3185 antea
3545 3133 3723 3185 citare-

2143 3202 2359 3255 cteribus
2385 3203 2646 3268 insignita.
2696 3206 2761 3255 At
2802 3204 2847 3256 si
2868 3218 3011 3256 mens
3038 3214 3216 3258 nostra
3244 3202 3373 3256 nihil
3397 3204 3576 3257 ευειιυδι
3600 3220 3720 3269 pro-

2142 3274 2255 3342 pria
2283 3290 2374 3324 sua
2401 3272 2723 3341 cogitatione,
2749 3272 2838 3326 sed
2870 3273 3088 3326 obnoxia
3109 3273 3525 3343 impressionibus
3547 3289 3725 3335 corpo—

2145 3360 2260 3395 rum
2289 3347 2351 3396 ab
2380 3344 2458 3397 Itis
2491 3344 2655 3397 solum
2689 3346 2904 3413 patitur,
2950 3352 2998 3397 et
3032 3347 3184 3414 refert
3229 3344 3473 3413 imagines
3521 3344 3739 3396 inutiles,

1958 3477 2185 3534 NOT.~E.

449 3593 769 3665 accipienda
787 3593 857 3665 sit
885 3592 1179 3647 secundum
1211 3600 1452 3665 naturam
1482 3593 1674 3665 mentis
1702 3606 2031 3663 cognoscen-

448 3668 517 3722 tis
540 3663 720 3721 :_sicut
750 3663 1089 3730 Philosophia
1114 3664 1303 3733 probat
1328 3666 1556 3734 primum
1588 3664 2032 3734 pluribns‘exem-

448 3738 570 3808 ptis,
602 3734 795 3790 deinde
820 3734 1047 3788 ratione.

520 3829 534 3858 ¹
565 3826 726 3880 Aliter
755 3840 954 3889 sensus,
985 3822 1119 3895 etc.]
1150 3822 1388 3878 Primum
1418 3825 1634 3893 quidem
1664 3824 1908 3892 exempla
1932 3827 2031 3880 ista

448 3905 570 3952 sunt
590 3909 783 3950 sensus
810 3894 1013 3962 speciat
1034 3894 1115 3957 m,’
1140 3908 1330 3949 sensus
1353 3897 1673 3964 generatim.
1703 3897 2029 3964 imaginatio,

448 3966 604 4031 ratio,
624 3976 678 4021 et
705 3965 1078 4026 intelligentia,
1109 3980 1227 4035 qua:
1267 3966 1336 4019 ita
1366 3967 1533 4034 accipi
1559 3967 1754 4021 debent
1784 3982 1850 4021 ex
1881 3977 2032 4035 parte

446 4037 614 4103 ip~ius
640 4036 1036 4102 cognoscentis,
1068 4045 1123 4089 ut
1154 4037 1398 4101 quamvis
1425 4038 1534 4091 sint
1556 4036 1623 4092 de
1651 4036 1838 4092 eadem
1867 4049 2034 4091 mate-

446 4107 525 4162 ria
551 4105 814 4176 sultjecta,
843 4122 899 4161 v.
929 4121 985 4175 g.
1015 4106 1083 4161 de
1112 4108 1302 4160 eodem
1332 4121 1560 4174 corpore
1598 4107 1848 4172 rotundo,
1879 4108 2031 4162 dill‘e-

446 4187 583 4232 rant.
620 4178 878 4231 Nimirum
919 4191 1070 4230 mens
1114 4176 1367 4244 humana,
1400 4193 1518 4245 quae
1558 4193 1663 4233 non
1695 4177 1795 4232 nisi
1824 4178 1892 4234 ab
1921 4178 2028 4234 alio

446 4247 721 4301 informari
759 4255 951 4315 potest,
980 4246 1190 4301 duobus
1214 4250 1508 4316 generatim
1540 4248 1716 4301 modis
1745 4247 2026 4303 informata

444 4318 738 4388 cognoSrit,
780 4317 1029 4388 nimirum
1056 4333 1086 4370 a
1111 4317 1249 4388 Deo,
1278 4317 1431 4386 cujus
1479 4322 1588 4387 ipsa
1628 4327 1711 4372 est
1748 4316 2023 4382 eliectum;

444 4398 499 4442 et
523 4387 552 4442 a
578 4402 827 4453 corpore,
851 4387 1003 4455 cujus
1026 4387 1212 4441 eadem
1243 4392 1326 4441 est
1357 4395 1544 4442 tormn.
1567 4389 1716 4443 Meus
1739 4390 1966 4443 humana
1995 4405 2024 4442 a

447 4458 554 4511 Deo
583 4458 862 4511 inlnrmata
896 4473 1082 4512 rursus
1111 4457 1396 4524 dupliciter
1435 4459 1634 4513 dicitur
1674 4474 2024 4528 cognoscere,

2139 3595 2394 3663 probatur
2437 3594 2717 3663 exemplis,
2763 3592 2978 3648 modum
3026 3592 3381 3663 cognoscendi
3420 3594 3589 3663 accipi
3632 3610 3723 3651 se-

2141 3666 2377 3720 cundum
2408 3674 2654 3719 naturam
2680 3664 3070 3734 cognoscentis.

2212 3738 2232 3768 ²
2264 3735 2445 3803 Neque
2471 3736 2525 3789 id
2554 3733 2792 3806 injuria.]
2837 3735 3039 3790 Deinde
3081 3733 3312 3803 itlipsum
3351 3734 3604 3802 probatur
3639 3752 3723 3790 ra-

2142 3805 2287 3862 tione
2311 3824 2323 3858 :
2352 3821 2473 3860 nam
2502 3805 2693 3860 modus
2724 3805 2820 3871 rei,
2850 3816 2909 3859 ut
2931 3815 3054 3875 pote
3079 3807 3166 3874 qui
3195 3819 3298 3858 non
3327 3805 3667 3873 distinguitur
3694 3823 3725 3860 a

2141 3891 2198 3930 re
2226 3876 2551 3943 modilicata,
2576 3876 2745 3944 accipi
2769 3874 3129 3944 debet’potios
3156 3874 3452 3931 secundum
3481 3887 3724 3932 naturam

2141 3946 2219 4001 rei
2273 3946 2622 4012 modiﬁcatze,
2668 3962 2825 4017 quam
2872 3946 3167 4017 secundum
3215 3947 3728 4017 naturamalterius

2141 4018 2299 4072 etiam
2324 4015 2700 4072 modiﬁcantis.
2724 4016 2880 4086 Atqui
2907 4017 3053 4071 notio
3075 4032 3181 4071 non
3204 4030 3357 4071 secus
3383 4028 3446 4086 ac
3464 4015 3723 4084 judicium

2141 4098 2224 4143 est
2262 4090 2452 4143 modus
2491 4087 2660 4158 ipsius
2700 4084 2897 4143 mentis
2934 4087 3307 4158 cognoscentis
3333 4094 3388 4141 et
3411 4084 3736 4154 judicantis.

2138 4158 2201 4212 Et
2230 4168 2379 4214 certe

2206 4244 2223 4263 '
2244 4239 2395 4307 Quod
2423 4248 2643 4293 vocatur
2694 4236 3050 4309 Glyconicum.
3084 4237 3311 4309 Carmen
3368 4246 3627 4292 constans
3657 4253 3723 4293 ex

2137 4325 2245 4364 uno
2271 4325 2469 4379 genere
2498 4308 2771 4374 versuum,
2806 4324 3030 4379 quorum
3071 4308 3302 4377 quilibet
3346 4309 3723 4379 trimetersai-

2136 4382 2250 4446 pius
2274 4378 2434 4434 unum
2473 4380 2769 4439 spondeum
2820 4378 2876 4433 et
2924 4380 3060 4434 duos
3088 4379 3329 4448 dactylos
3358 4379 3539 4434 habet.
3594 4378 3724 4432 Dico

2132 4452 2366 4520 sacpius:
2400 4450 2560 4504 modo
2610 4456 2752 4504 enim
2784 4450 2924 4504 idem
2965 4452 3034 4503 sit
3073 4460 3329 4504 numerus
3372 4451 3721 4519 syllabarum,

444 4544 635 4594 nempe
668 4528 835 4593 prima
867 4540 925 4601 et
950 4520 1257 4601 continuata
1290 4531 1582 4601 attentione
1614 4547 1625 4581 :
1657 4520 1824 4601 prir'na
1855 4520 2028 4584 auen'.
2060 4543 2109 4601 υ
2134 4522 2385 4601 praedicta
2409 4522 2913 4601 illarumiquantitas
2940 4520 3228 4601 aliquando
3250 4520 3565 4601 negligitur.

445 4610 517 4653 t.o
552 4609 775 4651 vocatur
804 4599 1139 4666 intelligentia
1169 4614 1188 4652 :
1212 4599 1521 4652 continuata
1550 4614 1679 4653 vero
1707 4599 1904 4653 dicitur
1933 4618 2022 4653 ra-

446 4671 533 4732 tio,
564 4680 620 4721 ut
648 4671 781 4721 ratio
817 4669 1129 4738 nihilaliud
1175 4668 1245 4722 sit
1282 4685 1438 4733 quam
1473 4672 1650 4723 inuata
1692 4669 1837 4723 notio
1868 4672 2026 4738 paulo

445 4739 654 4810 longius
679 4738 891 4810 dill'usa.
926 4737 1074 4793 Mens
1104 4748 1279 4792 autem
1309 4738 1535 4810 humana
1568 4742 1636 4793 ab
1662 4740 1778 4808 ipso
1802 4737 2028 4808 corpore

446 4810 727 4880 informata
771 4809 980 4862 duobus
1021 4809 1222 4877 pariter
1258 4809 1379 4861 mod
1404 4824 1431 4863 s
1462 4824 1787 4878 cognoscere
1830 4821 2023 4880 potest.

444 4877 622 4932 Primo
661 4889 926 4947 quntenus
962 4895 1115 4934 mens
1155 4882 1271 4945 ipso
1307 4877 1565 4935 duntaxat
1599 4877 1843 4942 cerebro,
1874 4882 2029 4949 cujus

443 4959 523 5003 est
559 4949 752 5015 forma,
784 4964 1033 5003 movente
1075 4950 1302 5018 percipit
1337 4967 1351 5004 :
1394 4963 1450 5005 ut
1494 4968 1613 5006 cum
1652 4967 1746 5018 per
1781 4967 2027 5007 somnum

443 5032 593 5093 mens
623 5021 890 5093 venatoris
913 5022 1076 5075 silvas
1102 5033 1156 5075 et
1181 5022 1345 5075 lustra
1373 5027 1586 5093 cogant;
1620 5022 1777 5089 idque
1807 5034 2029 5076 vocatur

442 5092 760 5163 imaginatio.
797 5090 1045 5163 Secundo
1085 5103 1346 5161 quatenus
1382 5090 1572 5147 eadem
1606 5108 1757 5147 ltleltS
1794 5096 1861 5145 ab
1901 5094 2031 5163 ipsis

444 5161 605 5214 etiam
637 5160 760 5214 aliis
801 5160 1119 5230 corporibus
1162 5179 1282 5216 cum
1328 5162 1692 5229 interioribus,
1726 5173 1834 5217 tum
1865 5160 2027 5217 etiam

442 5233 800 5302 exterioribus
829 5242 1092 5302 commota
1122 5236 1377 5302 percipit:
1400 5237 1540 5302 quod
1567 5243 1787 5289 vocatur
1810 5251 1985 5288 sensus
2011 5251 2027 5287 :

445 5301 529 5355 hic
558 5316 737 5356 au'em
769 5302 851 5356 vel
892 5310 975 5357 est
1012 5301 1253 5370 interior,
1283 5316 1338 5358 ut
1369 5306 1535 5359 fames
1563 5313 1617 5359 et
1646 5305 1793 5369 sitis;
1831 5306 1916 5360 vel
1948 5314 2031 5359 est

443 5372 697 5433 exterior,
738 5387 928 5441 nempe
956 5373 1123 5438 visus,
1154 5376 1383 5433 auditos.
1412 5377 1688 5440 odoratus,
1726 5387 1934 5441 gustus,
1973 5388 2027 5431 et

446 5451 638 5514 tactus.
664 5448 833 5509 Atque
866 5444 917 5497 Ιιί
945 5459 1132 5499 omnes
1159 5448 1513 5514 cognoscendi
1538 5448 1681 5500 modi
1712 5447 1782 5500 ita
1808 5450 1944 5502 inter
1965 5463 2025 5502 se

444 5510 888 5586 disponunturth
917 5530 1021 5581 quo
1051 5530 1078 5574 a
1112 5510 1448 5584 paucioribus
1468 5520 1644 5571 causis
1668 5521 1919 5586 pendent,
1935 5533 2021 5579 eo,

446 5592 504 5660 u_t
536 5595 659 5651 pote
681 5584 762 5660 ad
792 5584 1044 5660 divinam_
1069 5588 1381 5660 sapientiam
1424 5590 1640 5657 prepius
1670 5584 2021 5654 accedentes,

426 5654 551 5731 sint
577 5657 925 5731 perfectiores
957 5655 1079 5731 :Asic
1112 5654 1296 5731 gustus
1332 5654 1501 5731 tactu,
1526 5654 1799 5731 caloratos
1836 5671 2021 5731 gusto,

445 5724 655 5800 auditus
680 5726 926 5800 odoratu,
952 5728 1096 5800 visus
1118 5724 1317 5793 auditu,
1340 5729 1650 5800 imaginat‘to
1679 5724 1861 5793 sensu,
1889 5730 2024 5783 ratio

445 5793 841 5865 imaginatione,
873 5798 1220 5867 intelligentia
1253 5793 1560 5855 ratione'es‘t
1599 5801 1884 5863 perfectior
1910 5819 1923 5854 ;
1947 5804 2021 5856 s'c

2202 4603 2255 4657 i.
2296 4599 2572 4669 Porticus.]
2594 4599 2859 4653 Nimirum
2878 4598 3216 4652 Atheniensis.
3248 4598 3524 4669 Eratenim
3549 4597 3722 4653 Athe-

2135 4672 2217 4726 nis
2239 4671 2481 4740 qua-dam
2515 4667 2770 4737 porticus,
2802 4669 2853 4723 in
2882 4684 3038 4738 quatn
3085 4667 3325 4720 nonnulli
3356 4669 3421 4740 ad
3450 4667 3721 4740 disseren-

2132 4738 2269 4795 dum‘
2288 4740 2355 4795 de
2395 4755 2710 4809 quacunque
2763 4739 2984 4793 materia
3012 4740 3302 4792 convenire
3329 4738 3575 4792 solebant
3600 4756 3612 4791 :
3640 4742 3718 4793 sic

2134 4827 2261 4865 suus
2305 4811 2551 4873 Canenti,
2599 4810 2936 4875 Bajocarum,
2986 4818 3408 4874 cmterarumque
3455 4809 3720 4863 minorum

2135 4882 2345 4934 urbium
2377 4881 2545 4945 locus,
2568 4881 2620 4933 in
2648 4896 2805 4948 quem
2839 4881 3021 4948 plwes
3044 4878 3390 4959 dicendarum
3410 4879 3720 4934 audienda-

2136 4966 2359 5020 rumque
2389 4967 2567 5005 rerum
2610 4966 2865 5004 novarum
2911 4965 3072 5004 causa
3104 4963 3395 5005 conventre
3425 4965 3719 5005 consueve-

2135 5019 2286 5077 runt;
2304 5022 2450 5077 Zeno
2472 5033 2647 5075 autem
2679 5022 2815 5075 inter
2837 5034 3051 5075 veteres
3100 5019 3455 5089 Philosophus
3481 5020 3720 5076 celeber-

2137 5098 2324 5156 rimus,
2351 5103 2540 5146 unctus
2588 5094 2723 5147 hanc
2757 5092 3116 5157 occasionem,
3150 5090 3236 5145 hic
3267 5092 3500 5147 instituit
3529 5092 3719 5147 docern

2137 5165 2562 5234 Pliilomphiam,
2595 5164 2841 5229 illiusque
2863 5162 3114 5234 discipuli
3160 5161 3360 5217 abisto
3390 5164 3507 5219 loco
3545 5167 3720 5217 vocati

2134 5243 2267 5288 sunt
2283 5230 2450 5289 Stoici
2479 5252 2491 5286 :
2518 5236 2649 5288 στοὰ
2676 5236 2820 5287 enim
2851 5230 3051 5287 Grtecis
3074 5242 3157 5287 est
3189 5235 3437 5302 porticus.
3470 5234 3579 5287 llos
3605 5234 3721 5286 Phi-

2135 5306 2381 5373 losophia
2423 5320 2563 5358 nunc
2593 5314 2749 5358 vocat
2793 5319 2943 5357 senes
2982 5306 3218 5357 obscuros
3242 5318 3263 5357 :
3289 5320 3431 5358 senes
3479 5305 3721 5372 quidem.

2135 5378 2277 5446 quod
2309 5376 2558 5429 virtutem
2589 5373 2905 5446 prmsertim,
2942 5374 2996 5427 in
3025 5390 3141 5446 qua.
3169 5389 3274 5427 una
3300 5376 3460 5427 vitam
3499 5376 3719 5446 beatam

2137 5444 2341 5501 versari
2371 5446 2785 5507 arbitrabantur,
2817 5444 3059 5498 colerent
3088 5445 3252 5497 instar
3281 5445 3712 5512 sapientissimo~

2136 5533 2254 5572 rum
2314 5529 2500 5571 senum
2534 5532 2547 5567 :
2581 5518 2816 5567 obscuros
2870 5530 3026 5577 vero,
3079 5517 3217 5582 quod
3266 5515 3350 5567 hic
3396 5520 3745 5577 erraverint;

2136 5602 2291 5644 error
2319 5588 2461 5639 enim
2483 5600 2547 5639 ex
2575 5585 2903 5640 obscuritate
2945 5585 3200 5638 noscitur.
3231 5584 3364 5649 Quia
3386 5602 3529 5639 ,νει-ο
3559 5585 3718 5639 ἰίίιμιη
3738 5602 3741 5615 δ

2134 5658 2297 5715 Stoici
2323 5656 2635 5719 dialectica),
2671 5656 2826 5722 cujus
2860 5656 3111 5724 princeps
3148 5670 3329 5709 eorum
3364 5655 3515 5711 Zeno
3555 5658 3736 5711 ferte:-

2136 5745 2258 5785 esse
2294 5729 2568 5792 inventor,
2607 5728 2874 5796 praecipue
2904 5727 3211 5785 studebant,
3236 5725 3433 5781 idcircti
3478 5729 3717 5783 Philoso'

2132 5800 2261 5865 phia
2310 5815 2450 5855 nunc
2490 5799 2732 5866 esposito
2782 5798 2994 5854 illorum
3024 5811 3228 5864 errore,
3263 5801 3479 5854 eosdem
3526 5802 3718 5865 relutat
