4276 6260
668 263 765 318 εδι

805 379 966 453 340
985 382 1082 449 Qui
1113 395 1302 437 sensus
1326 391 1381 438 et
1410 383 1684 454 imagines

809 475 849 528 E
888 475 1205 544 corporibus
1230 476 1446 530 extimis

699 565 735 620 5
807 565 1037 620 Credam
1065 565 1331 620 mentibus
1353 566 1585 635 imprimi
1610 607 1626 631 ,

809 654 876 709 Ut
905 655 1170 722 quondam
1201 656 1361 711 celeri
1393 656 1534 726 ston

806 745 918 799 Mos
946 755 1030 800 est
1054 761 1269 814 :equore
1293 747 1518 813 paginae,

801 838 932 902 Qua:
962 839 1134 891 nullas
1158 838 1350 891 habeat
1373 847 1524 891 notas
1543 877 1559 900 ,

804 929 1023 983 Pressas
1051 929 1213 998 figere
1241 929 1470 983 litteras.

804 1022 910 1077 Sed
934 1038 1083 1077 mens
1112 1022 1159 1076 si
1190 1021 1421 1090 propriis
1451 1021 1634 1091 vigens

802 1111 941 1166 Nihil
972 1113 1202 1166 motibus
1228 1112 1481 1178 explicat,

803 1204 910 1260 Sed
951 1214 1153 1258 tantum
1184 1207 1394 1273 patiens
1410 1203 1556 1273 jacet

766 1293 771 1298 ”
803 1296 952 1351 Notis
981 1297 1190 1352 subdita
1220 1310 1543 1365 corporum,

663 1022 732 1078 10

1892 267 2006 322 ΔΝ.
2043 265 2251 324 MANL.
2291 267 2441 326 SEV.
2482 267 2700 326 BOETll

2266 385 2318 442 Δ

2487 380 2786 448 Cassasqne
2816 378 2866 432 in
2894 378 3096 446 speculi
3129 378 3300 434 vicem

2355 473 2423 527 l5
2494 471 2692 525 Rerum
2715 468 2890 526 reddit
2916 469 3206 539 imagines;

2497 561 2648 616 Unde
2677 562 2791 616 haec
2816 563 2895 615 sic
2922 560 3118 614 animis
3142 561 3285 630 viget

2493 655 2731 709 Cernens
2752 653 2928 707 omnia
2959 653 3147 707 notio?

2489 749 2623 816 Quae
2649 748 2729 802 vis
2749 747 2954 817 singula
2987 745 3275 815 prospic't,

2492 846 2601 896 Aut
2619 858 2736 912 qua:
2763 841 2970 908 cognita
2994 822 3222 894 dividit?

2345 935 2418 990 20
2489 933 2619 1001 Qute
2635 932 2806 987 divisa
2836 931 3137 998 recolligit,

2491 1025 2880 1092 Alternumque
2909 1023 3090 1090 legens
3117 1021 3220 1074 iter

2492 1113 2647 1169 Nunc
2667 1114 2890 1168 summis
2912 1121 3072 1181 caput
3101 1111 3318 1176 inserit,

2495 1206 2645 1260 Nunc
2673 1204 2867 1260 desidit
2887 1205 2941 1257 in
2973 1202 3183 1266 infima,

2497 1295 2632 1350 Tum
2665 1310 2784 1350 sese
2810 1294 3049 1349 referens
3070 1292 3206 1359 sibi,

2007 1453 2586 1511 INTERPRETATIO.

658 1603 829 1643 rerum
851 1588 1183 1657 oltjectarum
1212 1586 1372 1640 instar
1417 1585 1636 1656 speculi,
1659 1602 1753 1640 cur
1773 1587 1997 1657 cognitio
2023 1587 2246 1641 univer-

660 1659 789 1714 salis
812 1645 1056 1717 omnium.
1085 1667 1156 1710 est
1178 1657 1304 1710 adeo
1321 1645 1590 1728 perspicax
1613 1645 1666 1710 in
1694 1645 1939 1712 mentibus
1963 1658 2250 1712 humanis?

662 1732 921 1802 quomodo
955 1728 1172 1802 singula
1189 1729 1604 1802 cognoscuntur?
1637 1729 1890 1802 quomodo
1915 1729 2137 1802 cognita.
2162 1729 2216 1780 di
2227 1757 2250 1768 -

657 1797 924 1856 uiduntur?
952 1797 1207 1868 quomodo
1238 1799 1400 1868 divisa
1428 1798 2064 1866 resunmntur?‘quomodo
2083 1797 2248 1851 alter-

659 1871 764 1936 nis,
781 1869 931 1923 modo
961 1867 1022 1923 ab
1044 1869 1158 1922 imis
1185 1867 1480 1922 ascenditur
1504 1870 1572 1923 ad
1616 1884 1840 1936 summa,
1869 1870 2020 1923 modo
2043 1885 2076 1922 ιι
2104 1885 2249 1922 εαηιυ

2353 1587 2448 1640 mis
2467 1588 2792 1643 descenditur
2819 1586 3046 1641 adimo?
3073 1585 3327 1655 quomodo
3349 1601 3488 1640 mens
3513 1601 3633 1640 sese
3650 1601 3964 1654 componens

2353 1675 2523 1712 secum
2549 1699 2562 1722 ,
2592 1661 2800 1712 veritate
2835 1659 3024 1727 refutat
3053 1658 3312 1710 errorem?
3349 1655 3523 1710 Causa
3565 1657 3808 1710 ietorntn
3854 1673 3962 1711 om»-

2356 1731 2510 1782 nium
2535 1738 2606 1782 est
2644 1729 2804 1781 multo
2843 1729 3004 1793 magis
3043 1728 3251 1797 eﬂicax,
3281 1735 3338 1781 et
3378 1728 3554 1796 magis
3587 1737 3776 1790 potens
3819 1744 3968 1792 quam

2355 1812 2511 1853 mens
2542 1798 2794 1858 humana,
2825 1813 2937 1862 quae
2957 1799 3124 1851 instar
3151 1797 3376 1850 materne
3404 1799 3612 1863 patitur
3634 1801 3843 1863 formas
3871 1800 3961 1850 imo

2350 1884 2575 1938 pressas.
2614 1867 2742 1938 Ipsa
2780 1878 2948 1923 tamen
2975 1867 3201 1938 corporis
3245 1867 3454 1922 viventis
3505 1868 3795 1939 impressio
3823 1868 3968 1938 prcit

2179 2025 2419 2083 NOTAE.

658 2136 988 2208 argumentis
1012 2151 1076 2208 es
1099 2135 1373 2191 dialectica
1390 2134 1705 2206 desumptis;
1731 2142 1839 2189 tum
1856 2135 1982 2206 quid
2004 2137 2246 2192 sentien-
2274 2141 2329 2201 B
2353 2135 2616 2201 dividere,
2643 2151 2747 2190 non
2776 2150 2936 2205 posse
2964 2139 3123 2192 etiam
3169 2136 3332 2208 divisa
3360 2136 3705 2208 recolligere,
3737 2138 3852 2193 sive
3872 2138 3964 2194 dcc

662 2208 791 2262 dum
823 2208 914 2272 sit,
944 2207 1205 2261 declarat.

731 2279 784 2332 3.
820 2277 919 2343 Qui
938 2293 1112 2347 sensus
1133 2286 1184 2347 et
1209 2275 1617 2347 imagmes,etc.]
1643 2275 1683 2329 1.
1712 2272 2054 2342 Philosophia
2076 2289 2241 2345 expo-

657 2346 740 2402 nit
765 2363 1001 2402 errorem
1028 2346 1362 2411 Stoicorum,
1404 2347 1492 2413 qui
1534 2346 1610 2400 in’
1638 2347 1739 2400 hoc
1785 2357 2050 2408 versatur,
2095 2347 2241 2414 quod

657 2428 929 2487 putarent,
983 2433 1089 2470 non
1139 2416 1300 2470 modo
1330 2431 1542 2480 sensus,
1585 2417 1918 2487 sedomnes
1971 2415 2240 2482 notiones,

662 2503 798 2553 quas
828 2486 920 2542 hic
948 2487 1294 2552 Philosophia
1337 2496 1497 2540 voc;tt
1548 2486 1817 2555 imagines.
1851 2500 2090 2555 quasque
2140 2488 2240 2555 ipsi

659 2558 845 2620 Stoici,
867 2564 1083 2612 auctore
1102 2556 1280 2610 Tullio
1305 2555 1359 2610 in
1397 2556 1534 2624 T0p.
1570 2557 1911 2624 appellabant
1944 2558 2131 2616 ἐννοίας
2159 2561 2244 2612 καὶ

657 2629 955 2701 προλήψεις.
986 2644 1014 2680 a
1042 2627 1356 2701 corporibus
1380 2628 1539 2681 etiam
1562 2627 1802 2680 externis
1825 2625 2059 2701 imprimi
2088 2643 2242 2701 men-

659 2697 803 2752 tibus
829 2697 842 2750 ἑ
873 2715 977 2751 non
1004 2711 1160 2754 secus
1189 2711 1251 2750 ac
1302 2697 1492 2750 litteru:
1524 2705 1772 2750 currente
1811 2698 2021 2750 calamo
2050 2699 2239 2764 impri-

657 2780 878 2821 muntur
899 2768 1118 2821 tliartte.
1146 2767 1278 2820 llittc
1301 2766 1486 2829 Stoici,
1521 2768 1692 2830 inquit
1721 2766 1777 2820 S.
1806 2767 1942 2834 Aug.
1995 2768 2029 2818 Ι.
2060 2781 2151 2819 vttt
2174 2767 2241 2820 de

657 2837 774 2908 Civ.
801 2839 918 2901 Dei,
947 2855 998 2892 c.
1029 2840 1079 2902 7,
1113 2846 1390 2903 posuerunt
1409 2838 1664 2908 judicium
1716 2835 1938 2908 veritatis
1981 2837 2036 2887 in
2078 2838 2242 2888 sensi-

659 2907 753 2961 bus
799 2909 1046 2976 corporis,
1105 2923 1381 2976 eorumque
1411 2906 1609 2973 inﬁdis
1645 2915 1692 2958 et
1740 2907 2012 2974 fallacibus
2051 2909 2242 2975 regulis

657 2979 831 3030 omnia
851 2995 964 3042 qua:
985 2980 1268 3040 discuntur,
1301 2976 1550 3027 metienda
1575 2992 1678 3028 esse
1703 2985 2025 3028 certauerunt.

733 3049 819 3102 10.
850 3047 957 3102 Sed
979 3064 1118 3100 mens
1140 3049 1184 3098 si
1206 3046 1448 3114 propriis,
1485 3045 1616 3116 etc.]
1641 3045 1702 3102 ll.
1737 3046 2081 3113 PItilOSephia
2104 3046 2242 3100 refu-

657 3127 738 3172 tat
767 3119 1068 3171 Stoicorum
1102 3119 1242 3169 hunc
1273 3130 1513 3170 errorem
1554 3116 1884 3185 argumentis
1909 3131 1974 3170 ex
2003 3116 2242 3170 dialecti-

657 3204 740 3252 Ca,
769 3189 852 3242 cui
880 3189 960 3241 illi
991 3187 1276 3255 plurimum
1326 3185 1636 3250 studebant,
1670 3185 1966 3253 desumptis
1998 3203 2010 3237 :
2039 3203 2158 3239 nam
2186 3186 2238 3239 in

657 3259 934 3312 dialectica
971 3266 1164 3326 praeter
1214 3256 1488 3310 notimiettt
1538 3266 1657 3326 tam,
1692 3257 2050 3309 universalem
2082 3271 2239 3325 quant

655 3325 1006 3398 singularem,
1038 3335 1293 3380 tractatur
1324 3325 1536 3387 divisio,
1561 3325 1823 3398 definitio,
1851 3326 2154 3398 tnetltodus,
2188 3337 2240 3380 et

654 3396 770 3466 ipsa
789 3399 946 3468 341
973 3400 1212 3468 veritatis
1243 3411 1428 3449 norma
1450 3413 1462 3447 '.
1487 3396 1799 3463 qumomnia
1824 3397 1947 3468 fieri
1982 3413 2086 3448 non
2119 3413 2240 3464 pos-~

655 3465 886 3527 suntfsi'
908 3465 1062 3520 utens
1088 3465 1314 3518 humana
1339 3480 1526 3518 omnes
1567 3480 1692 3520 suas
1727 3466 1972 3519 notiones
1999 3468 2240 3533 corpori-

653 3537 756 3591 lius
783 3513 1026 3602 acceptas
1049 3537 1262 3589 referat.
1291 3534 1472 3587 Primo
1493 3538 1634 3588 enim
1661 3537 1802 3588 nulla
1826 3539 1926 3588 erit
1957 3513 2241 3590 notioruni-
2268 3513 2312 3574 (ἶ

654 3607 884 3659 versalis
917 3621 1066 3658 :stve
1095 3621 1303 3659 cernens
1329 3605 1502 3674 omnia
1551 3606 1689 3657 notio
1721 3622 1741 3658 :
1772 3606 2035 3674 siquidem
2092 3611 2241 3659 notio

653 3677 976 3730 universalis
1000 3691 1103 3728 non
1137 3673 1431 3744 acquiritur
1457 3675 1725 3734 sensibus,
1747 3679 1942 3743 quibus
1981 3675 2239 3742 quidquid

658 3747 970 3814 petcipitnr,
1007 3746 1136 3798 illud
1164 3755 1314 3800 certo
1345 3754 1606 3812 tempore,
1638 3757 1893 3810 ct-rtoque
1921 3746 2245 3801 locoitacir-

655 3817 1034 3879 conscribitur,
1068 3827 1124 3869 ιιι
1165 3819 1236 3869 sit
1266 3815 1557 3882 singulare.
1615 3817 1865 3869 Secundo
1907 3816 2049 3869 nulla
2079 3817 2238 3870 etiam

654 3887 760 3940 crit
791 3887 936 3940 notio
959 3887 1264 3956 singularis,
1284 3899 1562 3956 quantens
1583 3886 1788 3955 singula
1809 3887 2054 3955 prospicit
2077 3901 2096 3939 :
2117 3887 2241 3954 quia

654 3969 1014 4027 praeterquam
1041 3954 1180 4026 quod
1214 3973 1365 4010 mens
1396 3954 1625 4013 humana
1650 3954 1882 4020 seipsam
1917 3957 2238 4025 singularem

657 4043 764 4082 non
800 4029 1058 4096 prospicit
1095 4028 1386 4080 famulante
1411 4041 1660 4092 corpore,
1709 4027 1796 4094 qui
1829 4035 1971 4080 tactu
2020 4027 2241 4094 visuque

655 4098 857 4167 percipi
913 4099 1168 4162 creditur,
1234 4096 1528 4164 triangulus
1575 4097 1876 4150 circulusve
1937 4097 2238 4166 singularis,

655 4169 746 4222 hic
795 4185 980 4223 revera
1031 4169 1322 4236 triangulus
1375 4167 1673 4236 circulnsve
1723 4183 1827 4220 non
1875 4178 2010 4221 est:
2068 4183 2241 4233 quan-

655 4238 943 4307 doquidem
977 4235 1274 4307 triangulus
1304 4235 1590 4304 singularis
1628 4252 1733 4290 non
1781 4247 1989 4291 constat
2019 4237 2119 4290 nisi
2148 4238 2242 4292 tri.-

655 4308 755 4362 ltus
788 4310 973 4373 Ιιιιιιὶς,
1012 4325 1130 4380 qua:
1175 4310 1245 4362 ita
1274 4309 1412 4380 inter
1442 4324 1500 4360 se
1530 4316 1767 4380 coeant,
1786 4317 1841 4360 ιιι
1867 4323 1935 4380 ex
1986 4308 2068 4362 his
2113 4310 2244 4362 fiant

655 4388 769 4433 tres
794 4381 974 4451 anguli
1001 4377 1231 4448 a7quales
1259 4377 1468 4451 duobus
1492 4381 1654 4432 rectis
1679 4396 1692 4432 :
1723 4378 1957 4451 tircttlus
1973 4394 2100 4451 vero
2132 4393 2241 4434 non

655 4448 998 4507 constat'nisi
1025 4467 1124 4505 una
1152 4451 1291 4504 linea
1308 4449 1447 4502 circa
1473 4462 1631 4502 unum
1648 4448 1984 4516 punctumita
2003 4448 2238 4502 circum-

654 4521 838 4587 ducta,
857 4531 1117 4576 utomnes
1140 4521 1280 4574 illius
1310 4528 1488 4586 partes
1511 4519 1578 4572 ab
1609 4517 1709 4573 ltoc
1737 4531 1933 4588 puncto
1965 4522 2241 4588 atqualiter

655 4592 856 4647 distent
889 4609 904 4645 :
937 4610 1057 4647 cum
1089 4601 1265 4646 tamen
1287 4589 1461 4644 omnis
1479 4589 1774 4658 triangulus
1791 4589 2093 4644 circulusve
2116 4604 2244 4643 sen-

655 4663 797 4726 silis,
825 4664 964 4718 sicut
996 4663 1279 4730 exquisitis
1308 4660 1626 4728 perspiciliis
1673 4663 1806 4724 sive,
1841 4671 1896 4713 ιιι
1926 4662 2239 4726 loquuntur,

656 4736 987 4802 microswpis
1029 4733 1456 4787 animadvertere
1480 4742 1811 4798 possumus,
1841 4731 2060 4784 inlittitis
2076 4747 2239 4798 prope

655 4814 864 4858 caustet
899 4801 1074 4864 lineis,
1104 4818 1325 4872 quarum
1375 4803 1489 4853 alim
1517 4816 1768 4868 egi-essm,
1817 4803 1934 4854 alia:
1981 4801 2235 4868 ingressa:

654 4876 964 4941 praedictam
993 4875 1172 4940 anguli
1195 4873 1449 4927 circnlive
1472 4875 1741 4925 notionem
1785 4874 2106 4940 singularem
2132 4873 2233 4925 ἱιιιο

655 4947 900 5012 pedtunl.
938 4945 1120 4997 Tertio
1156 4943 1296 4997 nulla
1340 4957 1552 5011 queque
1582 4944 1685 4994 erit
1712 4943 1925 5003 divisio,
1949 4958 2052 5010 qua
2087 4958 2236 4996 tuens

655 5015 857 5084 cognita
887 5017 1064 5067 dividit
1087 5029 1105 5067 :
1127 5029 1247 5066 cuin
1275 5016 1387 5066 hoae
1418 5029 1522 5064 non
1557 5015 1643 5064 fiat
1675 5013 1773 5066 nisi
1827 5026 2093 5084 tnentegca
2118 5029 2236 5077 qua:

656 5083 904 5137 sensibus
922 5085 1166 5137 videntur
1181 5085 1462 5151 conjuncta
1482 5093 1784 5150 separante,
1807 5083 1920 5135 sive
1939 5094 1994 5134 ttt
2012 5083 2237 5150 loquun-

655 5165 744 5208 tur
774 5155 948 5222 logici,
999 5157 1356 5207 abstracttone.
1401 5153 1602 5218 Quarto
1657 5156 1800 5206 nulla
1855 5153 1956 5205 erit
1997 5154 2244 5207 delinitio

657 5240 760 5296 qua
785 5241 933 5279 nteus
964 5226 1121 5278 divisa
1142 5225 1391 5294 recolligit
1421 5239 1607 5287 :natn,
1641 5223 1811 5292 inquit
1837 5222 2163 5296 Crassotius,
2198 5225 2234 5277 Ι.

656 5293 717 5361 ti,
754 5297 899 5351 Post.
927 5297 1105 5357 Anal.,
1130 5310 1245 5363 cap.
1282 5293 1456 5356 l,art.
1493 5297 1542 5355 l,
1571 5296 1614 5346 si
1663 5294 1964 5346 machinalis
1989 5293 2242 5362 horologii

656 5377 830 5440 partes
859 5384 1030 5420 omnes
1061 5367 1404 5440 dissoluantur
1423 5406 1438 5431 ,
1466 5373 1512 5416 et
1559 5375 1668 5432 post
1713 5365 2095 5440 dissolutionem
2133 5379 2242 5440 sm:

657 5435 794 5509 pulte
834 5441 1123 5509 spectanda:
1171 5436 1521 5509 exhibeantnr,
1557 5445 1669 5509 tum_
1708 5437 1918 5509 ιιῆιιιειειι·⁸
1934 5450 2044 5509 csse
2094 5435 2241 5503 quasi

656 5505 908 5578 ipecimen
937 5510 1216 5570 divisionis,
1249 5517 1293 5559 et
1324 5507 1614 5572 partitionis
1652 5507 1848 5578 logica),
1883 5505 1942 5560 Si
1966 5513 2134 5571 partes
2155 5521 2240 5557 eos

659 5595 833 5633 onmes
862 5584 997 5632 clare
1027 5589 1072 5632 et
1098 5580 1333 5631 distincte
1357 5577 1732 5647 apprehendas,
1758 5577 1844 5628 sed
1876 5593 1970 5628 suo
1987 5591 2240 5645 quamque

659 5653 772 5703 loco
791 5660 839 5702 et
868 5651 1047 5703 ordine
1068 5650 1120 5702 in
1151 5658 1275 5711 toto,
1309 5659 1428 5702 tunc
1451 5650 1645 5699 videtur
1657 5661 1764 5698 esse
1791 5647 2104 5712 deﬁnitionis
2123 5662 2239 5709 spe-

657 5721 823 5774 cimen
842 5735 861 5773 :
883 5736 945 5776 ex
969 5734 1073 5789 quo
1095 5719 1338 5790 sequitur
1375 5718 1500 5787 vim,
1541 5732 1661 5785 qum
1691 5731 1794 5772 non
1827 5727 2000 5785 potest
2027 5718 2235 5785 cognita

2351 2208 2527 2261 finire.
2555 2208 2752 2273 Quinto
2775 2209 3036 2262 nullaerit
3059 2205 3366 2270 metltodns,
3390 2222 3516 2270 qute
3540 2205 3763 2262 scilicet
3794 2210 3962 2264 monti

2345 2278 2579 2344 vallique
2608 2277 2797 2331 similis
2824 2291 2964 2330 nttnc
2992 2292 3024 2330 a
3059 2276 3341 2344 speciebus
3385 2277 3666 2344 subjectis
3698 2279 3765 2332 ad
3791 2293 3958 2347 genus

2348 2361 2656 2415 supremum
2689 2347 2965 2411 ascendit;
2997 2361 3138 2400 nunc
3163 2361 3190 2399 a
3216 2361 3418 2414 genere
3447 2361 3724 2414 supremo
3751 2353 3817 2401 ad
3832 2350 3955 2403 sub-

2339 2416 2511 2486 iectas
2541 2418 2748 2487 species
2779 2416 3086 2479 descendit,
3119 2419 3232 2487 suis
3262 2432 3492 2484 quaeque
3524 2419 3825 2472 ordinibus
3847 2419 3956 2472 dis-

2345 2486 2590 2551 ponendo
2625 2507 2636 2540 :
2670 2503 2792 2541 nam
2815 2528 2828 2546 ,
2865 2496 2922 2539 ut
2955 2489 3063 2552 jatn
3106 2486 3308 2539 dictum
3351 2495 3454 2544 est.
3483 2499 3692 2555 genus,
3725 2490 3961 2556 species,

2345 2557 2666 2623 illorutnque
2693 2558 2825 2610 ordo
2852 2559 3099 2609 Sensibus
3132 2572 3235 2609 non
3259 2557 3579 2624 percipitur.
3609 2560 3781 2611 Sexto
3801 2558 3953 2613 deni-

2344 2643 2448 2694 que
2487 2629 2631 2683 nulla
2660 2629 2764 2682 erit
2790 2628 3030 2680 veritatis
3055 2642 3264 2696 norma,
3290 2641 3389 2694 qua
3411 2643 3572 2680 mons
3604 2628 3745 2696 falsa
3783 2632 3958 2682 redar-

2344 2693 2499 2772 guit;
2526 2715 2649 2752 nam
2680 2698 3124 2772 regul:t_vcrit:_tt_i_s
3158 2693 3839 2772 (ἔπνειςκριτήριὸνηὶιιιιᾱ
3870 2706 3955 2752 est

2343 2766 2482 2835 quod
2525 2776 2776 2833 tanquam
2837 2766 2973 2820 duce
3022 2766 3208 2818 fallere
3258 2775 3312 2819 et
3368 2766 3485 2820 fa'lli
3539 2766 3763 2833 nescio,
3805 2783 3950 2821 mens

2347 2837 2576 2891 humana
2606 2839 2674 2891 ita
2708 2839 3077 2904 persuadetur,
3104 2837 3218 2889 lia-c
3247 2845 3510 2890 uttteruni
3536 2838 3830 2906 (ulmisque
3856 2840 3950 2890 du-

2345 2909 2625 2962 bitationis
2668 2924 2862 2976 expers
2887 2909 3146 2973 judicium
3192 2907 3418 2961 formet:
3456 2909 3588 2961 tatis
3623 2918 3806 2961 autem
3845 2923 3946 2962 non

2346 2988 2524 3045 potest
2561 2993 2682 3032 esse
2737 2993 2949 3043 sensus,
2991 2976 3057 3030 de
3101 2993 3205 3045 quo
3245 2991 3386 3032 nunc
3425 2979 3651 3046 agitur;
3687 2978 3952 3045 siquidem

2345 3048 2446 3101 hoc
2481 3051 2682 3116 sa‘pius
2708 3047 2978 3100 fallimur:
3005 3062 3170 3114 quare
3203 3046 3366 3100 Stoici
3421 3058 3706 3114 putantes,
3739 3061 3945 3100 omnem

2345 3119 2620 3172 notionem
2655 3120 2781 3170 oriri
2817 3134 2846 3170 a
2892 3119 3176 3179 sensibus,
3226 3130 3442 3172 omnem
3492 3122 3666 3173 etiam
3711 3118 3943 3172 veritatis

2344 3203 2588 3241 normam
2633 3188 2960 3254 abjieiebaut
3008 3204 3020 3238 :
3058 3199 3112 3240 ut
3144 3187 3349 3240 monuit
3377 3191 3434 3241 S.
3487 3192 3635 3257 Aug.
3695 3188 3942 3255 pra-dicto

2343 3257 2438 3311 Ιιι).
2465 3273 2555 3312 νιιι
2579 3260 2646 3311 de
2672 3260 2856 3319 Civit.,
2884 3273 2932 3312 c.
2971 3259 3025 3320 '7,
3053 3259 3140 3309 tibi
3185 3257 3347 3309 etiam
3391 3262 3467 3310 ait
3493 3274 3509 3312 :
3539 3262 3675 3311 Cum
3705 3257 3942 3325 pulchros

2343 3328 2514 3382 dicant
2543 3345 2644 3382 non
2674 3344 2781 3380 esse
2815 3330 2914 3381 nisi
2943 3329 3212 3397 sapientes,
3242 3328 3423 3395 quibus
3453 3330 3697 3381 srnsibus
3719 3327 3944 3395 corporis

2343 3399 2494 3451 istaut
2544 3401 2976 3464 pulchritudinem
3009 3401 3241 3460 uiderint,
3286 3397 3526 3463 qualibus
3553 3399 3721 3452 oculis
3751 3400 3935 3462 carnis,

2345 3470 2564 3534 formam
2592 3470 2856 3537 sapientia:
2872 3470 3124 3538 decusque
3149 3469 3548 3536 conspexeriut?

2421 3539 2569 3592 llane
2599 3533 2725 3592 vero
2755 3539 2996 3592 veritatis
3039 3533 3286 3590 normam
3344 3538 3544 3590 indicat
3601 3533 3943 3604 Philosophia-

2346 3609 2532 3662 dicens
2561 3620 2795 3662 mentem
2826 3625 2932 3662 sese
2977 3611 3276 3676 referentem
3308 3608 3406 3659 sibi
3432 3623 3447 3659 ;
3481 3615 3610 3662 nain
3639 3609 3833 3674 duplex
3861 3613 3935 3658 est

2344 3680 2605 3745 ejusmodi
2639 3679 2880 3731 veritatis
2911 3693 3095 3730 norma
3122 3693 3134 3728 :
3174 3692 3274 3729 una
3302 3677 3543 3735 esterior
3583 3688 3637 3731 ιιι
3663 3679 3715 3730 in
3743 3688 3933 3746 genere
3965 3707 3967 3710 ι

2345 3744 2521 3803 caiisa:
2551 3750 2856 3808 efficientis,
2894 3749 3147 3802 videlicet
3179 3747 3342 3811 Dens,
3373 3749 3462 3814 qui
3497 3751 3643 3813 quod
3693 3744 3763 3799 snt
3807 3744 3935 3799 inti-

2348 3820 2459 3873 nite
2491 3821 2706 3887 sapiens
2758 3829 2813 3872 et
2850 3819 3052 3879 hunus,
3103 3818 3304 3871 idcirco
3337 3818 3443 3871 lalti
3489 3832 3548 3873 et
3603 3819 3788 3871 fallere
3830 3827 3940 3868 non

2348 3902 2525 3957 potest
2553 3909 2568 3942 :
2595 3893 2759 3942 altera
2818 3891 3044 3942 interior
3085 3899 3139 3942 et
3186 3892 3236 3940 in
3268 3903 3466 3956 genere
3499 3892 3714 3950 formai,
3747 3897 3929 3950 nempe

2345 3959 2636 4023 evidentia,
2695 3962 2795 4013 hoc
2847 3969 2932 4012 est
2985 3959 3129 4011 notio
3170 3958 3314 4011 clara
3372 3970 3427 4012 et
3465 3960 3750 4024 distincta,
3776 3965 3927 4022 quam

2345 4032 2512 4083 secuti
2541 4045 2811 4094 nunquam
2836 4029 3154 4090 erl‘abltltlh‘,
3173 4037 3229 4080 ut
3248 4037 3369 4096 pote
3383 4030 3450 4080 ab
3469 4031 3593 4095 ipso
3609 4035 3938 4096 praeceptore

2348 4099 2460 4152 Dco
2488 4102 2651 4153 docti.
2679 4100 2826 4153 Mens
2849 4115 2976 4167 ergo
3003 4110 3182 4152 nostra
3213 4116 3319 4151 sese
3362 4100 3590 4167 referens
3619 4098 3736 4162 sibi,
3761 4104 3926 4147 atten-

2344 4172 2434 4221 (lztl.
2459 4174 2636 4224 animo
2666 4170 2732 4222 ad
2759 4171 2894 4222 hanc
2930 4185 3078 4221 suam
3118 4169 3442 4223 evidentiam
3492 4173 3610 4224 sive
3662 4168 3923 4220 notionem

2345 4243 2544 4294 claram
2569 4249 2630 4294 et
2663 4240 3013 4293 distinctam:
3065 4249 3123 4292 ιιι
3171 4242 3404 4307 quandiu
3459 4241 3574 4307 ipsa
3635 4237 3920 4309 evidenter,

2343 4312 2458 4364 sive
2485 4312 2630 4364 clare
2686 4321 2740 4362 et
2786 4310 3059 4374 distincte,
3092 4311 3144 4362 in
3187 4303 3346 4364 rebus
3400 4303 3931 4379 ad~'tnysteriatidei

2345 4397 2449 4433 non
2497 4380 2912 4449 pertinentibus,
2947 4395 3051 4432 non
3085 4383 3314 4439 noverit,
3357 4379 3542 4433 taudiu
3572 4375 3919 4449 assensione!!!

2343 4447 2614 4514 sustineat,
2643 4469 2704 4504 ne
2720 4452 3005 4519 pt'wcipitet
3034 4451 3078 4502 si
3120 4459 3306 4503 temere
3334 4451 3652 4514 processerit,
3679 4459 3733 4500 ut
3758 4447 3927 4508 loqui-

2346 4531 2432 4575 tur
2461 4523 2704 4576 Tullius:
2744 4531 2890 4585 turpe
2915 4521 3060 4574 enim
3088 4529 3192 4583 est,
3225 4521 3396 4589 inquit
3431 4521 3573 4573 idem
3608 4527 3807 4589 orator,
3837 4523 3918 4559 €0-

2345 4594 2560 4660 gnitiani
2598 4602 2642 4646 et
2681 4593 2992 4662 perceptioni
3020 4587 3356 4662 assertionem
3406 4587 3925 4662 approbationemqut

2352 4660 2690 4730 prtrcurrere.
2719 4668 2785 4714 At
2817 4660 2902 4713 ubi
2932 4661 3119 4713 eadem
3153 4676 3304 4712 mens
3358 4663 3554 4713 claram
3604 4660 3918 4730 distinctam-

2345 4725 2448 4799 que
2473 4747 2624 4786 suam
2657 4733 2927 4784 notionem
2953 4736 3097 4784 elate
3126 4741 3178 4783 et
3203 4732 3452 4784 distincte
3476 4725 3792 4795 perceperit,
3809 4732 3910 4770 tum

2344 4814 2545 4855 remota
2570 4807 2712 4855 omni
2737 4803 3065 4855 dubitatione
3085 4801 3342 4868 judicium
3375 4800 3624 4867 proferat.
3652 4806 3789 4868 certa
3812 4802 3906 4839 non

2343 4876 2407 4923 ult
2435 4874 2756 4934 hominibus,
2786 4873 2876 4925 scd
2912 4876 2978 4923 ab
3031 4866 3145 4938 ipso
3206 4871 3314 4925 Deo
3346 4866 3867 4938 intrinsecusdoccrt

2343 4944 2403 4996 Si
2425 4945 2766 5007 intellexistis,
2798 4943 2970 5004 inquit
2998 4934 3061 4996 εξ
3087 4945 3224 5008 Aug.
3261 4944 3312 4992 in
3344 4941 3497 4994 Joan.
3527 4955 3614 5002 XL,
3638 4937 3828 4988 dictum
3843 4934 3909 4978 est

2340 5024 2385 5066 ct
2420 5016 2563 5066 cordi
2594 5025 2777 5066 vestro.
2811 5012 3000 5065 Munus
3027 5013 3210 5083 lhicst
3230 5013 3594 5083 intelligentia.
3729 5071 3741 5083 .

2412 5065 2711 5138 Notandum
2738 5065 2794 5135 in
2837 5084 2973 5138 libro
3004 5084 3072 5135 de
3101 5081 3300 5146 Spiritu
3331 5094 3383 5135 et
3406 5065 3622 5142 Ἇιιιιιιτι,
3656 5071 3741 5142 qtti
3763 5065 3912 5139 vttli",l

2343 5165 2654 5208 recensetur
2682 5156 2821 5209 inter
2846 5169 3006 5221 opera
3036 5155 3092 5206 S.
3126 5145 3428 5220 Augustini,
3452 5168 3568 5219 cap.
3594 5154 3618 5202 1
3637 5147 3679 5223 ΙΙ.
3700 5145 3902 5223 Γεβοψξ

2347 5228 2460 5276 lucc
2492 5227 2653 5279 verba
2687 5242 2701 5275 :
2751 5216 2897 5276 Mens
2928 5241 3065 5276 nunc
3105 5216 3254 5288 caput
3285 5225 3496 5274 suminis
3518 5216 3688 5272 inserit
3709 5227 3732 5288 _.'
3781 5216 3901 5288 ’f’f’"?

2345 5295 2529 5346 decidit
2574 5296 2627 5346 in
2656 5294 2882 5360 iit/imis;
2914 5311 3047 5346 nunc
3087 5279 3194 5346 sese
3244 5295 3462 5358 inferens
3493 5292 3585 5344 sibi
3621 5285 3742 5340 veris
3781 5279 3902 5360 ηιιεξι

2346 5366 2632 5434 redarguit;
2661 5348 2781 5416 cuin
2833 5348 2913 5417 his
2945 5366 3104 5416 etiam
3157 5348 3438 5429 scriptura:
3468 5348 3900 5434 errorilitts_.“dt’_f‘l‘

2345 5437 2440 5498 dit,
2465 5422 2674 5502 iii/imis.
2702 5436 2963 5503 inferens;
2995 5450 3059 5488 ex
3090 5451 3217 5500 quo,
3248 5422 3305 5486 tit
3328 5449 3395 5486 es
3431 5431 3666 5501 pluribus
3818 5427 3897 5503 ff:

2344 5489 2610 5571 gementis
2657 5489 2858 5572 optime
2905 5489 3271 5559 Levanienses
3324 5489 3664 5557 ceneludunh
3713 5489 3895 5572 ,Μηξῗξξξξ

2676 5555 2818 5629 isse
2837 5555 2942 5628 ἐξ
2957 5555 3263 5643 Aug—illiilli
3293 5555 3473 5643 opus,
3500 5572 3592 5625 sed

2344 5649 2510 5698 multo
2542 5645 2878 5707 recentioris,
2903 5629 3347 5713 forteuttugonisa
3379 5629 3690 5700 S.'\iictore;
3717 5629 3892 5698 quil’l‘6

2343 5717 2432 5787 qui
2457 5718 2629 5786 capite
2657 5717 2725 5772 55
2739 5716 2980 5787 ejusdem
3013 5716 3131 5774 libri
3158 5712 3404 5776 Boetiunt
3429 5712 3681 5770 nominet.
