4276 6260
617 230 713 285 ὲῖὥ

1830 188 1940 287 ΑΝ.
1982 229 2186 284 nam.
2227 228 2381 287 sev.
2421 229 2647 286 eosrn

3825 227 3920 277 8ἷέτῖ

613 348 1021 418 proprium,sed
1042 359 1353 402 creterarum
1375 361 1587 417 quoque
1617 346 1922 400 notitiarum
1947 344 2189 413 subjecta
2224 346 2268 401 A
2298 345 2732 414 imaginationem
2778 357 3101 413 sensumque
3152 341 3341 396 rationi
3388 339 3617 394 cedere
3674 345 3923 406 oportere

612 447 906 517 cognoscit.
938 446 1101 519 3M
1129 449 1145 479 ⁸
1174 448 1310 516 Quid
1352 449 1529 517 igitur,
1557 449 1603 503 si
1643 444 2035 503 ratiocinationi
2066 464 2193 502 sen-

611 566 703 604 sus
733 549 1148 619 imaginatioque
1179 556 1204 585 ⁸
1231 547 1585 618 refragentur,
1612 549 1743 604 nihil
1765 564 1885 603 esse
1915 548 2044 604 illud
2072 549 2192 602 uni-

612 654 818 707 versale
840 651 1102 716 dicentes,
1132 650 1275 721 quod
1307 666 1428 706 sese
1451 650 1643 707 intueri
1672 653 1806 707 ratio
1834 653 2020 721 putet?
2048 652 2186 719 quod

612 754 755 809 enim
778 751 1052 820 sensibile,
1071 751 1156 807 vel
1183 750 1523 822 imaginabile
1538 761 1641 818 est,
1669 752 1718 807 id
1742 753 2047 808 universum
2070 769 2190 810 esse

611 860 715 898 nou
748 858 943 914 posse:
972 850 1066 898 aut
1092 842 1253 913 igitur
1286 843 1508 896 rationis
1540 857 1722 898 verum
1757 858 1879 899 esse
1904 844 2186 912 judicium,

608 960 708 999 nec
753 943 1040 1014 quidquam
1089 958 1210 999 esse
1247 941 1549 998 sensibile:
1579 951 1671 997 aut
1709 942 1787 1011 (5)
1811 943 2061 1013 quoniam
2087 943 2187 996 sibi

609 1045 795 1093 notum
824 1035 896 1090 sit
923 1035 1076 1105 plura
1106 1034 1379 1102 sensibus,
1420 1041 1474 1088 et
1504 1034 1867 1103 imaginationi
1914 1048 2035 1089 esse
2064 1035 2189 1087 sub-

606 1130 769 1199 jecta,
802 1128 1016 1181 inanem
1050 1127 1455 1195 conceptionem
1483 1140 1604 1182 esse
1629 1127 1873 1191 rationis,
1903 1142 2024 1197 qute
2047 1127 2186 1197 quod

608 1220 863 1276 sensibile
892 1220 984 1285 sit,
1014 1233 1077 1274 ac
1102 1219 1393 1290 singulare,
1428 1219 1580 1288 quasi
1608 1218 1857 1288 quiddam
1886 1218 2190 1274 universale

608 1320 936 1377 consideret.
966 1318 1048 1374 Ad
1092 1319 1228 1385 haec,
1272 1318 1318 1373 si
1360 1319 1500 1373 ratio
1527 1327 1715 1371 contra
1754 1317 2101 1386 reSpondeat,
2130 1332 2191 1371 se

608 1414 828 1484 quidem
860 1421 912 1468 et
953 1411 1093 1483 quod
1124 1411 1376 1467 sensibile
1404 1420 1457 1466 et
1486 1410 1627 1481 quod
1668 1409 2006 1477 imaginabile
2035 1412 2106 1465 sit
2137 1412 2189 1464 in

607 1504 979 1561 universitatis
1008 1504 1215 1558 ratione
1235 1503 1583 1572 conspicere;
1614 1501 1700 1557 illa
1729 1517 1856 1556 vero
1881 1504 1946 1557 ait
1976 1503 2187 1555 univer-

608 1597 781 1653 sitatis
806 1595 1165 1666 cognitionem
1193 1593 1305 1667 (ttl)
1322 1594 1566 1662 aspirare
1593 1609 1699 1647 non
1728 1607 1914 1662 posse:
1938 1593 2189 1662 quoniam

607 1716 791 1756 eorum
822 1699 971 1754 notio
997 1698 1307 1767 corporales
1337 1697 1534 1767 figuras
1558 1710 1663 1751 non
1688 1694 1859 1764 possit
1881 1696 2143 1751 excedere
2170 1714 2182 1749 :
2221 1712 2264 1772 Β

604 1802 673 1856 de
700 1816 880 1856 rerum
905 1813 1036 1855 vero
1066 1798 1392 1868 cognitione,
1420 1795 1643 1852 firmiori
1676 1797 1874 1865 potius,
1904 1794 2189 1865 perfecrio-

604 1893 759 1962 rique
802 1890 1010 1961 judicio
1048 1904 1168 1945 esse
1200 1889 1550 1945 credendum.
1599 1888 1655 1943 ιιι
1686 1886 1988 1957 hujusmodi
2029 1886 2189 1955 igitur

604 1983 723 2047 lite,
754 1998 877 2048 nos,
907 1982 1100 2052 quibus
1126 1990 1233 2036 tam
1264 1981 1636 2044 ratiocinandi,
1673 1994 1832 2049 quam
1865 1978 2184 2047 imaginandi

607 2075 788 2139 etiam,
837 2073 1212 2141 sentiendique
1247 2072 1332 2127 vis
1358 2073 1519 2137 inest,
1561 2086 1739 2125 nonne
1767 2069 1927 2142 345
1957 2070 2181 2126 rationis

605 2176 783 2242 potius
803 2188 1021 2228 causam
1051 2172 1432 2242 probaremus?
1451 2172 1636 2227 Simile
1656 2180 1761 2239 est,
1788 2172 1928 2240 quod
1954 2173 2181 2226 humana

608 2267 751 2321 ratio
776 2266 1010 2321 divinam
1052 2264 1455 2334 intelligentiam
1485 2264 1680 2329 futura,
1706 2264 1888 2318 nisiut
1918 2265 2029 2334 ipsa
2060 2280 2183 2334 cog-

609 2359 801 2425 noscit,
832 2373 940 2413 non
968 2366 1117 2427 putat
1145 2357 1359 2412 intueri.
1390 2357 1522 2412 Nam
1566 2357 1635 2410 ita
1685 2357 1929 2422 disseris,
1978 2358 2023 2411 si
2065 2373 2183 2428 qum

610 2458 783 2505 certos
812 2463 876 2502 ac
901 2447 1236 2503 necessarios
1270 2447 1466 2503 habere
1493 2462 1598 2502 non
1628 2448 1905 2503 videantur
1937 2458 2180 2515 eventus,

611 2554 671 2592 va
698 2548 847 2594 certo
877 2549 1133 2593 eventura
1170 2538 1408 2608 prmsciri
1451 2548 1739 2608 nequeunt.
1784 2540 1982 2594 [larum
2032 2541 2189 2610 igitur

610 2629 689 2702 (5)
714 2646 894 2686 rerum
916 2629 1056 2683 nulla
1084 2638 1169 2683 est
1198 2627 1552 2698 prtescientia,
1582 2644 1738 2696 quam
1762 2629 1807 2684 si
1838 2630 1998 2685 etiam
2026 2631 2076 2684 in
2107 2632 2191 2684 his

612 2737 730 2777 esse
760 2722 1063 2786 credamus,
1088 2720 1218 2775 nihil
1250 2720 1379 2789 erit,
1420 2722 1560 2791 quod
1613 2735 1717 2776 non
1763 2737 1829 2775 ex
1872 2722 2191 2777 necessitate

612 2816 919 2884 proveniat.
962 2813 1019 2869 Si
1064 2814 1241 2883 igitur,
1296 2815 1370 2868 uti
1417 2814 1640 2868 rationis
1672 2816 1958 2883 participes
1986 2830 2189 2880 sumus,

612 2921 677 2972 ira
706 2904 901 2960 divina:
927 2904 1184 2975 judicium
1228 2905 1421 2960 mentis
1467 2904 1665 2959 habere
1711 2917 2008 2974 possemus,
2054 2908 2190 2965 sicut
2217 2906 2264 2966 C

2291 440 2671 508 judicavimus,
2701 439 2779 493 sic
2804 436 2997 491 divinae
3035 450 3155 489 sese
3203 432 3367 488 menti
3406 432 3733 485 humanam
3779 444 3923 483 sum-

2298 534 2511 587 mittere
2573 532 2832 585 rationem
2896 530 3253 598 justissimum
3322 538 3742 580 censeremus.
3816 521 3923 592 (l0)

2293 626 2316 655 ²
2356 626 2532 690 Quare
2585 624 2635 677 in
2678 623 2821 676 illius
2864 636 3085 675 summa:
3130 618 3519 687 intelligentiae
3554 615 3923 678 cacumen,si

2295 730 2600 786 possumus,
2629 714 2928 782 erigantur;
2961 714 3068 766 illic
3088 711 3229 766 enim
3274 711 3419 764 ratio
3471 708 3737 770 videbit,
3778 705 3925 775 quod

2294 810 2346 861 in
2376 821 2435 861 se
2459 821 2565 860 non
2598 815 2773 873 potest
2800 803 3015 859 intueri.
3046 802 3102 857 ld
3133 810 3310 856 autem
3331 807 3449 865 est,
3479 812 3746 869 quonam
3767 797 3927 850 modo

2292 896 2452 950 etiam
2480 912 2601 965 quae
2622 906 2798 949 certos
2820 893 2997 950 exitus
3020 909 3126 949 non
3156 894 3376 955 habent,
3404 900 3581 944 certa
3628 897 3820 942 tamen
3850 888 3926 941 vi-

2292 984 2438 1049 deat,
2488 998 2551 1039 ac
2596 983 2813 1038 definita
2847 983 3137 1051 praanotio;
3170 996 3343 1048 neque
3370 979 3431 1033 id
3464 978 3544 1032 sit
3576 978 3799 1047 opinio,
3832 976 3925 1029 sed

2291 1088 2518 1129 summa:
2547 1073 2724 1142 potius
2765 1070 3003 1126 scientia:
3048 1069 3210 1125 nullis
3242 1068 3504 1123 terminis
3538 1065 3764 1120 inclusa
3797 1064 3925 1118 sim-

2292 1166 2519 1238 plicitas.

2768 1294 2932 1366 353
2957 1293 3246 1351 neruus:
3279 1298 3293 1318 -
3328 1293 3381 1348 v.

2293 1412 2660 1465 Aacuusaruu
2698 1422 2766 1461 ex
2794 1407 3089 1473 Cicenoue,
3132 1421 3149 1459 ι
3190 1421 3256 1460 ne
3286 1404 3560 1459 LEGIBUS.
3584 1432 3663 1442 —
3690 1401 3922 1463 Natura,

2362 1482 2529 1549 inquit
2572 1477 2949 1549 Philosophia,
2985 1486 3195 1530 cetera:
3238 1473 3810 1549 animanteshabjecit
3855 1474 3920 1549 ad

2362 1541 2585 1617 pastum,
2616 1541 3077 1617 solum'ltom’inemr
3110 1545 3406 1617 erexit,iad
3474 1541 3718 1611 (aliqua
3773 1541 3920 1617 quasi

2364 1612 2702 1689 cognationis,
2742 1626 2789 1670 et
2835 1616 3082 1670 domicilii
3122 1616 3328 1684 pristini
3372 1624 3741 1684 conspectam:
3782 1612 3919 1666 exci-

2363 1692 2507 1743 tavit.
3692 1708 3697 1713 ·

2433 1798 2602 1864 Quam
2633 1796 2799 1851 variis
2822 1804 2992 1851 terras
3022 1794 3270 1849 animalia
3304 1802 3610 1863 permeant
3651 1792 3879 1862 figuris!

2435 1890 2672 1960 Namque
2695 1889 2796 1942 alia
2819 1895 3043 1943 extento
3068 1896 3192 1941 sunt
3210 1900 3468 1955 corpore,
3508 1886 3913 1955 pulveremque

3556 1972 3843 2045 [verrunt,

2434 2071 2861 2139 Coutinuumque
2907 2066 3123 2121 trahunt
3147 2068 3196 2120 vi
3221 2065 3464 2137 pectoris
3510 2064 3754 2119 incitata
3797 2061 3910 2116 sul-

3648 2155 3837 2227 [cum.

2437 2256 2573 2312 Sunt
2625 2252 2819 2322 quibus
2862 2252 3065 2304 alarum
3108 2249 3294 2304 levitas
3343 2263 3483 2317 vaga
3539 2250 3910 2315 verberetque

3590 2340 3837 2410 [vcntos,

2295 2445 2329 2499 5
2433 2439 2591 2512 347
2628 2438 2694 2493 Et
2724 2435 2925 2506 liquido
2950 2435 3090 2505 longi
3120 2435 3288 2503 spatia
3328 2434 3566 2490 a~theris
3595 2443 3788 2488 enatet
3818 2445 3908 2483 vo-

3658 2524 3835 2596 ﬂatu;

2385 2635 2391 2643 '
2439 2626 2562 2680 Haec
2607 2620 2871 2691 pressisse
2918 2619 3035 2671 solo
3080 2618 3304 2687 vestigia
3343 2616 3754 2686 gressibusque
3780 2625 3905 2681 gau-

3664 2706 3832 2777 [dent

2441 2809 2535 2863 Vel
2564 2803 2763 2860 virides
2793 2815 3011 2869 campos
3037 2799 3428 2862 transmittere,
3461 2799 3554 2853 vel
3586 2797 3778 2852 subire
3808 2793 3902 2847 sil—

3681 2890 3830 2963 [vas.

1953 3012 2525 3075 INTERPRETATIO.

684 3143 706 3170 ε
737 3131 1098 3185 Adversentur.

684 3202 851 3269 Quam
880 3204 1091 3255 diversis
1117 3202 1297 3272 ﬁguris
1324 3199 1554 3267 prceditw
1580 3199 1864 3272 animantes
1888 3212 2192 3270 percurrunt

613 3284 773 3327 terras
798 3289 816 3326 :
841 3273 959 3326 alia:
984 3273 1118 3324 enim
1150 3270 1332 3323 habent
1371 3270 1816 3340 corpuslongum,
1841 3287 1957 3339 qua:
1986 3288 2195 3340 serpen-

613 3357 684 3397 tes
708 3345 886 3395 uirtute
906 3342 986 3394 sui
1014 3343 1229 3411 pecroris
1258 3347 1459 3392 verrunt
1487 3339 1741 3411 puluerem
1774 3351 1819 3411 et
1858 3344 2050 3394 ducunt
2073 3339 2193 3395 sul-

613 3428 726 3464 cum
756 3409 1103 3464 continuatum
1131 3426 1150 3463 .'
1180 3411 1298 3463 alia:
1326 3419 1551 3463 errantes
1581 3410 1763 3480 pennis
1796 3409 1989 3465 leuibus
2009 3428 2196 3482 percu-

2300 3131 2429 3180 tiunt
2454 3130 2648 3185 t'entos,
2679 3128 2725 3172 et
2755 3120 2905 3188 longo
2927 3115 3096 3168 t'olatn
3122 3126 3381 3169 transeunt
3407 3130 3611 3179 magna
3631 3112 3895 3188 intervalla

2299 3200 2431 3251 aeris
2465 3192 2641 3261 liquidi
2667 3204 2687 3243 :
2714 3185 3289 3261 uliw'gestiuntgradiri
3309 3199 3631 3261 _pcr_terram
3656 3203 3675 3239 :
3701 3188 3803 3237 sire
3824 3185 3898 3261 In}:

2300 3254 2539 3338 passibus
2569 3267 2830 3338 transeant
2861 3254 3007 3338 agros
3036 3254 3252 3317 virides;
3277 3256 3381 3308 sit'e
3406 3257 3497 3326 ing
3531 3259 3779 3338 edicit-ft!!!
3810 3254 3895 3338 sil:

2301 3324 2413 3392 iras.
2447 3333 2573 3399 Quae
2603 3330 2921 3384 animantes.
2954 3327 3078 3399 licet
3117 3342 3310 3389 omnes,
3352 3337 3405 3377 ut
3430 3324 3629 3389 cérnis,
3658 3324 3895 3391 dii/“erant

2301 3397 2527 3461 interrae
2571 3400 2806 3472 pluribus
2845 3397 3033 3461 modis,
3086 3398 3137 3449 in
3178 3398 3280 3450 huc
3320 3406 3503 3451 tamen
3542 3399 3887 3457 conveniunt,

2132 3525 2361 3584 ΝΟΤᾹΣ.

692 3620 709 3651 ⁸
746 3616 881 3683 Quid
902 3617 1057 3688 igitur
1083 3618 1126 3670 si
1146 3617 1544 3683 ratiocinationi,
1574 3616 1704 3687 etc]
1731 3618 1950 3674 Accedit
1978 3620 2188 3675 tandem

606 3688 959 3754 Philosophia
1004 3688 1071 3741 ad
1117 3703 1259 3748 eam,
1294 3699 1510 3755 propter
1555 3704 1712 3756 quam
1767 3690 1921 3757 longa
1972 3691 2194 3745 fuerunt

615 3758 896 3829 prteludia,
916 3760 1393 3829 comparationem,
1418 3773 1573 3822 quam
1597 3761 1939 3829 prapmn'onis
1964 3775 2193 3819 vocant:

615 3830 763 3900 quasi
793 3830 973 3884 dicat:
1004 3844 1057 3882 ut
1107 3844 1166 3883 se
1216 3829 1376 3900 habet
1405 3843 1607 3900 sensus
1657 3830 1883 3882 collatus
1928 3846 2050 3885 cum
2096 3846 2189 3884 sua

613 3898 850 3969 subjecta
882 3901 1100 3954 materia
1149 3902 1211 3952 ad
1256 3898 1714 3968 imaginationem,
1772 3901 2022 3954 collatam
2070 3918 2191 3956 cum

614 3986 709 4024 sua
739 3976 956 4025 materia
986 3988 997 4022 :
1029 3980 1120 4023 aut
1151 3979 1208 4023 ut
1233 3984 1289 4022 se
1319 3969 1479 4022 habet
1508 3969 1815 4037 imaginatio
1851 3971 2044 4025 collata
2072 3987 2193 4026 cum

614 4048 708 4094 sua
741 4042 962 4095 materia
992 4041 1056 4093 ad
1087 4040 1345 4093 rationem
1375 4039 1619 4094 collatam
1647 4056 1768 4095 cum
1800 4055 1894 4094 sua
1935 4044 2191 4096 materia:

615 4115 685 4164 ita
734 4126 793 4165 se
835 4112 995 4165 habet
1037 4113 1173 4165 ratio
1201 4111 1392 4165 collata
1433 4126 1553 4163 cum
1606 4125 1699 4165 sua
1751 4112 1971 4164 materia
2022 4113 2086 4165 ad
2120 4116 2197 4167 iu-

615 4183 958 4250 telligentiam
1010 4183 1258 4236 collatam
1294 4194 1413 4233 eum
1460 4196 1552 4233 sua
1588 4182 1847 4235 materia:
1882 4184 2023 4235 sicut
2070 4200 2199 4247 ergo

616 4269 681 4306 ex
716 4252 1079 4306 imbecillitate
1120 4266 1312 4306 sensus
1343 4268 1445 4303 non
1474 4262 1557 4305 est
1585 4252 1823 4318 neganda
1870 4252 2193 4320 imaginatio.

2296 3611 2511 3684 plurimi
2536 3617 2649 3684 tam
2674 3614 2919 3684 oratores
2942 3598 3098 3672 q'uam
3122 3614 3298 3684 poeta;
3324 3622 3336 3656 :
3361 3604 3617 3660 audivisti
3641 3603 3887 3663 Tullium,

2296 3674 2420 3739 audi
2452 3680 2698 3736 Ovidium
2730 3678 2767 3729 Ι.
2800 3692 2816 3730 I
2849 3675 3087 3738 Metam,
3119 3676 3229 3729 fab.
3258 3674 3315 3728 2.

2423 3775 2678 3829 Pronaque
2702 3782 2808 3815 cum
2832 3774 3059 3829 spectent
3083 3766 3305 3829 aninialia
3328 3773 3513 3816 caetera
3539 3775 3746 3826 terram,

2423 3836 2490 3883 Os
2513 3833 2692 3881 homini
2714 3828 2924 3877 sublime
2949 3829 3085 3878 dedit
3105 3828 3382 3887 columque
3408 3828 3590 3878 videre

2423 3896 2578 3944 tussit
2602 3902 2653 3942 et
2677 3901 2875 3941 erectos
2890 3890 2949 3938 ad
2971 3891 3134 3939 sidera
3164 3889 3340 3938 tellere
3365 3890 3548 3939 vultus.

2302 3982 2399 4037 ille
2429 3989 2607 4034 tamen
2636 3976 3071 4044 distinguendum
3093 3976 3303 4029 videtur
3332 3976 3475 4030 inter
3507 3978 3673 4029 situm
3701 3984 3884 4036 corpo-

2300 4053 2398 4113 ris.
2433 4050 2703 4116 situmque
2732 4048 2905 4099 vultus
2935 4059 3040 4099 tam
3084 4046 3337 4110 hominis,
3378 4061 3541 4113 quam
3570 4056 3882 4099 cancrorum

2301 4120 2650 4175 animalium:
2688 4130 2808 4169 nam
2843 4126 3057 4171 erectus
3089 4116 3268 4179 homo,
3300 4126 3490 4170 extera
3528 4130 3656 4171 vero
3681 4117 3885 4165 anima-

2305 4194 2371 4246 lia
2408 4204 2573 4258 prona
2601 4196 2727 4241 sunt
2751 4201 2979 4256 corpore
3004 4203 3019 4240 :
3053 4188 3230 4239 vultus
3258 4195 3434 4241 autem
3460 4187 3705 4258 adeoque
3734 4195 3882 4258 aspe-

2304 4249 2425 4316 cms
2456 4271 2561 4312 tam
2591 4249 3024 4326 hominis-quam
3047 4268 3363 4311 caeleroruut
3388 4249 3697 4326 animalium
3724 4270 3737 4306 :
3765 4249 3881 4321 (sal-

615 4333 713 4400 aut_
745 4339 813 4400 ett
856 4323 1223 4400 imbecillitate
1250 4322 1667 4400 imaginatimiis
1696 4337 1801 4400 non
1829 4332 1925 4400 est.
1946 4325 2197 4400 neganda
2230 4331 2282 4391 υ
2310 4342 2416 4385 rem
2448 4329 2495 4384 si
2522 4328 2818 4397 excipiatur
2846 4322 3006 4400 piscis
3050 4328 3160 4383 ille.
3194 4328 3283 4392 qui
3320 4325 3701 4400 obpavocxo'no;
3729 4333 3882 4400 voca-

616 4393 990 4457 ratiocinatio,
1036 4394 1112 4447 sic
1151 4408 1216 4447 ex
1248 4391 1615 4447 imbecillitate
1658 4392 2083 4447 ratiocinationis
2112 4407 2205 4449 aut

615 4464 982 4531 intelligentia:
1013 4462 1259 4516 humana:
1290 4477 1394 4514 non
1426 4471 1509 4516 est
1539 4462 1778 4532 neganda
1801 4462 1982 4517 divina
2005 4465 2207 4519 futuro-

617 4553 734 4591 rum
767 4536 1055 4590 Iiberorum
1084 4533 1429 4601 intelligentia
1462 4533 1574 4587 sive
1605 4534 1888 4600 pramotio.

686 4609 707 4638 ²
750 4605 922 4673 Quare
944 4606 994 4658 in
1012 4606 1153 4677 illius
1180 4619 1392 4677 summa:
1419 4603 1768 4677 intelligentia
1793 4605 2202 4677 cacumen,etc.]

621 4672 929 4733 Studeamus
960 4676 1196 4728 accedere
1233 4674 1301 4725 ad
1322 4672 1733 4744 intelligentiam
1779 4675 2047 4727 divinam:
2077 4672 2200 4728 cuni

619 4748 761 4801 enim
795 4748 892 4799 hac
918 4744 1268 4813 intelligentia
1301 4743 1476 4796 divina
1512 4743 1751 4810 perfecte
1779 4746 2205 4812 comprehenda-

619 4827 708 4871 tur
735 4817 982 4884 prmdicta
1011 4818 1206 4869 divinae
1233 4815 1581 4883 providentia:
1610 4815 1963 4882 humanthue
1986 4815 2203 4870 liberta-

622 4887 1015 4946 tiscuneordia,
1041 4895 1245 4955 quanto
1265 4885 1483 4953 prOpius
1514 4885 1579 4936 ad
1612 4884 1848 4937 divinum
1870 4886 2199 4955 intelligendi

622 4957 840 5011 modum
863 4954 1203 5015 accedi-mus,
1226 4964 1371 5007 tanto
1407 4954 1573 5021 magis
1599 4955 1712 5007 lucc
1741 4955 2025 5009 Concordia
2051 4954 2204 5010 nobis

622 5031 923 5083 iunotescet
948 5042 962 5077 :
985 5027 1078 5080 sel
1111 5026 1175 5079 ad
1201 5027 1363 5079 Deum
1388 5025 1644 5078 accedere
1668 5040 1770 5079 non
1799 5040 2081 5090 pOrSIIIIIUS
2105 5030 2202 5079 nisi

620 5096 863 5166 diligenti
893 5095 958 5149 ad
999 5097 1169 5164 ipsum
1205 5095 1368 5166 Deum
1408 5093 1558 5166 facta
1601 5096 1933 5166 attentione:
1965 5096 2030 5148 ad
2064 5100 2203 5163 quod

618 5164 739 5238 ipsa
759 5170 920 5220 etiam
948 5168 1114 5220 nostri
1133 5165 1374 5233 corporis
1398 5165 1566 5233 figura
1593 5180 1690 5219 nos
1728 5164 1937 5219 videtur
1962 5167 2163 5220 hortari
2190 5182 2204 5219 :

624 5239 887 5305 siquidem

692 5303 711 5334 ⁵
747 5308 897 5376 Quod
924 5318 1144 5362 vocatur
1168 5303 1571 5359 Archilochium.
1602 5305 1831 5359 Carmen
1865 5314 2118 5360 constans
2145 5323 2206 5359 rx

630 5396 732 5434 ano
764 5395 960 5448 genere
992 5391 1265 5439 versuum,
1314 5390 1541 5444 quorum
1594 5376 1820 5444 quilibet
1870 5376 2209 5448 heptameter

623 5447 803 5517 habet,
837 5453 1063 5517 primum
1095 5457 1323 5518 quatuor
1353 5448 1557 5514 primos
1582 5462 1771 5501 versus
1792 5447 1989 5501 heroici
2010 5447 2204 5517 pedes;

620 5523 815 5577 deinde
848 5535 955 5576 tres
984 5523 1271 5573 trochrens.

696 5595 746 5647 l.
792 5594 957 5658 Quam
983 5593 1158 5653 variis,
1191 5587 1321 5660 etc.]
1355 5587 1838 5660 llomiuem‘solum
1872 5598 2072 5653 erecto,
2098 5605 2202 5644 crr-

625 5672 734 5715 tara
770 5657 896 5717 vero
942 5662 1193 5716 animalia
1237 5657 1408 5731 prono
1455 5659 1602 5711 vultu
1648 5657 1898 5715 incedere
1946 5659 2199 5728 dixerunt

2311 4414 2419 4463 tur,
2447 4399 2589 4471 quod
2626 4393 2822 4471 oculos
2850 4398 2903 4451 in
2948 4412 3177 4465 superna
3208 4393 3453 4471 corporis
3480 4408 3634 4471 parte
3665 4393 3795 4471 habe
3817 4404 3877 4471 is:

2307 4457 2509 4527 emittm
2555 4469 2717 4524 veluti
2766 4470 2964 4521 invitus
3000 4457 3227 4537 spectet)
3255 4457 3363 4520 non
3402 4457 3671 4527 sublimis,
3698 4462 3786 4537 sed
3817 4457 3878 4511 ad

2311 4542 2647 4596 horizontem
2682 4539 2817 4607 plus,
2850 4534 3041 4592 minus
3066 4548 3148 4591 est
3198 4534 3432 4591 directus
3460 4555 3472 4590 :
3509 4538 3650 4591 unde
3680 4534 3877 4607 diversa

2310 4616 2361 4666 in
2389 4611 2641 4664 omnibus
2668 4597 2985 4662 animalibus
3011 4618 3096 4662 est
3124 4608 3330 4661 cerebri
3361 4606 3677 4662 constitutio
3700 4622 3713 4656 :
3745 4597 3876 4670 Quod

2308 4684 2600 4736 discrimen
2645 4681 2851 4733 videtur
2898 4677 2985 4732 hic
3032 4679 3308 4732 observari
3339 4719 3351 4731 .
3388 4695 3491 4730 non
3523 4679 3663 4731 enim
3696 4673 3878 4725 dicitur

2310 4752 2508 4807 bestias
2532 4764 2750 4812 terram,
2776 4749 3043 4801 hominem
3070 4763 3198 4802 vero
3218 4749 3413 4801 emtum
3445 4746 3712 4803 coaversis
3733 4745 3876 4818 deor-

2313 4840 2430 4878 Sum
2457 4836 2735 4875 sursumve
2766 4820 2935 4873 Oculis
2965 4818 3145 4872 videre
3171 4835 3184 4872 :
3213 4820 3305 4871 sed
3335 4828 3537 4871 tantum
3565 4826 3748 4870 eteterzi
3770 4824 3873 4860 am-

2317 4893 2471 4946 malia
2507 4907 2697 4958 prono,
2730 4890 3002 4943 hominem
3058 4904 3188 4942 vero
3241 4904 3313 4941 rei
3335 4899 3387 4940 to
3431 4897 3576 4940 stare
3627 4892 3873 4955 corpore:

2314 4964 2453 5030 quod
2487 4962 2705 5026 sulficit,
2738 4974 2793 5013 ut
2821 4974 2973 5013 tuens
3000 4960 3225 5030 humana
3255 4958 3508 5030 peculiari
3540 4958 3618 5011 sui
3650 4961 3871 5018 corporis

2319 5028 2482 5101 figura
2510 5035 2774 5085 excitetur
2793 5030 2859 5083 ad
2884 5029 3220 5101 cogitandum
3252 5029 3440 5082 Deum.
3472 5028 3662 5101 Bestia:
3684 5030 3871 5101 autem.

2316 5094 2438 5167 «tua:
2476 5102 2563 5154 hic
2622 5094 2992 5164 numerantur,
3024 5110 3149 5152 sunt
3176 5100 3199 5152 1
3232 5108 3543 5167 serpentes,
3565 5099 3601 5150 2
3626 5094 3868 5167 volucruS.

2315 5162 2348 5224 '5
2382 5172 2617 5238 pedites;
2649 5188 2767 5237 qua:
2816 5171 2898 5225 vel
2945 5162 3163 5237 campos
3221 5162 3557 5240 pet-currunt,
3596 5165 3686 5240 vel
3727 5162 3869 5240 silvas

2318 5243 2687 5311 ingrediuntur
2716 5257 2728 5292 :
2763 5240 2828 5294 de
2856 5241 3051 5308 quibus
3097 5241 3231 5293 nihil
3275 5238 3517 5294 occurrit
3544 5238 3870 5292 adnotatione

2314 5312 2555 5377 dignum.

2386 5382 2440 5435 5.
2482 5380 2702 5450 Liquida
2744 5380 2879 5448 longi
2922 5380 3126 5433 (etlteris
3152 5376 3374 5449 volatu.]
3400 5368 3864 5450 Confus'ogvcl‘llof

2312 5467 2463 5511 rum.
2495 5439 2613 5519 quia:
2655 5439 3018 5516 grammaticis
3049 5461 3271 5504 vocatur
3297 5439 3566 5520 hyperbato:
3593 5464 3611 5503 :
3636 5439 3865 5520 siquidgtll

2312 5509 2482 5576 aether
2509 5509 2744 5587 liquidus
2786 5529 2841 5574 et
2884 5523 3094 5574 volatus
3140 5509 3479 5585 longuswdici
3524 5520 3753 5587 deberet.
3793 5509 3866 5561 Sic

2314 5592 2500 5662 Virgil.
2520 5609 2533 5648 :
2553 5584 2581 5645 Ῐ
2587 5595 2701 5645 bant
2726 5592 2926 5662 obscuri
2954 5590 3065 5643 sola
3087 5593 3177 5644 sub
3201 5584 3343 5643 nocte
3368 5607 3384 5644 :
3410 5584 3867 5658 Srelpratamintor'

2312 5661 2429 5717 serit
2455 5664 2660 5716 hastam
2684 5678 2699 5714 :
2731 5661 2869 5717 Dare
2896 5662 3140 5721 classibus
3172 5671 3391 5716 austros.
