4290 6258
570 450 698 515 Quae
726 447 887 500 variis
917 446 1095 500 videas
1119 445 1243 500 licet
1264 447 1439 497 omnia
1459 444 1767 512 discrepare
1797 442 2002 506 formis,
2034 445 2084 501 Α

570 541 737 594 l'roua
762 548 940 593 tamen
974 538 1134 592 facies
1163 536 1379 592 hebetes
1403 538 1542 591 valet
1572 537 1855 605 ingravare
1881 552 2004 589 sen-

1791 628 1930 700 [sus.

432 722 494 775 10
572 719 741 775 Unica
791 734 921 789 gens
953 719 1229 773 hominum
1258 718 1457 773 celsum
1490 719 1631 773 levat
1658 717 1816 771 altius
1846 732 2007 770 cacu-

1739 806 1896 879 [meu
1916 850 1932 875 ,

571 905 744 972 Atque
772 902 907 959 levis
934 910 1084 959 recto
1113 910 1221 958 stat
1245 916 1494 972 corpore,
1533 900 1864 970 despicitque
1898 910 2001 953 ter-

1790 993 1929 1064 [ηις.

571 1087 714 1153 "ac,
763 1085 865 1141 nisi
907 1095 1153 1142 terrenus
1198 1085 1339 1140 male
1368 1083 1600 1154 desipis,
1645 1084 1900 1139 admonet
1943 1083 2004 1137 li-

1737 1178 1897 1250 [gura
1915 1216 1930 1240 ,

563 1268 662 1334 Qui
694 1276 841 1323 recto
860 1268 1058 1323 cmlum
1081 1268 1227 1322 vultu
1256 1268 1414 1336 petis,
1430 1268 1711 1337 eserisque
1744 1269 2000 1335 frontem,

567 1358 620 1411 In
668 1359 899 1413 sublime
938 1360 1078 1413 feras
1121 1359 1357 1414 animum
1398 1374 1631 1429 quoque,
1677 1374 1745 1414 ne
1785 1368 2001 1429 gravata

1683 1450 1700 1523 [
1717 1466 1927 1519 pessum

422 1544 490 1598 15
563 1542 787 1597 Inferior
813 1542 954 1597 sidat
984 1558 1136 1597 mens
1163 1558 1390 1613 corpore
1415 1544 1610 1599 celsius
1632 1544 1828 1602 levato.

938 1638 1102 1708 343
1142 1638 1357 1693 PROSA
1391 1638 1477 1693 Vl.

419 1728 1233 1800 AntzoucNTuu.—Philos0phia
1272 1732 1479 1784 tandem
1504 1732 1791 1796 concludit,
1822 1737 1993 1801 cogni-

1341 329 1426 382 DE
1463 326 1984 384 CONSOLATIONE
2026 328 2494 385 PHILOSOPHle
2535 331 2661 385 LIB.
2702 330 2767 385 γ.

3587 326 3691 381 858

2183 459 2289 497 esse
2312 453 2467 497 totam
2497 445 2671 509 simul,
2700 455 2756 497 ut
2778 447 2907 498 s'cut
2938 443 3074 497 notio
3097 442 3444 507 prresentium,
3468 440 3541 493 sic
3560 457 3693 508 prte-

2188 514 2327 566 notio
2357 516 2529 567 divina
2566 517 2857 585 futurorum
2889 515 3166 567 libis-orum
3198 511 3417 565 libertati
3455 512 3692 563 humum:

2181 600 2282 635 non
2307 594 2501 637 noceat.

2184 710 2457 781 Quoniam
2502 716 2682 783 igitur,
2715 717 2788 768 uti
2843 717 2997 784 paulo
3023 725 3146 769 ante
3193 721 3548 769 monstratum
3579 719 3687 772 est.

2109 822 2266 859 omne
2285 806 2423 874 quod
2446 807 2633 867 scitur,
2666 821 2770 860 non
2790 822 2855 859 ex
2885 821 2999 869 sua,
3025 807 3117 862 sed
3141 822 3203 861 es
3226 802 3688 873 comprehenden-

2111 898 2240 949 lium
2270 906 2455 949 natura
2474 898 2831 967 cognoscitur,
2847 895 3151 949 intueamur
3176 910 3316 949 nunc
3337 902 3593 960 quantum
3611 892 3691 944 las

2109 997 2192 1041 est
2219 996 2269 1053 ⁸,
2301 988 2423 1056 quis
2452 990 2522 1041 sit
2547 988 2744 1042 diviuze
2782 988 3096 1041 substantiae
3138 996 3330 1050 status,
3362 994 3421 1039 ut
3444 999 3689 1049 qntnnam

2107 1078 2267 1132 etiam
2297 1079 2520 1133 scientia
2548 1078 2664 1148 ejus
2693 1079 2795 1143 sit,
2825 1078 3094 1149 possimus
3123 1091 3436 1147 agnoscere.
3471 1077 3487 1107 ¹
3520 1075 3687 1128 Deum

2106 1168 2187 1240 (5)
2220 1170 2377 1239 igitur
2402 1181 2665 1226 ceternum
2688 1185 2829 1237 esse,
2858 1181 3168 1225 cunctorum
3202 1170 3407 1224 ratione
3436 1167 3463 1206 δ
3490 1167 3690 1236 degen-

2109 1263 2239 1315 tium
2265 1277 2554 1319 commune
2579 1263 2835 1332 judicium
2880 1272 2982 1317 est.
3025 1263 3159 1329 Quid
3189 1264 3261 1317 sit
3290 1262 3450 1331 igitur
3472 1258 3689 1313 :cterni.

2108 1361 2210 1417 tas,
2236 1353 2661 1409 consideremus.
2690 1365 2711 1392 ε
2739 1355 2861 1409 llaec
2882 1354 3024 1408 enim
3050 1364 3291 1408 naturam
3318 1351 3470 1406 nobis
3489 1353 3688 1419 pariter

2107 1443 2363 1509 divinam,
2387 1445 2772 1513 scientiamque
2795 1443 3125 1512 patefecerit.
3157 1445 3178 1474 ¹
3210 1443 3504 1497 ιλΕίθηιίωε
3528 1439 3687 1510 igitur

2106 1548 2207 1601 est,
2236 1532 2263 1571 ά
2293 1537 2708 1591 interminabilis
2741 1538 2868 1591 vita:
2897 1546 3007 1591 tota
3036 1536 3193 1591 simul
3221 1544 3276 1589 ct
3304 1535 3535 1605 perlecta
3560 1546 3686 1600 pos-

2104 1628 2292 1682 sessio.
2313 1627 2464 1695 Quod
2491 1643 2555 1683 ex
2584 1638 2605 1665 ο
2630 1628 2912 1682 collatione
2943 1628 3314 1695 temporalium
3335 1624 3534 1679 clarius
3566 1620 3583 1659 ί
3618 1620 3683 1675 lia

2106 1730 2248 1785 quet.
2268 1718 2398 1772 Nam
2412 1718 2669 1789 quidquid
2699 1718 2833 1772 vivit
2858 1717 2909 1771 in
2942 1715 3054 1789 (l0)
3085 1727 3344 1786 tempore,
3370 1714 3420 1768 id
3449 1726 3683 1783 prtesens

490 1815 675 1855 (tollent
699 1802 926 1855 dwinant
952 1800 1115 1855 instar
1136 1801 1232 1853 Dei
1262 1802 1612 1871 cognoscentis
1638 1800 1904 1868 teter-num,
1927 1805 1997 1857 ita
2033 1801 2073 1859 Β
2103 1825 2132 1863 a
2164 1812 2516 1877 prmteritisiu
2555 1810 2729 1864 futura
2764 1809 3030 1880 procedit:
3067 1809 3301 1877 nihilque
3337 1816 3420 1862 est
3455 1806 3507 1860 in
3540 1813 3671 1859 tem-

1766 1957 2334 2014 lNTlilll’RETA'l‘lO.

410 2096 547 2163 quod
598 2096 753 2164 [acies
797 2095 1029 2155 illarum,
1081 2092 1328 2164 inclinata
1366 2090 1431 2144 ad
1478 2101 1699 2164 terram,
1732 2092 1988 2161 deprimat

411 2162 718 2219 earumdem
741 2181 914 2219 sensus
944 2165 1167 2218 obtusas.
1203 2162 1331 2217 Sola
1360 2179 1480 2229 g-ﬁns
1531 2162 1794 2213 hominum
1841 2163 1989 2229 erigit

410 2234 563 2287 altius
593 2244 745 2299 caput
772 2251 924 2287 suum
951 2234 1188 2297 sublime,
1219 2232 1433 2297 levisque
1458 2242 1554 2284 stat
1574 2247 1782 2299 corpore
1803 2242 1986 2297 erecto,

411 2316 458 2357 et
487 2308 752 2358 contemnit
781 2315 965 2358 terras.
1016 2304 1135 2357 "(ec
1163 2305 1327 2371 ﬁgura
1366 2312 1413 2353 te
1443 2312 1626 2361 monet,
1656 2303 1754 2353 nisi
1780 2302 1990 2355 obrutus

410 2385 546 2427 terra
572 2379 723 2427 stulte
746 2374 957 2435 deliras,
987 2385 1039 2425 ut
1072 2376 1159 2442 qui
1188 2373 1350 2425 tendis
1376 2372 1443 2425 ad
1469 2376 1643 2425 caelum
1668 2374 1807 2424 vul'u
1829 2382 1986 2432 recto.

408 2453 458 2496 et
485 2446 635 2515 erigis
657 2450 897 2512 frontrm,
929 2456 981 2496 tu
1005 2444 1222 2497 extollas
1253 2444 1404 2496 etiam
1436 2450 1648 2515 mentem
1678 2451 1818 2515 tuam
1843 2444 1894 2515 in
1916 2444 1988 2494 al-

409 2524 538 2579 tum,
563 2513 633 2568 ne
660 2531 1067 2586 mensoppressa
1114 2519 1277 2580 iaceat
1321 2516 1556 2566 deorsum
1616 2513 1831 2580 inferior
1872 2513 1985 2583 ipso

407 2599 618 2653 corpore
645 2588 798 2638 altius
824 2595 1005 2640 erecto.

2164 2102 2189 2131 ⁸³
2231 2094 2595 2162 Pltilosophis.

2164 2162 2190 2201 ι)
2242 2166 2258 2212 l
2284 2165 2546 2218 irenlium.

2168 2244 2191 2272 ο
2233 2233 2545 2287 Ai‘ternitate
2567 2236 2770 2303 cognita
2790 2275 2803 2295 ,
2831 2234 3004 2287 dit-ina
3034 2250 3148 2288 cum
3165 2243 3345 2286 natura
3365 2273 3379 2298 ,
3405 2242 3509 2285 tum
3523 2232 3677 2286 etiam

2105 2304 2320 2357 scientia
2344 2315 2681 2370 cognoscatur
2709 2320 2907 2359 necesse
2937 2313 3029 2358 est.

2166 2373 2193 2410 (ι
2234 2372 2484 2439 Iu/initte.

2168 2456 2191 2481 υ
2233 2443 2647 2509 Comparatione.

2166 2511 2186 2550 ί
2232 2513 2400 2568 Patet.

1934 2763 2160 2819 NOT/E.

484 2901 535 2954 9.
585 2898 757 2951 Prona
786 2897 941 2965 facies
958 2895 1153 2951 hebetes
1174 2896 1303 2967 valet
1321 2896 1587 2963 ingravure
1606 2896 1831 2967 sensum]
1854 2898 1987 2950 Sen-

2096 2898 2467 2981 dcsignundam
2512 2914 2629 2980 ergo
2677 2899 3139 2980 inmutabilitatem
3187 2909 3233 2953 et
3282 2900 3673 2981 inde/ieientiam

410 2986 503 3025 sus
534 2971 673 3025 enim
709 2983 812 3020 non
842 2969 1019 3036 vigent
1049 2968 1151 3021 nisi
1178 2966 1453 3035 spiritibus
1488 2982 1518 3019 a
1548 2969 1713 3022 corde
1743 2971 1807 3021 ad
1824 2966 1986 3022 cere-
2016 2968 2062 3030 C
2093 2969 2388 3021 tcternitatis
2424 2969 2638 3022 Boetius
2669 2986 2789 3022 usus
2814 2978 2886 3021 est
2916 2970 3116 3021 nomine
3146 2966 3494 3034 possessionis.

412 3042 588 3104 brum,
617 3049 669 3091 et
697 3054 724 3090 a
748 3038 973 3090 cerebro
1022 3053 1117 3105 per
1156 3052 1351 3092 nervos
1383 3037 1447 3089 ad
1482 3037 1713 3103 reliquas
1744 3039 1987 3105 corporis

411 3125 590 3177 partes
639 3110 846 3161 ddlusis
880 3125 893 3160 :
929 3108 980 3161 hi
1035 3117 1213 3163 autem
1263 3108 1484 3173 Spiritus
1528 3109 1704 3163 minus
1736 3110 1901 3163 libere
1933 3109 1984 3162 in

406 3196 656 3249 pronum,
694 3194 851 3241 quam
885 3180 936 3230 in
969 3190 1207 3249 erectum
1238 3187 1399 3247 caput
1427 3195 1457 3231 τι
1486 3180 1649 3233 corde
1679 3180 1948 3233 dillluunt.

485 3251 570 3304 Η.
610 3250 859 3319 Admonet
881 3247 1096 3319 ﬁgura.]
1119 3250 1174 3303 Si
1197 3262 1425 3314 corpora
1446 3252 1740 3315 generatim
1765 3257 1989 3318 possunt

409 3336 532 3375 esse.
559 3318 802 3389 quzcdam
837 3318 1093 3372 mentium
1123 3319 1388 3387 exempla,
1424 3328 1481 3370 ut
1519 3329 1666 3373 certe
1697 3329 1842 3382 sunt,
1866 3334 1989 3373 cor-

409 3405 509 3458 pus
532 3392 820 3441 hmnannm
859 3390 1184 3456 prazcipuum
1216 3390 1482 3456 quoddam
1510 3405 1629 3441 esse
1656 3390 1818 3444 debet
1840 3406 1988 3442 men—

410 3464 478 3513 tis
511 3459 774 3513 consortis
801 3461 1132 3525 exemplum,
1188 3472 1243 3513 ut
1291 3459 1740 3524 quemadmodum
1792 3474 1987 3525 corpus

410 3530 726 3590 humanum,
754 3529 920 3581 veluti
953 3530 1175 3584 servatis
1201 3544 1485 3596 corporum
1529 3530 1723 3584 levium
1758 3529 1983 3594 legibus,

407 3600 472 3653 ad
505 3600 698 3651 cmlum
730 3607 874 3652 recta
906 3601 1099 3663 tendit,
1144 3603 1216 3654 ita
1263 3615 1414 3653 mens
1458 3599 1688 3654 humana
1719 3601 1783 3653 ad
1819 3598 1986 3654 Deum

406 3670 687 3736 cogitando
715 3668 954 3734 aspiret:
987 3669 1081 3723 sed
1114 3680 1197 3724 est
1225 3672 1323 3723 alia
1354 3669 1489 3723 ratio
1515 3687 1528 3721 :
1564 3672 1813 3724 nimirum

484 3742 569 3794 14.
613 3738 699 3792 Ne
719 3747 931 3810 grai-uta
963 3756 1185 3807 pessum,
1210 3738 1341 3810 etc.]
1364 3740 1440 3794 Ne
1470 3756 1621 3793 mens
1650 3742 1875 3794 humana
1907 3738 1989 3793 vi-

406 3819 492 3863 cta
516 3809 1009 3878 perturbationibus
1040 3811 1176 3875 ejus,
1213 3809 1365 3878 cujus
1407 3810 1623 3863 domina
1656 3826 1775 3864 esse
1805 3810 1985 3873 debet,

406 3880 647 3948 corporis
676 3879 763 3931 liat
782 3879 1124 3947 mancipium.
1146 3879 1276 3932 Nam
1301 3880 1366 3933 ad
1396 3880 1624 3947 Philipp.
1643 3881 1913 3950 ittzgloria
1934 3882 1987 3933 in

404 3952 702 4020 confusione
726 3950 976 4015 ipsorum,
999 3951 1086 4015 qui
1117 3958 1315 4003 terrena
1340 3951 1569 4009 sapiunt.

478 4041 493 4071 ί
532 4038 696 4091 Deum
735 4047 985 4111 trlernttttt
997 4109 1005 4111 _
1026 4055 1133 4092 esse
1152 4055 1415 4092 commune
1434 4040 1689 4110 judicium
1713 4038 1831 4111 esti,
1854 4040 1985 4094 Nam

404 4117 680 4180 reterntas
705 4109 849 4162 clate-
876 4119 930 4162 ct
956 4108 1207 4180 distincte
1236 4108 1619 4179 comprehensa
1649 4108 1988 4180 cognoscitur

405 4180 459 4232 in
476 4177 991 4249 claradistinuaque
1024 4179 1115 4233 Dei
1148 4177 1397 4239 notione.
1420 4195 1577 4249 quam
1604 4177 1793 4235 cuin—es
1817 4182 1984 4239 homi-

406 4263 501 4302 nes
530 4248 783 4302 divinitus
816 4250 1028 4301 insitam
1062 4249 1257 4304 habent
1285 4267 1298 4302 :
1334 4248 1449 4304 non
1487 4266 1643 4305 secus
1664 4266 1727 4306 ac
1756 4264 1863 4307 tres
1892 4268 1985 4306 an-

405 4320 512 4385 guli
545 4328 940 4396 cognoscuntur
970 4321 1371 4396 .t-ompreliendi
1422 4320 1472 4373 in
1524 4322 1640 4396 idea
1693 4322 1976 4396 trianguli:
2015 4336 2062 4396 ο

406 4403 570 4455 quare
586 4390 723 4461 sicut
748 4403 955 4461 omnes
969 4385 1213 4461 homines
1232 4391 1466 4461 judicant
1479 4430 1495 4453 ,
1514 4385 1983 4461 triangulnm'con-

406 4470 549 4512 stare
582 4460 754 4512 tribus
780 4457 1019 4528 angulis:
1043 4458 1121 4513 sic
1159 4460 1629 4529 omnesjudicant,
1661 4457 1825 4515 Deum
1864 4476 1985 4515 esse

406 4540 694 4582 acternum.

476 4622 496 4651 ²
535 4619 825 4675 jEternitas
860 4632 933 4675 est
952 4620 1342 4676 interminabilis
1368 4623 1483 4676 vita:
1520 4631 1625 4674 tota
1641 4624 1683 4674 si
1706 4625 1792 4676 l‘lll
1811 4635 1857 4676 et
1876 4641 1987 4691 per-

407 4690 538 4759 fecta
566 4692 860 4763 possessio.]
893 4692 1012 4745 llzec
1040 4693 1354 4763 aeternitatis
1380 4693 1620 4746 dclinitio
1641 4709 1670 4745 a
1699 4694 1753 4747 S.
1784 4694 1986 4747 Thomu

405 4768 702 4833 elica-teris
747 4763 1034 4833 'l‘heologis
1063 4762 1399 4816 admittitur:
1446 4778 1609 4833 quare
1641 4766 1987 4830 particulatim

405 4832 615 4885 videtur
627 4832 962 4900 exponenda.

480 4920 683 4992 Dicitur
726 4922 786 4975 1°
841 4922 1126 4988 possessio:
1176 4923 1295 4991 quia
1349 4923 1624 4976 :rtcrnitas
1656 4933 1736 4977 est
1775 4927 1987 4992 propria

408 4990 502 5044 Dei
522 4992 805 5060 perfectio.
832 4992 1088 5044 Nimirum
1111 4990 1359 5061 posscssio
1378 5008 1405 5045 a
1430 4994 1746 5061 corporibus
1766 4990 1829 5047 ad
1847 4990 1989 5050 men-

407 5071 486 5113 trs
513 5061 863 5115 transfertur:
892 5068 1140 5130 possessio
1163 5074 1338 5116 nulth
1364 5079 1648 5130 corporum
1677 5067 1725 5117 in
1753 5065 1850 5119 hoc
1872 5082 1988 5119 ver-

409 5140 578 5197 satur,
608 5132 747 5202 quod
780 5134 985 5205 illorum
1019 5134 1085 5185 ita
1113 5134 1318 5205 domini
1339 5150 1541 5197 sumus,
1571 5146 1628 5186 ut
1651 5135 1701 5187 in
1733 5138 1795 5188 iis
1818 5148 1870 5189 et
1898 5152 1986 5205 pe-

410 5206 528 5276 llem
583 5218 781 5276 ponere
810 5214 863 5256 et
891 5203 1069 5276 sedem
1104 5202 1265 5269 (igere
1303 5216 1454 5269 potes
1479 5207 1650 5276 simus
1685 5221 1699 5257 :
1733 5202 1988 5276 possidere

405 5272 605 5340 quippe
634 5275 848 5326 videtur
880 5274 984 5325 dict
1012 5277 1160 5340 quasi
1184 5285 1377 5339 potens,
1408 5275 1489 5328 vel
1520 5278 1673 5343 potis,
1707 5272 1789 5329 vel
1823 5279 1981 5329 e-iani

406 5357 499 5411 pos
529 5343 746 5398 sedere:
782 5359 901 5395 cum
936 5359 1025 5408 pos
1054 5360 1147 5405 pro
1177 5347 1307 5412 palis
1338 5345 1417 5398 vel
1455 5356 1637 5412 potens
1670 5349 1985 5400 remanserit

407 5412 461 5484 in
494 5428 702 5481 compos
741 5422 795 5466 et
817 5414 999 5477 impos.
1033 5414 1389 5484 Quamobrem
1418 5416 1669 5484 possessio
1701 5419 1751 5469 in
1784 5419 1980 5471 menti-

409 5479 508 5536 bus
558 5479 758 5551 optimc
806 5485 1095 5554 vocabitur,
1128 5479 1647 5537 inditidua'mentis
1696 5487 1978 5554 perfectio:

411 5556 683 5625 aiternitas
700 5564 875 5606 autem
905 5562 987 5606 est
1010 5553 1279 5625 individua
1313 5554 1404 5607 Dei
1437 5553 1724 5622 perlectio’:
1751 5560 1983 5625 quamlu-

406 5624 619 5689 quidem
652 5639 738 5677 res
772 5639 985 5679 smnme
1014 5623 1247 5693 perlecta
1280 5625 1497 5690 cogitari
1528 5640 1631 5678 non
1681 5623 1854 5693 potest
1882 5630 1980 5683 nisi

406 5702 631 5747 aeterna.
660 5693 890 5748 Sanctus
916 5694 1212 5758 Thomas,l
1249 5709 1369 5761 p.q.
1404 5697 1489 5757 i0,
1520 5711 1570 5746 a.
1606 5696 1624 5748 Ι
1660 5700 1724 5748 ad
1756 5696 1816 5750 6:
1841 5697 1980 5751 lllud

402 5762 538 5814 auod
566 5766 881 5829 possidetur,
911 5764 1100 5835 inquit,
1138 5765 1348 5834 ﬁrmiter
1372 5775 1415 5819 et
1452 5767 1618 5834 quiete
1647 5766 1983 5822 Italwli'rf'nd

2167 3039 2368 3091 Dicitur
2400 3038 2457 3090 2°
2482 3040 2630 3091 vitaz:
2663 3049 2714 3091 ut
2748 3042 2889 3090 enim
2912 3041 3184 3091 mterliitas
3210 3037 3424 3105 quidam
3456 3049 3537 3093 est
3565 3056 3673 3095 mo.

2091 3110 2212 3171 dus,
2243 3109 2629 3173 sicreteruilas,
2650 3108 2874 3175 alicujus
2907 3109 3009 3162 dici
3035 3108 3192 3162 debet
3218 3110 3517 3163 :eteruitas:
3554 3114 3674 3165 nul-

2096 3183 2195 3233 lius
2223 3188 2401 3231 aulem
2438 3177 2628 3232 melius
2656 3181 2930 3231 meruitus
2960 3179 3062 3230 dici
3099 3187 3273 3245 potest
3319 3194 3478 3245 quam
3517 3183 3630 3234 vitta
3653 3221 3671 3246 ,

2092 3251 2291 3319 quippe
2322 3265 2424 3311 qua
2456 3266 2558 3300 non
2590 3251 2762 3300 solum
2794 3247 3030 3300 animata
3058 3262 3285 3309 corpora
3312 3250 3378 3301 ah
3418 3251 3673 3304 inanimae

2094 3318 2183 3383 Ls,
2202 3318 2293 3373 sed
2320 3326 2479 3370 etiam
2499 3326 2706 3370 mentes
2721 3334 2746 3369 a
2763 3318 3077 3384 corporibus
3093 3360 3106 3378 ,
3123 3320 3229 3370 imo
3249 3328 3302 3372 ct
3321 3320 3511 3371 alialiis
3527 3335 3673 3374 men-

2093 3395 2231 3443 tilaus
2254 3388 2523 3441 dill‘ernnt.
2559 3387 2863 3441 Vitaantem
2888 3390 3039 3451 ctijus
3067 3389 3338 3441 :eternitas
3370 3391 3529 3442 voluti
3560 3407 3674 3443 tunc

2093 3461 2191 3512 dus
2212 3467 2316 3520 est,
2342 3459 2467 3511 nihil
2489 3460 2629 3511 aliud
2662 3472 2781 3511 esse
2804 3458 3031 3521 videtur,
3048 3473 3205 3525 quam
3229 3459 3506 3525 cogitatio;
3529 3460 3670 3528 quod

2092 3530 2358 3582 aeternitas
2381 3544 2484 3580 non
2503 3530 2667 3593 possit
2688 3543 2805 3582 esse
2837 3530 2933 3580 nisi
2965 3529 3181 3589 mentis,
3215 3528 3368 3597 enjus
3387 3544 3564 3581 Vivore
3587 3541 3670 3583 est

2091 3600 2343 3667 cogitare.
2380 3600 2511 3651 illnc
2536 3599 2853 3652 Aristoteles
2884 3600 2917 3650 l.
2950 3611 3019 3649 sn
3044 3598 3287 3667 Metam,
3308 3616 3357 3650 ‹·.
3379 3599 3430 3661 7,
3459 3598 3670 3665 Mentis,

2093 3666 2281 3737 inquit,
2312 3668 2549 3736 cogitatio
2589 3669 2689 3720 vita
2711 3678 2804 3731 est,
2850 3668 2989 3720 unde
3033 3666 3377 3737 Philosophus
3397 3669 3484 3721 ille
3513 3670 3668 3735 ibid.,

2092 3740 2167 3792 ait
2198 3742 2255 3793 S.
2286 3739 2511 3803 Thon:.,
2558 3754 2571 3790 t
2610 3753 2695 3802 ιη,
2731 3755 2784 3799 q.
2824 3739 2907 3799 l8,
2938 3753 2987 3789 a.
3020 3739 3084 3800 5,
3116 3749 3313 3790 ostenso
3359 3743 3492 3806 quod
3537 3741 3672 3793 Deus

2089 3809 2152 3861 sit
2181 3808 2488 3879 intelligens,
2522 3808 2777 3860 concludit
2804 3808 2943 3879 quod
2973 3808 3153 3879 habeat
3180 3810 3329 3860 vitam
3362 3810 3671 3876 perfectissi-

2090 3894 2227 3931 mam
2266 3887 2312 3929 et
2349 3877 2735 3950 sempiternam,
2774 3879 2896 3947 quia
2930 3877 3214 3929 intellectus
3243 3879 3355 3948 ejus
3400 3894 3475 3932 est
3502 3882 3671 3950 perfe-

2089 3950 2343 4002 ctissimus
2360 3959 2405 4001 et
2427 3964 2618 4013 semper
2643 3949 2693 4000 in
2715 3960 2849 4001 actu.

2161 4019 2364 4073 Dicitur
2380 4018 2436 4072 3'
2462 4027 2570 4071 tota
2588 4018 2771 4071 simul:
2810 4016 2933 4085 quia
2951 4019 3054 4070 vita
3072 4018 3159 4071 illa
3176 4059 3191 4080 ,
3217 4031 3369 4087 cujus
3395 4020 3670 4074 aeternitas

2089 4088 2288 4143 dicitur
2308 4088 2665 4149 modus,nihil
2696 4089 3053 4142 succes~ionis
3079 4091 3262 4142 habet:
3286 4092 3337 4142 in
3368 4102 3474 4156 quo
3493 4088 3671 4145 dill‘crt

2088 4174 2118 4211 a
2151 4170 2391 4227 tempore
2417 4202 2432 4221 ,
2474 4161 2613 4227 quod
2655 4158 2845 4213 dicitur
2876 4159 3196 4212 diuturnitas
3224 4159 3324 4221 rei,
3356 4174 3474 4227 quae
3504 4171 3561 4213 nt
3591 4163 3670 4214 in-

2089 4231 2253 4297 cmpit
2292 4230 2369 4282 sic
2399 4230 2607 4282 desinet
2646 4244 2799 4291 esse,
2850 4228 3149 4295 cujustnodi
3181 4237 3264 4281 est
3294 4229 3462 4282 [urina
3505 4233 3664 4298 equi:

2089 4299 2405 4353 dill'erenlia:
2426 4299 2566 4352 enim
2597 4300 2869 4365 temporis,
2888 4301 3138 4352 nimirum
3164 4313 3419 4365 przesens,
3448 4311 3669 4368 pra-ter-

2088 4374 2217 4423 itum
2242 4410 2255 4431 ,
2287 4379 2342 4422 et
2373 4372 2603 4420 tutorum
2637 4385 2905 4438 nunquam
2934 4378 3059 4422 sunt
3086 4370 3277 4431 simul,
3307 4370 3401 4423 sed
3432 4370 3534 4423 sibi
3575 4373 3660 4424 itt-

2090 4440 2260 4493 vieem
2300 4440 2606 4492 succedunt.

2166 4511 2365 4563 Dicitur
2390 4510 2444 4562 4"
2473 4509 2859 4561 interminabilis
2894 4523 2914 4561 :
2960 4507 3080 4575 quia
3112 4508 3383 4561 :eternitas
3411 4507 3554 4560 illius
3584 4516 3668 4561 est

2093 4580 2237 4645 vitae,
2266 4596 2384 4648 qua:
2398 4594 2570 4646 neque
2589 4580 2849 4645 principio
2866 4593 3037 4645 neque
3056 4578 3161 4648 line
3175 4578 3662 4648 circumscribitur.

2096 4654 2145 4702 in
2179 4646 2473 4717 l'llllvt‘liilm
2504 4650 2685 4702 d-ll‘ert
2708 4650 2774 4698 ab
2804 4662 2940 4707 mvo,
2970 4648 3109 4714 quod
3134 4646 3328 4717 dicitur
3347 4647 3666 4701 diuturnitas

2096 4716 2335 4786 reﬂuum
2360 4718 2767 4786 halmitquidem
2795 4718 3131 4783 principium,
3155 4716 3247 4770 sed
3283 4732 3548 4785 nunquam
3571 4720 3667 4769 ha-

2099 4790 2267 4842 bitura
2314 4799 2394 4840 est
2446 4790 2637 4851 linem;
2669 4787 2964 4854 cuiusmodi
3006 4798 3087 4840 est
3129 4802 3277 4841 meus
3306 4802 3453 4839 mea:
3490 4802 3663 4841 tevum

2097 4862 2291 4926 quippe
2323 4859 2449 4910 i.lucl
2482 4860 2670 4911 Saltem
2703 4874 2806 4907 uno
2838 4857 3065 4910 termino
3094 4857 3570 4922 circumscribitur,
3591 4861 3666 4911 vi-

2095 4930 2283 4983 delicet
2305 4945 2350 4993 pl
2367 4928 2584 4995 incipio,
2617 4943 2680 4981 ex
2710 4942 2813 4995 quo
2831 4930 3005 4996 iucmp
3030 4941 3065 4980 t.

2166 4998 2365 5052 Dicitur
2391 4998 2446 5051 5⁸
2480 5002 2732 5066 perlecta:
2763 5001 2885 5068 quia
2926 5016 3044 5052 cum
3076 5000 3345 5053 mternitas
3370 5000 3437 5051 sit
3469 4998 3663 5054 mentis

2092 5070 2333 5136 adeoque
2355 5071 2476 5122 vit-.c
2502 5072 2749 5133 perlecta:
2779 5074 2985 5133 modus,
3015 5071 3127 5123 llu'c
3148 5071 3308 5124 etiam
3325 5070 3553 5139 perlecta
3570 5073 3677 5130 sit,

2095 5154 2310 5194 necesse
2339 5145 2803 5207 cst,quamohrt-m
2829 5141 2941 5195 lucc
2973 5140 3166 5193 nullum
3188 5156 3478 5209 agnoscere
3504 5142 3666 5194 debet

2096 5212 2175 5262 sui
2200 5226 2411 5265 causam
2435 5230 2446 5261 ι
2472 5213 2522 5262 in
2549 5227 2653 5278 quo
2674 5212 2945 5264 :rternitas
2966 5210 3169 5266 dill'erel
3196 5214 3368 5264 adhuc
3390 5228 3419 5265 a
3441 5211 3659 5274 mundo,

2093 5285 2135 5336 si
2170 5282 2253 5333 hic
2281 5293 2335 5333 nt
2364 5281 2647 5334 sonmiavit
2668 5281 3009 5342 Aristoteles,
3037 5297 3101 5335 cx
3126 5293 3328 5336 aeterno
3350 5283 3663 5335 exstitisset.

2164 5355 2236 5404 hx
2270 5352 2350 5406 his
2379 5366 2537 5417 porro
2566 5352 2843 5413 munibus,
2877 5352 2927 5405 in
2958 5352 3147 5419 quibus
3178 5353 3313 5405 ratio
3344 5353 3658 5406 mtcrnitatis

2093 5424 2292 5475 versari
2322 5421 2507 5474 dicitur
2548 5438 2575 5471 a
2610 5422 2976 5488 Philosophia,
3011 5438 3169 5474 unum
3198 5434 3281 5475 est
3303 5422 3444 5491 quod
3473 5424 3660 5473 eadem

2091 5492 2431 5558 Philoso;ihia
2466 5498 2761 5557 pnesertlm
2793 5494 3046 5558 explicat,
3079 5506 3267 5559 nempe
3295 5491 3435 5561 quod
3465 5491 3534 5542 sit
3557 5500 3664 5543 tata

2088 5564 2241 5613 simul
2258 5604 2272 5625 ,
2297 5562 2471 5628 aitque
2494 5573 2715 5614 cauet-as
2741 5562 3112 5614 ditttutnitzttes
3136 5562 3381 5616 videlicet
3401 5572 3665 5622 :evutn,et

2092 5642 2329 5697 tempus,
2364 5630 2500 5685 hanc
2529 5635 2848 5685 teternttatis
2879 5634 3274 5702 proprietatem,
3334 5631 3506 5702 quoad
3540 5646 3660 5698 pos-

2088 5711 2235 5765 sunt,
2266 5702 2493 5765 imitari;
2529 5714 2603 5762 nt,
2633 5705 2677 5755 si
2717 5717 2821 5755 non
2856 5711 3076 5770 pos-tuti.
3109 5701 3327 5772 habeto,
3356 5701 3549 5759 Saltem
3577 5707 3662 5756 h6-

2096 5772 2207 5826 bcrc
2228 5773 2493 5826 videantur
2525 5782 2806 5827 munitm-nt
2838 5775 2973 5828 iitum
3002 5783 3343 5843 patentium.
