4290 6258
649 353 753 407 850

1868 347 1981 402 ΑΝ.
2024 344 2232 401 MANL.
2274 342 2424 399 SEV.
2466 342 2693 399 BOETII

3802 317 3911 395 eoa

650 477 777 533 pore
801 463 1166 527 constitutum,
1199 461 1338 530 quod
1372 469 1539 516 totum
1570 458 1694 513 vita:
1724 472 1834 512 suae
1864 456 2092 525 spatium
2121 470 2219 524 pa-
2247 460 2298 516 Α
2328 453 2554 524 erisque
2577 455 2867 509 momenti:
2898 454 3306 524 quae,quoniam
3333 452 3599 510 manentis
3620 452 3759 508 illius
3780 457 3910 521 prb-

646 557 777 609 riter
806 556 970 620 possit
991 553 1257 623 amplecti.
1284 551 1392 607 Sed
1419 550 1710 605 crastinum
1738 548 1953 618 quidem
1985 547 2222 601 nondum

648 649 1030 717 apprehendit:
1063 648 1369 699 hesternum
1408 660 1537 699 vero
1559 644 1722 715 3&9
1744 643 1854 713 jam
1887 641 2139 711 perdidit.
2168 642 2224 695 In

650 741 907 793 hodierna
947 754 1159 808 quoque
1189 738 1293 790 vita
1344 752 1451 790 non
1482 738 1711 804 amplius
1744 735 1940 798 vivitis,
1980 749 2138 801 quam
2171 734 2224 786 in

648 834 742 886 illo
773 832 951 885 mobili
1002 841 1025 867 ⁸
1060 830 1471 898 transitorioqne
1516 837 1809 883 momento.
1861 826 2013 891 Quod
2066 825 2226 895 igitur

648 926 905 991 temporis
953 922 1148 990 patitur
1192 922 1576 984 conditionem,
1613 921 1736 974 licet
1763 919 1893 974 illud
1930 958 1943 982 ,
1979 920 2117 972 sicut
2158 917 2226 971 de

647 1016 845 1069 nmndo
871 1014 1076 1067 censuit
1114 1013 1452 1073 Aristoteles,
1500 1011 1528 1049 ι’
1574 1027 1673 1066 nec
1723 1011 1945 1079 coeperit
1993 1025 2223 1076 unquam

646 1122 785 1170 esse,
832 1123 929 1160 nec
973 1106 1204 1169 desinat,
1233 1107 1447 1174 vitaque
1474 1104 1589 1173 ejus
1610 1120 1730 1159 eum
1762 1102 2020 1173 temporis
2048 1101 2227 1155 infini-

645 1207 754 1250 tate
784 1197 1032 1250 tendatur
1055 1238 1070 1260 ,
1106 1196 1184 1267 (5)
1213 1195 1449 1249 nondum
1482 1205 1659 1247 tamen
1693 1194 1797 1248 tale
1821 1202 1935 1255 est,
1970 1201 2030 1246 ut
2068 1202 2229 1245 aeter-

645 1304 771 1341 num
796 1304 914 1341 esse
934 1286 1058 1356 jure
1074 1287 1349 1342 credatur.
1385 1286 1498 1339 Non
1529 1286 1668 1338 enim
1694 1294 1862 1339 totttm
1893 1285 2079 1353 simul,
2106 1286 2227 1338 inii-

646 1380 771 1432 uita:
822 1379 944 1435 licet
990 1380 1114 1431 vitae
1146 1378 1381 1445 Spatium
1420 1376 1855 1445 comprehendit,
1887 1386 2045 1445 atque
2075 1391 2225 1429 com-

644 1469 925 1537 plectitur:
956 1468 1047 1522 sed
1076 1469 1257 1522 futura
1282 1469 1521 1523 nondum
1548 1478 1813 1522 transacta
1850 1468 1960 1535 jam
1994 1483 2097 1521 non
2131 1469 2227 1521 ba-

642 1557 922 1624 bet.Quod
956 1561 1115 1629 igitur
1143 1559 1553 1614 interminabilis
1580 1560 1703 1612 vita:
1728 1560 2111 1627 plenitudinem
2144 1569 2224 1613 to-

643 1658 750 1701 tam
784 1651 981 1718 pariter
1031 1649 1472 1717 comprehendit,
1523 1664 1587 1703 ac
1619 1650 1886 1715 possidet,
1918 1649 2001 1702 cui
2052 1665 2225 1718 neque

642 1739 805 1793 futuri
832 1741 1120 1810 quidquam
1150 1741 1308 1805 absit,
1334 1756 1431 1794 nec
1446 1739 1703 1810 praeteriti
1727 1740 1961 1807 ﬂuxerit,
1987 1740 2035 1793 id
2064 1750 2225 1794 mter-

642 1846 769 1884 num
792 1846 912 1886 esse
933 1832 1056 1899 jure
1085 1831 1429 1900 perhibetur:
1464 1831 1624 1899 idque
1648 1830 1761 1901 (l0)
1796 1845 2015 1885 neceSse
2042 1840 2145 1898 est,
2171 1842 2225 1885 et

641 1922 724 1975 sui
746 1938 964 1989 compos
992 1938 1227 1991 prmsens
1256 1922 1357 1976 sibi
1384 1937 1602 1990 semper
1627 1924 1901 1987 assistere,
1924 1931 1977 1975 et
2002 1923 2227 1976 inﬁnita-

642 2022 751 2068 tem
780 2016 991 2069 mobilis
1019 2018 1281 2084 temporis
1324 2015 1525 2070 habere
1554 2026 1897 2084 prmsentem.
1935 2015 2086 2070 Unde
2119 2030 2221 2069 non

641 2114 787 2159 recte
813 2106 1050 2174 quidam,
1082 2108 1170 2172 qui
1199 2121 1319 2159 cum
1361 2107 1582 2160 audiunt
1606 2107 1775 2159 visum
1809 2106 2038 2169 Platoni,
2070 2123 2225 2161 mun-

640 2196 768 2250 dum
798 2198 935 2249 hunc
958 2213 1056 2252 nec
1084 2197 1333 2252 habuisse
1357 2198 1565 2251 initium
1595 2200 1871 2268 temporis,
1896 2215 1995 2253 nec
2022 2200 2225 2254 habitu-

640 2304 759 2342 rum
790 2304 911 2343 esse
956 2289 1224 2344 derectum
1247 2330 1261 2351 ,
1311 2290 1412 2344 hoc
1441 2291 1600 2345 modo
1647 2291 1913 2344 conditori
1948 2293 2222 2347 conditum

641 2380 899 2433 mundum
934 2379 1045 2434 ﬁeri
1068 2391 1397 2435 comternnm
1414 2390 1622 2449 putant.
1651 2383 1809 2435 Aliud
1840 2393 1925 2436 est
1957 2384 2099 2436 enim
2128 2400 2225 2450 per

640 2470 1091 2525 interntiuahilem
1133 2472 1257 2526 duci
1283 2470 1471 2534 vitam,
1502 2471 1642 2542 quod
1673 2474 1872 2527 mundo
1914 2475 2029 2543 (15)
2073 2475 2224 2529 Plato

639 2563 852 2615 tribuit:
885 2562 1025 2616 aliud
1051 2562 1462 2617 interminabilis
1488 2564 1609 2616 vita:
1634 2572 1799 2616 totam
1845 2568 2043 2632 pariter
2082 2584 2223 2620 com-

639 2654 851 2724 plexam
901 2669 1021 2708 esse
1064 2655 1427 2721 prtescntiam,
1464 2655 1605 2722 quod
1636 2655 1833 2709 divina:
1880 2658 2074 2710 mentis
2101 2673 2223 2726 pro-

640 2747 814 2813 prium
838 2760 957 2799 eSse
986 2745 1324 2799 manifestum
1357 2754 1460 2799 est.
1485 2746 1668 2814 Neque
1695 2746 1836 2800 enim
1869 2746 2010 2801 Deus
2036 2750 2224 2802 condi-

639 2836 711 2889 tis
735 2836 895 2889 rebus
921 2838 1189 2903 antiquior
1223 2837 1391 2891 videri
1416 2837 1579 2891 debet
1608 2843 1865 2908 temporis
1902 2841 2219 2909 quantitate,

638 2925 733 2980 sed
764 2926 1028 2994 simplicis
1068 2927 1245 2995 potius
1275 2927 1599 2995 proprietate
1630 2940 1857 2984 naturm.
1894 2931 2045 2985 llunc
2073 2933 2218 2985 enim

638 3019 761 3072 vita:
790 3019 1078 3074 immobilis
1112 3021 1519 3087 praesentarium
1547 3032 1569 3060 α
1601 3030 1798 3076 statum
1818 3066 1833 3089 ,
1870 3024 2104 3079 infinitus
2134 3025 2221 3081 ille

637 3112 1014 3178 temporalium
1065 3126 1245 3166 rerum
1295 3121 1474 3167 motus
1522 3114 1791 3180 imitatur;
1839 3130 2069 3184 cumque
2096 3133 2218 3172 eum

637 3200 893 3271 eliingere
919 3203 1052 3269 (ΞΟ),
1080 3214 1239 3271 atque
1268 3218 1481 3273 aequare
1524 3219 1630 3259 non
1660 3207 1844 3275 possit,
1876 3222 1943 3260 ex
1976 3207 2221 3263 immobi-

638 3292 787 3347 litate
808 3294 990 3348 delicit
1014 3296 1063 3345 in
1094 3306 1295 3347 motum
1316 3335 1331 3360 ,
1360 3311 1424 3349 ex
1445 3295 1793 3363 simplicitate
1814 3298 2112 3368 praesentiae
2132 3298 2223 3355 de-

638 3386 832 3439 crescit
863 3386 914 3438 in
957 3385 1221 3440 inlinitam
1256 3386 1415 3439 futuri
1445 3402 1509 3441 ac
1552 3390 1807 3456 prteteriti
1835 3393 2218 3458 quantitatem;

639 3487 714 3540 ct,
743 3492 864 3530 cum
890 3486 1054 3530 totam
1082 3478 1280 3546 pariter
1302 3479 1423 3531 vita:
1445 3494 1555 3531 sum
1578 3480 1964 3548 plenitudinem
1993 3492 2221 3551 nequeat

639 3569 942 3638 possidere,
974 3568 1073 3621 hoc
1101 3570 1393 3638 ipso,quod
1423 3570 1603 3637 aliquo
1626 3571 1786 3624 modo
1809 3588 2079 3641 nunquam
2100 3589 2219 3629 esse

640 3659 855 3722 desinit,
883 3659 1031 3723 illud,
1064 3659 1204 3728 quod
1231 3659 1453 3727 implere
1481 3670 1643 3727 atque
1670 3662 1970 3729 exprimere
1998 3680 2101 3717 non
2135 3680 2221 3732 po-

639 3760 763 3815 test,
813 3751 1154 3818 aliquatenus
1204 3751 1413 3804 videtur
1462 3752 1700 3803 azmnlari
1729 3795 1744 3817 ,
1796 3753 2023 3822 alligans
2053 3770 2111 3809 se
2152 3756 2220 3811 ad

643 3844 1060 3912 qualemcunque
1084 3842 1246 3913 350
1280 3843 1621 3912 praesentiam
1651 3841 1808 3911 hujus
1851 3844 2028 3915 exigui
2068 3847 2221 3901 volu-

2329 547 2516 600 sentiae
2542 547 2828 615 quamdam
2849 555 3021 617 gestat
3043 547 3350 616 imaginem,
3368 547 3769 616 quibuscunque
3787 559 3911 599 con-

2329 636 2535 706 tigerit,
2564 637 2611 690 id
2643 646 2878 705 przestat,
2913 648 2967 691 ut
2994 651 3113 691 esse
3141 637 3438 701 videantur,
3489 636 3752 703 Quoniam
3782 648 3909 689 vero

2328 741 2547 782 manere
2579 744 2684 785 non
2717 729 2909 797 potuit,
2945 729 3210 782 inﬁnitum
3239 728 3494 797 temporis
3521 728 3621 781 iter
3641 728 3866 795 arripuit
3893 745 3908 780 :

2327 830 2499 883 eoque
2532 816 2691 869 modo
2725 818 2921 870 factum
2948 825 3052 881 est,
3071 827 3126 871 ut
3150 818 3491 872 continuaret
3515 816 3691 872 eundo
3716 816 3908 882 vitam,

2330 904 2411 973 (5)
2443 903 2596 972 cujus
2626 904 3007 970 plenitudinem
3037 908 3319 976 complecti
3348 922 3455 961 non
3489 907 3655 961 valuit
3695 922 3907 971 perma-

2328 996 2525 1051 nendo.
2566 996 2745 1065 itaque
2777 998 2822 1050 si
2853 996 3012 1066 digna
3042 998 3205 1051 rebus
3234 1000 3450 1052 nomina
3480 999 3705 1052 velimus
3732 999 3911 1063 impo-

2328 1101 2479 1150 nere,
2502 1085 2780 1141 Platonem
2809 1098 3124 1157 sequentes,
3172 1089 3337 1143 Deum
3366 1090 3581 1159 quidem
3609 1098 3871 1144 aeternum
3889 1131 3906 1154 ,

2329 1177 2589 1231 mundum
2624 1193 2756 1233 vero
2800 1181 3042 1234 dicamus
3072 1195 3192 1235 esse
3226 1191 3566 1250 perpetuum.
3600 1182 3616 1211 ¹
3644 1180 3909 1247 Quoniam

2328 1267 2489 1337 igitur
2515 1282 2675 1324 omne
2694 1269 2953 1337 judicium
2981 1271 3274 1325 secundum
3300 1268 3329 1307 ἀ
3361 1272 3445 1325 sui
3472 1280 3716 1343 naturam
3744 1314 3760 1338 ,
3790 1287 3909 1337 quas

2328 1359 2677 1429 sibisuhjecta
2702 1371 2849 1426 sunt,
2874 1361 3286 1429 comprehendit
3305 1371 3419 1427 ;est
3444 1374 3621 1415 autem
3654 1362 3762 1415 Deo
3774 1376 3909 1415 sem.

2330 1460 2691 1517 permternus,
2714 1466 2775 1505 ac
2798 1454 3180 1520 praesentarius
3208 1462 3410 1507 status:
3444 1454 3667 1507 scientia
3694 1467 3909 1521 quoque

2326 1541 2476 1610 ejus,
2506 1557 2722 1596 omnem
2750 1543 2867 1614 (10)
2914 1545 3175 1611 temporis
3198 1558 3547 1613 supergressa
3588 1543 3906 1607 motionem,

2327 1638 2379 1690 in
2401 1651 2512 1690 sua:
2540 1638 3077 1706 manetsimplicitate
3097 1637 3747 1706 prtesentimﬁnlinitaque
3774 1653 3909 1704 pra:-

2329 1728 2471 1782 teriti
2500 1743 2561 1782 ac
2589 1728 2751 1783 l‘uturi
2782 1731 2956 1797 Spatia
2987 1729 3373 1798 complectens,
3405 1729 3775 1796 omnia,quasi
3794 1728 3907 1796 jam

2328 1831 2599 1890 gerantur,
2631 1823 2682 1877 in
2725 1837 2817 1877 sua
2843 1823 3071 1892 simplici
3095 1822 3400 1891 cognitione
3434 1820 3764 1875 considerat.
3805 1819 3911 1872 llas

2329 1928 2433 1982 que
2458 1913 2503 1966 si
2532 1914 2869 1979 praesentiam
2896 1928 3127 1982 pensare
3151 1913 3316 1978 velis,
3347 1926 3449 1979 qua
3480 1920 3674 1965 cuncta
3720 1910 3910 1978 digno-

2326 2003 2450 2066 scit,
2495 2018 2599 2057 non
2627 2018 2747 2057 esse.
2777 2004 3170 2072 przescientiam
3200 2001 3351 2070 quasi
3385 2002 3573 2069 futuri,
3607 1999 3701 2055 sed
3732 2000 3909 2054 scien-

2328 2095 2453 2159 tiam
2498 2110 2766 2164 nunquam
2809 2093 3108 2149 deiicientis
3139 2093 3412 2148 instantia:
3445 2094 3644 2148 reetius
3672 2093 3908 2146 aestima-

2329 2187 2429 2239 bis.
2463 2186 2613 2241 Unde
2643 2203 2745 2240 non
2769 2186 3118 2255 praavidentia
3148 2185 3288 2253 (iii),
3319 2186 3413 2240 sed
3447 2184 3787 2238 Providentia
3814 2198 3909 2250 po—

2329 2279 2432 2332 tius
2458 2278 2674 2339 dicitur,
2727 2280 2869 2346 quod
2901 2294 3063 2347 porro
3090 2279 3158 2331 ab
3188 2278 3348 2331 rebus
3374 2276 3573 2330 inlimis
3597 2275 3906 2339 constituta,

2325 2371 2475 2437 quasi
2504 2372 2570 2423 ab
2594 2366 2810 2425 exéelso
2834 2386 3012 2425 rerum
3039 2372 3319 2424 cacumine
3349 2381 3546 2424 cuneta
3591 2366 3903 2438 prospiciat.

2326 2468 2459 2535 Quid
2490 2470 2648 2539 igitur
2675 2470 2936 2540 postulas,
2966 2478 3028 2523 ttt
3063 2468 3365 2523 necessaria
3410 2466 3556 2530 ﬁant,
3584 2480 3703 2533 quas
3726 2463 3911 2519 divino

2326 2561 2524 2614 lumine
2550 2563 2861 2628 lustrcotur,
2890 2578 3011 2616 cum
3042 2578 3108 2616 ne
3140 2562 3387 2615 homines
3410 2560 3624 2629 quidem
3655 2572 3906 2613 necessan

2326 2654 2403 2707 ria
2434 2653 2628 2708 faciant
2654 2670 2801 2720 esse,
2834 2670 2952 2723 qua:
2980 2655 3234 2709 videant?
3269 2655 3405 2708 Num
3433 2654 3578 2708 enim
3607 2667 3728 2721 qua:
3769 2666 3915 2720 prae-

2322 2748 2492 2801 sentia
2529 2749 2741 2811 cernis,
2788 2750 3023 2817 aliquam
3055 2751 3135 2804 eis
3172 2751 3553 2805 necessitatem
3596 2759 3716 2802 tuus
3754 2747 3913 2801 addit

2323 2843 2581 2896 intuitus?
2612 2842 2849 2898 Minime.
2884 2844 3047 2913 Atqui
3078 2844 3218 2913 (20),
3248 2842 3291 2896 si
3325 2850 3409 2897 est
3445 2842 3613 2895 divini
3658 2840 3908 2895 Immani-

2322 2950 2427 3001 qne
2470 2936 2752 3003 prazsentis
2781 2934 2942 3004 digna
2983 2943 3007 2971 °
3040 2934 3286 2997 collatio,
3321 2933 3397 2988 uti
3429 2948 3525 2986 vos
3572 2943 3754 2986 vestro
3802 2933 3907 2985 hoc

2324 3025 2648 3095 temporaria
2689 3026 2939 3094 praasenti
2982 3026 3227 3093 quazdam
3254 3024 3485 3088 videtis,
3511 3023 3579 3076 ita
3611 3022 3699 3077 ille
3726 3021 3903 3075 omnia

2322 3132 2421 3173 suo
2455 3119 2626 3173 cernit
2665 3127 2874 3172 aeterno
2903 3115 2947 3171 τ.
2979 3116 3155 3182 Quare
3181 3116 3294 3171 haec
3315 3114 3489 3169 divina
3521 3114 3781 3184 praenotio
3812 3126 3908 3167 na-

2327 3228 2499 3273 turam
2539 3234 2740 3285 rerum,
2782 3217 3270 3288 proprietatemque
3298 3230 3403 3269 non
3452 3224 3645 3278 mutat,
3675 3212 3905 3281 taliaque

2324 3309 2463 3376 apud
2484 3322 2545 3363 se
2566 3310 2853 3377 praesentia
2874 3315 3102 3376 spectat,
3130 3306 3309 3374 qualia
3334 3304 3385 3358 in
3412 3313 3652 3371 tempore
3673 3302 3801 3356 olim
3825 3301 3905 3354 [ιι-

2326 3414 2438 3455 tura
2465 3403 2807 3471 provenient:
2836 3416 2932 3456 nec
2947 3400 3335 3469 rerumjudicia
3359 3398 3665 3462 confundit,
3692 3411 3907 3466 unoque

2323 3506 2434 3545 sua:
2459 3494 2654 3547 mentis
2682 3492 2873 3546 intuitu
2905 3501 2931 3538 ις
2961 3503 3067 3545 tam
3101 3490 3407 3547 necessarie
3430 3490 3567 3558 (25),
3595 3504 3754 3559 quam
3799 3504 3905 3542 non

2327 3585 2655 3649 necessarie,
2679 3593 2905 3637 ventura
2923 3583 3209 3651 dignoscit.
3234 3581 3399 3635 Sicuti
3438 3595 3533 3635 vos
3560 3597 3679 3634 cum
3710 3580 3906 3649 pariter

2322 3674 2600 3728 ambulare
2648 3674 2700 3727 in
2734 3683 2877 3727 terra
2906 3672 3181 3727 hominem
3211 3682 3265 3727 et
3290 3670 3422 3726 oriri
3468 3671 3522 3725 in
3567 3671 3705 3725 emio
3732 3670 3905 3724 solem

2323 3762 2541 3825 videtis,
2574 3777 2881 3832 quanquam
2921 3761 3078 3815 simul
3112 3771 3398 3830 utrumque
3419 3769 3798 3829 conspectum,
3826 3769 3907 3812 ta-

2325 3871 2447 3910 men
2473 3853 2501 3891 ιλ
2524 3855 2859 3921 discernitis,
2888 3865 2944 3910 et
2983 3855 3085 3910 hoc
3114 3853 3129 3891 ί
3159 3852 3550 3919 voluntarium,
3583 3851 3597 3903 i
3632 3850 3761 3907 illud
3787 3864 3909 3907 esse

1987 4020 2283 4082 INTERPB
2293 4030 2561 4086 ETATIO.

688 4119 731 4168 ιἰι
773 4113 969 4168 Fluxa.

647 4238 650 4242 λ
702 4184 732 4224 b
772 4186 885 4240 Lib.
920 4202 931 4238 ι
967 4184 1030 4237 de
1060 4184 1217 4239 Caelo.

706 4267 729 4295 ο
773 4257 871 4320 Qui
901 4257 970 4308 sit
992 4266 1131 4309 totus
1158 4254 1340 4309 simul.

702 4328 729 4364 ά
774 4329 954 4382 Mentis
989 4327 1293 4394 j‘tdicantis.

702 4411 727 4467 ξ’
770 4399 889 4451 Com
898 4400 1116 4462 paratio.

706 4469 724 4508 ί
768 4470 931 4523 Deus.

2401 4134 2425 4171 κ
2471 4124 2539 4177 Et
2568 4142 2626 4178 ca
2651 4140 2765 4195 qua:
2805 4122 3089 4179 necessario
3112 4164 3128 4191 ,
3158 4132 3209 4178 et
3238 4139 3298 4179 ea
3339 4138 3453 4195 qua:
3496 4138 3597 4177 non
3626 4122 3909 4176 necessario

2325 4206 2535 4249 ventura
2563 4210 2703 4257 sunt,
2734 4196 3007 4263 cognoscit.

2397 4264 2420 4301 ιι
2463 4266 2662 4317 Partitis
2693 4266 2984 4318 discrimen.

2401 4334 2413 4371 ί
2465 4334 2735 4388 Hominem
2762 4335 3046 4389 ambulare.

2394 4408 2411 4455 ι
2460 4406 2635 4460 δο.ἐηι
2663 4406 2808 4459 oriri.

2160 4607 2393 4664 ΝΟΤΛΕ.

702 4743 718 4772 ι
766 4742 1017 4805 Quoniam
1063 4738 1239 4805 igitur,
1266 4738 1394 4809 ctc.]
1425 4739 1503 4793 Ex
1538 4740 1809 4809 prmdictis
1852 4741 2202 4810 Philosophia
2235 4747 2285 4806 D
2310 4744 2657 4797 necessitatem
2682 4754 2795 4795 tuus
2814 4742 3231 4796 additiutuitns:
3260 4740 3509 4795 similiter
3531 4741 3572 4794 si
3600 4741 3741 4796 Deus
3764 4742 3907 4805 igna-

634 4812 707 4864 sic
749 4812 903 4863 nobis
950 4810 1562 4881 videturargumentari.
1591 4812 1723 4864 Cum
1761 4812 2107 4881 judicandum
2140 4815 2209 4867 sit.

635 4885 696 4933 ile
737 4882 951 4951 notione
975 4878 1269 4932 secundum
1300 4892 1538 4951 naturam
1580 4878 1777 4935 mentis
1797 4884 2205 4951 cognoscentis;

636 4967 861 5018 rutnqne
909 4949 1049 5002 Deus
1091 4964 1418 5015 cognoscens
1457 4950 1631 5003 futura
1675 4952 1841 5006 libera
1859 4949 1891 5014 ξ
1922 4954 1989 5007 de
2018 4955 2210 5019 quibus

636 5035 775 5072 nunc
802 5022 994 5085 agitur,
1032 5030 1216 5072 natura
1250 5035 1345 5073 sna
1377 5024 1445 5073 sit
1474 5029 1727 5085 aeternus,
1761 5027 1861 5075 hoc
1888 5036 1971 5075 est
1998 5038 2212 5090 semper

636 5103 872 5153 Fugimus
900 5106 1216 5157 semperque
1244 5096 1429 5143 vivens
1459 5093 1575 5145 sine
1604 5093 1708 5145 ulla
1739 5092 2040 5147 diiferentia
2072 5109 2210 5155 prm-

636 5161 823 5218 si-utis,
857 5160 1131 5225 pra-teriti,
1161 5171 1215 5212 et
1260 5160 1451 5222 futuri;
1488 5163 1688 5217 idcirco
1717 5167 1862 5215 notio
1894 5164 1983 5216 Dei
2010 5164 2082 5215 ita
2122 5178 2214 5217 co-

636 5231 787 5294 gitari
811 5231 971 5282 debet
991 5239 1189 5283 aeteina
1215 5231 1328 5283 sive
1353 5242 1455 5283 tota
1474 5234 1648 5294 simul,
1676 5241 1734 5285 ut
1755 5234 1943 5287 eodem
1974 5233 2131 5285 modo
2154 5248 2213 5287 se

638 5302 833 5353 habeat
861 5303 999 5353 circa
1036 5302 1210 5371 latura
1236 5302 1707 5371 lihera,quomodo
1729 5319 1866 5357 eirea
1893 5305 2175 5371 praesentia
2198 5320 2213 5357 :

635 5388 739 5439 quo
774 5374 826 5423 lit
853 5380 910 5423 ttt
950 5372 1035 5424 illa
1064 5370 1152 5423 Dei
1196 5374 1341 5424 ttotio
1369 5370 1468 5423 non
1505 5376 1823 5439 prwscienlia
1844 5370 1991 5444 quasi
2031 5374 2215 5443 futuri,

636 5446 727 5493 sed
754 5446 824 5495 sci
858 5445 962 5494 alia
994 5458 1253 5509 nunquam
1287 5444 1566 5504 deﬁcientis
1599 5446 1850 5497 instantia:
1871 5446 2055 5497 rcctins
2089 5454 2221 5497 (vsti-

636 5524 836 5565 mrtnr:
866 5513 1001 5566 unde
1044 5530 1143 5565 non
1174 5513 1502 5577 prwrideutia
1530 5558 1542 5578 ,
1576 5516 1664 5566 sed
1697 5517 2014 5580 pravidentia
2049 5517 2221 5581 potius

636 5584 848 5647 dicitur,
873 5584 1007 5653 quod
1029 5600 1180 5652 porro
1207 5584 1269 5634 ab
1291 5584 1439 5635 rebus
1462 5586 1650 5651 iit/imis
1671 5587 1964 5649 constituta,
1995 5585 2218 5649 (ιιιαείαὸ

639 5655 832 5724 emulso
866 5671 1032 5707 rerum
1062 5656 1319 5705 cacumine
1339 5665 1519 5706 cuncta
1560 5657 1859 5722 prospiciat.
1887 5657 2042 5724 Atqui
2073 5658 2219 5707 notio

644 5722 930 5775 liberorum
964 5724 1324 5794 prtnsentium,
1353 5724 1551 5777 nullam
1591 5724 1695 5777 illis
1740 5722 2220 5794 imponitnccessi-

644 5796 835 5844 tatem:
870 5806 976 5847 non
1026 5793 1157 5845 enim
1203 5808 1314 5859 qua,
1352 5795 1623 5859 prwscntia
1652 5793 1844 5861 cernis,
1893 5794 2116 5860 aliquant
2149 5796 2218 5850 eis

2314 4829 2406 4868 rus
2452 4813 2747 4865 futurorum
2781 4813 2870 4865 illa
2899 4828 3002 4865 non
3030 4822 3381 4879 cognosceret
3414 4812 3516 4864 nisi
3550 4812 3676 4863 dttnt
3708 4814 3907 4865 adsunt

2317 4884 2627 4952 praesentia,
2661 4884 2808 4936 notio
2837 4883 2950 4934 lta-c
2983 4882 3075 4935 Dei
3121 4882 3317 4934 nullam
3352 4882 3459 4935 illis
3485 4881 3699 4934 afferret
3727 4896 3907 4935 neces~

2316 4956 2530 5005 sitatem
2551 4970 2562 5003 :
2587 4963 2837 5021 essetque
2862 4953 3002 5004 idem
3022 4952 3311 5005 discrimen
3335 4952 3474 5019 quod
3502 4967 3644 5004 nunc
3669 4952 3907 5021 animadf

2319 5024 2596 5082 vertimus,
2626 5020 2952 5078 interortum
2977 5022 3108 5075 solis
3138 5030 3191 5075 et
3211 5038 3381 5074 meam
3410 5022 3734 5075 locutionem
3760 5020 3903 5089 quod

2318 5092 2412 5147 ille
2445 5097 2766 5155 necessario,
2798 5094 2911 5146 lucc
2944 5094 3112 5146 libere
3142 5096 3249 5144 liat.
3281 5092 3642 5158 Quamobrem
3673 5092 3809 5145 sicut
3837 5106 3907 5145 ex

2321 5163 2542 5217 natione
2566 5168 2931 5230 przcseutium,
2951 5164 3027 5216 sic
3048 5178 3114 5215 ex
3141 5164 3473 5228 prmnotioue
3499 5162 3679 5214 divina
3707 5163 3909 5214 l‘uturo~

2320 5249 2435 5286 rmn
2469 5235 2780 5296 liberorum,
2815 5250 2917 5285 non
2951 5244 3127 5303 potest
3159 5233 3341 5285 interri
3375 5233 3488 5285 haec
3518 5249 3637 5285 esse
3667 5245 3903 5284 necessa-

2322 5308 2397 5357 ria
2426 5303 2524 5356 nisi
2558 5305 2647 5355 sub
2674 5305 2959 5356 conditione
2985 5319 3002 5355 :
3033 5306 3172 5355 sicut
3195 5303 3354 5355 etiam
3388 5305 3532 5355 notio
3561 5306 3905 5369 prmsentium

2324 5375 2471 5442 (licet
2504 5374 2553 5425 in
2590 5372 2805 5427 homine
2838 5385 2961 5426 tunc
2992 5373 3157 5425 libere
3182 5385 3390 5438 agente,
3418 5376 3581 5426 illa-sa
3626 5388 3738 5425 rem
3760 5380 3906 5424 ineat

2325 5453 2566 5510 puti-stas
2612 5444 2674 5495 ad
2735 5445 3070 5511 utrumlibet)
3100 5454 3179 5494 est
3207 5444 3448 5505 evidens,
3495 5458 3643 5506 vera,
3682 5451 3905 5495 t-tccrta

2323 5512 2660 5573 scicntia,sic
2687 5514 2850 5566 etiam
2884 5515 3145 5579 ptmnutio
3176 5514 3351 5565 divina
3378 5515 3672 5566 futurorum
3697 5515 3909 5581 (quam-

2323 5587 2404 5636 vis
2428 5585 2477 5636 in
2509 5583 2721 5635 lnnnine
2752 5584 2874 5634 olim
2905 5595 3091 5636 acturo
3121 5584 3432 5637 intemerata
3467 5592 3778 5651 perseveret
3809 5597 3905 5647 po-

2325 5663 2487 5707 testas
2508 5654 2573 5705 ad
2597 5654 2930 5717 utrumlibet)
2954 5665 3035 5706 est
3057 5654 3296 5715 evidens,
3320 5668 3465 5716 vera,
3489 5662 3544 5705 et
3569 5662 3714 5708 certa
3728 5654 3907 5705 scien-

2326 5724 2607 5793 tia.Atque
2635 5722 2684 5776 id
2702 5738 2768 5777 eo
2792 5724 2989 5791 potius,
3020 5723 3163 5792 quod
3192 5724 3434 5788 quamvis
3465 5739 3579 5776 mea
3616 5724 3811 5778 locutio
3840 5723 3906 5793 sit

2322 5810 2483 5851 causa
2524 5792 2798 5863 nationis,
2832 5808 2932 5863 qua
2975 5808 3114 5849 nunc
3141 5794 3418 5861 cognoscis
3449 5810 3533 5849 tne
3564 5795 3737 5860 loqui;
3765 5792 3908 5849 nulla
