4290 6258
412 324 507 378 861

1320 296 1406 377 DE
1442 317 1959 378 CONSOLATIONE
1998 314 2467 374 PlllLOSOPIIUE
2499 318 2630 374 LIB.
2674 319 2747 375 Υ.

3571 323 3677 381 862

412 434 769 491 necessarium
788 435 1148 503 judicatis.lta
1166 432 1327 505 igitur
1344 444 1536 488 cuncta
1566 432 1871 503 despiciens
1901 430 1984 484 d-i-
2012 430 2060 488 Λ
2085 430 2302 498 quidem
2316 430 2384 486 de
2407 447 2581 486 rerum
2599 433 2928 489 necessitate
2956 433 3267 490 descendit:
3302 433 3430 489 illud
3461 449 3590 491 vero
3607 437 3677 493 de

413 524 563 581 vinus
585 525 842 591 intuitus,
871 526 1186 596 qualitatem
1244 539 1424 579 rerum
1452 524 1674 577 tninime
1711 521 1988 593 perturbat

412 621 550 687 apud
577 634 636 674 se
662 620 878 689 quidem
924 620 1287 688 praesentium,
1320 619 1387 673 ad
1414 619 1778 672 conditionem
1826 618 1985 688 351

414 725 542 765 vero
572 696 826 777 temporis
870 709 1188 763 futurarum.
1239 710 1357 777 Quo
1386 710 1484 774 fit,
1532 721 1590 763 ut
1640 710 1743 763 hoc
1786 724 1890 761 non
1920 708 1990 761 sit

416 804 614 870 Opinio.
655 803 750 857 sed
781 810 807 839 α
838 805 1059 857 veritate
1088 802 1261 868 potius
1290 804 1410 857 nixa
1460 802 1716 870 cognitio,
1748 818 1867 856 cum
1896 817 1990 855 ex-

415 897 664 949 stiturntn
697 895 821 964 quid
854 910 974 948 esse
1002 895 1318 963 cognoscit,
1354 895 1495 964 quod
1534 895 1675 949 idem
1720 895 1988 949 exiSten-di

416 986 734 1041 necessitate
780 1001 964 1040 carere
1003 1002 1107 1039 non
1157 987 1387 1042 nesciat.
1442 987 1538 1041 llic
1566 987 1609 1041 si
1648 987 1816 1049 dicas,
1844 986 1989 1055 quod

416 1087 729 1131 eventurum
758 1077 897 1131 Deus
919 1077 1095 1144 videt,
1129 1076 1180 1132 id
1218 1094 1325 1131 non
1371 1081 1594 1133 evenfrc
1642 1094 1751 1132 non
1795 1094 1989 1149 posse:

417 1169 558 1237 quod
588 1176 763 1221 autem
791 1182 895 1221 non
920 1177 1096 1236 potest
1117 1182 1220 1222 non
1252 1168 1470 1223 evenire
1492 1168 1595 1238 (5),
1626 1169 1677 1222 id
1707 1185 1770 1221 ex
1800 1184 1993 1223 neces-

418 1258 576 1312 sitate
595 1259 926 1328 contingere,
975 1274 1165 1327 meque
1192 1258 1259 1311 ad
1291 1258 1391 1312 hoc
1436 1273 1630 1311 nomen
1660 1260 1995 1313 necessitatis

417 1347 711 1417 astringas:
743 1348 969 1403 Fatebor
990 1364 1101 1403 rem
1131 1350 1347 1417 quidem
1376 1347 1405 1386 δ
1430 1348 1777 1403 solidissimte
1803 1350 1999 1402 verita-

419 1439 508 1502 tis,
538 1439 631 1492 sed
657 1439 743 1491 cui
768 1439 853 1492 vix
884 1439 1077 1507 aliquis
1105 1440 1205 1493 nisi
1237 1439 1398 1493 divini
1424 1440 1727 1507 speculator
1753 1454 1993 1494 accesse-

418 1522 509 1575 rit.
539 1522 891 1590 Respondebo
906 1538 1137 1593 namque
1159 1524 1298 1577 idem
1333 1522 1565 1577 futurum
1584 1565 1600 1589 ,
1624 1539 1743 1577 cum
1770 1524 1834 1577 ad
1862 1524 1998 1576 divi-

417 1628 545 1667 nam
583 1610 855 1668 unctionem
886 1614 1137 1681 refertur,
1183 1612 1587 1668 necessarium:
1621 1630 1740 1668 cum
1785 1628 1913 1668 veto
1942 1615 1997 1668 in

416 1719 512 1759 sua
535 1714 722 1759 natura
754 1707 1125 1776 perpenditur,
1150 1706 1376 1760 liberum
1411 1721 1633 1775 prorsus
1659 1716 1822 1772 atque
1849 1707 2002 1759 abso.

2093 533 2359 591 potestate
2388 524 2719 581 facientium.
2749 526 2777 564 ιι
2803 528 2960 583 Haud
2992 530 3153 598 igitur
3180 530 3373 600 injuria
3403 531 3633 587 diximus
3654 564 3672 597 ι

2093 611 2228 678 haec,
2260 615 2305 671 si
2334 616 2400 670 ad
2428 618 2660 671 divinam
2704 618 2946 673 notitiam
2976 620 3306 687 referantur,
3338 623 3673 688 necessaria;

2094 704 2136 756 si
2154 721 2259 773 ,pcr
2290 720 2349 759 se
2374 708 2817 769 consideretttur,
2848 712 3182 765 necessitatis
3202 726 3321 765 esse
3339 712 3563 765 nexibus
3583 712 3680 765 ab-

2092 797 2285 848 soluta.
2321 794 2485 850 Sicuti
2512 811 2677 851 omne
2698 800 2840 866 quod
2873 801 3121 853 sensibus
3153 810 3316 868 patet,
3347 802 3391 855 si
3422 802 3487 854 ad
3511 804 3676 855 ratio-

2095 897 2216 935 nem
2248 885 2482 949 referas,
2513 887 2815 940 universale
2836 899 2945 941 est:
2976 893 3019 942 si
3048 889 3112 943 ad
3135 890 3366 957 seipsutn
3397 891 3677 957 reSpiCtas,

2096 974 2387 1044 singulare.
2426 977 2532 1031 Sed
2565 977 2610 1031 si
2642 978 2803 1047 352
2846 979 2899 1032 in
2933 996 3047 1033 mea
3069 1019 3084 1043 ,
3119 980 3324 1047 inquies
3350 1022 3364 1043 ,
3421 990 3679 1049 potestate

2097 1070 2257 1123 situm
2287 1080 2369 1124 est
2411 1080 2623 1125 mutare
2651 1075 3005 1141 pr0positum,
3043 1072 3057 1109 ί
3093 1075 3363 1129 evacuabo
3389 1074 3681 1128 Providen-

2097 1162 2245 1223 tiam,
2277 1177 2418 1227 cum,
2450 1178 2573 1231 qua:
2595 1165 2680 1217 illa
2725 1166 3042 1231 praenoscit,
3073 1166 3209 1219 forte
3237 1176 3531 1220 mutavere.
3577 1165 3681 1220 lie-

2096 1253 2394 1319 spoudebo,
2430 1252 2768 1320 PrOpositum
2797 1266 2847 1309 te
2874 1255 3089 1324 quidem
3123 1265 3269 1309 tuum
3302 1249 3465 1324 posse
3516 1255 3680 1308 defle-

2097 1357 2263 1411 ctere,
2290 1347 2408 1413 sed,
2430 1349 2681 1415 quoniam
2704 1358 2757 1401 et
2781 1349 2831 1401 id
2862 1358 2915 1402 te
2940 1360 3189 1418 posse,ct
3214 1364 3279 1402 an
3300 1348 3483 1414 facias,
3508 1362 3680 1417 quove

2097 1450 2401 1502 convertas,
2435 1454 2676 1517 praesens
2707 1441 3061 1495 Providentia:
3090 1442 3543 1497 veritasintnetur
3562 1484 3575 1507 ,
3600 1441 3680 1495 di-

2098 1527 2276 1582 vinam
2292 1538 2342 1583 te
2356 1530 2432 1599 (5)
2453 1531 2841 1598 prtescieutiam
2858 1546 2960 1585 non
2981 1547 3137 1601 posse
3160 1534 3353 1597 vitare;
3378 1534 3530 1586 sicuti
3547 1548 3679 1600 pne-

2102 1621 2270 1674 sentis
2299 1622 2440 1674 oculi
2474 1620 2708 1690 eliugcre
2734 1637 2836 1675 non
2859 1626 3032 1690 possis
3055 1624 3299 1677 intuitum
3322 1664 3335 1686 ,
3367 1622 3605 1691 quamvis
3630 1633 3680 1676 te

2103 1708 2156 1761 in
2185 1709 2361 1763 varias
2390 1712 2632 1765 actiones
2664 1711 2827 1765 libera
2855 1712 3133 1765 voluntate
3157 1714 3509 1765 converteris.
3539 1712 3679 1779 Quid

418 1794 587 1849 lutum
634 1797 825 1851 videri.
882 1799 1008 1850 Duae
1037 1805 1162 1852 sunt
1206 1798 1406 1852 etenim
1461 1798 1844 1861 necessitates;
1881 1797 1993 1867 (10)
2026 1797 2075 1858 Β
2102 1797 2263 1866 igitur
2287 1837 2305 1864 ,
2356 1800 2598 1865 inquies?
2637 1800 2713 1854 Ex
2746 1815 2935 1855 meane
2963 1801 3313 1869 dispositione
3341 1800 3563 1854 scicntia
3594 1802 3679 1855 di-

414 1888 644 1956 simplex
671 1903 796 1953 una,
821 1888 984 1942 veluti
1010 1892 1149 1955 quod
1178 1904 1401 1945 necesse
1431 1899 1515 1944 est
1535 1905 1724 1943 omnes
1748 1888 1996 1943 homines

416 1992 539 2031 esse
560 1979 851 2042 mortales;
878 1978 1046 2032 altera
1068 1979 1422 2044 conditionis,
1453 1989 1512 2033 ιιι
1546 1982 1589 2034 si
1621 1981 1851 2049 aliquem
1881 1996 1997 2034 am-

415 2069 606 2124 bulare
638 2070 811 2133 scias,
836 2084 961 2124 eum
989 2072 1264 2125 ambulare
1294 2086 1515 2127 necesse
1544 2083 1649 2127 eSt.
1675 2072 1826 2138 Quod
1852 2073 1992 2127 enim

414 2161 637 2230 quisque
659 2162 823 2225 novit,
839 2161 890 2214 id
911 2177 1034 2216 esse
1053 2162 1211 2215 aliter
1235 2178 1299 2217 ac
1324 2175 1506 2216 n0tum
1528 2173 1631 2227 est,
1661 2165 1863 2231 nequit.
1889 2163 1999 2218 Sed

413 2251 529 2307 lucc
549 2250 784 2306 conditio
809 2254 1025 2307 minime
1047 2268 1227 2307 secum
1253 2254 1394 2307 illam
1425 2254 1722 2322 simplicem
1753 2265 1774 2292 ε
1809 2255 1993 2308 trahit.

412 2341 561 2396 Hanc
587 2342 728 2396 enim
755 2343 1128 2397 necessitatem
1155 2358 1259 2397 non
1290 2345 1503 2413 propria
1529 2344 1655 2398 facit
1674 2345 1995 2409 natura,sed

412 2434 734 2487 conditionis
759 2434 1007 2503 adiectio.
1032 2433 1184 2487 Nulla
1207 2433 1350 2487 ettim
1380 2437 1675 2489 necessitas
1702 2434 1823 2505 (15)
1853 2436 1995 2504 cogit

414 2522 664 2578 incedere
701 2525 997 2577 voluntarie
1027 2522 1055 2559 ἀ
1086 2525 1417 2593 gradientem
1439 2565 1455 2589 ,
1481 2526 1725 2595 quamvis
1762 2541 1883 2578 eum
1918 2535 1996 2579 ta-

414 2630 557 2678 men,
587 2630 706 2668 cntn
741 2625 763 2652 ε
794 2616 1032 2685 grad.tnr
1054 2656 1070 2679 ,
1104 2616 1349 2670 incedere
1380 2618 1737 2669 necessarium
1767 2618 1856 2670 sit.
1894 2618 1995 2671 Eo-

411 2706 536 2762 dem
578 2709 739 2777 igitur
778 2710 954 2771 tnodo,
978 2709 1021 2761 si
1044 2708 1166 2775 quid
1199 2708 1529 2775 providentia
1564 2723 1802 2776 prtesens
1826 2707 1993 2773 videt,

412 2798 466 2853 id
484 2815 603 2865 esse
625 2813 846 2852 necesse
873 2810 975 2861 est,
1000 2798 1208 2852 tametsi
1235 2798 1435 2851 nullam
1462 2808 1663 2852 natura:
1693 2799 1882 2851 habeat
1902 2815 1995 2851 ne-

412 2891 738 2945 cessitatem.
796 2892 955 2957 Atqui
992 2892 1129 2943 Deus
1173 2905 1234 2943 ea
1267 2889 1474 2956 futura,
1521 2906 1640 2958 qua:
1688 2906 1755 2943 ex
1793 2890 1997 2944 arbitrii

412 2983 660 3037 libertate
684 2983 1027 3050 proveniunt,
1047 2986 1324 3050 praesentia
1348 2993 1646 3035 contuetur.
1674 2983 1795 3035 lltee
1813 2981 1992 3049 igitur,

412 3076 480 3129 ad
507 3076 753 3129 intuitum
785 3080 947 3129 relata
979 3076 1237 3135 divinum,
1271 3076 1574 3128 necessaria
1602 3073 1734 3126 ﬁunt
1762 3071 1876 3142 (20)
1905 3088 1998 3142 per

2100 1890 2222 1943 vina
2255 1891 2563 1955 mutabitur,
2592 1900 2651 1943 ιιι
2673 1906 2793 1944 cum
2818 1906 2916 1959 ego
2948 1906 3088 1944 nunc.
3116 1892 3234 1954 hoc,
3268 1906 3410 1943 nunc
3443 1890 3569 1943 illud
3594 1906 3680 1943 ve-

2101 1980 2191 2033 litn
2211 2019 2230 2045 ,
2272 1982 2359 2034 illa
2387 1966 2600 2050 quoque
2650 1983 2903 2034 noscendi
2932 1983 3078 2035 vices
3106 1981 3371 2035 alternare
3401 1979 3679 2032 videatur?

2098 2069 2333 2125 Minime.
2372 2075 2543 2125 Umne
2584 2085 2814 2139 namque
2861 2072 3092 2123 futurum
3135 2070 3347 2123 divinus
3396 2069 3679 2136 pra-currit

2100 2162 2343 2226 intuitus,
2391 2172 2445 2217 et
2476 2162 2589 2231 (10)
2622 2162 2689 2213 ad
2723 2162 3057 2230 praesentiam
3093 2160 3325 2228 pr0prite
3351 2158 3677 2228 cognitionis

2099 2263 2377 2324 retorquet
2424 2269 2488 2308 ac
2538 2262 2773 2309 revocat.
2827 2253 2935 2307 Nec
2966 2253 3229 2317 alternat,
3269 2262 3327 2306 ut
3364 2252 3675 2314 existimas.

2100 2360 2245 2398 nunc
2272 2345 2396 2410 hoc,
2419 2360 2558 2398 nunc
2581 2344 2714 2397 illud
2744 2344 3112 2413 pranioscendi
3135 2343 3307 2407 vices;
3334 2341 3427 2395 sed
3446 2356 3551 2394 uno
3575 2340 3680 2397 ictu

2100 2436 2424 2491 tnutationes
2455 2448 2572 2489 tuas
2601 2450 2822 2490 manens
2852 2437 3115 2504 prtevenit
3163 2442 3325 2503 atque
3368 2432 3679 2500 compleui-

2098 2537 2205 2583 tur.
2250 2530 2418 2595 Quam
2441 2528 2932 2596 compreltendendi
2977 2528 3156 2582 omnia
3186 2526 3496 2594 visendique
3546 2540 3680 2593 prte-

2095 2622 2343 2689 setitiam,
2370 2636 2477 2673 non
2505 2635 2570 2673 ex
2599 2620 2891 2673 futurarum
2918 2618 2932 2669 i
2976 2629 3232 2687 proventu
3265 2634 3465 2681 rerum,
3498 2617 3589 2671 sed
3613 2632 3680 2671 ex

2101 2713 2311 2781 propria
2346 2714 2489 2766 Dens
2519 2712 2860 2779 simplicitate
2892 2711 3116 2764 sortitus
3154 2718 3257 2763 est.
3297 2710 3374 2762 Ex
3400 2724 3505 2777 quo
3548 2707 3682 2763 illud

2099 2818 2309 2872 quoque
2334 2802 2645 2865 resolvitur,
2676 2803 2815 2870 quod
2846 2803 2961 2871 (l5)
2992 2804 3150 2870 paulo
3178 2811 3302 2854 ante
3330 2799 3575 2868 posuisti,
3603 2799 3682 2852 itt~

2098 2897 2314 2965 dignum
2345 2911 2488 2960 esse,
2537 2897 2581 2950 si
2610 2896 2853 2950 scientia:
2900 2894 2993 2948 Dei
3044 2908 3258 2948 causam
3291 2892 3466 2946 futura
3496 2899 3683 2945 nostra

2101 2996 2357 3056 prmstare
2386 2988 2652 3041 dicantur.
2678 2987 2804 3040 llaec
2833 2987 2975 3040 enim
3005 2984 3244 3040 scientiae
3287 2985 3365 3037 vis
3395 2991 3683 3051 prmsentac

2100 3080 2179 3134 ria
2213 3082 2428 3134 notione
2454 3090 2644 3133 cuneta
2673 3079 3058 3145 complectens,
3094 3077 3252 3130 rebus
3285 3075 3533 3129 omnibus
3563 3090 3682 3129 mo-

413 3167 773 3223 conditiOnem
801 3166 995 3220 divinat
1027 3168 1281 3221 notionis:
1319 3182 1480 3235 perse
1494 3181 1619 3219 vero
1639 3167 1995 3228 Considerata,
2025 3156 2071 3218 C
2103 3177 2226 3229 dum
2255 3176 2367 3241 ipsa
2394 3173 2687 3236 constituit,
2722 3171 2851 3225 nihil
2875 3184 3006 3225 vero
3029 3167 3414 3238 posterioribus
3444 3165 3468 3204 ιι
3500 3166 3684 3220 debet,

413 3260 481 3311 ab
504 3258 960 3311 alisolutanatura:
990 3254 1008 3293 τ
1042 3257 1410 3310 sumlibcrtatc
1438 3254 2001 3309 tiondesinuut.Fient

414 3350 573 3418 igitur
591 3351 769 3419 procul
800 3349 959 3401 dubio
976 3358 1187 3412 cuncta,
1210 3365 1329 3415 qua:
1355 3350 1527 3402 futura
1552 3348 1692 3402 Dens
1720 3362 1839 3401 esse
1858 3363 1999 3416 prte-

416 3442 621 3506 noscit,
653 3441 747 3493 sed
782 3456 965 3493 eorum
998 3442 1241 3507 quedam
1272 3441 1336 3493 de
1385 3439 1552 3493 libero
1592 3440 2003 3507 proﬁciscuntur

412 3532 640 3585 arbitrio
684 3547 844 3599 :quae
876 3532 1118 3599 quamvis
1148 3531 1433 3592 eveniant,
1494 3531 1780 3584 existendo
1824 3540 1998 3584 tamen

414 3624 685 3693 pr0priam
730 3634 972 3676 naturam
1029 3638 1132 3674 non
1186 3622 1473 3681 amittunt:
1523 3638 1643 3690 quae
1693 3622 1997 3690 prinSquam

416 3716 628 3779 ﬁerent,
660 3715 817 3768 etiam
853 3731 956 3768 non
986 3716 1201 3769 evenire
1243 3716 1559 3783 potuissent.
1591 3715 1725 3782 Quid
1757 3716 1869 3785 (Ξὸ)
1901 3717 1999 3781 igi-

415 3814 501 3858 tur
532 3807 697 3859 refert
728 3822 829 3859 non
862 3821 981 3859 esse
1017 3808 1352 3872 necessaria,
1395 3821 1515 3860 cttm
1544 3815 1760 3873 prepter
1801 3806 1997 3860 divinae

413 3897 650 3951 scientia:
678 3898 1040 3950 conditionem
1097 3898 1267 3949 modis
1316 3898 1605 3960 omnibus,
1664 3898 1997 3951 necessitatis

412 3985 619 4053 instar,
654 3988 939 4041 eveniant?
982 3988 1092 4041 Iloc
1122 3988 1355 4050 scilicet,
1393 3990 1531 4055 quod
1563 4004 1623 4041 ea
1676 4003 1794 4054 qua:
1842 3989 1999 4057 paulo

411 4088 538 4131 ante
567 4079 838 4145 proposui,
872 4080 950 4131 sol
983 4080 1161 4132 oriens
1182 4121 1197 4145 ,
1229 4089 1281 4130 et
1315 4087 1338 4123 ts
1366 4078 1617 4146 gradiens
1648 4075 1832 4139 homo,
1875 4091 1996 4145 qua:

411 4170 537 4223 dum
565 4170 714 4234 ﬁunt,
750 4184 857 4221 non
886 4170 997 4223 fieri
1030 4184 1132 4222 non
1162 4178 1411 4236 possunt:
1432 4184 1616 4222 eorum
1637 4177 1990 4223 tamenunum

410 4259 561 4328 prius
582 4274 791 4327 quoque
821 4274 976 4326 quam
1012 4258 1181 4318 ﬁeret.
1214 4273 1437 4312 necesse
1466 4268 1584 4313 erat
1614 4259 1882 4313 existere:
1916 4260 1991 4310 al-

412 4355 585 4401 terum
632 4365 759 4401 vero
794 4349 1029 4401 minimc.
1062 4349 1132 4401 Ita
1167 4349 1326 4402 etiam
1371 4365 1489 4417 qtne
1529 4350 1807 4416 priesentia
1852 4350 1989 4404 Deus

410 4440 604 4508 habet,
638 4442 753 4511 (50)
797 4443 961 4496 dubio
1000 4443 1182 4510 procul
1228 4446 1504 4497 existunt:
1536 4444 1631 4497 sed
1668 4460 1848 4498 eorum
1887 4445 1986 4499 hoc

2103 3267 2232 3331 Qute
2254 3281 2373 3319 cum
2401 3265 2469 3317 ita
2495 3264 2620 3326 sint,
2651 3270 2830 3314 manet
2853 3261 3167 3313 intemerata
3205 3256 3521 3310 mortalibus
3547 3255 3683 3308 arbi-

2105 3359 2192 3414 trii
2223 3358 2463 3412 libertas.
2496 3355 2605 3409 Nec
2630 3354 2822 3420 iniquae
2854 3352 3022 3418 leges,
3055 3348 3246 3403 solutis
3272 3350 3414 3400 omni
3448 3348 3683 3401 necessi.

2104 3461 2217 3506 tate
2245 3449 2627 3511 voluntatibus,
2654 3446 2869 3514 praemia
2898 3456 3191 3512 pinnasque
3218 3441 3333 3507 (‘20)
3358 3451 3685 3509 proponunt.

2104 3544 2276 3597 Manet
2299 3542 2460 3596 etiam
2488 3548 2756 3607 spectator
2796 3535 3027 3602 desuper
3061 3541 3377 3588 cunctorum
3427 3532 3687 3600 praescius

2106 3632 2266 3697 Deus,
2286 3630 2612 3697 visionisque
2634 3626 2750 3695 eius
2772 3638 3009 3694 praesens
3036 3636 3249 3690 semper
3271 3620 3543 3673 :rternitas
3562 3635 3683 3674 cum

2104 3732 2411 3775 nostrorum
2440 3728 2659 3771 actuum
2689 3719 2862 3770 fu’tura
2890 3713 3147 3782 qualitate
3189 3712 3499 3776 concurrit,
3532 3710 3684 3766 bonis

2104 3812 2347 3880 praemia,
2372 3810 2532 3863 malis
2552 3808 2807 3877 supplicia
2839 3807 3179 3875 dispensans.
3203 3805 3311 3859 Nec
3337 3807 3530 3858 frustra
3562 3813 3684 3857 sun|

2104 3905 2155 3959 iu
2190 3906 2296 3959 Deo
2324 3903 2508 3972 posita:
2537 3915 2659 3972 spes
2691 3916 3015 3969 precesque;
3049 3915 3165 3968 quae
3191 3913 3310 3952 cum
3343 3906 3505 3951 recta:
3536 3906 3684 3961 sunt,

2103 3994 2406 4049 ineffiCaces
2433 4009 2554 4048 esse
2582 3966 2688 4045 non
2715 4000 2956 4059 possunt.
2990 3988 3323 4043 Aversamiui
3356 3989 3515 4055 igitur
3536 3989 3684 4057 vitia,

2102 4085 2263 4140 colite
2280 4086 2525 4148 virtutes,
2550 4082 2615 4136 ad
2639 4092 2814 4136 rectas
2840 4094 2962 4149 Spes
2986 4080 3099 4149 (‘25)
3124 4082 3361 4133 animum
3383 4079 3683 4143 sublevate,

2107 4175 2334 4230 humiles
2363 4189 2551 4243 precrs
2582 4174 2632 4225 in
2663 4171 2875 4225 excelsa
2924 4171 3205 4239 porrigite.
3240 4170 3254 4201 ¹
3300 4170 3489 4238 Magna
3530 4168 3685 4222 vobis

2103 4267 2267 4330 est,si
2297 4266 2640 4320 dissimulare
2668 4279 2770 4317 non
2803 4263 2986 4325 vultis,
3019 4260 3311 4314 necessitas
3338 4260 3534 4314 indicta
3566 4274 3684 4328 pro-

2099 4358 2302 4426 bitatis,
2349 4375 2469 4413 cum
2506 4370 2633 4411 ante
2676 4358 2865 4411 oculos
2913 4355 3282 4424 agitisjudicis
3323 4363 3512 4409 cuncta
3569 4368 3684 4408 cer-

2098 4451 2271 4503 nentis
2299 4446 2342 4503 ι.

1758 4534 2339 4593 INTERPRETATIO.

482 4637 508 4664 ιι
546 4626 692 4680 Certa
715 4629 946 4681 scientia.

478 4696 505 4734 δ
551 4697 670 4749 Rem
697 4700 895 4761 quidem
925 4713 1031 4749 esse
1054 4697 1386 4753 verissimam,
1427 4695 1516 4746 sed
1546 4695 1589 4745 ei
1626 4694 1789 4747 solum
1820 4698 1976 4749 menti

408 4770 661 4834 pervium,
691 4785 803 4837 quia
830 4768 977 4819 rebus
1006 4768 1187 4819 divinis
1215 4766 1620 4833 contemplandis
1650 4775 1851 4819 assueta
1885 4778 1979 4820 est.

483 4847 505 4874 ο
548 4838 943 4890 Nt'cessilatrttt.

480 4905 507 4941 ά
550 4913 659 4958 Am!
678 4908 922 4959 uirtutum.

477 4986 502 5012 °
542 4977 797 5030 Ambulat.

481 5045 501 5083 ί
544 5046 666 5100 Non
698 5049 965 5118 privniitur
992 5046 1225 5099 absoluta
1252 5045 1479 5098 libertate
1508 5061 1615 5099 stlte
1629 5057 1842 5101 natura’.

2016 4851 2069 4911 D

2171 4640 2197 4677 8
2237 4630 2534 4683 Ambulaus.

2164 4696 2191 4736 Ῑι
2233 4700 2355 4752 Non
2386 4698 2659 4751 immerito.

2175 4767 2192 4805 ί
2244 4770 2534 4821 Destruum.

2168 4838 2186 4889 i
2236 4838 2454 4892 Ercntu.

2170 4910 2192 4979 ξε
2235 4909 2409 4979 Refert
2438 4916 2719 4979 acceptum.

2171 4977 2189 5017 ι
2235 4978 2353 5032 Dei.

1928 5114 2155 5171 NOTAE.

410 5221 581 5263 tamen
606 5209 840 5273 res,sive
864 5225 1119 5277 prmsens,
1152 5211 1262 5261 sive
1290 5207 1463 5261 futura
1495 5217 1578 5262 est
1606 5223 1765 5261 causa
1794 5206 1988 5259 divina:

404 5299 501 5331 seu
536 5281 796 5338 tttttiuttis,
830 5298 925 5331 seu
974 5283 1345 5346 prztmotiunis:
1382 5296 1500 5331 nam
1530 5279 1989 5347 comprelteudeudi

399 5352 575 5401 anmia
616 5351 906 5418 tisettdique
937 5355 1280 5418 prteseutiaut,
1310 5367 1408 5402 non
1441 5366 1501 5402 ex
1533 5354 1823 5418 fututorum
1865 5364 1983 5412 pro-

403 5433 548 5471 ventu
577 5436 770 5481 rerum,
804 5426 889 5476 sed
913 5438 974 5473 ex
1005 5423 1214 5490 propria
1246 5420 1382 5473 Deus
1413 5423 1742 5488 simplicitate
1770 5421 1980 5471 sortitus

402 5506 453 5541 es
491 5507 509 5543 :
542 5502 599 5543 ut
636 5507 776 5545 nunc
806 5493 1020 5545 dicitur.
1962 5558 1965 5559 ν

474 5560 490 5590 ¹
534 5560 725 5631 Magna
763 5562 901 5613 vobis
927 5574 999 5614 est
1044 5571 1313 5615 necessitas
1331 5562 1522 5613 indicta
1544 5561 1834 5629 probitatis,
1854 5556 1982 5627 eun]

401 5626 553 5693 Nam,
590 5626 645 5686 ui
678 5634 910 5701 loquitur
958 5634 1014 5685 S.
1050 5634 1275 5685 Basilius
1307 5635 1358 5683 in
1394 5626 1579 5701 llcgnl.
1626 5626 1978 5701 brevioribus,

402 5714 648 5771 respons.
676 5700 763 5769 2,7
788 5702 931 5757 Meus
963 5705 1095 5758 iners
1117 5719 1181 5759 ex
1202 5719 1258 5758 eo
1289 5700 1497 5772 e/ﬁct‘tur
1518 5719 1668 5772 seque
1687 5703 1834 5773 justo
1864 5700 1980 5766 plus

2092 5204 2229 5258 dedit
2259 5203 2435 5257 otiosae
2459 5201 2754 5262 securitati,
2783 5198 2921 5269 quod
2961 5198 3121 5252 Deum
3154 5200 3332 5253 adesse
3362 5218 3463 5254 non
3492 5202 3676 5263 credit,

2090 5278 2176 5343 qui
2198 5284 2448 5327 scrutetur
2476 5272 2633 5325 corda
2659 5282 2704 5323 et
2729 5287 2893 5325 renes.
2927 5270 2985 5323 Si
3007 5275 3137 5324 enim
3161 5273 3255 5323 Itoc
3286 5277 3678 5343 credereturcr-

2090 5341 2179 5399 sus
2209 5346 2343 5397 illud
2374 5346 2584 5414 facere,
2616 5344 2753 5409 quod
2789 5342 2981 5393 dictum
3014 5352 3118 5395 est:
3149 5342 3473 5414 providebam
3500 5341 3680 5414 υνοηοὶ-

2090 5433 2212 5469 ttum
2258 5417 2309 5465 in
2353 5413 2627 5478 Conspeca
2654 5428 2765 5463 meo
2806 5427 3033 5477 semper,
3065 5413 3307 5479 quoniam
3332 5430 3362 5463 (ι
3389 5413 3577 5465 dextris
3604 5420 3676 5464 est

2093 5486 2214 5537 mihi
2244 5501 2305 5536 ne
2329 5500 2735 5537 commovear....
2764 5482 2885 5545 Quis
2916 5490 2989 5533 est
3027 5485 3185 5543 enim,
3226 5484 3396 5546 inquit
3427 5496 3671 5547 respons.

2087 5557 2177 5617 ‘29,
2202 5556 2412 5606 alterius
2456 5555 2693 5622 potestati
2719 5553 2998 5623 subjectus,
3028 5552 3115 5620 qui
3144 5551 3195 5602 in
3221 5555 3381 5605 oculis
3426 5552 3679 5621 principis

2086 5628 2164 5747 διὶἱ
2212 5625 2411 5732 aliqguid
2438 5641 2661 5681 ausurus
2708 5624 2773 5679 sit
2816 5637 3041 5692 unquam
3078 5636 3254 5677 eorum
3281 5637 3397 5695 qua!
3434 5623 3534 5695 ipsi
3572 5638 3673 5679 non

2086 5713 2118 5747 υ
2142 5705 2285 5747 acent
2303 5737 2316 5747 .

2086 5698 2285 5765 placent
2303 5698 2328 5753 ξ)
