4276 6260
390 283 496 339 865

389 401 564 472 primo
590 410 645 456 et
673 402 1200 470 utroque-Victorinn
1226 401 1374 455 deest
1408 402 1765 472 membrorum.

463 472 589 531 154,
614 474 668 536 6,
700 490 810 538 qua:
830 474 882 525 in
905 474 1026 525 tuis.
1060 472 1159 526 Th.
1189 479 1405 541 primus.
1437 471 1567 542 Reg.
1589 484 1814 541 uterque
1833 472 1973 529 Vict.

388 553 443 598 et
473 542 644 605 Flam,
668 559 782 611 quae
808 552 863 593 tu
896 545 945 594 in
976 545 1093 595 tuis.

464 613 586 675 155,
620 614 672 673 5,
704 622 979 680 contraque
1008 614 1234 665 minimo.
1269 612 1371 667 Th.
1427 614 1630 683 primus
1666 620 1722 667 et
1745 621 1974 681 uterque

394 683 563 747 νυ..
595 695 867 748 contraque
899 684 1178 735 "inimum.

466 756 590 819 156,
617 754 671 813 7,
700 754 1056 806 trstimotione.
1093 755 1325 820 Uterque
1360 752 1523 813 Vict.,
1552 752 1943 807 existimatione.

462 824 620 888 lhid.,
658 825 743 885 11,
793 824 1081 876 hominibus
1124 839 1259 877 vero.
1300 824 1353 876 In
1383 824 1484 876 'l‘h.
1522 826 1714 892 primo,
1757 822 1888 892 Reg.
1921 830 1977 877 et

387 905 617 961 utraque
657 894 796 946 Vict.
825 899 976 947 deest
1004 910 1139 947 vero.

467 965 591 1030 157,
624 965 678 1025 5,
711 981 837 1033 nego
863 964 993 1017 illud
1020 980 1145 1017 esse.
1181 962 1312 1031 Reg.
1342 972 1396 1017 et
1422 962 1562 1017 Vict.
1596 963 1823 1032 primus,
1847 976 1975 1033 nego

386 1036 558 1089 ullum
586 1050 712 1087 esse.

463 1105 597 1160 lhitl.
626 1106 680 1167 6,
704 1103 929 1163 minime,
959 1104 1173 1169 inquies.
1207 1102 1308 1157 Th.
1344 1104 1567 1172 primus,
1592 1103 1723 1172 Reg.
1748 1113 1800 1156 ct
1824 1113 1973 1158 uter-

386 1192 495 1247 que
524 1175 692 1247 Vict.,
722 1174 1168 1247 minime,_inqnis.

463 1246 623 1310 lhid.,
650 1247 705 1308 7,
734 1260 892 1311 eoque
918 1244 1092 1296 alieni.
1130 1244 1268 1311 Vict.
1294 1243 1586 1306 secundus,
1615 1252 1767 1308 atque
1794 1243 1971 1296 alieni.

466 1307 929 1380 13,9,'4,7munera
958 1325 1162 1369 norant.
1189 1307 1291 1368 Th.
1320 1314 1525 1385 primus
1559 1322 1615 1368 et
1642 1307 1815 1377 Flor.,
1864 1329 1977 1366 mu-

389 1402 513 1440 nera
541 1395 709 1439 norat.

463 1456 587 1521 142,
620 1459 676 1522 2,
706 1471 872 1509 arma.
905 1454 1007 1510 Th.
1046 1454 1271 1525 primus,
1300 1453 1432 1522 Reg.
1461 1462 1516 1508 et
1542 1462 1768 1523 uterque
1810 1451 1973 1516 Vict.,

385 1542 533 1581 arva.

462 1595 620 1660 lhid.,
647 1596 702 1659 5,
728 1594 975 1658 hosticus,
1007 1596 1076 1648 ita
1104 1609 1293 1649 omnes
1323 1595 1557 1650 codices.

460 1664 582 1730 M5,
620 1666 670 1730 1,
714 1668 910 1734 primus
937 1666 1071 1734 quis.
1102 1664 1272 1734 Flor”
1299 1667 1412 1734 quis
1434 1666 1649 1734 primus.

817 284 879 339 IN
919 285 1163 341 LIBROS
1206 284 1292 338 DE
1332 282 1850 340 CONSOLATIONE
1884 284 2357 343 Ριιιιοευιιιιιιε
2402 289 2790 347 VARIANTES
2830 291 3226 350 LECTIONES.

3556 298 3662 352 866

2002 408 2046 461 A
2103 474 2112 480 Δ
2152 402 2275 479 191,
2302 405 2354 467 2,
2376 405 2567 480 deserit
2599 407 2941 480 superstitem.
2976 407 3106 476 Reg.
3153 417 3207 461 et
3239 408 3378 463 Vict.
3420 412 3663 480 primus:

2079 474 2272 527 deseret
2302 477 2623 543 superstitem
2649 492 2668 529 :
2697 476 2838 531 Vict.
2871 474 3140 531 secundus
3167 496 3178 530 ε
3204 474 3425 535 deserat.

2150 545 2272 618 195,
2301 555 2353 608 2,
2386 548 2651 618 adjiciunt.
2684 546 2784 600 Th.
2813 548 3037 612 primus,
3069 548 3345 618 adjiciunt.

2150 615 2307 681 lhid.,
2332 617 2386 680 4,
2410 617 2599 669 adduci
2625 619 2853 687 potuisti.
2891 618 3022 673 Vict.
3055 615 3339 685 secundus,
3370 621 3556 675 abduci
3577 640 3668 688 po-

2079 688 2245 737 luisti.

2152 755 2272 832 194,
2310 755 2718 832 8,_con‘tingere;
2748 757 2796 810 si
2837 759 2973 828 quis.
3026 758 3195 817 Flor..
3247 761 3553 832 contingere,
3591 764 3669 815 sic

2076 825 2291 891 collige;
2333 827 2376 879 si
2403 828 2540 895 quis.
2566 825 2578 827 ’
2849 825 2857 828 ⁷
3419 825 3440 832 ⁷
3628 880 3631 883 .

2150 895 2274 965 195,
2306 898 2357 955 1,
2389 907 2631 965 prtetura.
2666 896 2740 950 Ea
2774 898 2933 952 lectio
2958 898 3055 951 fuit
3077 899 3277 954 codicis
3304 900 3555 954 Thuanmi
3579 917 3666 955 se-

2077 964 2239 1038 cundi
2275 982 2289 1020 :
2330 964 2468 1020 male
2520 966 2616 1038 alii
2641 981 2857 1038 omnes,
2908 970 3228 1038 prirfectnra,
3283 971 3425 1037 quod
3466 987 3660 1026 nomen

2076 1032 2240 1107 nihil,
2264 1047 2505 1107 tempore
2533 1035 2745 1105 quidem
2776 1032 2965 1101 Roetii,
3000 1032 3349 1107 signiﬁcabat.

2148 1106 2270 1171 199,
2308 1106 2393 1169 14,
2426 1107 2579 1160 situm
2616 1118 2711 1160 est.
2757 1108 2899 1163 Vict.
2947 1109 3215 1163 secundus
3242 1122 3296 1163 et
3325 1109 3496 1178 Flor.,
3528 1110 3657 1165 situs

2075 1183 2167 1230 est.

2146 1243 2271 1317 200,
2302 1246 2356 1317 5,
2395 1246 2699 1299 Antoninus.
2723 1246 2824 1317 Sic
2854 1246 2993 1301 Vict.
3025 1249 3312 1317 secundus,
3346 1259 3514 1307 recte.

2144 1315 2268 1379 205,
2305 1316 2358 1382 6,
2411 1318 2635 1393 (ζ’σιὶηιαε
2668 1315 3002 1393 _gloriosum._
3029 1318 3261 1393 Uterque
3303 1315 3409 1376 Th.
3442 1322 3576 1393 Reg.
3605 1332 3663 1379 et

2076 1384 2218 1460 Vict.
2245 1386 2536 1460 secundus,
2568 1389 2789 1460 a'stimas
2819 1403 2925 1441 esse
2949 1384 3249 1460 gloriosum.

2146 1454 2308 1521 lhid.,
2335 1457 2387 1518 7,
2420 1472 2512 1526 pro
2543 1459 2767 1512 matrima
2796 1454 2969 1526 parte:
2993 1459 3258 1513 Hactenus
3287 1459 3419 1515 editi
3442 1471 3495 1515 et
3516 1471 3661 1517 uter-

2074 1540 2179 1597 que
2227 1527 2330 1580 Th.
2383 1525 2650 1580 habebant
2691 1525 2927 1597 proxima
2955 1544 2974 1582 :
3009 1530 3101 1582 scd
3142 1529 3427 1583 lectionem
3459 1534 3660 1585 codicis

2078 1594 2333 1669 Victorini
2359 1597 2583 1669 secundi
2611 1606 2667 1651 et.
2692 1594 2856 1665 Regii
2887 1600 3037 1665 sequi
3088 1600 3275 1654 maluit
3308 1601 3565 1669 Valliuus,
3596 1610 3656 1657 ut

2076 1679 2107 1719 e
2132 1667 2325 1733 quibus
2357 1668 2657 1721 hauriretur
2684 1681 2872 1721 sensus
2904 1670 3263 1735 priestantior.

461 1737 587 1823 116,
617 1738 671 1797 1,
697 1732 823 1801 Quae
852 1732 1073 1816 ﬂammis
1100 1733 1265 1823 tna
1293 1732 1657 1823 erm-tantibus.
1705 1732 1780 1823 Es
1805 1732 1967 1823 lectio
2001 1764 2047 1823 Β
2300 1736 2357 1823 ἓ,
2386 1738 2640 1823 lqcunam.
2788 1732 2974 1823 953mm-
3006 1738 3146 1823 "122i.

383 1806 488 1860 fuit
510 1815 747 1861 veterum
778 1807 1015 1859 omnium
1042 1805 1304 1870 codicum,
1331 1822 1447 1865 qria-
1473 1816 1528 1858 et
1554 1819 1679 1858 vera
1705 1814 1825 1858 est:
1849 1813 1966 1857 tan-

384 1886 497 1931 tum
529 1891 626 1943 pro
648 1874 847 1937 .Etnte,
882 1875 1162 1944 legendum
1194 1885 1277 1928 est
1305 1873 1378 1927 1E
1385 1886 1492 1928 tua.

376 1994 379 1997 γ
460 1946 614 2011 lhid.,
635 1947 689 2011 4,
720 1943 1003 2015 cupierunt.
1042 1944 1177 1998 Vict.
1206 1946 1493 2009 secundus,
1517 1944 1833 2014 cupiverunl.
1860 1943 1963 1997 Th.

385 2020 592 2086 primus
621 2025 677 2071 et
706 2015 860 2082 Reg.,
888 2018 1140 2081 cupivere.

386 2083 581 2210 ΜΠ,
602 2088 666 2168 .5,
694 2087 830 2139 Nam
855 2087 921 2140 si.
947 2087 1049 2139 Th.
1078 2084 1297 2152 primus,
1315 2083 1446 2152 Reg.
1479 2092 1533 2138 et
1554 2094 1777 2153 uterque
1797 2083 1957 2149 Vict.,

446 2174 544 2210 unc
569 2174 633 2210 81.

446 2174 544 2211 unc
569 2174 633 2211 81.

458 2229 612 2287 lhid.,
642 2226 698 2290 9,
729 2223 871 2279 Num
892 2226 1168 2294 quidquam
1189 2240 1430 2293 unquam.
1454 2223 1556 2278 Th.
1572 2223 1797 2291 primus,
1820 2221 1960 2275 Num

381 2299 507 2367 quid
532 2313 777 2366 unquam.
807 2295 944 2350 Vict.
988 2305 1230 2367 uterque,
1270 2295 1410 2367 Num,
1434 2294 1921 2367 quidquamlibera.

457 2368 582 2429 149,
613 2365 666 2431 7,
693 2368 1013 2433 proueniunt.
1046 2366 1181 2418 Vict.
1215 2365 1502 2427 secundus,
1531 2365 1849 2432 perveniunt.

453 2437 580 2501 154,
607 2439 662 2503 2,
686 2437 869 2490 insani.
896 2437 999 2489 Th.
1034 2438 1257 2503 primm,
1288 2435 1420 2505 Reg.
1450 2446 1505 2489 et
1536 2443 1761 2504 uterque
1794 2434 1956 2498 Vict.,

374 2510 527 2580 ρων-ἱ
550 2524 568 2562 ;
598 2510 689 2563 sed
719 2507 876 2560 male.

454 2579 577 2642 157,
603 2579 660 2647 2.
691 2593 805 2647 qucz
845 2593 876 2627 a
912 2576 1076 2629 nobis.
1113 2574 1347 2645 Uterque
1374 2574 1479 2629 Th.
1510 2583 1569 2647 et
1608 2573 1762 2647 Reg,
1792 2589 1961 2647 quina

380 2650 546 2703 nobis.
588 2643 720 2703 Vict.
747 2649 1034 2712 secundus,
1068 2662 1180 2716 qua:
1220 2643 1363 2700 nobis
1385 2646 1598 2716 cognitis
1628 2643 1691 2697 ab
1722 2645 1961 2697 animali-

380 2721 492 2772 bus.
1546 2766 1549 2773 ,

455 2788 611 2852 lhid.,
647 2790 734 2851 17,
782 2803 1069 2858 prapagare
1104 2803 1163 2838 ac
1193 2786 1434 2842 dlotare.
1476 2784 1715 2853 Uterque
1763 2783 1864 2837 Th.
1908 2792 1960 2837 et

376 2856 519 2912 Vict.
548 2869 790 2926 uterque,
814 2856 1029 2912 dilatare
1055 2872 1115 2909 ac
1139 2872 1440 2926 propagare.

451 2930 574 2993 158,
604 2930 657 2990 9,
681 2923 885 2996 ejusque
904 2923 1293 2996 quantumlibet.
1322 2925 1556 2994 Uterque
1585 2926 1688 2979 Th.
1722 2934 1777 2978 et
1799 2923 1952 2993 Reg.,

378 2999 587 3067 ejusque
610 3000 903 3068 quamlibet.

450 3064 717 3128 Ibid..'10.
749 3086 810 3123 ne
841 3084 1147 3138 comparari.
1184 3064 1417 3135 Uterque
1455 3065 1559 3119 Th.
1585 3072 1640 3119 ct
1665 3066 1835 3126 Ποῖ..
1865 3081 1954 3118 nec

376 3140 683 3206 comparari.

377 3276 412 3345 ﬁ
441 3205 597 3289 lhid.,
634 3208 718 3273 11,
751 3208 934 3261 etenim
976 3208 1153 3269 ﬁnitis.
1186 3205 1328 3260 Vict.
1362 3209 1653 3269 secundus,
1698 3206 1883 3259 etenim
1914 3207 1959 3259 si

415 3288 486 3331 ntt
509 3296 552 3335 s.

415 3279 486 3331 nit
509 3296 552 3335 s.

376 3419 405 3468 ὁ
450 3350 572 3417 159,
606 3350 660 3415 5,
692 3348 831 3402 credi
873 3358 1060 3407 vetant.
1097 3348 1235 3402 Vict.
1282 3349 1566 3411 secundus,
1600 3347 1737 3400 credi
1776 3345 1955 3417 prohi-

409 3430 509 3468 ent.

409 3430 509 3472 ent.

452 3489 609 3555 lbid.,
642 3488 697 3553 8,
728 3500 954 3558 spernet.
1002 3489 1242 3557 l‘terqne
1289 3487 1390 3541 Th.
1425 3500 1472 3539 et
1523 3487 1681 3555 Reg,
1730 3499 1955 3557 spernat.

378 3557 514 3628 Vict.
548 3557 777 3627 primus,
799 3573 1078 3628 sperneret.

449 3626 864 3701 165,1,jacent.
901 3630 1132 3695 Uterque
1155 3628 1257 3681 Th.
1296 3627 1427 3695 Reg.
1459 3635 1516 3680 et
1557 3626 1693 3681 Vict.
1729 3629 1951 3695 primus,

377 3710 605 3752 manent.
629 3710 639 3725 ‘

450 3768 694 3833 166,12,
725 3784 859 3821 nunc
897 3769 1133 3822 amis'us.
1184 3766 1317 3821 Vict.
1362 3766 1648 3829 secundus,
1697 3777 1750 3821 et
1798 3766 1952 3838 Reg,

375 3854 508 3891 nunc.
537 3849 583 3892 et
611 3840 842 3892 amissas.

377 3978 408 4046 Γ
446 3909 568 3987 170,
596 3911 645 3974 1,
669 3908 1146 3979 ﬁnierat.Uterquc
1161 3907 1263 3961 Th.
1294 3906 1427 3977 Reg.
1443 3906 1951 3976 rtVict.secundus,

392 3990 617 4033 tntverut.

392 3990 617 4033 ‘tntverut.

442 4048 599 4113 lhid.,
628 4050 681 4111 5,
712 4057 959 4119 quantum
988 4065 1088 4103 me.
1115 4049 1217 4119 Th.
1244 4047 1468 4114 primus,
1499 4064 1651 4117 quam
1683 4057 1737 4099 tu
1765 4064 1861 4100 me.

441 4119 599 4185 lhid.,
632 4121 686 4183 6,
716 4117 870 4189 paulo
902 4121 1120 4172 acriora.
1165 4117 1333 4189 ΗΜ..
1366 4120 1517 4189 paulo
1549 4127 1666 4171 ante
1693 4120 1916 4174 acriora.

442 4190 568 4254 174,
601 4192 650 4254 1,
675 4188 870 4259 apium.
899 4190 1001 4243 Th.
1042 4188 1315 4259 secundus
1332 4201 1392 4259 et
1425 4188 1583 4256 Reg.,
1613 4205 1788 4257 apum.

439 4260 565 4327 178,
596 4261 651 4322 5,
681 4257 986 4321 permutant.
1016 4257 1248 4327 Uterque
1279 4258 1405 4321 Th.,
1437 4266 1740 4325 permutent.

439 4327 598 4390 lhid.,
634 4330 724 4402 10,
748 4331 835 4395 qui
889 4330 1247 4402 jucunditttlis.
1286 4327 1529 4402 Uterque
1570 4328 1669 4382 Th.
1720 4328 1852 4397 Reg.
1901 4339 1955 4383 et

375 4390 508 4471 Vict.
532 4390 960 4471 secundus,qute
978 4398 1343 4471 jucunditatis.
1444 4390 1456 4397 ’
1482 4470 1487 4471 ν
1804 4390 1827 4397 ⁷
1884 4438 1885 4441 η

438 4469 597 4536 lhid.,
630 4471 716 4536 18,
740 4469 1082 4538 deﬁnicimus.
1110 4471 1267 4536 Reg,
1293 4470 1621 4522 decrevimus.

443 4541 566 4603 17b,
590 4543 645 4605 6,
667 4536 857 4594 bonum
883 4556 1137 4595 summum
1160 4540 1358 4611 repetit.
1395 4539 1631 4607 Uterque
1672 4536 1832 4603 Vict.,
1860 4536 1953 4589 ὸοὲ

371 4624 490 4662 num
518 4627 666 4663 suum
687 4614 886 4678 repetit.

444 4681 600 4745 lhid.,
635 4682 722 4744 10,
746 4676 1111 4748 dignissimum
1149 4690 1353 4749 putant.
1387 4678 1521 4732 Vict.
1547 4677 1836 4740 secundus,
1862 4676 1947 4727 di-

367 4752 663 4818 gnissimum
692 4759 884 4816 putent.

437 4819 592 4887 lhid.,
619 4815 707 4886 12,
740 4819 878 4873 Nunt
904 4820 1230 4873 imbecillum.
1254 4819 1357 4874 Th.
1392 4820 1594 4888 primus
1617 4826 1669 4869 et
1708 4815 1949 4871 Vict.se-

366 4890 590 4955 cundus,
613 4891 847 4953 nunquid
864 4892 1191 4944 imbecillum.

438 4960 562 5023 187,
591 4962 644 5025 5,
670 4962 747 5013 vel
774 4964 1013 5027 pecunia,
1046 4963 1120 5014 vel
1142 4960 1378 5013 honores.
1400 4958 1505 5012 Th.
1537 4958 1756 5027 primus,
1793 4972 1946 5023 pecu-

365 5029 460 5082 nia:
482 5032 559 5082 vel
578 5032 814 5084 honores.

380 5160 383 5163 λ
434 5100 591 5164 lhid.,
617 5103 705 5164 11,
736 5111 961 5173 angeret.
979 5100 1213 5169 Uterque
1234 5098 1338 5154 Th.
1366 5098 1497 5168 Reg.
1519 5107 1571 5149 ct
1594 5096 1730 5153 Vict.
1756 5110 1941 5150 secun-

365 5166 483 5223 du~.
512 5188 745 5223 anaerer.

400 5186 429 5221 υ
442 5200 455 5210 ε
467 5211 483 5231 ,
512 5188 745 5231 angerer.

442 5200 455 5210 ς
512 5190 576 5223 an
613 5190 745 5225 erer.

433 5190 610 5305 ΙΙῖίιΙ.ἕ1
619 5258 834 5310 nequeo.
870 5240 1001 5305 Reg.
1025 5249 1080 5293 et
1105 5239 1243 5293 Vict.
1275 5238 1565 5310 secundus,
1595 5252 1697 5291 non
1721 5252 1870 5310 queo.

434 5311 556 5379 138,
585 5321 637 5378 8,
674 5309 839 5381 posset
860 5313 1107 5364 amittere.
1145 5311 1375 5380 Uterque
1413 5309 1573 5375 Vic1.,
1599 5309 1758 5378 possit
1787 5312 1938 5361 antit-

363 5390 484 5433 tere.

434 5451 590 5515 lhid.,
614 5452 701 5518 17,
729 5451 904 5519 Opibus
932 5466 1031 5503 non
1052 5450 1305 5517 extrletur.
1336 5449 1579 5505 Vallinus
1601 5448 1677 5519 ait
1698 5463 1756 5502 se
1779 5448 1941 5502 eden-

360 5520 485 5574 dum
522 5535 737 5589 putasse
764 5518 865 5573 non
891 5523 1139 5591 expletur,
1164 5532 1221 5575 ut
1247 5536 1312 5575 ex
1366 5520 1506 5575 serie
1536 5518 1795 5574 orationis
1838 5529 1942 5573 stet

360 5590 812 5662 Raetiisententia
837 5608 852 5646 :
878 5592 1001 5646 licet
1049 5591 1169 5645 libri
1202 5600 1497 5662 repugnent
1538 5609 1550 5643 :
1594 5604 1938 5662 quanquam,

358 5661 542 5731 ait._ct
564 5676 752 5718 sensus
779 5662 971 5731 aliquis
1004 5676 1128 5717 esse
1170 5660 1355 5729 potest
1381 5661 1659 5729 dispuncta
1691 5660 1938 5728 negativa

358 5729 613 5787 dictione.

1978 4504 2029 4563 D

2105 1805 2274 1926 “212,
2299 1806 2354 1872 8,
2383 1807 2600 1875 gloriam
2622 1807 2768 1878 petis.
2797 1807 3030 1878 Uterque
3053 1808 3153 1862 Th.
3178 1818 3232 1863 et
3254 1809 3408 1879 Reg.,
3437 1810 3657 1880 gloriam

2155 1892 2230 1926 ηε.

2070 1891 2230 1942 pems.

2138 1944 2295 2007 lhid.,
2329 1945 2415 2008 10,
2450 1946 2678 2012 corporis
2723 1963 2943 2001 servum.
2984 1946 3073 2002 Sic
3115 1963 3301 2004 omnes
3348 1962 3561 2005 veteres
3598 1960 3653 2005 et

2068 2021 2399 2070 recentiores
2429 2016 2568 2069 libri.

2136 2084 2263 2149 219,
2292 2086 2346 2143 7.
2376 2087 2419 2138 si
2448 2087 2584 2152 quis.
2615 2085 2703 2140 S'c
2756 2086 2928 2139 locum
2961 2086 3103 2141 hunc
3145 2089 3384 2142 restituit
3419 2089 3655 2145 Vallinus

2068 2168 2137 2209 ex
2169 2156 2499 2224 conjectura,
2532 2171 2690 2223 quam
2723 2166 2903 2223 postea
2932 2158 3048 2210 libri
3075 2158 3479 2213 confirmarunt.

2140 2226 2295 2288 lhid.,
2330 2226 2412 2293 16,
2447 2226 2732 2279 conabaris.
2768 2227 2866 2280 Tit.
2899 2230 3181 2290 secundus,
3209 2231 3431 2283 conaris.

2137 2296 2266 2361 228,
2311 2297 2398 2367 12,
2436 2297 2499 2348 ab
2530 2296 2816 2367 diminutis.
2845 2297 2947 2351 Th.
2983 2300 3203 2367 primus,
3244 2300 3307 2352 ab
3335 2300 3651 2356 imminutis:

2066 2374 2287 2435 uterque
2315 2366 2454 2420 Viel.
2483 2376 2536 2421 et
2575 2366 2730 2435 Reg.,
2756 2370 3051 2422 deminutis.

2134 2434 2260 2517 250,
2288 2437 2347 2500 2,
2372 2437 2463 2491 sed
2489 2437 2705 2492 ratione.
2738 2439 2867 2508 Reg.
2901 2447 2956 2493 et
2983 2437 3119 2492 Vict.
3154 2440 3444 2506 secundus,
3475 2441 3652 2495 sedes:

2063 2517 2278 2559 ratione.

2140 2578 2192 2628 Ib
2216 2577 2294 2632 d..
2336 2577 2425 2650 t5,
2460 2589 2518 2650 Ae:
2547 2579 2609 2632 ab
2640 2578 2767 2633 illis.
2814 2577 3047 2647 Uterque
3084 2578 3186 2632 Th.
3235 2580 3368 2650 Reg.
3411 2580 3628 2635 et'Vict

2066 2657 2313 2710 uterque,
2342 2655 2387 2699 et
2409 2648 2533 2701 illis.

2132 2715 2257 2797 251,
2288 2718 2355 2797 2L
2370 2732 2483 2797 qua:
2509 2710 2829 2797 napique-rat.
2864 2718 3017 2797 Reg”
3049 2719 3184 2784 quod
3210 2719 3459 2797 no'pttrpot,
3486 2720 3642 2774 bene.

2132 2783 2257 2856 252,
2292 2783 2923 2856 10,ίιαηιεηέἱ.ὐιει“‹ιιιθ
2948 2783 3116 2852 Vict.,
3151 2783 3317 2841 tamen
3351 2783 3466 2841 etsi.

2135 2855 2290 2915 lhid.,
2321 2870 2436 2907 vera
2458 2856 2590 2909 bona
2617 2859 2740 2910 sint.
2771 2855 2874 2909 Th.
2910 2856 3134 2925 primus,
3167 2868 3221 2911 et
3248 2859 3383 2912 Vict.
3417 2858 3641 2925 primus,

2062 2940 2176 2977 rere
2196 2926 2325 2976 bona
2353 2926 2476 2977 sint.
3560 2948 3563 2951 λ

2133 2994 2293 3057 lhid.,
2317 2994 2403 3047 21.
2431 3011 2607 3048 secure
2639 2996 2821 3063 igitur.
2848 2994 3087 3063 Uterque
3132 2996 3234 3051 Th.
3264 2996 3396 3066 Reg.
3427 3006 3482 3051 et
3505 2996 3640 3052 Vict.

2066 3074 2308 3129 uterque,
2337 3080 2515 3117 securo
2544 3066 2719 3133 igitur.

1986 3134 2031 3196 C
2131 3134 2258 3195 255,
2292 3137 2347 3196 5,
2376 3133 2610 3187 habitans
2654 3134 2832 3187 libido.
2883 3134 3104 3199 Regius,
3146 3134 3387 3189 hebetans
3436 3134 3595 3189 lib'ido
3620 3152 3641 3191 :

2063 3206 2202 3276 qunti
2236 3205 2452 3276 verbum
2489 3209 2609 3272 quia
2642 3205 2827 3276 Rtietio
2851 3207 3109 3260 familiare
3138 3218 3241 3267 est,
3274 3206 3387 3260 hmc
3413 3208 3640 3276 genuina

2067 3273 2274 3328 Valliuo
2305 3274 2403 3326 loci
2430 3275 2583 3338 hujus
2612 3275 2823 3328 videtur
2851 3289 2969 3327 esse
2997 3278 3282 3342 scriptura.

2129 3345 2255 3405 256,
2291 3345 2344 3404 7,
2371 3354 2678 3417 appetuntur
2707 3361 2736 3397 a
2764 3346 3017 3411 pluribus.
3048 3345 3186 3400 Vict.
3218 3345 3508 3412 secundus,
3543 3356 3641 3417 ap-

2061 3424 2298 3485 petuntur
2324 3414 2577 3484 pluribus.

2133 3485 2291 3547 lbid.,
2338 3486 2420 3545 15,
2450 3501 2551 3554 quo
2574 3485 2702 3538 inter
2731 3484 3032 3555 expetenda.
3062 3486 3165 3541 Th.
3202 3486 3408 3556 primus
3427 3494 3481 3540 et
3504 3487 3638 3541 Vict.

2061 3556 2348 3625 secundus,
2378 3557 2515 3624 quod
2535 3557 2665 3608 inter
2694 3559 2994 3625 expetenda.

2132 3625 2258 3687 257,
2290 3624 2344 3686 4,
2378 3637 2640 3691 postquam
2667 3624 2844 3678 unum.
2873 3626 3027 3693 Reg.,
3058 3642 3171 3679 cum
3197 3636 3376 3679 unum.

2129 3696 2257 3766 258,
2290 3696 2344 3757 9,
2379 3696 2536 3760 Quid,
2569 3698 2723 3759 quod.
2760 3696 2925 3757 Flor.,
2957 3697 3079 3760 quid
3107 3698 3305 3760 diram,
3338 3698 3497 3766 quod.

2130 3765 2294 3828 lhid.,
2327 3766 2417 3829 11,
2469 3765 2824 3836 mollissiniunt
2863 3767 3118 3835 quodque.
3173 3765 3406 3836 Uterqtm
3447 3767 3548 3820 Th.
3587 3775 3640 3821 et

2062 3834 2201 3889 Vict.
2236 3846 2475 3902 uterque.
2514 3834 2881 3888 mollissimum
2908 3837 3147 3904 qui/que.

2131 3904 2288 3973 lhid.,
2324 3906 2420 3976 15,
2462 3907 2667 3975 tegitur,
2695 3908 2848 3960 abest
2880 3907 2929 3960 in
2972 3905 3073 3959 'l'h.
3103 3918 3153 3959 et
3183 3905 3321 3959 Vict.
3373 3907 3634 3976 utrisque,

2061 3989 2270 4030 necnon
2302 3976 2352 4030 in
2384 3975 2527 4030 Flor.
2560 3988 2606 4028 et
2640 3986 2752 4029 tuto
2774 3978 3000 4044 expungi
3034 3979 3228 4045 potest.

2131 4046 2257 4109 259,
2290 4047 2346 4113 5,
2369 4048 2480 4100 sine
2503 4046 2830 4117 cogitatione.
2861 4047 2992 4101 Vict.
3022 4047 3311 4112 secundus,
3341 4048 3450 4100 sine
3470 4049 3641 4113 coqui.

2060 4118 2216 4170 tione.

2129 4188 2255 4250 210,
2285 4188 2331 4247 1,
2362 4187 2405 4239 is
2429 4197 2498 4240 est
2518 4188 2672 4239 enim.
2705 4186 2809 4240 Th.
2843 4187 3067 4254 primus,
3095 4186 3149 4239 id
3170 4196 3242 4240 est
3264 4186 3415 4240 enim.

2127 4257 2255 4321 245,
2289 4259 2344 4320 5,
2373 4258 2417 4309 si
2462 4259 2749 4326 superiora.
2800 4257 3037 4327 Uteritue
3075 4257 3202 4321 Th.,
3245 4256 3376 4327 Reg.
3408 4266 3462 4311 et
3502 4254 3639 4310 Vict.

2060 4335 2303 4392 uterque.
2331 4328 2376 4380 si
2408 4328 2599 4395 priora.
2666 4384 2689 4395 Δ
3486 4380 3490 4384 Α

2127 4384 2251 4479 246.
2291 4384 2344 4465 5,
2376 4384 2547 4450 a'Deo
2598 4384 2726 4464 regi.
2773 4396 2911 4451 Vict.
2952 4407 3174 4465 uterque
3221 4404 3276 4450 et
3321 4394 3493 4460 Flor.,
3534 4393 3639 4449 Des

2058 4483 2184 4519 reas.

2112 4484 2282 4597 ἵζω..
2303 4537 2368 4591 17
2393 4544 2448 4589 et.
2471 4534 2560 4600 21,
2582 4550 2688 4587 esse
2714 4535 3068 4588 concessimus.
3096 4534 3329 4602 Uterque
3356 4532 3633 4601 Th.,Reg'.

2054 4615 2109 4659 et
2138 4607 2274 4659 Vict.
2309 4616 2555 4671 uterque,
2579 4620 2687 4658 esse
2710 4608 3072 4663 consensimus,
3104 4604 3260 4657 bene.

2124 4677 2277 4739 lhid.,
2313 4676 2400 4740 19,
2429 4675 2954 4736 extrinsecus,tIt-.est
2975 4674 3025 4725 in
3052 4672 3190 4727 Vict.
3216 4672 3391 4739 primo
3420 4680 3475 4724 et
3506 4671 3635 4741 Reg.

2122 4744 2248 4802 267.
2282 4747 2335 4807 5,
2370 4744 2650 4797 voluntarie
2677 4753 2942 4813 regantur.
2978 4742 3209 4812 Uterque
3243 4742 3450 4798 Vict.ct
3473 4741 3632 4811 Rt-g.,

2053 4815 2339 4868 voluntaria
2366 4824 2625 4883 regantur.

2125 4884 2284 4948 lhid.,
2318 4885 2399 4943 10.
2426 4882 2636 4937 ualeret.
2671 4882 2801 4952 Reg.
2832 4892 2886 4936 et
2910 4883 3052 4937 Vict.
3084 4882 3369 4940 secundus.
3395 4883 3598 4936 valebit.

2125 4955 2279 5017 lhid.,
2316 4954 2399 5016 16,
2430 4970 2615 5023 magna
2647 4954 2940 5008 latrantem.
2983 4954 3220 5024 Uterque
3245 4953 3347 5007 Th.
3378 4963 3435 5007 et
3477 4956 3634 5023 heg.,

2052 5042 2236 5093 magna
2267 5025 2597 5078 lacerantem.

2121 5095 2396 5162 lbid.,18,
2439 5095 2693 5165 deposuit.
2727 5094 2856 5164 Reg.
2901 5106 2956 5150 et
2983 5105 3205 5166 uterque
3247 5094 3413 5157 Vict.,
3458 5094 3637 5163 dispo-

2047 5168 2169 5219 suit.

2116 5236 2242 5298 248,
2266 5235 2319 5293 8.
2351 5250 2464 5304 qua:
2481 5251 2615 5287 nunc
2635 5235 2854 5303 quidem.
2882 5235 2969 5291 Sic
2996 5246 3162 5289 totum
3180 5235 3353 5289 locum
3388 5233 3635 5286 Vallinus

2046 5307 2371 5368 emendavit,
2406 5315 2641 5358 veterum
2697 5307 2940 5361 codicum
2985 5322 3085 5372 ope
3113 5324 3125 5358 :
3158 5317 3359 5357 tantum
3395 5319 3491 5369 pro
3533 5320 3635 5372 quo

2044 5378 2326 5436 introieris,
2360 5390 2421 5446 es
2456 5378 2760 5436 coniectura
2796 5378 3031 5446 reposuit
3059 5394 3158 5443 qua
3179 5375 3454 5446 introieris.

2116 5448 2245 5513 249,
2294 5446 2346 5508 9,
2395 5443 2648 5515 loquimur
2693 5443 2871 5502 rebus.
2905 5448 3102 5502 Omnes
3134 5454 3301 5512 recte,
3353 5445 3631 5513 loquuntur

2044 5517 2215 5571 rebus.

2115 5587 2242 5649 255,
2272 5586 2324 5648 9,
2350 5584 2500 5654 longa
2524 5585 2637 5640 site.
2666 5585 2865 5641 Omnes
2894 5586 3045 5656 longa
3062 5586 3168 5639 siti.

2049 5726 2081 5778 ά
2117 5657 2246 5720 254,
2294 5657 2347 5722 5,
2381 5653 2651 5711 donamus.
2698 5656 2855 5728 Reg,
2895 5653 3038 5711 Flu'r.
3071 5664 3126 5711 el
3168 5655 3306 5711 Vict.
3340 5653 3633 5719 secundus,

2085 5744 2312 5781 oncm'ts.
