4276 6260
382 353 487 408 869

797 348 1135 406 APPILNDIX
1170 350 1263 404 AD
1303 350 1430 403 LIB.
1471 348 1559 403 DE
1594 349 1878 405 CONSOL.
1921 349 2187 404 MULOS.
2232 349 2442 404 VARIA
2480 350 2749 405 MONUM.
2795 348 3230 405 LITTERARIA.

3531 351 3642 408 870

379 464 507 524 ΤΙι..
531 463 664 533 Reg.
694 471 749 518 et
772 462 911 518 Vict.
939 462 1228 528 secundus,
1261 462 1540 516 necessarie
1563 478 1715 529 quam
1737 478 1840 515 non
1873 478 1961 515 ne-
1990 470 2041 527 Α
2065 462 2224 533 Reg.,
2258 464 2483 517 divinam
2504 474 2551 518 te
2574 463 2919 527 prtesentiam.

379 551 518 588 68880
524 549 617 586 rte.

450 603 580 666 551,
624 602 709 667 il,
755 603 975 673 aliquem
1026 603 1315 659 ambulare.
1343 602 1445 658 Th.
1480 602 1703 673 primus,
1739 602 1958 672 aliquem

379 673 632 726 hominem
658 674 940 728 ambulare.

453 743 610 813 “)qu
636 743 723 807 15,
743 744 1024 797 voluntarie
1044 743 1377 811 gradientem.
1402 743 1638 813 Uterque
1658 743 1785 808 Th.,
1818 744 1955 812 Reg.

380 821 439 868 et
457 812 600 883 iVict.
623 815 911 877 secundus,
942 816 1199 867 voluntate
1224 812 1558 883 gradientem;

452 882 611 947 lbid.,
635 899 751 936 eum
778 894 967 936 tamen.
1004 883 1139 937 Vict.
1166 882 1366 952 primus
1385 896 1439 939 et
1460 886 1615 951 lteg.,
1647 900 1760 936 eum
1790 894 1916 938 tum.

452 952 611 1023 liriil.,
639 953 730 1019 24,
763 969 875 1020 qua:
898 953 1061 1021 prius.
1094 954 1325 1021 Uterque
1347 954 1474 1017 ΤΙι..
1506 972 1607 1021 qua
1633 956 1795 1023 prius.

452 1022 611 1086 Ibitl.,
630 1025 720 1084 27,
746 1025 1011 1093 proposui.
1042 1023 1146 1076 Th.
1179 1027 1404 1092 primus,
1428 1028 1580 1093 posui

450 1092 580 1158 552,
606 1096 659 1159 5,
692 1092 917 1147 divinam
956 1103 1003 1147 te
1045 1092 1433 1159 pra'scietm'ant‘
1462 1094 1570 1158 Ἧι.
1603 1093 1876 1150 secundus
1902 1101 1960 1147 et

2138 531 2293 593 ibiut.
2327 538 2382 599 8,
2433 550 2567 587 nunc
2607 534 2743 586 illud
2783 537 2951 589 velim.
2996 533 3236 603 Uterque
3264 531 3367 587 Th.
3407 539 3463 587 et
3502 531 3643 590 Vict.

2066 607 2352 664 secundus,
2386 620 2520 657 nunc
2547 604 2690 657 aliud
2711 606 2879 658 velim.

2141 676 2295 737 thid.,
2320 674 2406 737 16,
2437 675 2658 727 scientia:
2683 675 2776 726 vis.
2806 675 2909 727 Th.
2946 674 3235 729 secundus.
3270 674 3481 728 scientia
3512 674 3645 741 ejus.

2141 745 2296 807 Ihid.,
2340 755 2525 816 cuncta
2544 744 2906 811 complectens.
2932 745 3090 815 Reg.,
3121 755 3303 798 cuncta
3329 746 3646 816 prospiciens

2064 815 2143 868 vel
2180 815 2540 885 complectens.

2141 884 2303 947 tmd.,
2332 885 2692 949 posterioribus
2732 884 2898 938 debet.
2931 884 3032 939 Th.
3061 885 3347 952 secundus,
3378 884 3518 938 dedit
3549 900 3646 955 po-

2063 955 2384 1007 sterioribus.

2137 1025 2292 1087 lbitl.,
2317 1026 2408 1088 ‘25,
2436 1034 2585 1076 recta:
2608 1034 2747 1078 sttnt.
2770 1025 2871 1078 Th.
2896 1025 3123 1091 primus,
3147 1037 3359 1091 recepta:
3379 1033 3520 1080 sunt.

2133 1094 2291 1159 Ibid.,
2315 1096 2405 1160 26,
2430 1095 2644 1148 indicta.
2678 1095 2791 1149 Vict
2828 1098 3127 1153 .‘.I‘.f.limiJ'8.
3156 1096 3342 1149 indita.

1543 1311 2509 1423 APPENDIX

438 1508 618 1622 AD
656 1506 1149 1621 LIBROS
1191 1494 1368 1618 DE
1428 1503 2502 1618 CONSOLATIONE
2560 1494 3585 1618 PHILOSOPHI/E.

1110 1783 1450 1857 VARIA
1528 1776 2219 1864 MONUMENTA
2278 1786 2946 1858 LITTEBARIA

509 1936 691 2012 QUJE
736 1935 994 1998 LIBRIS
1049 1934 1154 1996 DE
1201 1933 1811 1995 CONSOLATIONE
1869 1935 1949 1995 IN
2005 1936 2414 1995 GLAREANI
2464 1936 2846 1999 EDITIONE
2896 1939 3502 2001 PRJEFIGUNTUR.

1848 2062 2180 2073 ————_

454 2166 752 2225 JOANNES
800 2162 1242 2219 MURMELLIUS
1282 2161 1889 2219 RURAEMUNDENSIS
1992 2166 2039 2224 B
2066 2181 2243 2233 meque
2262 2166 2336 2234 (ut
2369 2165 2521 2232 facis)
2567 2181 2702 2220 ama.
2746 2164 3019 2218 Alcmaria:
3048 2165 3193 2217 tertio
3239 2180 3398 2217 nonas
3431 2164 3643 2236 Aprilis,

384 2273 655 2318 ιουοινιιο
692 2272 883 2313 ιΑΝοιο
920 2270 1363 2311 ιιοκΑετεωεκειε
1406 2271 1668 2310 εεοιεδηε
1701 2271 1958 2312 CANONICD

1056 2362 1101 2400 S.
1146 2363 1196 2400 Ρ.
1231 2362 1279 2400 D.

456 2438 681 2494 Tandem
720 2454 855 2492 meas
895 2438 952 2491 in
1003 2437 1169 2491 Boetii
1219 2439 1447 2494 Severini
1494 2439 1556 2493 de
1611 2438 1962 2508 Philosophia:

380 2530 770 2593 Consolatione,
799 2544 913 2582 cum
957 2528 1133 2597 primis
1166 2531 1480 2596 fructuosum
1509 2546 1640 2594 opus
1672 2532 1960 2583 enarratio-

383 2641 495 2688 nes,
523 2622 790 2688 Rodolphe
810 2620 994 2691 Longi,
1021 2622 1095 2672 vir
1114 2621 1337 2673 omnium
1364 2620 1512 2690 (quos
1539 2620 1676 2689 novi)
1700 2622 1965 2674 humanis-

382 2716 529 2779 sime,
562 2714 906 2775 disertissime,
938 2712 1266 2781 pientissime,
1291 2712 1635 2763 studiosorum
1662 2712 1777 2764 usui
1805 2712 1855 2764 in
1879 2711 1962 2764 lu-

384 2820 494 2857 cem
517 2812 710 2867 emitto,
767 2811 951 2870 tuoque
985 2800 1267 2853 clarissimo
1293 2800 1488 2853 nomini
1511 2802 1624 2853 dico
1652 2816 1670 2854 :
1700 2818 1800 2854 non
1828 2802 1963 2870 quod

385 2893 433 2946 ei
462 2892 582 2945 meis
601 2891 749 2961 nugis
791 2891 985 2959 aliquid
1033 2889 1317 2960 splendoris
1354 2890 1592 2943 accedere
1625 2908 1771 2959 posse
1806 2894 1968 2959 cauﬁ-

387 2984 528 3048 dem,
574 2987 661 3035 sed
703 2992 756 3034 ut
800 2982 1121 3034 auctoritatis
1169 2990 1269 3033 tua:
1316 2981 1747 3050 prmstantissima:
1790 2986 1964 3047 tutela,

386 3074 534 3139 quasi
560 3072 731 3141 Ajocis
761 3072 936 3140 clypeo
966 3072 1190 3133 munitce,
1227 3069 1319 3122 sub
1349 3070 1611 3123 hominum
1654 3074 1820 3125 vultus
1850 3090 1970 3141 pro-

389 3165 541 3218 deant
563 3164 786 3227 tutiores,
838 3178 927 3215 nec
966 3162 1392 3232 vituperationum
1436 3165 1637 3231 linguas
1661 3173 1769 3217 cote
1797 3166 1968 3218 livoris

390 3257 469 3320 (ut
518 3254 776 3323 eleganter
822 3254 893 3305 ait
939 3252 1173 3323 quidam)
1228 3253 1531 3306 naturaliter
1559 3255 1901 3317 acuminatas,
1925 3267 1970 3308 et

390 3342 625 3413 ospidum
665 3360 835 3396 mersit
870 3343 1187 3396 nocentiores
1237 3345 1591 3413 reformident.
1652 3345 1847 3416 Dignus
1896 3355 1970 3399 est

390 3438 617 3505 profecto
638 3433 869 3498 Boetius,
892 3444 946 3487 ut
967 3437 1180 3503 ingenue
1204 3451 1374 3487 verum
1403 3437 1589 3505 fatear,
1618 3439 1704 3507 qui
1728 3455 1803 3491 me
1826 3440 1972 3508 longe

2060 2271 2197 2307 anno
2218 2270 2251 2306 a
2280 2254 2469 2307 Christi
2493 2254 2779 2309 Saluatoris
2813 2266 2929 2307 ortu
2955 2254 3112 2309 iis”.

2273 2343 2573 2399 JOANNES
2608 2344 2969 2402 CAESABIUS
3001 2344 3437 2403 JULIACENSIS

2319 2451 2371 2489 ΙΝ
2399 2450 2611 2497 ουλυωι
2639 2453 2705 2490 AD
2736 2451 3081 2491 »ιυιικειιιυμ
3112 2451 3388 2490 EPISTULA.

2138 2529 2287 2593 Quod
2316 2530 2493 2583 scribis
2522 2539 2570 2582 te
2600 2532 2963 2583 commentaria
2991 2546 3173 2600 parare
3192 2530 3247 2584 in
3274 2531 3496 2599 quinque
3516 2527 3646 2584 Bos-

2063 2621 2121 2672 tii
2163 2610 2318 2673 libros
2356 2622 2419 2673 de
2448 2619 2803 2675 Consolatione
2838 2620 3204 2691 philosophice,
3256 2620 3385 2673 nihil
3415 2636 3534 2673 sane
3561 2622 3645 2689 ju-

2064 2710 2283 2763 cundius
2309 2712 2486 2764 audire
2504 2713 2682 2778 potui:
2719 2714 2855 2779 quod
2878 2712 2931 2764 id
2954 2722 3085 2765 certe
3106 2714 3193 2763 diu
3215 2713 3320 2776 iant
3338 2722 3647 2781 optaveram,

2068 2809 2121 2850 ut
2148 2798 2379 2851 videlicet
2401 2800 2464 2851 ob
2488 2801 2657 2867 a.-‘iquo
2685 2801 2833 2853 docto
2859 2802 3084 2865 homine,
3128 2811 3173 2853 et
3205 2803 3255 2852 ir’t
3298 2802 3439 2854 bouis
3468 2800 3649 2852 litteris

2066 2889 2161 2941 rite
2207 2889 2438 2942 instituto
2470 2889 2695 2955 (qualem
2724 2902 2772 2943 te
2798 2900 2845 2942 et
2867 2890 3049 2957 judico
3097 2904 3145 2941 et
3195 2884 3328 2942 ce'rto
3365 2889 3491 2958 scio)
3524 2889 3650 2940 talia

2068 2980 2339 3031 ederentur
2373 2982 2756 3044 commentaria,
2798 2996 2913 3048 qua:
2950 2980 3106 3050 digna
3140 2996 3247 3032 esse
3290 2992 3487 3049 possent
3510 2989 3650 3032 tanta

2069 3080 2298 3135 auctore,
2322 3088 2384 3124 ac
2414 3082 2571 3125 tanta:
2589 3073 2739 3126 etiam
2774 3073 2849 3125 rei
2876 3073 3165 3150 convenire.

2248 3181 2587 3237 NICOLAUS
2625 3180 2956 3236 CRESCIUS
2988 3181 3460 3239 FL’ORENTINL’S

2145 3292 2417 3332 NONACHUS
2474 3290 2889 3338 CISTERCIENSIS,
2958 3292 3186 3329 ΑΝΤΟΜΟ
3243 3291 3574 3330 ιΑΝΡιςΕυικο

2468 3360 2803 3400 PLOBENTINO
2850 3362 2951 3400 CIVI
3000 3363 3261 3399 ILLUS'I‘RI.

2150 3438 2319 3492 Multa
2346 3441 2549 3507 quidem
2575 3448 2711 3506 sunt,
2737 3438 2925 3491 Antoni
2954 3437 3282 3507 Laufrediue,
3326 3447 3373 3491 et
3399 3440 3449 3490 in
3480 3439 3653 3509 philo-

389 3527 649 3579 meliorem
677 3526 958 3594 aliquando
990 3534 1431 3579 commentatorem
1461 3528 1724 3581 sortiatur.
1785 3527 1967 3581 Verum
1996 3534 2041 3595 (ζ
2072 3532 2254 3599 sophia
2274 3542 2322 3583 et
2354 3534 2405 3582 in
2442 3530 2715 3599 theologia,
2750 3546 2863 3581 tum
2888 3531 3095 3587 obscure
3136 3529 3292 3592 dicta,
3321 3538 3427 3582 tam
3477 3530 3546 3581 ad
3571 3547 3655 3581 co-

393 3630 589 3671 tantum
611 3619 747 3671 abest
792 3619 918 3670 utin
946 3618 1040 3670 hac
1067 3619 1547 3671 commentariorum
1574 3620 1793 3673 editione
1830 3630 1968 3673 tanto

391 3710 626 3778 scriptori
652 3710 975 3777 satisfactum
1005 3718 1193 3778 putem,
1226 3719 1282 3761 ut
1321 3710 1397 3763 vel
1422 3712 1515 3762 hoc
1542 3715 1692 3766 modo
1720 3712 1969 3766 doctiores

390 3802 460 3854 ad
493 3802 728 3872 Juvanda
779 3802 1126 3854 studiosorum
1169 3803 1343 3855 studia
1390 3805 1734 3870 maximopere
1768 3807 1971 3875 cupiant

391 3892 623 3946 excitari.
658 3891 825 3945 Porro
853 3892 915 3945 de
940 3890 1181 3945 hactenus
1209 3893 1360 3944 editis
1408 3895 1460 3947 in
1504 3894 1733 3947 eumdem
1763 3912 1973 3948 enarra-

391 3984 611 4037 tionibus
635 3984 764 4036 nihil
790 3985 967 4036 attinet
998 3983 1167 4036 dicere
1190 3998 1210 4035 :
1234 3999 1345 4051 qua:
1371 3985 1411 4036 si
1445 3985 1703 4052 placerent
1754 3987 1972 4040 homini-

391 4075 483 4126 bus
521 4073 753 4136 eruditis,
783 4089 911 4125 sane
938 4088 1091 4142 quam
1131 4074 1290 4127 libens
1313 4075 1391 4144 (ut
1422 4076 1507 4144 qui
1538 4076 1820 4131 trivialibus
1849 4080 1971 4131 olim

392 4165 615 4233 quotidie
661 4164 1086 4233 prtelectionibus,
1142 4173 1189 4217 et
1240 4166 1428 4218 s‘holte
1475 4168 1801 4221 moderanda:
1835 4170 1971 4223 curis

391 4272 547 4325 supra
568 4256 772 4307 modum
798 4256 1101 4324 distringor)
1127 4256 1224 4307 hoc
1250 4256 1550 4310 lacubrandi
1580 4259 1777 4323 labore,
1804 4271 1849 4313 et
1875 4260 1971 4313 Ito-

391 4345 582 4398 minum
595 4344 798 4416 judicia
821 4346 1069 4396 subeundi
1107 4346 1332 4411 periculo
1359 4348 1773 4413 supersedissem.
1811 4350 1973 4403 (λειε-

391 4453 503 4490 rum
519 4438 741 4489 candido
766 4436 937 4489 lectori
954 4452 1157 4506 operam
1178 4453 1341 4490 meam
1362 4440 1629 4507 probatum
1651 4442 1717 4493 iri
1744 4444 1970 4508 confido,

391 4544 490 4581 non
523 4529 584 4580 ob
611 4528 705 4580 hoc
744 4530 930 4592 solum,
958 4529 1095 4598 quod
1118 4530 1343 4582 obscuris
1371 4531 1530 4583 lucem
1579 4534 1861 4599 intulerint,
1894 4551 1974 4587 re-

391 4636 504 4673 rum
529 4622 680 4672 etiam
720 4622 841 4689 quia
873 4620 1062 4673 Graecis
1098 4636 1212 4689 qua:
1239 4621 1676 4685 desiderabantur,
1731 4625 1843 4676 loco
1883 4642 1975 4679 suo

390 4713 623 4781 repositis
652 4715 786 4781 (qute
815 4709 1041 4763 Joannes
1068 4708 1320 4764 Caesarius
1356 4713 1619 4779 utriusque
1664 4712 1854 4783 lingua:
1881 4716 1977 4767 do-

392 4805 664 4867 ctissintus,
695 4815 737 4857 et
754 4802 1089 4873 pltilos0ph7a3
1108 4805 1466 4870 uredicianue
1479 4809 1735 4873 professor
1748 4810 1978 4876 egregius

2069 3621 2413 3689 gnoscendum
2439 3621 2685 3688 difficilia.
2710 3617 2829 3672 Illa:
2858 3629 3025 3671 tamen
3066 3620 3316 3685 imprimis
3352 3620 3564 3673 celebres
3593 3621 3656 3673 dt:

2072 3715 2200 3779 fato,
2221 3712 2284 3764 de
2313 3712 2453 3764 beata
2481 3712 2601 3775 vita,
2626 3712 2688 3764 de
2708 3711 2882 3763 divina
2905 3712 3240 3779 prtenotione,
3282 3722 3432 3779 atque
3472 3709 3658 3763 Provi-

2071 3801 2245 3853 dentia
2291 3801 2622 3869 qutestiones,
2672 3800 2883 3868 ancipiti
2913 3798 3172 3852 intellectu
3216 3800 3490 3868 legentium
3539 3802 3653 3868 ple-

2068 3907 2250 3960 resque
2278 3892 2329 3943 in
2374 3892 2671 3944 deteriorem
2710 3905 2914 3943 sensum
2945 3898 3259 3943 transversos
3301 3898 3484 3958 agunt.
3530 3890 3657 3953 Qute

2070 3999 2365 4051 quanquam
2393 3991 2508 4034 sunt
2535 3998 2565 4034 a
2588 3980 2851 4034 nonnullis
2872 3981 2945 4033 ita
2978 3990 3216 4033 accurate
3258 3981 3542 4047 disputata,
3572 3992 3657 4034 at-

2070 4090 2170 4142 que
2195 4075 2399 4142 copiose
2427 4072 2704 4132 illustrata,
2736 4078 2791 4121 ut
2818 4070 2989 4123 nullus
3023 4070 3254 4122 videatur
3287 4070 3660 4127 relictusdabi~

2074 4163 2217 4216 tendi
2262 4164 2423 4224 locus,
2474 4164 2536 4215 iis
2576 4174 2743 4213 tamen
2776 4160 2840 4212 de
2894 4160 3040 4213 rebus
3082 4162 3391 4223 accuratius,
3434 4162 3659 4230 gravius,

2074 4253 2298 4305 lucidius
2324 4267 2468 4305 nemo
2498 4268 2651 4320 quam
2703 4250 2981 4305 Severinus
3031 4250 3238 4304 Boetius
3292 4253 3552 4317 disseruit,
3586 4252 3660 4304 vir

2076 4345 2177 4414 (me
2210 4346 2413 4413 quidem
2442 4344 2644 4414 judice)
2685 4344 2916 4397 omnium
2957 4358 3066 4395 sua:
3110 4345 3277 4395 anatis
3312 4343 3658 4397 doctissimus.

2080 4437 2179 4501 Qui
2206 4453 2322 4489 cum
2351 4437 2402 4488 in
2434 4436 2709 4501 multiplici
2731 4434 3123 4504 disciplinarum
3153 4449 3333 4502 genere
3366 4449 3467 4484 non
3498 4449 3662 4499 pauca

2075 4530 2354 4596 scripserit,
2379 4526 2535 4580 voluit
2558 4530 2712 4578 etiam
2741 4535 2847 4577 tum
2877 4526 2930 4576 in
2962 4526 3057 4577 hoc
3087 4525 3237 4585 libro,
3268 4540 3415 4590 quem
3441 4528 3503 4574 tle
3546 4524 3663 4591 phi-

2077 4620 2324 4687 los0phia:
2351 4618 2727 4681 Consola5icne,
2761 4629 2869 4670 tum
2894 4618 2946 4669 in
2980 4618 3043 4668 iis
3088 4632 3214 4684 quos
3241 4618 3303 4667 de
3334 4614 3586 4667 Trinitate
3611 4624 3662 4667 et

2080 4717 2143 4765 de
2171 4713 2382 4765 Duabus
2412 4710 2628 4763 Naturis
2677 4709 2866 4764 Christi
2922 4709 3201 4772 inscripsit,
3257 4707 3387 4759 bono
3437 4707 3662 4772 periculo

2081 4804 2322 4873 experiri,
2370 4812 2616 4870 quantum
2671 4802 2725 4853 in
2752 4800 2910 4852 sacris
2959 4798 3167 4851 Litteris
3197 4797 3507 4867 profecisset.
3559 4795 3665 4850 Sed

390 4912 453 4949 ea:
480 4894 656 4960 Italia,
700 4893 925 4947 Joannes
961 4893 1277 4947 Aidicollius
1305 4895 1554 4947 bonarum
1595 4897 1783 4949 artium
1816 4899 1977 4968 magi-
2005 4895 2058 4954 D
2081 4906 2190 4949 erat
2218 4894 2301 4946 hic
2323 4895 2450 4948 liber
2490 4898 2617 4948 adeo
2657 4894 2962 4947 saeculorum
2991 4892 3191 4944 incuria
3204 4894 3318 4962 jam
3336 4891 3664 4957 depravarus,

390 5001 510 5047 ster,
535 4988 739 5038 dubium
772 4986 1039 5038 litteratior
1068 5002 1135 5037 an
1164 4986 1458 5051 humanior,
1498 4986 1775 5039 Daventria
1818 5006 1974 5057 supe-

391 5079 514 5131 riori
539 5079 607 5131 ad
632 5093 709 5130 me
730 5094 866 5130 anno
888 5078 1159 5145 dederunt)
1190 5078 1404 5132 mendas
1442 5081 1840 5147 complusculos,
1865 5094 1971 5137 tant

390 5185 418 5225 e
440 5188 588 5240 prosa
617 5173 867 5235 oratione,
902 5182 1008 5223 tum
1031 5189 1059 5225 e
1095 5172 1322 5225 versibus
1355 5175 1668 5228 sustulerint.
1705 5177 1821 5241 Qua
1857 5179 1971 5246 qui—

390 5260 501 5311 dem
532 5277 583 5312 tn
614 5277 666 5312 re
695 5272 781 5313 tua
801 5262 1061 5329 quondam
1087 5278 1185 5315 non
1216 5280 1399 5331 parum
1430 5280 1507 5316 me
1527 5267 1665 5335 juvit
1694 5268 1969 5332 industria,

390 5353 752 5423 maltijagaque
778 5353 993 5404 eruditio
1012 5368 1031 5406 :
1061 5370 1215 5415 super
1242 5358 1391 5424 cujus
1435 5358 1769 5426 amplissimis
1798 5362 1972 5413 laudi-

390 5440 478 5491 bus
499 5441 571 5507 (id
599 5444 735 5507 quod
764 5440 1021 5493 Salustius
1048 5446 1110 5494 de
1130 5441 1436 5510 Carthagine
1473 5447 1570 5515 ait)
1612 5448 1764 5503 silere
1796 5444 1973 5504 melius

389 5542 507 5600 puto
535 5548 686 5597 quam
714 5548 893 5599 parum
922 5534 1107 5595 dicere,
1146 5537 1386 5602 quoniam
1412 5537 1517 5589 alio
1548 5555 1823 5606 properare
1842 5552 1971 5594 tem-

388 5638 481 5692 pus
513 5635 697 5676 monet.
727 5622 960 5676 Prwmisi
997 5635 1165 5677 autem
1188 5626 1422 5693 quaedam
1462 5631 1665 5693 nostris,
1695 5646 1807 5699 quw
1851 5634 1971 5683 dili~

390 5736 505 5787 gens
536 5721 690 5775 lector
717 5720 856 5774 haud
881 5736 1135 5791 quaquam
1180 5720 1558 5789 aspernabitur,
1606 5738 1776 5792 spero.
1820 5723 1971 5791 Vale,

2083 4998 2137 5040 stt
2168 4985 2342 5040 nullus
2379 4987 2461 5039 sui
2490 4986 2715 5039 auctoris
2753 4986 2908 5047 nitor,
2963 4984 3238 5051 nullusque
3295 4998 3453 5049 prope
3494 4984 3664 5034 cultus

2080 5087 2459 5148 agnosceretur.
2491 5077 2729 5144 Quicum
2757 5076 3104 5143 superioribus
3125 5075 3276 5127 annis
3298 5074 3666 5126 restitutionem

2080 5174 2159 5226 sui
2187 5182 2434 5244 posceret,
2482 5172 2644 5225 multo
2695 5172 2929 5241 pluribus
2984 5172 3275 5225 vulneribus
3316 5169 3527 5237 affectus
3570 5179 3663 5220 est.

2084 5264 2321 5331 Namque
2344 5263 2571 5329 mutilus,
2596 5265 2840 5328 inversus,
2888 5274 2935 5316 et
2965 5281 2996 5316 a
3032 5279 3086 5316 se
3133 5263 3412 5330 plurimum
3446 5268 3669 5311 mutatus

2083 5356 2274 5426 prodiit
2302 5357 2364 5408 ab
2387 5355 2769 5422 impresseribus
2798 5357 2851 5407 in
2880 5371 3058 5406 manus
3079 5354 3363 5416 hominum,
3394 5366 3505 5402 cum
3532 5364 3669 5400 com-

2084 5448 2349 5501 mentariis
2380 5447 2467 5516 qui
2497 5449 2631 5516 falso
2677 5449 2791 5500 divo
2823 5446 3031 5499 Thema:
3052 5446 3294 5514 Aquinati
3323 5444 3667 5497 ascribuntar.

2084 5540 2317 5607 Rogatus
2338 5538 2507 5606 itaque
2553 5547 2608 5591 ut
2643 5541 2777 5590 hunc
2805 5539 2976 5607 ipsum
3002 5534 3166 5590 Boetii
3198 5536 3383 5588 librttnt
3434 5533 3670 5587 emenda-

2081 5649 2208 5697 rem,
2232 5648 2295 5683 ac
2323 5632 2552 5701 pristina:
2576 5632 2853 5701 integritati
2881 5629 3052 5699 quoad
3098 5646 3291 5698 possem
3332 5629 3667 5681 restituerem.

2086 5724 2153 5779 Id
2181 5739 2238 5779 eo
2267 5725 2503 5779 libentius
2540 5725 2661 5792 fcci,
2708 5726 2845 5792 quod
2890 5723 3102 5777 materia
3131 5727 3193 5778 de
3217 5740 3317 5793 qua
3339 5721 3581 5793 agebatur
3611 5733 3670 5771 to
