4290 6258
679 382 769 436 871

1318 375 1656 431 API'ENDIX
1696 374 1785 427 Al)
1828 373 2068 430 LlBRUS
2110 373 2199 428 DE
2237 372 2748 429 CONSOLATIONE
2791 365 3283 428 PIHLOSOPIILE.

3834 366 3924 419 87?.

677 518 907 585 profecto
933 524 1007 568 est
1026 529 1138 582 qua:
1162 511 1453 579 religiosum
1478 510 1641 562 virum
1666 510 1883 563 maxime
1904 510 2095 564 deceat.
2124 509 2259 564 Usus
2289 519 2336 569 Λ
2365 512 2612 562 veteribus
2646 511 2834 563 nostris
2860 509 2921 561 ob
2950 507 3277 560 mobilitatem
3315 504 3491 558 sedere
3512 503 3561 555 in
3589 503 3694 570 pila
3719 503 3906 573 ﬁngeba

678 615 752 661 est
777 617 944 659 autem
974 606 1026 656 in
1053 604 1146 655 hoc
1171 618 1319 671 opere
1345 599 1552 654 Boetius
1574 617 1633 653 eo
1656 600 1859 655 dicendi
1887 617 2086 670 genere,
2118 602 2253 669 quod

681 715 785 750 non
806 698 973 749 minus
1000 706 1233 747 ornatum
1262 709 1414 761 quam
1435 710 1587 764 grave
1606 704 1652 746 et
1679 692 2015 761 pltilosOpltiae
2040 695 2259 747 maxime

611 794 620 807 '
686 791 1128 844 accommodatum
1156 788 1404 840 rideatur.
1437 788 1501 840 Et
1527 798 1769 858 prtrterea
1789 792 1985 842 varium
1999 806 2151 859 eoque
2169 792 2263 860 ju-

678 880 931 943 cundum,
955 879 1088 942 quod
1108 894 1244 930 nunc
1268 877 1343 930 sol
1351 888 1434 929 uta
1451 879 1681 932 oratione
1695 880 1991 948 gravissime
2010 880 2258 946 disputat,

679 987 818 1025 nunc
838 979 993 1023 metro
1017 969 1294 1039 elegantius
1323 954 1475 1022 ludit.
1508 967 1576 1021 Id
1598 970 1753 1038 igitur
1782 986 1910 1037 opus
1942 980 2118 1022 nostra
2139 985 2263 1023 cura

678 1060 746 1116 'ac
783 1062 1070 1129 diligentia,
1116 1060 1463 1128 qualecunque
1483 1068 1578 1123 est,
1622 1060 1963 1122 emendatum,
2007 1059 2096 1111 tibi
2126 1057 2265 1112 Lan-

680 1151 880 1221 fredine
894 1152 969 1203 vir
994 1150 1312 1203 ornatissime
1343 1165 1718 1220 nuncupamus,
1741 1165 1841 1203 non
1872 1165 1932 1202 ea
1961 1149 2180 1212 ratione,
2210 1161 2266 1202 ut

680 1242 957 1295 existimem
986 1242 1100 1311 ejus
1121 1242 1384 1295 lectionem
1408 1256 1555 1306 posse
1584 1239 1801 1293 multum
1845 1249 1945 1292 tua:
1992 1239 2269 1292 eruditioni

682 1334 922 1404 adjicere,
975 1332 1066 1385 sed
1112 1340 1165 1383 ut
1221 1341 1306 1385 tuo
1350 1330 1635 1399 patrocinio
1680 1331 1736 1383 in
1768 1328 2062 1383 Enchiridii
2092 1340 2269 1399 typum

681 1425 974 1487 astrictum,
999 1423 1256 1476 honestius
1285 1440 1345 1476 ac
1370 1423 1529 1476 tutius
1557 1425 1611 1476 in
1639 1423 1820 1492 vulgus
1847 1423 2006 1476 exiret
2036 1437 2055 1475 :
2076 1431 2129 1474 ut
2154 1423 2273 1476 inde

682 1515 839 1583 facile
869 1514 1103 1586 judicari
1143 1516 1322 1585 possit,
1356 1524 1601 1583 quantum
1628 1516 1761 1567 inter
1789 1515 2009 1583 priorem
2038 1513 2188 1566 illum
2224 1523 2272 1567 et

687 1607 820 1657 hunc
848 1613 1077 1659 nostrum
1111 1603 1301 1658 librum
1350 1606 1571 1659 intersit.
1615 1604 1767 1670 Quod
1796 1605 1840 1657 si
1868 1614 1923 1656 tu
1964 1604 2273 1670 probaveris,

681 1698 805 1752 satis
834 1713 866 1749 a
894 1714 972 1750 me
1000 1699 1232 1750 omnibus
1266 1698 1458 1765 factum
1492 1713 1599 1749 esse
1612 1696 1875 1763 judicabo.
1920 1694 2061 1749 Vale.

1265 1789 1675 1842 PBt-ELEC'I‘IO

863 1897 1037 1936 JACOBI
1067 1896 1405 1934 BONONIENSIS
1434 1896 1483 1932 IN
1516 1898 1742 1935 Βυετιωί
1773 1896 2091 1934 εενειιικωι.

758 1974 1133 2031 Constitueram
1183 1978 1277 2028 viri
1326 1975 1598 2028 clarissimi
1648 1977 1743 2028 hoc
1790 1992 1925 2029 anno
1975 1973 2275 2046 prwfatione

688 2068 962 2129 abstinere,
985 2082 1047 2119 ne
1078 2082 1276 2134 semper
1313 2067 1366 2118 in
1392 2068 1568 2120 eodem
1608 2068 1816 2136 vestigio
1847 2068 2108 2119 luererem.
2142 2064 2278 2117 Assi-

688 2159 860 2213 duitas
882 2159 1036 2223 enim,
1064 2168 1117 2210 ut
1132 2159 1202 2210 ait
1231 2156 1428 2221 Cicero,
1460 2159 1724 2227 fastidium
1748 2158 1879 2224 parit
1902 2166 1950 2211 et
1970 2158 2271 2210 satietatem.

694 2247 887 2301 Verum
917 2257 970 2300 ut
998 2247 1266 2299 consilium
1289 2258 1573 2313 mutarem,
1627 2248 1813 2313 partim
1859 2264 1945 2300 vos
1974 2247 2124 2300 nimis
2167 2247 2274 2315 afﬁ-

690 2340 816 2392 ciosi
835 2349 882 2392 et
901 2348 1127 2391 amantes
1158 2339 1317 2392 nostri
1343 2339 1624 2407 perfecistis
1646 2339 1749 2408 (me
1773 2355 1987 2408 namque
2006 2339 2274 2404 quotannis

690 2441 855 2484 vestro
883 2429 1207 2482 ornatissimo
1237 2438 1509 2496 conspectu
1534 2428 1986 2495 honestissimaque
2009 2428 2274 2496 prirsentia

690 2521 1061 2589 condecoratis)
1104 2521 1289 2590 partim
1328 2521 1544 2573 illustris
1583 2531 1629 2572 et
1656 2521 1917 2591 magniﬁci
1946 2530 2152 2573 senatus
2182 2536 2276 2572 no-

690 2614 865 2667 stratis
889 2612 1268 2680 magniﬁcentia
1296 2627 1357 2664 ac
1381 2610 1680 2675 liberalitas,
1711 2613 1800 2682 qui
1829 2627 1908 2663 me
1928 2612 2158 2681 proxime
2178 2612 2275 2663 im-

692 2704 915 2773 pensiori
959 2702 1151 2755 salario
1189 2703 1498 2756 censendum
1539 2705 1751 2773 putavit,
1783 2720 1873 2757 nec
1906 2719 2006 2756 non
2028 2702 2274 2772 collegam

688 2796 800 2847 viro
823 2794 1163 2846 eruditissimo
1193 2794 1660 2865 humanissimoque
1687 2810 1767 2847 me
1792 2794 2097 2865 adjungeus,
2118 2792 2274 2847 hone-

692 2884 837 2937 stiori
862 2884 1011 2937 titulo
1040 2885 1321 2938 exornavit.
1342 2883 1625 2939 Tantorum
1655 2887 1812 2956 igitur
1851 2887 2144 2938 meritorum
2170 2900 2275 2939 me-

689 2989 803 3026 mor
831 2973 1096 3043 (quoniam
1125 2974 1325 3043 ingrato
1366 2975 1567 3028 homine
1606 2973 1737 3028 nihil
1761 2976 1908 3045 pejus
1953 2986 2085 3027 terra
2115 2984 2269 3041 creat,

690 3073 746 3114 ut
775 3063 846 3115 ait
870 3061 1490 3130 Menander)recordatus
1517 3066 1668 3117 etiam
1691 3064 1927 3134 Amyclas
1950 3065 2160 3117 tacendo
2189 3079 2275 3132 pe-

690 3153 857 3217 riisse,
889 3152 1123 3222 quodque
1149 3169 1293 3206 nemo
1320 3152 1478 3206 silens
1504 3155 1716 3223 placuit,
1738 3165 1790 3207 ut
1808 3155 1967 3225 inquit
1995 3154 2271 3218 Ausonius,

2361 615 2461 669 tur,
2486 614 2531 656 et
2569 618 2721 670 quam
2759 602 2943 654 rotula:
2972 600 3283 653 insistentem
3313 639 3327 661 ,
3367 596 3503 665 quod
3541 595 3652 648 loco
3682 604 3815 647 stare
3852 610 3930 647 ne-

2359 697 2544 763 quiret,
2566 694 2819 762 sapientcr
2847 692 2977 746 dixit
3011 700 3058 744 et
3090 690 3257 758 lepide
3284 688 3555 742 Ausonius.
3574 684 3932 753 Fortunatergo

2362 787 2406 840 si
2444 796 2490 839 te
2516 786 2791 855 regendum
2821 785 3025 847 dedisti,
3054 781 3273 835 domina:
3298 778 3520 832 moribus
3541 786 3735 846 Oportet
3760 776 3934 828 obtem-

2365 891 2531 943 peres.
2555 875 2703 927 Alius
2728 872 3057 943 congerendis
3074 871 3277 937 opibus,
3315 868 3735 935 cumulandisque
3763 864 3936 917 divitiis

2364 967 2549 1027 inhiat,
2590 975 2820 1032 totusque
2862 964 3087 1027 incubat,
3114 970 3257 1015 ratus
3295 976 3384 1031 per
3407 961 3499 1011 has
3537 956 3755 1010 solidam
3789 954 3937 1023 felici-

2366 1065 2537 1120 tatem,
2564 1067 2609 1110 et
2644 1057 2817 1109 omnia
2840 1055 3137 1108 mortalibus
3175 1050 3438 1106 commoda
3458 1058 3504 1103 et
3526 1045 3827 1117 compendia
3849 1047 3937 1097 im-

2368 1148 2583 1217 portari,
2600 1150 2755 1219 juxta
2793 1145 2959 1199 illud:

2442 1237 2583 1291 Nam
2613 1239 2657 1291 si
2686 1237 2873 1307 aliquis
2904 1251 3051 1289 casus
3076 1236 3205 1288 lecto
3236 1242 3283 1286 te
3311 1231 3492 1301 afﬁxit,
3520 1230 3677 1284 habes
3702 1229 3786 1299 qui

2444 1328 2701 1397 Assideat,
2743 1333 2973 1399 fomenta
3007 1335 3169 1394 paret,
3200 1327 3452 1378 medicum
3480 1333 3622 1394 roget
3652 1334 3707 1377 ut
3732 1333 3778 1376 te

2445 1421 2688 1485 Suscitet,
2721 1437 2781 1473 ac
2812 1420 2991 1473 reddat
3021 1420 3155 1471 natis
3185 1418 3453 1487 charisque
3474 1414 3793 1485 propinquis.

2379 1513 2790 1585 Frequenterque
2813 1512 2945 1566 illud
2973 1512 3120 1564 habet
3145 1512 3197 1564 in
3222 1526 3330 1573 ore,

2450 1607 2662 1662 Scilicet
2692 1620 2899 1658 uxorem
2923 1619 3037 1656 cum
3066 1604 3205 1666 dote,
3246 1602 3500 1671 ﬁdemque
3524 1612 3572 1653 et
3603 1600 3808 1668 amicos,

2455 1700 2520 1753 Et
2542 1714 2698 1769 genus
2719 1707 2766 1750 et
2789 1698 3004 1766 formam
3029 1694 3209 1763 regina
3230 1698 3443 1764 pecunia
3471 1692 3653 1753 donat,

2451 1792 2523 1844 Ac
2557 1792 2676 1843 bene
2696 1799 3011 1841 nummatum
3035 1786 3239 1838 decorat
3270 1784 3498 1838 Suadela
3536 1781 3821 1851 Venusque.

2308 1867 2353 1925 Β
2382 1884 2485 1938 Hic
2521 1884 2671 1936 etiam
2719 1892 2861 1949 putat
2890 1881 3067 1933 cazlum
3099 1879 3318 1947 deosque
3364 1892 3492 1930 auro
3529 1876 3751 1939 venales,
3791 1883 3940 1925 motus

2378 1980 2473 2031 hoc
2495 1976 2802 2031 Tertulliani
2824 1975 3070 2027 versiculo
3095 1986 3114 2024 :

2666 2064 2787 2118 Non
2817 2064 2930 2117 licet
2961 2063 3081 2115 deos
3109 2076 3255 2114 nosse
3276 2058 3461 2128 gratis.

2379 2160 2595 2228 Hocque
2626 2156 2852 2209 Petronii
2880 2155 3117 2220 disticho,

2449 2248 2641 2311 Ila/na
2670 2248 2870 2316 loquor,
2902 2246 3100 2309 quidvis
3131 2243 3350 2297 nummis
3380 2241 3719 2310 prtesentibus
3748 2251 3879 2312 opta.

2520 2338 2585 2392 Et
2609 2338 2783 2398 veniet,
2816 2341 3044 2388 clausum
3077 2335 3298 2401 possidet
3327 2351 3448 2386 arca
3470 2332 3679 2388 Jovem.

2378 2431 2485 2484 Sed
2513 2433 2690 2483 con'tra
2717 2428 3026 2499 reputando,
3057 2426 3186 2480 nihil
3217 2428 3517 2495 improbius,
3548 2427 3683 2480 nihil
3709 2425 3943 2495 pernicio-

2376 2524 2504 2586 sius,
2536 2521 2766 2591 nihilque
2786 2521 2919 2588 quod
2944 2521 3106 2590 magis
3139 2518 3422 2573 humanum
3450 2536 3613 2588 genus
3643 2528 3786 2572 vexet
3805 2526 3849 2571 et
3874 2517 3945 2570 in-

2374 2618 2580 2684 quietet,
2610 2632 2764 2685 quam
2792 2632 2910 2683 opes
2937 2624 2983 2667 et
3007 2609 3295 2680 pecunianf,
3318 2614 3565 2668 invenies.
3604 2613 3795 2667 Verum
3825 2610 3943 2665 hanc

2375 2707 2594 2775 primum
2623 2706 2667 2757 si
2696 2714 2891 2757 struere
2912 2704 3101 2775 cupies,
3131 2705 3311 2771 eripies
3333 2702 3563 2757 habenti.
3603 2700 3751 2757 Unde
3772 2705 3945 2771 impro-

2376 2797 2465 2849 bas
2510 2811 2736 2849 crescere
2782 2795 2986 2848 divitias
3032 2795 3162 2849 dixit
3202 2791 3451 2847 Flaccus.
3492 2792 3943 2864 Hieronymusque,

2379 2886 2549 2953 Dives,
2579 2886 2672 2948 ait,
2699 2895 2789 2939 aut
2817 2885 3043 2951 iniquus,
3076 2894 3167 2936 aut
3192 2883 3356 2951 iniqui
3386 2885 3572 2937 turres.
3608 2883 3781 2937 Noxia
3806 2884 3945 2953 igitur

2376 2987 2449 3031 est
2500 2988 2546 3031 et
2600 2977 2797 3031 inutilis
2849 2977 3085 3042 pecunia,
3137 2976 3343 3045 quando
3386 2976 3946 3042 inhonesta:vetusque

2374 3070 2576 3123 verbum
2624 3079 2716 3133 est,
2746 3067 2884 3122 Male
2920 3077 3092 3137 parta,
3125 3067 3255 3120 male
3289 3065 3612 3121 dilabuntur.
3656 3056 3945 3118 Perniciosa!

2377 3168 2494 3213 sunt
2540 3169 2587 3213 et
2636 3175 2777 3227 opes,
2824 3175 3038 3229 quarum
3084 3158 3238 3229 operti
3274 3157 3504 3211 honiines
3551 3160 3871 3227 evigorautur
3906 3164 3945 3206 et

691 3261 845 3315 cogor
881 3246 1213 3316 impellorque
1251 3248 1447 3314 aliquid
1488 3248 1602 3299 navi
1622 3247 1675 3300 in
1698 3251 1967 3315 prwsentia
1985 3248 2121 3300 vobis
2150 3247 2273 3299 reci-
2297 3224 2345 3284 (ἶ
2378 3224 2728 3316 emollescunt,
2761 3224 2922 3303 morbi
2953 3224 3172 3320 glisi'unt
3209 3258 3256 3302 et
3285 3224 3653 3321 aegritudines,
3665 3250 3848 3321 pudor,
3878 3247 3941 3299 le-

694 3350 823 3403 tare,
847 3340 982 3406 quod
1020 3342 1134 3405 ipsa
1164 3340 1343 3393 saltem
1372 3341 1613 3394 varietate
1641 3357 1792 3392 aures
1827 3350 2017 3394 vestras
2044 3341 2273 3411 permul-

691 3439 799 3484 ceat
828 3439 875 3482 et
906 3430 1136 3483 oblectet.

770 3520 906 3584 Quid
961 3522 1185 3589 frontem
1236 3524 1603 3577 contraxistis?
1640 3524 1777 3591 quod
1824 3541 1903 3578 me
1941 3525 2275 3577 recitaturum

694 3627 807 3665 sum
836 3612 1141 3678 pollicitus?
1197 3611 1318 3665 Non
1367 3629 1533 3665 meum
1581 3623 1654 3666 est
1692 3615 1999 3683 exemplum,
2028 3615 2072 3667 si
2098 3616 2272 3668 recito.

696 3701 802 3756 Sed
818 3700 912 3753 ltoc
938 3701 1363 3771 veteresalioquin
1381 3703 1709 3756 eruditissimi
1728 3704 2045 3772 factitarunt.
2068 3703 2276 3775 _Novum

693 3800 862 3845 sulem
905 3791 960 3842 id
1004 3791 1226 3861 appello,
1278 3793 1415 3859 quod
1462 3804 1577 3846 ante
1605 3810 1683 3845 me
1708 3795 1879 3847 nullus
1904 3796 1971 3847 sit
1999 3796 2276 3848 contexuit.

693 3883 966 3937 Habebunt
987 3884 1158 3952 itaque
1179 3885 1338 3952 docti,
1370 3899 1483 3952 qua:
1519 3886 1671 3955 facile
1691 3895 2032 3958 cognoscant:
2064 3887 2277 3951 indocti,

693 3991 807 4044 qua
831 3975 1123 4028 condiscant
1144 3985 1189 4029 et
1214 3976 1549 4029 admirentur.
1596 3974 1764 4029 Hodie
1785 3977 1943 4047 igitur
1984 3977 2133 4029 verba
2166 3994 2281 4031 sum

694 4070 926 4135 facturus
950 4066 1013 4119 de
1031 4066 1285 4119 erroribus
1326 4081 1450 4133 pene
1484 4067 1786 4132 innumeris,
1830 4068 2010 4132 quibus
2056 4068 2283 4136 plerique

695 4171 870 4210 omnes
889 4154 1121 4225 fallimur
1143 4170 1163 4209 :
1200 4172 1293 4210 nec
1330 4157 1495 4210 solum
1535 4158 1759 4226 imperiti
1807 4169 1852 4211 et
1883 4159 2106 4225 profani,
2144 4160 2282 4227 quod

694 4245 863 4298 minus
888 4261 1023 4315 tegre
1047 4245 1309 4314 ferendum
1336 4254 1461 4300 esset
1491 4262 1509 4299 :
1534 4248 1622 4300 sed
1664 4248 1824 4319 (quod
1862 4250 2086 4302 dolorent
2114 4266 2283 4303 meum

695 4335 974 4407 exulcerat)
1003 4337 1190 4390 eruditi
1210 4345 1278 4401 et,
1308 4348 1362 4390 ut
1386 4341 1459 4391 ita
1479 4339 1666 4402 dicam,
1692 4338 1959 4393 Musarum
1974 4342 2282 4395 sacerdotes.

699 4426 950 4482 Caeterum
981 4444 1094 4482 cum
1116 4431 1314 4483 morbos
1343 4440 1391 4482 et
1416 4432 1587 4485 ulcera
1628 4432 1928 4501 refricuero,
1978 4434 2284 4487 medicinam

695 4519 902 4572 auditor
926 4527 1179 4590 exspecta.
1227 4516 1416 4573 Favete
1453 4537 1571 4592 ergo
1612 4538 1805 4588 omnes,
1856 4534 1903 4576 et
1939 4525 2110 4577 adeste
2137 4540 2283 4594 (equo

696 4610 890 4663 animo.
932 4608 1093 4677 Nam,
1123 4620 1178 4662 ut
1201 4610 1271 4663 ait
1297 4610 1660 4681 Hieronymus,
1705 4613 1878 4667 beatus
1900 4625 1973 4668 est
1998 4617 2086 4686 qui
2109 4614 2280 4686 loqui-

696 4706 779 4750 tur
800 4699 853 4750 in
874 4715 1024 4752 aures
1049 4701 1323 4754 audientis.
1343 4700 1521 4755 Omnis
1538 4705 1830 4757 mortalium
1851 4722 1977 4759 cura
1997 4717 2043 4759 et
2070 4709 2281 4763 intentio

694 4788 764 4839 ad
788 4805 951 4840 unum
969 4791 1146 4856 quietis
1171 4800 1379 4855 statum,
1405 4794 1601 4847 diverso
1623 4803 1792 4849 tamen
1812 4798 1942 4851 calle
1964 4800 2142 4853 nititur
2161 4817 2281 4870 per-

695 4879 886 4930 venire.
920 4877 1024 4930 Hic
1049 4880 1221 4949 itaque
1269 4898 1323 4935 se
1368 4892 1525 4935 totum
1575 4885 1794 4949 fortuna!
1825 4891 2124 4953 committit,
2172 4907 2283 4944 eam

696 4966 871 5021 dicens
935 4986 1015 5022 res
1072 4970 1321 5025 humanas
1367 4990 1459 5040 pro
1490 4976 1700 5029 arbitrio
1748 4980 1949 5046 ﬂectere
1978 4990 2025 5032 et
2063 4998 2280 5036 versare.

699 5055 952 5111 Eamdem
978 5059 1204 5113 observat
1231 5071 1275 5113 et
1302 5077 1593 5131 veneratur,
1611 5078 1851 5136 tanquam
1883 5086 2067 5124 numen
2092 5074 2284 5126 saluta-

694 5163 786 5210 re,
837 5149 1115 5201 maximum
1150 5154 1586 5222 omnipotensque.
1653 5156 1965 5228 Illectusque
2008 5164 2287 5231 primulum

697 5239 961 5294 blanditiis
986 5252 1031 5294 et
1068 5242 1329 5297 lenociniis
1355 5246 1510 5317 hujus
1538 5249 1749 5315 pellacis
1787 5261 1831 5304 et
1862 5254 2137 5320 versipellis
2158 5258 2284 5321 dcte,

698 5346 815 5383 cum
836 5333 1037 5386 tandem
1061 5336 1320 5401 reflantem
1348 5338 1477 5389 videt
1517 5348 1563 5390 et
1585 5342 1871 5402 adversam,
1894 5348 2158 5409 quat-itur,
2204 5365 2291 5399 su-

696 5421 876 5487 spirat.
932 5423 1206 5491 gemitque,
1249 5422 1522 5494 lubricam,
1577 5429 1974 5497 inconstantem,
2016 5451 2201 5488 circum
2239 5447 2287 5489 et

696 5524 875 5577 vagam
897 5514 1189 5578 appellans,
1210 5514 1439 5585 nullique
1457 5520 1678 5571 convicio
1705 5538 1840 5585 parci
1856 5539 1935 5575 ns.
1956 5524 2179 5591 Stultus,
2210 5526 2289 5578 in-

698 5604 869 5668 quam,
890 5618 950 5655 ne
971 5604 1139 5656 dicam
1164 5606 1395 5673 insanus,
1421 5610 1506 5677 qui
1528 5610 1633 5664 vult
1668 5622 1720 5663 ut
1742 5614 1815 5664 nil
1841 5614 1975 5666 intra
2009 5617 2073 5667 sit
2102 5617 2286 5684 oleam,

700 5691 773 5743 nil
789 5704 931 5745 extra
955 5695 1006 5746 in
1030 5712 1156 5749 nuce
1180 5699 1316 5751 duri.
1355 5703 1607 5765 Quoniam
1642 5703 1776 5756 enim
1812 5707 1991 5759 mentis
2031 5709 2290 5775 proposito

699 5776 851 5828 vitam
879 5789 925 5831 et.
949 5797 1084 5848 spem
1116 5785 1191 5836 illi
1216 5788 1419 5839 credere
1456 5800 1526 5841 est
1560 5807 1736 5859 ausus,
1762 5809 1875 5860 quin
1894 5796 1959 5848 ab
1983 5797 2205 5865 antiquis
2244 5807 2289 5851 et

2374 3357 2480 3409 ges,
2504 3341 2649 3409 jura,
2684 3349 2871 3405 turres,
2913 3354 3075 3402 arces,
3121 3336 3529 3407 propugnacula,
3561 3346 3613 3390 et
3640 3338 3825 3404 oppida
3848 3351 3946 3387 mu-

2377 3433 2626 3486 nitissima
2663 3441 3039 3500 expugnantur.
3070 3426 3311 3482 Pecunia:
3356 3429 3490 3481 enim
3519 3427 3608 3499 (ut
3652 3429 3724 3481 ait
3764 3426 3946 3492 Cicero)

2377 3541 2550 3579 omnes
2572 3526 2680 3577 vias
2709 3534 2918 3577 norunt.
2948 3522 3202 3591 Diogenes
3238 3520 3325 3574 ille
3349 3508 3575 3588 Cynicus
3606 3520 3739 3572 viam
3767 3516 3947 3571 virtutis

2379 3616 2509 3669 adeo
2555 3626 2844 3685 angustam,
2890 3614 3146 3682 difficilem
3185 3622 3232 3665 et
3276 3603 3495 3664 arduam
3540 3625 3654 3665 esse
3682 3611 3859 3672 aiebat,
3900 3615 3946 3657 ut

2379 3723 2490 3759 eam
2518 3708 2603 3759 vix
2633 3707 2757 3759 nudi
2778 3721 3021 3773 superare
3056 3713 3258 3775 possent
3296 3705 3356 3755 aé
3387 3703 3751 3767 transmittere,
3779 3698 3948 3751 nedum

2381 3798 2603 3868 pondere
2633 3798 2803 3866 aliquo
2824 3797 3054 3867 impcditi
3082 3803 3129 3849 et
3157 3811 3283 3848 auro
3323 3793 3671 3859 suffarcinati.
3704 3789 3947 3844 Lucretius

2383 3889 2540 3941 etiam
2559 3890 2805 3956 scriptum
2824 3887 3051 3955 reliquit,
3076 3886 3343 3955 defunctos
3366 3886 3489 3949 vita,
3521 3886 3690 3937 nudos
3712 3892 3759 3936 et
3786 3885 3948 3946 inopes

2383 3981 2585 4047 inferna
2631 3981 2816 4034 subire.
2864 3976 2948 4032 Ex
2991 3994 3092 4045 quo
3136 3979 3394 4031 Ausonius
3446 3982 3610 4046 facete
3643 3986 3949 4047 congressum

2383 4071 2629 4141 Diogenis
2649 4082 2695 4125 et
2720 4070 2880 4126 (Ζτωεὶ
2908 4072 3049 4137 apud
3077 4073 3271 4142 inferos
3294 4074 3385 4125 hoc
3415 4072 3641 4123 carmine
3670 4070 3824 4123 lusit:

2456 4162 2705 4234 Effigiem,
2738 4179 2828 4218 rex
2865 4162 3054 4228 Crte'se,
3087 4174 3228 4217 tuam
3254 4162 3501 4216 ditissime
3528 4178 3727 4231 regum,

2540 4253 2676 4306 Vidit
2706 4254 2849 4323 apud
2878 4270 3053 4307 manes
3090 4254 3337 4324 Diogenes
3367 4254 3611 4323 Cynicus.

2457 4344 2713 4408 Constitit,
2739 4353 2891 4415 utque
2918 4344 3117 4415 procul,
3140 4344 3289 4397 solito'
3317 4346 3510 4414 majore
3537 4344 3785 4398 cachinno

2529 4432 2837 4500 Concussus,
2872 4435 3040 4488 dixit:
3065 4434 3200 4499 Quid
3233 4436 3323 4487 tibi
3351 4438 3384 4487 d
3406 4437 3545 4488 vitice

2462 4522 2513 4576 Ν
2522 4540 2618 4577 unc
2648 4535 2878 4594 prosunt,
2909 4542 3084 4596 regum
3109 4542 3201 4580 rex
3229 4542 3259 4579 o
3288 4527 3559 4590 ditissime,
3599 4543 3715 4581 cum
3738 4540 3806 4580 sss

2535 4617 2682 4671 Sicut
2711 4634 2826 4687 ego,
2848 4620 2988 4671 solus
3016 4634 3093 4671 me
3120 4635 3319 4687 quoque
3347 4621 3657 4689 pauperior?

2465 4707 2605 4763 Nam
2633 4725 2944 4777 quacunque
2965 4709 3143 4774 habui,
3176 4726 3369 4763 mecum
3400 4713 3533 4780 fero,
3565 4727 3678 4763 cum
3712 4705 3838 4762 nihil
3858 4707 3950 4775 ipss

2530 4799 2614 4852 Ex
2645 4801 2798 4852 tantis
2827 4809 3012 4860 tecum,
3036 4798 3222 4864 (ἐι-ωδε,
3252 4801 3410 4865 firas,
3440 4802 3640 4867 opibus.

2391 4890 2540 4943 Alius
2573 4905 2663 4958 per
2689 4889 2879 4959 gradus
2910 4890 3307 4957 magistratuum
3347 4893 3630 4945 discurrere
3675 4884 3949 4943 contendit:

2391 4982 2561 5044 sicque
2588 4982 2656 5033 ad
2682 4982 2900 5034 honores
2950 4981 3166 5049 obrepit,
3214 4993 3269 5034 ut
3315 4995 3485 5048 postea
3512 4983 3734 5053 fascibus
3764 4977 3952 5045 conspi-

2392 5089 2538 5129 cuus.
2576 5074 2795 5127 illustris
2823 5090 2883 5125 ac
2910 5074 3212 5127 reverendus
3238 5085 3501 5143 appareat.
3541 5075 3703 5127 liabet
3730 5074 3854 5125 enim
3881 5068 3948 5137 (ut

2391 5165 2464 5215 ait
2496 5162 2696 5231 Cicero)
2729 5166 2929 5233 justam
2970 5166 3343 5217 venerationem
3380 5166 3626 5235 quidquid
3666 5152 3878 5224 excellit,
3911 5169 3949 5209 et

2395 5255 2533 5307 hunc
2556 5256 2781 5307 hiantem
2810 5257 3110 5323 trigeminus
3131 5256 3344 5326 plausus
3367 5258 3499 5309 tollit
3522 5268 3566 5309 et
3587 5258 3732 5325 inﬂat
3755 5269 3772 5305 :
3799 5252 3948 5319 sicque

2396 5346 2632 5414 populari
2658 5362 2785 5396 aura
2821 5356 3035 5409 erectus,
3069 5346 3250 5398 calum
3280 5363 3334 5399 se
3372 5348 3600 5415 scalpere
3631 5351 3787 5411 putat,
3817 5352 3947 5407 queat

2394 5436 2562 5506 gloria
2591 5436 2910 5504 subsequitur
2935 5439 3101 5489 dulcis
3130 5439 3519 5507 magistratuum
3544 5446 3586 5489 et
3615 5437 3839 5489 laborum
3873 5444 3946 5480 co-

2391 5543 2517 5589 mes,
2549 5529 2946 5597 alimentuinque
2975 5532 3215 5600 cujusque
3242 5533 3401 5584 «mimi
3421 5531 3671 5600 generosi.
3694 5524 3947 5579 Trahimut

2391 5621 2523 5672 enim
2556 5636 2728 5674 omnes
2755 5622 2923 5675 laudis
2962 5626 3150 5688 studio,
3195 5636 3240 5677 et
3267 5626 3490 5692 Optimus
3518 5623 3737 5694 quisque
3764 5614 3958 5671 maximi

2393 5711 2556 5781 gloria
2582 5714 2862 5784 saginatur.
2892 5712 3174 5768 Pulchrum
3198 5726 3269 5769 est
3296 5717 3456 5787 digito
3484 5711 3787 5773 monstrari,
3813 5717 3860 5761 et
3884 5703 3957 5754 die

2392 5816 2498 5855 cter
2526 5803 2606 5855 hic
2633 5814 2725 5858 est.
2765 5803 2952 5859 Verum
2977 5806 3218 5873 quoniam
3250 5806 3553 5876 hujusmoa'i
3586 5805 3855 5874 dignitates
3890 5795 3945 5849 si-
