4290 6258
374 352 477 407 875

1430 361 1638 420 VARIA
1678 361 2107 420 MONUMENTA
2148 358 2590 420 LITTERARIA.

3543 366 3647 421 87‘

373 478 437 519 tte
495 473 613 519 sunt
659 466 714 520 in
765 466 977 522 arbitrio
1028 476 1258 540 profana:
1313 474 1656 530 multitudinis
1682 516 1697 541 ,
1759 476 1953 531 idcirco
1982 478 2309 539 Amomento
2343 479 2584 549 temporis
2608 476 2915 531 dissolvatur
2961 485 3006 530 et
3035 476 3288 532 intereat?
3318 476 3490 544 Quam
3528 496 3643 535 vero

372 557 540 611 minus
569 559 878 626 exoptanda:
919 561 1171 616 videntur.
1207 562 1273 617 Ut
1312 565 1446 619 enim
1477 568 1708 638 praecipit
1743 566 1956 623 Anneus

370 650 570 704 Seneca
588 666 609 705 :

657 742 829 799 Vitate
853 762 1164 819 qutecunque
1190 748 1343 819 vulgo
1367 749 1589 820 placent.

443 837 611 902 Quam
656 853 772 892 vero
814 840 1099 911 improbum
1148 844 1232 906 sit,
1277 852 1324 896 et
1362 851 1729 915 prceposterum
1775 846 1955 917 populi

368 944 581 983 examen
625 938 671 984 et
692 931 972 1001 judicium,
1016 942 1072 988 ut
1118 933 1223 988 alia
1268 938 1739 1005 prietermittamus,
1784 955 1955 994 nonne

367 1019 517 1077 unico
556 1018 762 1075 Catonis
807 1029 853 1076 et
910 1021 1102 1078 Vatinii
1150 1029 1378 1096 exemplo
1418 1025 1585 1081 licebit
1613 1030 1955 1100 agnoscere?

310 1190 311 1193 η
367 1111 495 1167 Cato
514 1114 757 1170 enimille
779 1117 923 1172 vivax
941 1118 1113 1191 imago
1136 1122 1398 1190 virtutum,
1434 1132 1675 1191 prteturte
1700 1126 1952 1181 candida-

364 1212 467 1272 tus,
496 1206 759 1275 repulsam
793 1224 973 1278 passus
1011 1220 1103 1265 est.
1138 1209 1377 1267 Vatinius
1410 1230 1526 1269 vero
1551 1215 1705 1270 homo
1732 1219 1854 1273 levis
1904 1228 1951 1274 et

364 1312 583 1367 nequam
612 1298 759 1353 illam
802 1311 875 1356 est
908 1311 1187 1368 assecutus,
1231 1314 1464 1375 stupente
1506 1309 1682 1363 eodem
1720 1310 1946 1380 popello,

362 1388 451 1455 qui
468 1388 565 1443 hoc
593 1391 804 1459 fecerat,
837 1402 884 1445 et
925 1394 1237 1450 admirante.
1275 1396 1429 1451 Ilunc
1472 1414 1590 1453 vero
1625 1401 1948 1470 splendorem

361 1482 492 1536 livor
529 1486 821 1555 plerumque
863 1489 1151 1542 comitatur.
1198 1489 1359 1555 Nam,
1408 1501 1463 1545 ut
1503 1493 1667 1561 inquit
1696 1492 1947 1549 /Emilius

366 1577 590 1643 Probus,
632 1590 705 1635 est
734 1583 829 1636 hoc
858 1598 1126 1638 commune
1152 1585 1331 1639 vitium
1366 1586 1421 1639 in
1453 1589 1650 1657 magnis
1679 1590 1947 1659 liberisque

361 1672 669 1740 civitatibus,
701 1684 757 1726 ut
787 1674 979 1736 invidia
1008 1678 1189 1746 gloria:
1217 1678 1282 1731 sit
1309 1694 1495 1743 comes,
1539 1688 1584 1731 et
1613 1677 1829 1733 libenter
1862 1679 1944 1733 his

360 1762 588 1818 homines
607 1765 904 1832 detrahant,
936 1784 1063 1838 quos
1100 1769 1300 1823 videant
1334 1770 1487 1824 altius
1514 1786 1785 1841 emergere.
1816 1770 1944 1827 Clo-

358 1853 439 1906 ria
469 1870 586 1908 vero
606 1873 761 1925 quam
794 1858 980 1927 fallax,
1013 1876 1163 1929 quam
1195 1861 1359 1930 turpis
1387 1870 1433 1915 et
1457 1861 1624 1917 inanis
1647 1865 1735 1931 sit,
1769 1872 1937 1920 osten-
1971 1851 2021 1912 Β

357 1946 432 2002 dit
456 1946 731 2020 Euripides
759 1951 814 2004 in
841 1953 1227 2016 Andromache,
1262 1954 1315 2006 in
1346 1954 1480 2008 hanc
1515 1957 1816 2009 sententiam
1845 1973 1939 2011 ex-

356 2041 583 2096 clamans
611 2061 625 2097 :
661 2044 706 2097 0
733 2044 922 2115 gloria,
948 2046 1135 2117 gloria,
1164 2047 1295 2100 nihil
1318 2048 1463 2100 aliud
1492 2064 1542 2101 es
1563 2064 1715 2117 quam
1740 2050 1941 2103 aurium

356 2131 555 2201 inflatio
594 2149 800 2205 magna.
848 2134 1024 2206 Hujus
1074 2151 1190 2190 vero
1230 2138 1412 2209 gloria:
1452 2145 1495 2191 et
1524 2139 1812 2207 splendoris
1856 2157 1941 2193 cu-

354 2222 464 2290 pidi
489 2223 715 2294 plerique
747 2242 862 2280 cum
890 2224 987 2280 hoc
1013 2227 1067 2280 in
1096 2226 1306 2296 pulvere
1340 2228 1553 2283 viriliter
1579 2229 1936 2296 desudassent,

354 2328 447 2382 pro
488 2331 693 2370 munere
723 2317 927 2371 tandem
965 2318 1225 2384 exsilium,
1274 2336 1547 2387 carcerem,
1594 2330 1682 2375 aut
1726 2332 1937 2376 mortem

353 2402 568 2460 subiere.
607 2406 754 2473 Alius
796 2418 1059 2463 stemmate
1082 2418 1130 2464 et
1166 2411 1428 2467 nobilitate
1464 2412 1735 2483 gloriatur,
1778 2422 1939 2469 tume-

351 2495 564 2566 scitque,
609 2516 726 2553 cum
766 2503 997 2570 fumosas
1042 2503 1297 2574 majorum
1349 2520 1558 2559 suorum
1595 2506 1843 2576 imagines
1882 2507 1937 2560 in

350 2588 483 2645 atrio
506 2590 852 2659 conspicatur,
876 2610 1093 2662 quarum
1135 2595 1305 2649 simile
1332 2595 1463 2650 nihil
1490 2596 1640 2651 habet
1670 2599 1776 2669 ipse
1800 2613 1938 2668 pra:-

349 2684 424 2732 ter
449 2678 691 2748 colorem,
742 2692 797 2737 ut
831 2700 944 2738 cum
990 2685 1233 2741 Cicerone
1275 2688 1477 2758 loquar.
1522 2688 1637 2743 Ilas
1680 2707 1801 2761 ergo
1829 2692 1935 2762 fre-

348 2781 558 2839 quenter
580 2775 791 2844 suspicit
811 2788 858 2831 et
882 2777 1191 2847 admiratur,
1218 2782 1605 2852 prwtenditque,
1631 2784 1844 2852 perinde
1871 2801 1934 2839 ac

347 2878 656 2932 proavorum
691 2868 827 2921 tituli
850 2877 899 2924 et
937 2870 1105 2940 elogia
1139 2888 1253 2926 eum
1277 2873 1407 2942 forte
1444 2877 1738 2943 degenerem
1762 2877 1930 2930 sordi-

348 2955 573 3025 dumque
593 2968 753 3031 tegere
775 2962 970 3030 possint
1000 2973 1047 3017 et
1069 2964 1359 3021 honestare.
1384 2966 1575 3030 Contra
1605 2984 1723 3021 vero
1746 2970 1926 3035 evenit,

348 3054 407 3099 ut
434 3047 729 3122 plerumque
768 3069 858 3124 per
884 3053 995 3111 htec
1022 3069 1351 3114 monumenta
1376 3059 1597 3114 hominis
1625 3061 1928 3131 improbitas

344 3154 407 3192 ac
449 3140 619 3197 vilitas
670 3148 831 3217 magis
880 3151 1146 3222 magisque
1192 3152 1463 3208 elucescat.
1541 3152 1663 3207 Non
1717 3162 1928 3224 possunt

2057 570 2308 625 sollicitus
2346 580 2391 625 et
2424 568 2726 624 miserabilis
2758 569 2825 623 sit
2853 577 3015 623 status
3045 577 3382 639 tyrannorum
3426 572 3645 641 et-prin-

2061 664 2254 736 cipum,
2302 679 2391 718 rex
2419 664 2508 718 ille
2538 662 2798 733 patefecit,
2830 662 2916 730 qui
2962 661 3201 716 diadema
3230 662 3527 733 priusquam
3556 678 3645 716 ca-

2058 756 2150 825 piti
2176 771 2270 810 suo
2299 764 2599 826 apponeret,
2625 754 2981 821 considerans,
3022 756 3093 807 ait
3119 766 3139 808 :
3164 751 3208 807 0
3236 752 3453 808 nobilem
3478 754 3645 824 magis

2056 861 2207 915 quam
2230 844 2429 915 felicem
2450 861 2699 916 pannum,
2730 860 2877 912 quem
2898 844 2942 897 si
2966 845 3080 914 quis
3108 843 3452 915 introspiciat,
3487 861 3646 916 quam

2055 938 2229 992 multis
2260 939 2500 1008 periculis
2542 945 2593 991 et
2621 936 2837 992 miseriis
2867 936 2935 991 sit
2962 934 3202 1005 refertus,
3242 951 3306 990 ne
3359 935 3501 991 humi
3528 937 3646 1005 qui-

2055 1034 2171 1085 dem
2191 1031 2444 1103 jacentem
2481 1029 2661 1083 tollere
2698 1028 2865 1082 vellet.
2915 1025 2984 1081 Et
3017 1025 3298 1097 Dionysius
3327 1024 3416 1081 ille
3445 1025 3645 1082 Sicilia:

2056 1130 2328 1193 tyrannus,
2360 1122 2451 1193 qui
2497 1130 2660 1177 metus
2702 1131 2747 1175 et
2788 1119 3017 1193 pericula
3046 1135 3220 1190 regum
3249 1120 3645 1190 principumque
3695 1136 3701 1143 ·

2052 1216 2299 1283 expressit
2337 1231 2456 1270 ense
2501 1212 2594 1269 illo
2625 1214 2719 1268 levi
2760 1214 2849 1282 ﬁlo
2893 1227 3162 1284 suspenso,
3192 1211 3639 1283 plurimorumque

2055 1321 2146 1374 per
2170 1320 2262 1359 ora
2292 1304 2516 1375 vulgato.
2550 1302 2726 1359 Scatet
2767 1306 2883 1357 vero
2912 1301 3159 1371 exemplis
3186 1302 3470 1357 innumeris
3500 1312 3643 1356 vetu-

2050 1404 2178 1464 stas,
2210 1396 2364 1468 plena
2388 1405 2459 1452 est
2483 1396 2646 1451 nostri
2675 1395 2920 1464 temporis
2949 1404 3094 1462 tetas,
3134 1398 3221 1466 qui
3248 1412 3390 1469 reges
3416 1408 3463 1451 et
3495 1397 3643 1465 prin—

2051 1494 2185 1565 cipes
2212 1494 2509 1562 felicitatem
2533 1493 2827 1547 calamitate
2850 1491 3179 1547 mutaverint.
3217 1489 3642 1563 Infelicissimum

2048 1596 2219 1643 autem
2250 1604 2407 1659 genus
2436 1587 2706 1659 infortunii
2742 1595 2815 1641 est
2842 1586 2998 1655 fuisse
3032 1585 3253 1656 felicem,
3287 1602 3350 1641 ex
3377 1602 3477 1657 quo
3509 1583 3643 1640 dixit

2051 1679 2298 1735 Horatius
2328 1697 2347 1735 :

2420 1795 2566 1868 Fuge
2594 1812 2799 1868 magna,
2825 1794 2941 1850 licet
2964 1797 3056 1850 sub
3079 1811 3302 1868 paupere
3328 1804 3458 1851 tecto

2266 1893 2426 1966 Reges
2453 1903 2502 1947 et
2529 1909 2706 1964 regum
2728 1893 2831 1946 vita
2861 1901 3156 1963 praevertere
3176 1892 3387 1945 amicos.

2050 2011 2188 2079 Quid
2243 2012 2307 2065 de
2362 2028 2538 2082 regum
2594 2020 2639 2064 et
2689 2010 2980 2079 principum
3035 2007 3373 2079 familiaribus
3420 2005 3639 2077 loquar?

2046 2105 2235 2161 Nonne
2265 2106 2502 2160 Tiberius
2532 2105 2783 2177 Sejanum
2814 2103 2894 2157 illi
2917 2118 3115 2172 semper
3145 2102 3434 2168 proximum
3467 2109 3514 2152 et
3552 2100 3639 2153 in-

2043 2199 2222 2253 timum
2251 2214 2383 2251 unco
2415 2195 2550 2250 trahi
2580 2204 2627 2249 et
2655 2194 3013 2263 excarniﬁcari
3040 2192 3341 2263 imperavit?
3376 2189 3564 2245 Nonne
3592 2198 3640 2245 et

2042 2289 2306 2344 Domitius
2331 2288 2470 2342 Nero
2502 2287 2746 2342 Senecam
2778 2296 3139 2355 prteceptorem
3169 2287 3235 2339 ad
3266 2295 3477 2339 mortem
3501 2284 3639 2337 com-

2044 2382 2215 2450 pulit?
2246 2381 2594 2452 Papinianum
2636 2380 2788 2433 etiam
2831 2380 2921 2433 diu
2968 2378 3099 2432 inter
3129 2378 3326 2432 aulicos
3363 2385 3636 2448 potentem,

2039 2472 2292 2526 Antonius
2322 2471 2545 2524 militum
2574 2469 2766 2542 gladiis
2797 2470 3021 2541 objecit?
3048 2478 3256 2540 propter
3276 2470 3414 2539 quod
3434 2470 3639 2540 elegan-

2040 2572 2115 2618 ter
2137 2565 2266 2618 dixit
2295 2562 2433 2618 idem
2458 2561 2687 2618 Flaccus
2709 2580 2728 2616 :

2330 2676 2507 2731 Dulcis
2530 2677 2810 2747 inexpertis
2831 2676 3035 2732 cultura
3055 2678 3273 2748 potentis
3301 2678 3473 2745 amici,

2324 2768 2584 2835 Expertus
2611 2768 2805 2821 metuit.

2036 2879 2182 2932 Alius
2229 2878 2514 2931 claritatem
2544 2878 2791 2948 optimum
2823 2877 3088 2950 judicans,
3121 2878 3402 2947 gloriosum
3450 2894 3634 2934 nomen

2037 2986 2326 3042 propagare
2356 2970 2673 3040 festinat,-in
2722 2971 2998 3040 primisque
3028 2986 3082 3024 re
3120 2971 3329 3024 militari
3360 2972 3635 3027 clarescere

2034 3065 2205 3134 gestit,
2239 3062 2499 3125 Ciceronis
2534 3080 2724 3118 memor
2760 3066 2833 3118 ita
2862 3063 3128 3118 scribentis
3152 3081 3170 3117 :
3204 3063 3448 3119 Militaris
3476 3068 3635 3121 virtus

2034 3164 2245 3225 prtestat
2283 3154 2432 3209 rebus
2461 3154 2712 3207 omnibus.
2748 3153 2876 3208 Haec
2916 3170 3097 3207 nomen
3140 3154 3333 3225 papula
3376 3154 3634 3221 Romano,

345 3246 517 3289 omnes
556 3252 664 3291 esse
693 3239 913 3308 patritii,
960 3254 1017 3297 ut
1059 3244 1222 3313 inquit
1254 3242 1447 3299 Cicero.
1491 3242 1593 3299 Ille
1632 3262 1747 3300 vero
1790 3245 1930 3300 omni
1958 3233 2005 3299 C
2036 3247 2146 3302 haec
2195 3249 2311 3302 huic
2351 3247 2464 3301 urbi
2501 3256 2743 3302 xternam
2773 3248 2991 3319 gloriam
3022 3249 3255 3319 peperit-
3288 3246 3417 3303 Hazc
3462 3250 3634 3302 orbem

344 3331 781 3387 commendatione
800 3334 987 3406 dignus
1011 3346 1105 3405 est,
1128 3339 1217 3408 qui
1241 3356 1337 3393 sua
1356 3340 1543 3394 virtute
1567 3341 1782 3411 posteris
1803 3358 1930 3413 pra:-

343 3420 494 3476 luxit.
544 3422 683 3479 Nam
729 3428 774 3482 si
814 3431 1053 3488 nobilitas
1094 3443 1166 3488 est
1200 3436 1431 3504 quaedam
1472 3437 1584 3491 laus
1625 3439 1824 3492 veniens
1867 3454 1931 3494 ex

342 3518 537 3573 meritis
571 3534 870 3591 parentum,
919 3544 999 3582 me
1037 3530 1241 3586 hercule
1264 3532 1284 3585 .'
1323 3533 1494 3588 aliena
1533 3544 1627 3589 est.
1676 3534 1927 3594 Miserum

343 3623 459 3664 vero
486 3621 577 3677 est,
624 3625 678 3668 ut
710 3619 782 3670 ait
827 3618 938 3686 ille,
979 3622 1202 3678 aliorum
1242 3625 1531 3682 incumbere
1555 3631 1728 3698 fantte.
1777 3628 1926 3686 Unde

342 3705 561 3770 graviter
585 3708 717 3765 dixit
742 3709 950 3767 Boetius
979 3731 992 3766 :

770 3803 907 3870 Quid
930 3821 1089 3875 genus
1113 3816 1161 3861 et
1190 3824 1405 3879 proavos
1440 3812 1702 3884 strepitis?

768 3895 831 3950 Si
854 3898 1139 3966 primordia
1164 3911 1338 3956 nastra

767 3986 1134 4059 Auctoremque
1166 3990 1331 4046 Deum
1351 4002 1562 4065 spectes,

766 4078 960 4135 Nullus
986 4083 1203 4153 degener
1232 4097 1415 4153 exstat,

780 4172 856 4227 Ni
884 4173 1019 4227 vitiis
1040 4178 1218 4244 pejora
1246 4178 1422 4247 fovens

766 4265 1048 4338 PrOprium
1070 4270 1269 4324 deserat
1298 4283 1485 4327 ortum.

405 4355 552 4408 Alius
584 4357 639 4411 in
667 4374 869 4414 summa
896 4364 1122 4433 potentia
1164 4380 1417 4418 summum
1461 4363 1649 4419 bonum
1680 4367 1916 4423 collocat.

334 4443 540 4516 Hicque
578 4460 667 4502 aut
705 4468 917 4525 regnare
945 4456 1106 4524 cupit,
1139 4465 1230 4509 aut
1273 4456 1476 4527 regibus
1516 4457 1814 4514 adhaerere:
1846 4476 1923 4515 re-

332 4558 491 4624 gnum
517 4560 581 4598 ex
611 4543 720 4601 Deo
749 4562 877 4616 esse,
923 4549 1020 4603 hoc
1062 4548 1334 4605 Homerico
1375 4552 1665 4607 admonitus
1694 4568 1711 4606 :
1742 4553 1921 4624 Neque

2035 3350 2289 3396 terrarum
2320 3356 2499 3411 parere
2526 3340 2646 3394 huic
2671 3341 2885 3410 imperio
2917 3342 3102 3410 coegit,
3136 3341 3402 3408 omniaque
3436 3343 3635 3395 urbana

2034 3446 2153 3490 sunt
2177 3437 2231 3490 in
2259 3436 2501 3507 praesidio
2531 3445 2578 3489 et
2608 3434 2767 3489 tutela
2793 3434 2992 3489 bellica:
3012 3436 3236 3488 virtutis.
3270 3433 3373 3488 llic
3400 3450 3523 3505 ergo
3544 3435 3634 3488 in-

2029 3528 2225 3605 glorios
2252 3540 2304 3585 et
2323 3530 2434 3584 sine
2463 3529 2667 3583 nomine
2694 3529 2856 3583 brutis
2881 3527 3295 3582 annumerandos
3327 3536 3492 3597 putat,
3516 3543 3634 3580 cum

2031 3626 2314 3694 prtesertim
2336 3624 2415 3679 vel
2445 3641 2571 3693 pace
2601 3624 2677 3679 vel
2706 3622 2839 3678 bello
2868 3625 3066 3677 clarum
3094 3621 3205 3690 ﬁeri
3247 3622 3420 3685 liceat,
3461 3630 3515 3673 ut
3558 3621 3635 3673 ait

2029 3715 2137 3770 ille.
2173 3714 2281 3770 Sed
2307 3715 2593 3787 complures
2620 3714 2773 3769 etiam
2795 3714 2876 3768 sui
2903 3714 3143 3785 temporis
3164 3712 3458 3777 clarissimi,
3482 3712 3633 3780 igno-

2032 3809 2097 3863 tis
2128 3818 2293 3863 tamen
2319 3808 2570 3863 mortibus
2596 3808 2879 3877 perierunt,
2911 3808 3081 3861 nullos
3106 3806 3272 3860 sortiti
3302 3820 3469 3860 rerum
3508 3821 3633 3857 sua-

2028 3917 2145 3955 rum
2165 3902 2457 3972 scriptores.
2491 3902 2628 3967 Quid
2656 3900 2793 3971 quod
2830 3900 3025 3970 scripta
3065 3909 3111 3954 et
3150 3906 3475 3952 monumenta
3505 3906 3631 3954 tem-

2030 4012 2156 4066 pore
2187 3995 2447 4050 tabescunt
2477 4004 2524 4049 et
2554 3995 2846 4049 intereunt?
2872 3991 3022 4047 Unde
3050 3990 3181 4047 illud
3208 4000 3280 4045 est
3304 4008 3323 4045 :

2102 4085 2353 4141 Miremur
2374 4086 2583 4157 periisse
2610 4085 2861 4151 homines,
2894 4092 3222 4138 monumenta
3249 4081 3534 4153 fatiscunt:

2176 4179 2321 4235 Mors
2348 4183 2503 4236 etiam
2527 4180 2664 4234 saxis
2692 4176 3078 4248 nominibusque
3100 4178 3253 4231 venit.

2032 4271 2155 4326 Iluc
2181 4272 2317 4327 adde
2345 4274 2480 4342 quod
2510 4272 2555 4324 si
2587 4271 2678 4325 toti
2706 4270 2998 4324 moriuntur
3024 4269 3274 4337 homines,
3298 4270 3435 4341 quod
3458 4278 3629 4323 tamen

2030 4381 2063 4418 a
2091 4366 2279 4419 nostris
2306 4365 2548 4419 institutis
2582 4373 2629 4417 et
2659 4362 2854 4432 legibus
2885 4362 3034 4433 longe
3074 4361 3338 4424 abhorret,
3368 4363 3512 4415 nulla
3548 4369 3625 4414 est

2029 4455 2239 4510 claritas
2274 4465 2322 4510 et
2361 4458 2546 4527 gloria,
2579 4471 2692 4509 cum
2730 4456 2774 4508 is
2819 4455 3025 4508 omnino
3065 4470 3167 4507 non
3205 4460 3385 4506 exstet.
3413 4452 3475 4505 Si
3505 4467 3623 4504 vero

2028 4549 2152 4603 bene
2179 4565 2317 4603 mens
2364 4550 2460 4603 sibi
2502 4550 2701 4602 conscia
2728 4549 2875 4613 recti,
2911 4556 3107 4601 terreno
3156 4561 3359 4598 carcere
3396 4543 3620 4609 reclusa,

330 4645 409 4705 tu,
458 4617 666 4706 Polide,
714 4642 836 4695 velis
883 4643 1187 4698 contendere
1241 4660 1359 4698 cum
1405 4662 1541 4717 rege,
1582 4646 1663 4699 cui
1703 4646 1765 4699 ab
1808 4617 1919 4716 ipso
1950 4617 2213 4696 Detelum
2262 4641 2419 4695 libera
2466 4642 2610 4711 petit,
2655 4655 2822 4693 nonne
2865 4654 3011 4692 omne
3058 4638 3316 4709 negotium
3365 4646 3621 4689 terrenum

329 4726 476 4796 love,
509 4733 676 4802 qualis
705 4751 964 4804 nunquam
995 4736 1166 4803 alteri,
1210 4736 1398 4791 collata
1438 4747 1510 4791 est
1538 4736 1781 4808 dignitas.
1816 4738 1919 4793 Hic

329 4821 489 4892 igitur
528 4836 582 4876 ut
626 4825 840 4881 excellat
885 4837 933 4881 et
981 4829 1213 4898 imperet,
1264 4830 1339 4883 nil
1377 4830 1704 4893 intentatum,
1746 4830 1921 4900 nilque

329 4915 568 4971 inausum
613 4919 868 4988 linquens,
897 4938 987 4991 per
1011 4922 1092 4992 fas
1122 4932 1168 4977 et
1192 4925 1336 4993 nefas
1366 4924 1433 4977 ad
1453 4934 1620 4979 votum
1656 4924 1918 4994 improbus

327 5023 593 5082 praperat,
621 5014 755 5069 illud
784 5017 1051 5087 Euripidis
1080 5036 1330 5091 usurpans
1358 5036 1378 5076 :
1410 5021 1471 5076 Si
1508 5022 1806 5077 violandum
1823 5024 1921 5095 jus

326 5114 421 5169 est,
451 5108 617 5175 gratia
656 5107 857 5178 imperii
895 5111 1210 5178 violandum,
1244 5114 1437 5167 cretei-is
1480 5114 1629 5167 rebus
1679 5115 1916 5186 pietatem

327 5194 489 5251 colas.
524 5198 686 5269 Reges
715 5202 847 5255 enim
876 5205 1098 5272 proximi
1137 5214 1257 5260 sunt
1286 5206 1386 5259 diis
1431 5206 1824 5274 immortalibus,
1857 5215 1916 5263 ut

326 5286 401 5340 ait
432 5286 623 5345 Caesar.
656 5292 831 5348 Cicero
857 5312 1056 5366 quoque
1096 5299 1292 5369 regium
1328 5314 1510 5354 nomen
1559 5310 1792 5355 sanctum
1817 5318 1916 5371 ap-

324 5384 505 5454 pellat.
534 5386 599 5441 At
619 5402 725 5457 vos,
752 5393 935 5445 terreni
957 5391 1207 5459 homines,
1239 5411 1407 5450 nonne
1437 5396 1776 5451 consideratis
1797 5396 1916 5467 qui-

324 5474 416 5529 bus
436 5478 711 5546 prtesidere
730 5483 1046 5538 videamini?
1068 5484 1211 5540 Num
1239 5488 1283 5539 si
1313 5488 1448 5542 inter
1476 5504 1642 5544 mures
1669 5490 1908 5546 videretis

321 5566 545 5638 aliquem
566 5573 657 5644 jus
683 5574 783 5630 sibi
811 5593 871 5630 ac
897 5586 1194 5647 potestatem
1219 5580 1584 5648 vindicantem,

501 5662 798 5736 Spectatum
828 5670 1039 5725 admissi
1069 5671 1229 5726 risum
1254 5674 1465 5729 teneatis
1493 5674 1687 5730 amici?

398 5754 460 5810 Si
490 5774 607 5812 vero
645 5775 831 5831 corpus
866 5762 1083 5818 hominis
1123 5766 1439 5835 pensitetur,
1482 5767 1610 5838 quid
1662 5784 1719 5822 eo
1755 5766 1909 5823 imbe-

323 5844 516 5919 cillius,
563 5852 687 5923 quid
729 5854 992 5924 fragilius,
1039 5872 1152 5909 cum
1196 5873 1547 5939 saepenumero
1596 5869 1644 5914 et
1693 5859 1817 5916 hora
1859 5871 1909 5919 et

611 5942 884 6009 PATROL.
920 5942 1147 6011 LXIII.

2032 4735 2270 4803 spernet?
2294 4744 2341 4787 et
2369 4734 2492 4787 ctelo
2518 4732 2716 4801 fruens,
2746 4730 2987 4803 gaudebit
3026 4746 3133 4785 sese
3168 4730 3248 4783 his
3288 4736 3576 4797 exemptam
3601 4726 3627 4780 1’

2037 4824 2184 4879 Unde
2210 4823 2345 4878 illud
2375 4834 2446 4879 est
2471 4839 2490 4876 :

2215 4914 2328 4969 Nec
2356 4914 2481 4968 vixit
2505 4916 2659 4981 male,
2683 4913 2767 4985 qui
2787 4911 3007 4968 moriens
3033 4920 3280 4983 natusque
3310 4910 3511 4984 fefellit.

2033 5008 2103 5066 Et
2124 5008 2213 5064 ille
2246 5006 2577 5079 Vergilianus
2607 5008 2699 5072 ait,

2600 5096 3028 5155 ...Pulcherrima
3050 5099 3269 5170 primum

2242 5192 2333 5249 Dii
2360 5206 2624 5263 moresque
2645 5192 2837 5245 dabunt
2868 5191 3038 5249 vestri.

2023 5307 2175 5363 Alius
2201 5307 2390 5380 gaudio
2430 5306 2707 5375 ltetitiaque
2736 5305 2921 5359 bonum
2970 5306 3193 5359 metitur.
3249 5303 3354 5358 Hic
3385 5304 3628 5375 felicissi-

2024 5418 2166 5457 mum
2193 5409 2335 5471 putat
2354 5399 2614 5469 voluptate
2642 5398 2899 5469 diffluere,
2933 5397 3000 5450 ad
3028 5414 3181 5468 quant
3214 5413 3303 5450 nos
3345 5412 3625 5466 propensos

2024 5503 2215 5548 natura
2253 5491 2499 5560 impellit,
2532 5491 2633 5544 imo
2662 5488 2947 5560 prtecipites
2973 5490 3106 5559 agit.
3158 5489 3308 5553 Quod
3346 5497 3514 5541 autem
3545 5504 3629 5540 se-

2025 5587 2251 5640 cundum
2271 5592 2511 5637 naturam
2530 5593 2625 5649 cst,
2654 5592 2709 5636 ut
2730 5584 2801 5635 ait
2826 5581 3143 5645 Aristoteles,
3164 5582 3218 5633 id
3245 5597 3397 5634 suave
3425 5594 3629 5634 comm-

2025 5677 2136 5746 git:
2166 5682 2542 5744 sequunturque
2565 5675 2735 5727 omnia
2757 5672 3003 5727 animalia
3042 5687 3153 5725 eam
3177 5671 3485 5741 voluptatein
3508 5686 3630 5735 qua:

2026 5766 2309 5821 secundum
2341 5775 2579 5819 naturam
2601 5776 2694 5819 est.
2731 5763 2831 5817 Hic
2860 5780 2982 5834 ergo
2999 5764 3177 5817 asserit
3205 5763 3325 5815 deos
3357 5774 3626 5832 propterea

2028 5876 2136 5919 esse
2156 5859 2507 5933 sempiternos,
2532 5859 2671 5933 quod
2700 5859 2861 5918 securi
2891 5858 3150 5929 voluptate
3169 5858 3365 5931 jugiter
3392 5864 3439 5912 et
3463 5853 3621 5910 conti:

3017 5949 3097 6012 28
