4290 6258
696 359 821 437 eis

1288 329 1295 335 ’
1361 360 1701 422 APPENDIX
1738 363 1829 419 AD
1865 362 2106 418 uanos
2141 360 2230 417 DE
2266 356 2778 418 consuemus
2815 353 3306 412 PHILOSOPHUE.

3852 350 3945 410 876

707 485 882 533 neuter
944 480 1294 551 perfruantur.
1352 480 1536 535 Libens
1588 495 1709 550 ergo
1772 478 1902 533 illud
1972 475 2279 530 Persianum
2307 475 2571 543 Aponam
2596 471 2907 533 discrimine,
2940 477 2996 522 ut
3024 482 3140 520 cum
3180 465 3321 519 Livio
3355 465 3552 534 loquor.
3591 463 3697 517 Alii
3739 466 3867 517 enim
3898 468 3946 519 in

708 582 923 646 usurpat
947 590 964 626 :

1097 665 1375 734 Carpamus
1406 664 1575 717 dulcia
1598 678 1617 717 :
1649 672 1881 717 nostrum
1909 670 1985 715 est

925 754 1076 819 Quod
1103 757 1245 820 vivis,
1275 757 1400 810 cinis
1428 765 1475 808 et
1505 771 1699 820 manes,
1730 763 1778 808 et
1798 754 1972 823 fabula
1991 753 2105 824 fies.

709 843 957 916 Craterum
984 848 1028 899 si
1058 847 1283 901 homines
1311 846 1594 916 voluptates
1618 852 1855 901 abeuntes
1884 845 2285 909 considerarent,

707 910 970 1004 solamque
998 939 1120 1007 facti
1144 910 1491 1007 paenitentiam
1518 955 1799 1010 superesse,
1830 954 1913 992 eas
1938 937 2103 1006 magis
2131 935 2291 989 decli-

708 1036 887 1080 narent
911 1036 1061 1097 atque
1086 1029 1390 1102 e/fugarent,
1431 1047 1585 1099 quam
1625 1039 1793 1084 nauta:
1821 1028 2038 1083 blandas
2082 1026 2288 1081 Sirenes

705 1127 753 1172 et
781 1135 990 1185 asperas
1019 1122 1395 1192 symplegades.
1442 1121 1568 1186 Quis
1597 1122 1732 1173 enim
1757 1136 1860 1174 non
1898 1118 2059 1173 libens
2085 1122 2290 1187 spernat

705 1221 754 1264 et
772 1212 981 1279 abjiciat
1004 1214 1264 1268 vilissima:
1294 1216 1740 1285 fragilissimaeque
1776 1216 1848 1269 rei
1879 1214 2108 1284 corporis
2138 1212 2293 1265 servi-

706 1305 875 1359 tium?
904 1304 1098 1360 Solitus
1124 1318 1233 1360 erat
1272 1309 1437 1362 dicere
1475 1308 1798 1361 Antisthenes
1838 1307 2173 1362 Socraticus:
2199 1305 2293 1359 In-

705 1397 924 1449 sanirem
954 1398 1122 1467 potius
1154 1416 1304 1466 quam
1336 1400 1633 1453 oblectarer.
1667 1399 1877 1453 Dicebat
1924 1401 2075 1453 etiam
2104 1397 2292 1469 Dioge-

706 1503 835 1541 nes:
869 1488 929 1541 Si
952 1506 1052 1542 non
1081 1489 1205 1544 ebrii
1227 1492 1424 1555 essetis,
1461 1492 1668 1545 Socrati
1708 1492 1952 1559 pareretis
1974 1507 1992 1545 :
2015 1501 2061 1544 et
2090 1498 2179 1544 aut
2201 1506 2294 1559 per

707 1595 877 1631 omnes
898 1588 1071 1634 wtates
1091 1582 1413 1635 continentia:
1426 1582 1721 1647 studeretis,
1736 1591 1826 1635 aut
1840 1583 2114 1649 suspendio
2135 1583 2293 1635 vitam

706 1670 939 1733 ﬁniretis.
965 1670 1089 1724 Cato
1109 1688 1306 1741 quoque
1326 1675 1376 1725 in
1409 1675 1636 1726 oratione
1659 1673 1880 1741 quadam
1908 1675 1978 1726 ita
2009 1674 2234 1727 homines
2258 1689 2293 1726 a

705 1761 961 1829 voluptate
982 1762 1236 1816 deterret:
1261 1764 1320 1816 Si
1344 1780 1445 1830 qua
1466 1781 1553 1831 per
1581 1763 1886 1833 voluptatem
1908 1766 2134 1834 nequiter
2161 1765 2293 1833 fece-

2390 566 2573 620 litteris
2594 572 2641 618 et
2668 561 2876 631 syllabis
2903 561 3005 613 sint
3046 558 3318 626 occupati:
3348 553 3428 609 Tu
3464 557 3736 611 sententias
3771 572 3944 626 quare,

2391 669 2445 713 ut
2473 659 2547 712 ait
2593 656 2961 725 Hieronymus.
3005 652 3095 706 Est
3125 653 3211 722 qui
3249 650 3568 703 dialecticam
3605 658 3763 719 petat,
3792 650 3950 718 saphi-

2388 762 2553 808 smata
2578 749 2813 822 quwdam
2843 758 2892 801 et
2931 746 3174 818 gryphas,
3205 744 3558 813 captionesque
3589 743 3870 813 labyrintho
3908 750 3951 795 et

2393 843 2676 898 Menandro
2722 841 2911 895 similes
2960 848 3158 892 tantum
3213 851 3541 906 percurrens,
3590 849 3874 903 semperque
3906 835 3953 886 in

2390 912 2525 1004 veri,
2556 945 2605 989 et
2653 934 2773 1005 falsi
2810 932 3084 1001 quaestione
3122 938 3421 997 occupatus.
3466 926 3616 993 Quod
3661 930 3781 978 dum
3823 926 3951 996 facit,

2393 1038 2532 1082 tanto
2563 1028 2620 1095 fit
2648 1043 2681 1079 a
2703 1026 2809 1080 veri
2849 1024 3134 1095 coynitione
3171 1021 3433 1086 remotior,
3459 1029 3649 1088 quanto
3682 1018 3955 1073 Simonides

2392 1122 2482 1175 ille
2510 1138 2541 1174 a
2576 1118 2674 1174 Dei
2707 1119 2919 1173 scientia
2947 1116 3308 1185 repellebatur.
3342 1115 3441 1181 Qui
3487 1130 3601 1166 cum
3644 1114 3708 1166 ab
3746 1112 3957 1169 Hierone

2395 1224 2611 1284 tyranno
2634 1219 2896 1281 cogeretur
2923 1207 3102 1262 rimari
3124 1214 3171 1260 et
3198 1221 3443 1273 quaerere,
3475 1207 3638 1272 qualis
3669 1203 3802 1258 Deus
3820 1212 3957 1269 esset,

2396 1308 2617 1375 primum
2638 1306 2794 1369 diem,
2822 1302 3006 1356 dehinc
3032 1300 3262 1365 biduum,
3295 1306 3471 1368 postea
3501 1309 3697 1367 tempus
3719 1297 3961 1367 duplicari

2397 1397 2704 1467 postulabat.
2743 1394 2891 1462 Quod
2911 1409 3027 1447 cum
3047 1401 3293 1462 tyrannus
3320 1391 3615 1455 miraretur,
3639 1389 3963 1458 philosophus

2393 1490 2523 1545 illud
2552 1487 2856 1558 respondit:
2894 1487 3102 1554 Quanto
3136 1485 3270 1539 enim
3299 1484 3492 1536 diutius
3520 1482 3808 1551 considero,
3835 1492 3962 1536 tanta

2393 1598 2475 1636 res
2498 1580 2692 1635 videtur
2714 1578 2994 1633 obscurior.
3029 1576 3123 1631 Est
3152 1576 3239 1647 qui
3279 1575 3346 1629 ad
3369 1574 3680 1629 rhetoricam
3717 1575 3958 1643 deflectat,

2395 1689 2506 1726 eam
2527 1672 2756 1742 reginam
2776 1686 2946 1723 rerum
2968 1668 3197 1722 omnium
3218 1665 3508 1737 appellans,
3534 1681 3650 1734 qua
3668 1668 3868 1736 rupicos
3886 1665 3963 1719 ho-

2395 1764 2557 1818 mines
2585 1772 2635 1819 et
2656 1764 2899 1832 agresteis
2925 1770 2974 1816 et
2995 1760 3329 1832 dispalanteis
3361 1760 3413 1811 in
3444 1775 3606 1813 unum
3636 1760 3958 1830 congregavit,

705 1851 836 1915 ritis,
859 1851 1091 1921 voluptas
1134 1856 1234 1906 cito
1273 1856 1448 1917 abibit,
1483 1857 1708 1925 nequiter
1750 1858 1942 1925 factum
1978 1857 2108 1910 illud
2149 1858 2291 1926 apud
2320 1860 2370 1922 B
2396 1870 2442 1913 et
2471 1858 2540 1911 ad
2561 1858 2720 1911 civilis
2759 1856 2985 1925 obsequii
3022 1854 3229 1925 pellexit
3257 1853 3603 1922 disciplinam,
3628 1861 3677 1905 et
3701 1866 3812 1922 qua:
3839 1854 3960 1921 fora,

705 1956 791 1993 vos
816 1958 1006 2010 semper
1035 1944 1273 1997 manebit.
1303 1943 1450 1997 Alius
1483 1946 1701 2013 formam
1721 1954 1767 1997 et
1788 1947 2082 2014 dignitatem
2113 1964 2293 2017 corpe-

704 2031 779 2083 ris
820 2035 1291 2099 prwstantissimum
1318 2044 1503 2103 putans
1529 2051 1545 2088 :
1578 2035 1724 2098 Ha'c,
1755 2036 1937 2105 inquit,
1971 2037 2063 2089 dos
2085 2048 2155 2091 est
2180 2054 2295 2108 quae

706 2124 943 2177 conciliat
966 2125 1212 2191 homines,
1233 2142 1444 2197 quicque
1471 2128 1589 2180 deos
1620 2127 1785 2180 allicit
1806 2138 1852 2181 et
1876 2128 2072 2195 invitat,
2098 2129 2294 2197 impru-

707 2215 830 2268 dens
872 2225 1023 2284 atque
1060 2218 1344 2282 immemor,
1378 2220 1499 2285 quid
1544 2217 1850 2289 Hippolyto,
1898 2220 2021 2286 quid
2063 2217 2296 2274 Bellero-

707 2307 907 2378 phonti,
936 2309 1059 2377 quid
1081 2308 1399 2379 Hyacintho,
1421 2310 1543 2380 quid
1560 2309 1718 2380 Hylle
1740 2319 1785 2363 et
1814 2311 1930 2364 aliis
1952 2311 2005 2363 id
2026 2327 2183 2381 genus
2203 2328 2293 2365 ac-

707 2402 907 2468 ciderit,
940 2404 1123 2473 quibus
1162 2405 1351 2473 species
1382 2404 1713 2470 dispendiosa
1745 2405 1842 2475 fuit
1868 2413 1914 2459 et
1942 2407 2136 2459 noxia?
2174 2405 2298 2461 Huc

708 2493 843 2547 adde
867 2493 1005 2561 quod
1031 2495 1214 2563 formae
1234 2496 1369 2547 nitor
1389 2495 1600 2565 rapidus
1625 2505 1700 2550 est
1724 2505 1771 2549 et
1793 2498 1956 2564 velox,
1987 2498 2296 2551 vernalium-

707 2601 803 2651 que
824 2587 1009 2655 florum
1028 2586 1367 2640 mutabilitate
1389 2586 1639 2658 fugacior.
1670 2586 1816 2643 Unde
1835 2589 2094 2645 Salustius
2117 2591 2297 2659 forma:

708 2676 926 2744 gloriam
955 2679 1153 2747 ﬂuxam
1179 2686 1224 2731 et
1245 2678 1480 2749 fragilem
1501 2679 1672 2734 dixit:
1694 2692 1739 2733 et
1763 2679 2111 2749 Calphurnius
2135 2697 2155 2735 :
2268 2666 2293 2682 ³

780 2766 983 2822 Donum
1017 2772 1182 2840 forma
1212 2770 1357 2825 breve
1388 2778 1483 2838 est,
1515 2788 1607 2826 nec
1628 2788 1682 2827 se
1703 2774 1791 2826 tibi
1818 2776 2105 2829 commodat
2124 2775 2291 2829 annis.

715 2856 1053 2923 Quamobrem
1098 2858 1329 2925 Spurina
1377 2862 1465 2915 ille
1512 2861 1797 2918 Hetruscus
1841 2882 1940 2919 non
1990 2866 2298 2923 mediocrem

711 2944 917 3001 laudem
944 2957 1017 3003 est
1060 2951 1199 3022 apud
1226 2961 1457 3021 posteros
1494 2965 1778 3021 assecutus,
1809 2938 2091 3025 quodcum
2132 2961 2300 3029 specie

708 3053 805 3091 sua
826 3038 1014 3094 illustri
1043 3041 1380 3113 complurium
1409 3052 1763 3099 matronarum
1783 3047 1957 3101 oculos
1978 3048 2295 3114 sollicitaret,

710 3127 892 3196 faciem
923 3133 1183 3201 prapriam
1210 3133 1387 3187 multis
1427 3135 1708 3190 inhonestis
1746 3137 2037 3191 vulneribus
2066 3156 2126 3191 ac
2150 3140 2298 3210 foedis

2394 1951 2679 2022 gymnasia,
2712 1949 2960 2021 porticus,
2991 1946 3208 2009 theatra,
3238 1952 3340 1996 tam
3383 1941 3595 1995 Athenis
3623 1958 3776 2013 quam
3804 1943 3965 1995 Roma

2394 2060 2488 2114 pro
2515 2041 2727 2097 arbitrio
2767 2039 2962 2094 domuit
2989 2038 3244 2106 ﬂexitque.
3293 2034 3399 2089 Hic
3441 2044 3614 2089 tamen
3657 2035 3820 2103 seipso
3853 2048 3964 2086 usus

2396 2139 2617 2209 pessimo
2644 2136 2725 2205 (ut
2750 2133 2963 2203 dicitur)
2990 2140 3318 2204 praeceptore,
3349 2130 3493 2184 nulla
3520 2130 3785 2184 observans
3803 2129 3963 2183 rheto-

2395 2232 2525 2287 rices
2552 2231 2807 2284 catholica
2827 2245 2887 2282 ac
2912 2235 3186 2299 prxcepta,
3210 2233 3381 2279 orator
3400 2225 3505 2278 vult
3524 2224 3798 2293 appellari.
3824 2221 3965 2276 Curu-

2397 2341 2495 2395 que
2523 2334 2642 2378 ante
2677 2322 2849 2377 omnia
2874 2323 3063 2392 apertis
3098 2335 3158 2373 ac
3190 2319 3376 2373 lucidis
3414 2318 3707 2372 nominibus
3739 2318 3803 2371 sit
3833 2326 3965 2371 uten-

2405 2416 2550 2479 dum,
2585 2414 2667 2467 hic
2703 2414 2902 2484 majore
2926 2412 2980 2465 in
3009 2411 3191 2464 litteris
3220 2408 3497 2479 jactantia,
3525 2418 3578 2461 et
3608 2410 3888 2481 σοφιστεία,
3914 2406 3963 2460 id

2400 2518 2473 2562 est
2502 2506 2740 2571 elatione,
2780 2521 2932 2573 quam
2967 2518 3143 2574 Opera,
3182 2502 3341 2557 verbis
3382 2503 3495 2571 jam
3544 2501 3745 2569 pridem
3787 2501 3965 2565 desitis,

2402 2598 2657 2662 obsoletis,
2697 2606 2745 2650 et
2783 2596 2984 2664 penitus
3034 2594 3307 2649 reconditis
3355 2592 3608 2657 abutitur,
3649 2592 3968 2646 caeoselarius

2402 2690 2504 2744 dici
2538 2690 2750 2760 cupiens
2785 2696 2832 2742 et
2870 2687 3209 2756 antiquarius,
3235 2694 3513 2739 ostentator
3539 2686 3705 2754 magis
3742 2684 3969 2737 doctrina

2401 2798 2555 2853 quam
2580 2796 2728 2836 verus
2760 2794 3039 2849 possessor,
3067 2780 3121 2832 in
3148 2792 3298 2847 quem
3327 2778 3560 2832 convenit
3584 2778 3678 2832 illa
3704 2779 3766 2831 de
3785 2784 3970 2831 oratore

2402 2875 2566 2945 facta
2590 2874 2857 2942 definitio:
2885 2872 3073 2927 Orator
3093 2881 3168 2927 est
3188 2872 3264 2925 vir
3284 2872 3447 2926 malus
3476 2873 3683 2926 dicendi
3709 2870 3967 2942 imperitus.

2405 2966 2594 3022 Orator
2618 2968 2750 3021 enim
2781 2971 3037 3037 perfectus
3072 2965 3241 3020 adhuc
3269 2966 3609 3020 desideratur.
3642 2967 3785 3019 Alius
3813 2973 3887 3036 (ut
3910 2961 3971 3013 ad

2401 3056 2730 3123 mathemata,
2761 3058 2816 3111 id
2842 3068 2933 3123 est,
2964 3057 3034 3109 ad
3060 3055 3265 3110 altiores
3284 3056 3589 3127 disciplinas
3613 3056 3724 3111 vela
3745 3049 3971 3125 dirigam)

2402 3151 2470 3204 ad
2510 3151 2841 3223 astrologiam
2876 3151 3157 3217 contendit,
3200 3148 3349 3202 illum
3389 3148 3633 3215 iudicans
3676 3149 3745 3202 ad
3772 3158 3973 3218 unguem

709 3217 1029 3275 cicatricibus
1046 3221 1367 3293 deformavit,
1402 3234 1459 3277 ut
1478 3241 1648 3279 veram
1667 3228 1828 3282 animi
1859 3229 2293 3297 pulchritudinem
2321 3240 2372 3309 ο
2401 3244 2623 3311 beatum,
2655 3217 2907 3314 δᾷρταραε
2937 3251 3052 3297 uota
3078 3242 3299 3312 felicem,
3340 3242 3425 3311 qui
3452 3226 3712 3295 astrorum
3744 3217 3972 3295 siderum-

707 3310 962 3366 retineret.
996 3311 1185 3367 Verum
1210 3316 1257 3369 si
1287 3316 1365 3386 (ut
1393 3316 1557 3385 inquit
1594 3319 1909 3390 Aristoteles)
1936 3322 2131 3393 lynceis
2173 3342 2298 3380 ocu-

710 3397 774 3451 lis
823 3401 1049 3483 homines
1099 3413 1383 3473 uterentur,
1429 3408 1505 3460 sic
1547 3416 1603 3462 ut
1649 3426 1825 3463 eorum
1868 3412 2005 3466 visus
2048 3413 2300 3471 obstantia

709 3493 1092 3559 transmitteret,
1117 3504 1164 3548 et
1178 3508 1466 3567 penetraret
1481 3514 1501 3553 :
1513 3516 1681 3556 nonne
1701 3503 1997 3573 introspecti
2018 3506 2302 3564 Alcibiadis

710 3595 896 3667 cqrpus
907 3583 1179 3653 superficie
1198 3586 1616 3658 pulcherrimum,
1640 3596 1991 3663 turpissimum
2010 3599 2302 3656 videretur?

710 3668 1002 3727 Pulchrum
1023 3676 1157 3730 enim
1184 3678 1380 3748 aliquid
1409 3680 1567 3735 videri
1592 3698 1691 3737 non
1713 3700 1810 3738 sua
1834 3695 2037 3757 natura,
2067 3692 2153 3744 sed
2179 3706 2301 3744 ocu-

711 3762 880 3818 lorum
920 3768 1255 3837 spectantium
1290 3772 1460 3826 reddit
1507 3774 1803 3843 inﬁrmitas.
1848 3777 1992 3833 Alius
2036 3780 2088 3834 in
2117 3782 2303 3838 virtute

711 3873 881 3915 veram
921 3862 1081 3916 animi
1111 3864 1344 3933 quietem,
1376 3866 1893 3941 tranquillitatemque
1934 3871 2116 3926 mentis
2151 3889 2302 3945 repo-

711 3974 835 4013 nens
876 3954 1060 4025 grandi
1101 3971 1279 4024 passu,
1320 3958 1555 4027 omnique
1584 3960 1775 4023 impetu
1814 3961 1883 4014 ad
1912 3976 2023 4015 eam
2049 3963 2299 4033 defertur,

722 4046 1000 4101 arbitratus
1041 4046 1085 4098 ei
1128 4046 1302 4099 omnia
1326 4048 1511 4114 inesse,
1535 4064 1683 4117 quem
1715 4066 1869 4120 penes
1898 4052 1965 4105 sit
1988 4052 2167 4121 virtus,
2197 4070 2303 4109 me-

711 4154 823 4193 mor
848 4138 1003 4208 hujus
1033 4138 1243 4207 hymni:
1280 4137 1480 4207 Virtus,
1504 4143 1695 4212 optima
1720 4146 1917 4200 venatio
1941 4145 2056 4199 vitae
2078 4163 2130 4201 es
2166 4164 2302 4201 mor-

712 4231 899 4285 talibus
924 4229 1176 4285 omnibus.
1211 4229 1391 4285 Talem
1417 4240 1474 4285 tu
1485 4234 1623 4305 jacis
1646 4237 1699 4289 in
1721 4247 1927 4305 pectora
1947 4238 2165 4293 nobilem
2191 4240 2306 4308 fru-

711 4330 868 4387 ctum,
911 4329 1155 4393 perpetuo
1197 4332 1419 4395 tempore
1457 4327 1547 4395 qui
1591 4343 1779 4383 manet.
1828 4330 1965 4383 Auro
2006 4339 2062 4383 tu
2100 4331 2299 4385 melior.

711 4413 999 4471 Nocturnis
1040 4412 1123 4466 hic
1166 4414 1325 4485 igitur
1352 4413 1541 4470 chartis
1573 4418 1847 4487 pallescere
1885 4420 2047 4489 cupit.
2078 4420 2301 4477 Zenonis

711 4509 943 4579 exemplo
970 4511 1284 4576 stimulatus,
1329 4514 1416 4581 qui
1452 4529 1568 4566 cum
1607 4513 1901 4585 Apollinem
1938 4518 2295 4584 consuluisset,

2403 3352 2502 3405 que
2532 3345 2751 3401 meatus,
2782 3336 2893 3390 creti
2934 3335 3144 3399 itinera,
3176 3348 3387 3387 occasus
3431 3345 3478 3387 et
3523 3344 3669 3388 ortus
3709 3334 3969 3405 signorum,

2404 3429 2630 3500 deliquia
2649 3428 2773 3483 solis
2802 3444 2862 3481 ac
2891 3428 3026 3482 luna:
3047 3429 3249 3481 calleat.
3269 3424 3471 3496 Hisque
3484 3425 3715 3480 Hercule
3725 3434 3771 3479 et
3790 3422 3974 3478 Atlante

2403 3520 2649 3586 emeritis,
2669 3522 2885 3591 jamque
2899 3518 3150 3588 fatigatis,
3172 3520 3435 3588 supposito
3455 3519 3665 3585 vertice,
3690 3517 3863 3571 calum
3878 3513 3972 3583 ful-

2404 3612 2507 3666 cire
2547 3611 2703 3680 cupit.
2755 3610 2846 3665 Sic
2887 3610 3023 3664 enim
3070 3611 3256 3679 petitur
3294 3610 3493 3672 caelum,
3526 3618 3586 3661 ut
3629 3610 3702 3663 ait
3755 3605 3970 3671 Ovidius,

2404 3700 2768 3771 Anaxagoram
2809 3701 2940 3769 forte
2986 3700 3286 3765 demiratus,
3337 3701 3426 3770 qui
3481 3700 3709 3769 lapidem
3756 3710 3973 3751 casurum

2405 3808 2433 3845 e
2454 3792 2561 3844 sole
2590 3790 2848 3858 praedixit.
2868 3788 3060 3844 Verum
3080 3790 3319 3860 quoniam
3347 3790 3634 3845 innumera:
3662 3798 3778 3842 sunt
3805 3787 3970 3850 stellae,

2404 3896 2517 3951 quae
2537 3883 2764 3935 nondum
2792 3882 2849 3935 in
2874 3882 3208 3951 coqnitionem
3237 3882 3532 3935 mortalium
3553 3882 3872 3943 devenerunt,
3902 3876 3973 3928 id.

2406 3971 2540 4023 circo
2560 3970 2848 4039 astrologus
2869 3971 3166 4041 plerumque
3194 3968 3417 4040 fallitur,
3440 3980 3484 4023 et
3500 3969 3563 4023 ab
3582 3978 3691 4025 arte
3715 3968 3970 4024 deseritur.

2406 4062 2679 4134 Diogenes,
2698 4064 2759 4116 ob
2787 4063 2902 4128 hoc,
2935 4079 3051 4117 cum
3075 4063 3345 4132 quemdam
3365 4063 3428 4117 de
3452 4061 3579 4117 solis
3601 4072 3785 4117 natura
3806 4077 3863 4113 ac
3888 4073 3972 4128 p0-

2395 4164 2585 4206 ‘testate
2612 4156 2960 4220 disserentem,
2993 4165 3041 4209 et
3071 4156 3306 4209 omnibus
3342 4155 3730 4225 persuadentem
3763 4152 3971 4211 vidisset,

2407 4248 2638 4316 quando,
2657 4248 2841 4317 inquit,
2861 4246 2924 4300 de
2943 4247 3067 4301 caelo
3082 4245 3422 4301 descendisti?
3436 4243 3688 4299 Caeterum
3701 4245 3745 4298 si
3770 4242 3973 4307 reliquos

2410 4339 2644 4392 humana:
2685 4337 2802 4392 vita
2842 4354 3035 4392 errores
3074 4339 3129 4390 in
3180 4336 3375 4390 exteris
3416 4335 3704 4403 disciplinis
3751 4336 3974 4387 enarrare

2404 4432 2604 4498 vellem,
2620 4433 2792 4487 tertius
2806 4431 3021 4501 fortasse
3040 4428 3186 4497 Cato,
3211 4439 3257 4483 et
3279 4439 3486 4482 octavus
3505 4426 3717 4495 saphos,
3733 4430 3975 4487 nouusque

2406 4524 2647 4594 magister
2668 4538 2866 4577 morum
2894 4522 3109 4588 dicerer,
3130 4528 3178 4575 et
3203 4519 3561 4581 subsannarer,
3592 4516 3811 4586 mihique
3828 4509 3974 4566 satie-

712 4620 812 4675 quo
843 4613 990 4673 pacto
1014 4604 1203 4672 optime
1232 4604 1608 4675 vivereposset,
1644 4623 1942 4678 responsum
1969 4611 2206 4679 accepit:
2236 4611 2301 4667 Si
2327 4611 2383 4673 D
2411 4623 2585 4680 tatem,
2618 4614 2758 4668 vobis
2786 4623 2958 4666 autem
3001 4612 3265 4682 fastidium
3302 4626 3365 4665 ac
3408 4625 3655 4663 nauseam
3691 4606 3971 4675 conﬂarem-

712 4694 929 4745 mortuis
950 4688 1122 4743 colore
1145 4705 1357 4744 concors
1375 4699 1522 4755 esset,
1546 4690 1643 4746 hoc
1668 4703 1763 4759 est,
1792 4694 1837 4747 si
1860 4695 1927 4748 ad
1951 4695 2186 4766 legendos
2205 4714 2300 4751 an-

712 4783 968 4851 tiquorum
988 4781 1142 4835 libros
1170 4798 1357 4852 magno
1382 4782 1552 4835 studio
1579 4799 1686 4838 sese
1702 4786 2018 4841 contulisset.
2049 4786 2300 4843 therum

710 4890 825 4927 cum
851 4874 1005 4928 varia:
1022 4873 1124 4927 sint
1146 4883 1280 4928 artes
1302 4886 1347 4927 et
1375 4874 1681 4944 disciplima,
1709 4877 1886 4947 estqui
1907 4880 2301 4949 grammaticam

712 4974 962 5020 sectetur:
987 4981 1101 5037 quae
1127 4982 1241 5019 cum
1270 4967 1323 5018 in
1355 4965 1486 5019 duas
1516 4976 1687 5037 partes
1731 4967 2007 5035 dividatur,
2052 4980 2106 5024 ut
2134 4973 2300 5040 inquit

713 5053 928 5121 Fabius,
959 5057 1013 5108 in
1038 5055 1159 5110 bene
1200 5056 1439 5125 loquendi
1466 5058 1730 5111 scientiam
1757 5067 1806 5113 et
1835 5068 2102 5128 poetarum
2147 5070 2307 5116 enar-‘

712 5146 955 5211 rationes,
1004 5142 1306 5213 posthabitis
1348 5145 1425 5200 his
1465 5157 1513 5201 et
1553 5149 1770 5216 omissis,
1815 5167 1931 5221 qua:
1967 5152 2036 5205 ad
2083 5154 2302 5209 solidam

712 5238 913 5309 frugem
943 5237 1211 5309 pertinent,
1246 5238 1371 5291 levia
1397 5246 1443 5291 et
1478 5237 1679 5292 ludicra
1716 5256 1944 5295 morosus
1976 5252 2023 5296 et
2055 5243 2302 5301 delicatus

712 5330 842 5383 scire
870 5328 1015 5399 gestit
1039 5344 1057 5381 :
1078 5328 1297 5397 exempli
1323 5344 1499 5385 causa.
1532 5329 1743 5398 Quoties
1774 5349 1841 5387 an
1862 5334 2092 5400 quotiens
2123 5335 2189 5389 sit
2220 5337 2302 5391 di-

713 5423 950 5489 cendum,
972 5421 1197 5492 conjunx
1224 5437 1289 5475 an
1310 5424 1426 5492 conj
1432 5439 1521 5489 ux,
1552 5434 1601 5479 et
1628 5442 1696 5479 an
1724 5426 1903 5481 amicei
1928 5443 2137 5482 numero
2160 5429 2304 5484 mul-

713 5513 946 5568 titudinis
964 5529 1052 5584 per
1075 5528 1105 5568 e
1128 5522 1175 5567 et
1198 5514 1212 5567 i
1234 5513 1299 5567 sit
1312 5512 1655 5583 scribendum,
1683 5526 1737 5569 ut
1760 5518 1989 5572 censebat
2014 5517 2259 5590 Nigidius
2279 5536 2302 5573 :

713 5614 761 5658 et
786 5621 855 5659 an
881 5604 1035 5659 vireis
1066 5615 1114 5658 et
1138 5606 1331 5660 omneis
1362 5606 1415 5659 in
1452 5607 1643 5675 plurali
1670 5624 1699 5664 e
1733 5620 1977 5677 assumat,
2021 5621 2077 5664 ut
2117 5613 2303 5667 asserit

716 5692 1070 5761 Terentianus,
1111 5695 1316 5767 aliaque
1345 5697 1399 5750 id
1428 5714 1604 5769 genus,
1638 5715 1749 5768 qua:
1786 5701 1839 5753 in
1876 5699 2066 5757 Plauto
2090 5703 2301 5758 subtilis

713 5785 869 5840 lector
894 5786 1134 5852 ofendet.
1181 5789 1384 5860 Quippe
1410 5808 1523 5861 quae
1560 5791 1701 5849 haud
1743 5797 1970 5866 equidem
2014 5799 2069 5855 in
2110 5815 2294 5871 magno

2410 4704 2497 4760 Ex
2525 4721 2627 4777 quo
2656 4708 2874 4776 referam
2894 4703 3093 4773 pedem,
3120 4712 3167 4758 et
3184 4703 3252 4756 ad
3272 4701 3578 4755 medicinam
3602 4698 3864 4787 (quamme
3884 4691 3975 4787 da-

2410 4811 2581 4852 turum
2605 4798 2838 4869 promisi)
2866 4796 3042 4865 paucis
3070 4810 3146 4847 me
3172 4801 3476 4847 convertam.
3496 4792 3625 4843 Ante
3648 4785 3834 4849 omnia,

2410 4863 2694 4944 nentissimi
2719 4863 3002 4951 auditores,
3025 4899 3227 4938 necesse
3254 4890 3326 4937 est
3365 4882 3458 4935 hoc
3485 4876 3818 4948 praetendere,
3857 4863 3976 4923 nihil

2410 4980 2553 5051 apud
2581 4977 2747 5034 Deum
2772 4978 2886 5048 ﬁeri
2909 4978 3020 5031 sine
3039 4977 3256 5041 ratione,
3287 4982 3341 5027 ut
3369 4974 3441 5027 ait
3466 4969 3830 5038 Hieronymus.
3854 4958 3974 5013 Deus

2411 5080 2584 5126 autem
2610 5072 2699 5143 qui
2725 5085 2922 5125 summa
2946 5069 3080 5121 ratio
3107 5076 3203 5132 est,
3232 5066 3480 5119 hominem
3520 5062 3615 5116 hac
3644 5061 3744 5129 ﬁne
3768 5056 3976 5127 plasma-

2411 5161 2499 5228 vit,
2528 5170 2585 5214 ut
2606 5161 2852 5232 magistra
2880 5175 2943 5213 ac
2967 5159 3093 5212 duce
3126 5157 3342 5222 ratione,
3375 5157 3529 5211 vitam
3562 5155 3617 5208 in
3647 5150 3791 5207 terris
3821 5146 3975 5213 ager“

2409 5252 2685 5306 ccelestem.
2716 5249 2874 5305 Hanc
2900 5266 3014 5304 vero
3042 5249 3089 5303 si
3128 5244 3406 5315 omitteret,
3440 5249 3497 5302 in
3523 5260 3740 5319 princeps
3776 5232 3976 5295 collabe-

2408 5350 2550 5395 retur
2572 5356 2592 5395 :
2622 5340 2759 5394 unde
2784 5340 3040 5409 sapienter
3070 5339 3201 5395 dixit
3230 5338 3442 5394 Persius
3462 5356 3482 5394 :

2486 5429 2583 5484 Nil
2611 5431 2702 5485 tibi
2730 5431 2975 5485 concessit
3002 5431 3151 5496 ratio,
3183 5430 3399 5503 digitum
3429 5445 3591 5495 exere,
3624 5439 3819 5497 peccas.

2412 5520 2572 5577 Divus
2601 5538 2799 5594 quoque
2829 5520 3173 5593 Hieronymus
3201 5524 3354 5590 dixit,
3382 5521 3609 5594 corporis
3636 5514 3791 5572 nostri
3816 5518 3977 5565 sensus

2412 5632 2520 5671 esse
2538 5616 2685 5688 quasi
2712 5632 2866 5686 equos
2892 5624 3148 5669 currentes
3172 5617 3281 5670 sine
3320 5625 3534 5680 rectore,
3560 5612 3784 5667 animum
3812 5617 3917 5701 vero
3941 5605 3981 5649 ει

2411 5708 2661 5761 rationem
2690 5707 2745 5760 in
2771 5707 2966 5777 aurigte
3007 5706 3216 5758 modum
3254 5707 3468 5759 retinere
3502 5707 3658 5777 frena
3683 5701 3985 5752 currentium.

2415 5798 2664 5871 Quisquis
2684 5798 2840 5869 igitur
2861 5796 2991 5853 duce
3012 5797 3208 5853 ratione
3233 5794 3585 5870 ambulaverit,
3629 5792 3681 5858 in
3705 5784 3871 5863 primis
3893 5780 3988 5851 fot-
