4276 6260
297 384 399 436 877

1362 381 1571 437 VARIA
1609 376 2035 436 MONUMENTA
2074 374 2510 435 LITTERARIA.

3460 374 3568 432 878

294 508 473 550 tunam
506 494 641 565 (qua
666 496 803 565 apud
834 495 1106 563 prudentes
1135 495 1335 549 nullum
1364 512 1549 549 numen
1575 494 1743 563 habet)
1771 493 1876 547 cal-
1899 493 1954 554 Δ
1978 508 2177 546 sacrum
2204 495 2431 547 studium
2460 490 2780 546 litterarum?
2809 488 2921 545 Hoc
2942 505 3065 562 ergo
3084 488 3251 545 Boetii
3277 504 3407 559 opus
3426 491 3571 557 quis-

295 590 448 656 cabit,
479 601 527 644 et
556 590 720 659 fatum
743 590 973 657 subiiciet
994 590 1224 659 pedibus,
1258 590 1458 644 divitias
1479 599 1527 643 et
1555 605 1673 659 apes
1698 604 1877 656 asper-

297 683 520 741 nabitur.
553 692 930 753 contemnetque
956 693 1196 755 tanquam
1215 684 1622 753 intemperantia
1641 694 1687 737 et
1707 682 1883 751 nequi-

296 777 381 829 tia
403 776 688 840 materiam,
707 777 1030 846 omniumque
1043 782 1287 830 scelerum
1302 777 1629 830 seminarium
1644 790 1665 829 :
1686 774 1882 828 dolium

297 887 359 923 ac
382 886 559 935 peram
581 869 822 941 Diogenis
842 871 1178 939 concupiscet,
1202 870 1272 924 ad
1296 879 1534 924 naturam
1557 869 1747 932 vivens,
1769 881 1883 939 qua

298 966 478 1035 paucis
503 972 550 1019 et
570 964 793 1017 minimis
812 973 1047 1017 contenta
1067 973 1159 1019 est.
1184 961 1210 1016 1
1218 966 1329 1016 dem
1354 963 1625 1016 ambitiosa
1648 960 1877 1023 nomina,

297 1063 347 1106 et
374 1052 579 1107 inutiles
614 1055 981 1123 magistratus,
1021 1063 1262 1123 tanquam
1304 1054 1515 1107 blandos
1554 1050 1883 1105 insidiatores

296 1146 684 1216 reformidabit,
734 1146 1040 1199 conscientia
1095 1145 1339 1216 benefacti
1384 1144 1660 1199 munitus:
1702 1142 1883 1213 hisque

295 1238 443 1291 bonis
463 1238 713 1308 gaudens,
749 1253 864 1308 qua
889 1241 941 1291 in
967 1238 1078 1307 ipso
1102 1247 1243 1301 sunt,
1276 1244 1483 1301 externa
1508 1236 1812 1306 despiciens,
1834 1241 1883 1288 et

297 1347 396 1382 non
423 1329 555 1383 assis
589 1330 800 1399 faciens,
833 1330 1015 1383 virtute
1042 1329 1152 1401 sola
1182 1337 1467 1383 contentus.
1504 1327 1571 1384 Ut
1599 1328 1734 1382 enim
1766 1325 1883 1380 Ilo-

296 1423 459 1475 ratius
484 1437 503 1475 :

661 1514 835 1568 Virtus
862 1513 1082 1585 repulsa
1110 1514 1277 1569 nescia
1302 1512 1543 1567 sordida.

661 1606 984 1660 lntaminatis
1012 1606 1172 1676 fulget
1200 1606 1492 1660 honoribus.

654 1699 765 1752 Nec
792 1701 933 1769 ponit
952 1710 1040 1753 aut
1070 1700 1222 1754 sumit
1246 1715 1444 1753 secures

651 1791 875 1845 Arbitrio
906 1791 1168 1861 popularis
1194 1806 1353 1844 aura.

297 1881 369 1937 Et
394 1880 714 1937 Claudianus
738 1898 757 1936 :

477 1971 603 2040 Ipsa
628 1972 832 2040 quidem
862 1974 1021 2027 virtus
1047 1974 1266 2044 pretium
1293 1972 1409 2041 sibi,
1440 1972 1649 2040 solaque
1674 1972 1777 2026 late

475 2064 726 2119 Fortuna
746 2080 929 2118 secura
952 2066 1097 2134 nitet,
1128 2082 1217 2120 nec
1239 2064 1463 2134 fascibus
1493 2066 1614 2119 ullis

476 2154 737 2226 Exigitur,
760 2158 1042 2228 plausuque
1064 2159 1187 2230 petit
1211 2158 1486 2212 clarescere
1505 2157 1667 2228 vulgi,

476 2248 571 2303 Nil
593 2265 721 2317 opus
744 2258 967 2303 externa
995 2250 1222 2321 cupiens,
1252 2250 1329 2303 nil
1353 2249 1529 2320 indiga
1558 2248 1749 2303 laudis.

299 2339 531 2394 Gloriam
559 2355 667 2394 rem
692 2340 917 2404 inanem,
946 2349 993 2393 ct
1023 2341 1177 2395 bulla
1201 2349 1405 2411 repente
1434 2349 1725 2394 tumescent:
1747 2354 1888 2393 com-.

297 2431 610 2502 parandam,
661 2447 855 2485 necnon
887 2430 1203 2485 nobilitatem
1232 2440 1475 2502 tanquam
1514 2447 1619 2485 rem
1664 2430 1889 2484 alienam

298 2520 502 2575 ridebit.
535 2520 708 2575 Genus
734 2538 884 2576 suum
903 2521 1119 2587 caleste,
1146 2538 1341 2576 necnon
1370 2523 1616 2593 originem
1639 2522 1889 2576 sideream

299 2613 526 2667 hominis
572 2614 968 2683 contemplatus,
1021 2614 1152 2668 dicet
1201 2614 1333 2669 illud
1388 2616 1711 2686 Anaxagora
1740 2630 1761 2668 .°
1793 2613 1891 2689 illa

298 2705 466 2773 patria
492 2720 603 2758 mea
631 2714 733 2770 est,
773 2703 956 2759 calum
990 2706 1213 2760 intuens.
1256 2703 1548 2760 Potentiam
1574 2706 1890 2778 principum-

297 2812 395 2865 que
425 2796 798 2864 familiaritates
818 2796 1052 2867 refugiet,
1076 2798 1232 2868 juxta
1254 2796 1388 2851 illud
1416 2797 1613 2852 Lucani
1631 2813 1653 2853 :

1160 2889 1324 2944 Exeat
1349 2892 1490 2955 aula,

518 2981 619 3048 Qui
648 2981 749 3035 vult
778 2996 886 3035 esse
913 2980 1029 3052 pius
1056 2997 1076 3037 :
1106 2982 1264 3035 virtus
1290 2989 1338 3036 et
1364 2996 1564 3035 summa
1594 2990 1816 3051 potestas

518 3072 641 3127 Non
666 3082 866 3128 coeunt.

302 3165 346 3218 Α
368 3165 624 3236 voluptate
658 3166 920 3233 deﬂectet,
966 3175 1208 3235 tanquam
1248 3166 1311 3219 ab
1358 3167 1499 3220 hoste
1526 3165 1749 3233 blando,
1776 3182 1892 3235 qua

1988 587 2103 656 quis
2129 589 2415 659 perlegerit,
2447 594 2535 639 aut
2579 585 2738 656 (quod
2769 584 2949 640 melius
2967 582 3066 653 est)
3094 584 3311 639 audierit
3340 583 3569 653 (plenius

1984 680 2118 733 enim
2147 679 2239 732 alit
2263 679 2376 733 viva
2400 694 2518 746 vox,
2554 686 2607 730 ut
2636 674 2844 746 dicitur)
2867 676 3098 746 jucunde
3121 686 3167 730 et
3205 674 3422 743 feliciter
3450 688 3571 728 cum

1984 772 2182 826 ratione
2226 770 2487 825 docebitur
2529 770 2727 836 vivere,
2789 768 2987 821 calcato
3029 777 3381 837 expunctoque
3428 763 3569 818 omni

1984 863 2165 915 mentis
2195 860 2415 927 affectu,
2450 860 2700 929 mortique
2742 857 3029 927 praludens
3049 899 3065 925 ,
3100 872 3216 911 eam
3255 862 3428 926 postea
3451 867 3571 908 vere

1984 954 2260 1007 venientem
2286 967 2391 1005 non
2431 952 2597 1006 solum
2640 965 2745 1003 non
2790 947 3119 1018 formidabit,
3160 945 3249 999 sed
3284 945 3430 1000 latus
3468 941 3572 1013 (uti

1988 1045 2248 1114 Socrates)
2288 1052 2553 1109 occurret,
2596 1056 2806 1112 eamque
2848 1039 3003 1093 corde
3030 1036 3290 1107 intrepido
3325 1044 3373 1089 et
3416 1031 3575 1087 hilari
3631 1080 3652 1114 ,_

1988 1138 2155 1208 fronte
2179 1137 2441 1206 suscipiet.
2468 1134 2611 1190 Dixi.

2197 1250 2477 1308 JOANNIS
2516 1246 2897 1307 MUBSIELLII
2936 1242 3373 1300 PRELIBATIO

1996 1360 1999 1363 ’
2038 1359 2090 1400 IN
2129 1358 2306 1400 BOE'I'II
2340 1358 2579 1399 SEVERINI
2617 1354 2684 1396 DE
2720 1352 3082 1396 Ρωωθοριιω
3119 1348 3516 1393 αομεοιλτιοκε

2707 1427 2857 1468 ορυε.

2061 1504 2385 1560 Enarraturo
2403 1506 2531 1559 mihi
2555 1505 2776 1574 quinque
2798 1502 2965 1557 Boetii
2986 1502 3050 1556 de
3076 1498 3414 1571 philosophia
3436 1495 3577 1551 Con-

1990 1597 2239 1651 solatione
2285 1596 2469 1663 libros,
2527 1597 2763 1666 quadam
2817 1594 3135 1663 pralibanda
3184 1603 3333 1659 sunt,
3388 1592 3580 1663 quibus
3642 1658 3649 1663 .

1989 1691 2330 1745 studiosorum
2367 1689 2529 1743 animi
2556 1691 2627 1743 ad
2666 1706 2727 1743 ea
2749 1704 2861 1758 qua
2883 1686 3151 1742 tractanda
3173 1695 3326 1751 sunt,
3358 1699 3461 1738 non
3487 1684 3578 1736 in-

1996 1796 2219 1851 congrue
2253 1790 2623 1851 praparentur.
2672 1778 2808 1836 Sunt
2840 1788 3008 1832 autem
3054 1779 3158 1834 hac
3184 1793 3203 1831 :
3232 1774 3399 1831 Boetii
3443 1776 3578 1839 vita,

1887 1923 1892 1931 ,
1915 1860 1967 1922 Β
1992 1875 2169 1927 titulus
2198 1874 2386 1941 operis,
2419 1872 2541 1941 styli
2560 1870 2785 1942 qualitas
2803 1910 2819 1935 ,
2846 1870 3110 1925 scribentis
3131 1870 3364 1935 intentio,
3395 1882 3579 1921 nume-

1989 1984 2078 2021 rus
2115 1966 2386 2034 librorum,
2426 1982 2540 2037 qua
2584 1967 2649 2021 sit
2689 1967 2858 2036 operis
2896 1966 3120 2032 utilitas,
3151 1975 3198 2022 et
3226 1966 3295 2020 ad
3336 1980 3488 2037 quam
3521 1963 3582 2018 id

1990 2060 2331 2131 philosophia
2352 2070 2545 2131 partem
2572 2062 2847 2132 referatur.

2442 2156 2484 2210 1.
2530 2156 2770 2213 Severini
2800 2154 2971 2210 Boetii
3001 2154 3130 2210 vita.

2068 2250 2191 2306 Vita
2226 2249 2395 2305 Boetii
2424 2249 2535 2304 hac
2573 2259 2647 2304 est
2674 2265 2694 2303 :
2724 2248 2998 2304 Severinus
3034 2247 3248 2302 Boetius
3276 2247 3583 2314 Romanus,

1992 2361 2055 2401 ex
2081 2346 2399 2400 nobilissima
2423 2343 2799 2414 Torquatorum
2820 2341 3018 2412 familia
3036 2342 3356 2415 progenitus,
3382 2340 3586 2411 generis

1993 2437 2354 2491 claritudinem
2381 2435 2743 2491 honestissimis
2771 2449 2804 2485 α
2830 2433 3048 2504 pueritia
3069 2434 3283 2499 studiis,
3314 2433 3585 2486 virtutum-

1994 2544 2090 2596 que
2113 2544 2176 2582 ac
2199 2529 2548 2584 doctrinarum
2578 2525 2841 2582 nobilitate
2869 2527 3143 2597 superavit.
3167 2523 3295 2579 Cum
3319 2525 3454 2579 enim
3481 2539 3587 2580 non

1996 2620 2163 2673 minus
2193 2618 2369 2674 Grace
2389 2634 2543 2689 quam
2568 2617 2755 2672 Latine
2777 2624 2958 2687 sciret,
3001 2618 3382 2686 universumque
3409 2616 3587 2685 philo-

1995 2711 2232 2781 sophiam
2265 2726 2382 2763 cum
2416 2719 2525 2764 arte
2554 2710 2782 2763 oratoria
2808 2716 2855 2763 et
2884 2709 3081 2779 poetica
3118 2709 3498 2780 conjunxissct,
3529 2722 3589 2763 se

1995 2817 2098 2855 non
2124 2801 2223 2854 sibi
2249 2801 2377 2869 soli,
2407 2799 2495 2853 sed
2528 2800 2764 2853 humana
2801 2799 3030 2852 societati
3058 2805 3236 2852 natum
3273 2798 3585 2862 arbitratus,

1994 2892 2073 2947 rei
2118 2892 2283 2946 civilis
2329 2890 2823 2945 administrationem
2862 2889 3109 2958 suscepit,
3143 2903 3329 2959 perque
3366 2887 3587 2940 honores

1996 2984 2340 3056 amplissimos
2380 2982 2565 3038 consul
2604 2984 2792 3057 evasit,
2830 2982 3044 3049 iustitia
3081 2981 3231 3035 rebus
3263 2981 3318 3033 in
3350 2978 3587 3035 omnibus

1998 3077 2165 3132 cultor
2198 3077 2451 3131 maximus
2473 3116 2488 3141 ,
2528 3086 2848 3143 assertorque
2870 3073 3166 3143 singularis.
3211 3062 3359 3126 Unde
3385 3080 3432 3124 et
3463 3086 3588 3138 pro-

1999 3168 2183 3223 borum
2212 3167 2606 3223 benevolentiam
2634 3167 2849 3237 adeptus
2888 3175 2991 3232 est,
3027 3173 3077 3220 et
3108 3165 3459 3232 improborum
3481 3162 3585 3216 ad-

301 3258 537 3312 suavibus
564 3258 809 3313 illecebris
836 3260 1121 3313 clanculum
1152 3276 1354 3314 omnem
1388 3276 1598 3313 succum
1638 3260 1889 3315 exsorbet.
1918 3229 1968 3296 θ
1997 3273 2170 3318 versus
2187 3278 2241 3317 se
2259 3262 2381 3315 odia
2398 3261 2689 3315 concitavit.
2717 3258 2861 3314 Uxor
2878 3260 2925 3314 ei
2945 3260 3045 3329 fuit
3062 3257 3367 3313 nobilissimi
3384 3257 3587 3329 generis

313 3349 559 3421 Voluptas
587 3352 720 3405 enim
748 3352 902 3405 veluti
940 3350 1126 3406 hirudo
1164 3362 1272 3416 est,
1306 3368 1421 3423 qua
1443 3369 1545 3407 non
1570 3362 1643 3407 est
1670 3354 1894 3408 missura

300 3450 503 3506 cutem,
534 3442 635 3495 nisi
667 3440 818 3511 plena
861 3443 1076 3496 cruoris.
1126 3439 1374 3496 Formam
1413 3452 1730 3511 contemnet,
1774 3461 1893 3515 qua

301 3535 494 3589 morbis
520 3543 568 3588 et
595 3544 742 3589 atate
768 3537 1052 3600 deﬂorescit
1071 3576 1085 3601 ,
1123 3551 1332 3607 quaque
1359 3536 1501 3590 hora
1526 3547 1780 3591 momento
1809 3537 1892 3592 in-

302 3625 551 3679 tercidere
573 3634 735 3696 potest
773 3634 820 3679 et
847 3642 1154 3681 evanescere.
1203 3627 1552 3697 Quoniamque
1588 3644 1707 3683 vera
1730 3630 1891 3685 virtus

302 3722 381 3768 est
408 3717 585 3769 vitium
608 3717 799 3787 fugere,
828 3717 889 3771 ob
915 3718 1010 3771 hoc
1034 3721 1166 3772 idem
1190 3720 1555 3791 grammatica,
1586 3719 1886 3792 dialectica,

301 3808 583 3877 rhetorica,
616 3812 934 3881 astrologia,
966 3819 1013 3865 et
1043 3812 1159 3866 aliis
1187 3812 1554 3866 mathematicis
1582 3817 1678 3866 hoc
1715 3814 1890 3868 animo

303 3901 558 3954 incumbet
585 3913 631 3956 et
670 3904 989 3975 invigilabit,
1036 3912 1089 3956 ut
1114 3921 1202 3973 per
1238 3904 1329 3959 hos
1368 3905 1577 3959 leviores
1604 3906 1797 3976 gradus
1821 3907 1890 3960 sit

302 3992 372 4047 ad
396 3994 773 4063 philosophiam
785 3995 975 4060 aditus,
1000 3994 1398 4066 philosOphiam,
1416 3998 1643 4068 inquam,
1659 3998 1889 4053 omnium

302 4085 549 4141 virtutum
591 4090 906 4158 magistram.
941 4088 1139 4159 Quippe
1172 4105 1284 4159 qua
1313 4089 1568 4145 hominem
1598 4092 1813 4160 impellit
1840 4097 1891 4147 et

303 4184 438 4253 cogit
466 4182 645 4236 rimari
670 4193 863 4237 secreta
890 4195 1087 4238 natura
1106 4226 1120 4248 ,
1146 4201 1357 4255 eumque
1385 4187 1453 4239 ad
1480 4202 1644 4241 mores
1670 4190 1889 4243 calestes

302 4290 611 4343 componens
635 4285 681 4327 et
699 4278 1054 4345 conformans,
1081 4273 1245 4330 Deum
1268 4293 1331 4331 ex
1348 4276 1551 4333 homine
1570 4280 1712 4349 facit.
1734 4278 1892 4335 Cum-

301 4380 401 4435 que
424 4365 746 4435 philosophia
764 4365 829 4418 sit
855 4367 1087 4433 quadam
1108 4367 1369 4420 meditatio
1390 4370 1589 4433 mortis,
1622 4386 1711 4438 per
1734 4376 1886 4436 hanc,

301 4456 465 4524 inquit
511 4455 795 4527 Diogenes,
840 4456 1005 4509 solum
1032 4458 1203 4511 anima
1246 4475 1278 4510 a
1320 4473 1527 4530 corpore
1567 4459 1885 4531 disparatur.

304 4547 433 4601 Cum
457 4549 593 4602 enim
629 4549 781 4614 videt,
813 4548 982 4616 audit,
1026 4549 1235 4619 olfacit,
1268 4559 1470 4621 gustat,
1509 4550 1654 4605 adest
1680 4568 1885 4623 corpus.

1999 3355 2219 3426 femina,
2245 3354 2461 3424 insignis
2488 3361 2596 3407 tum
2635 3353 2898 3407 modestia
2936 3360 3045 3405 tum
3076 3350 3367 3421 pudicitia,
3404 3351 3584 3406 Rusti-

1999 3447 2170 3511 ciana,
2197 3444 2495 3515 Symmachi
2533 3445 2785 3499 senatoris
2812 3454 2858 3497 et
2896 3444 3183 3498 consularis
3210 3443 3304 3497 viri
3345 3443 3486 3512 filia,
3519 3457 3588 3498 ex

1998 3552 2100 3607 qua
2120 3535 2305 3590 liberos
2332 3536 2590 3604 suscepit:
2617 3534 2890 3605 habuitque
2904 3534 3034 3588 duos
3056 3535 3193 3604 ﬁlios
3221 3535 3440 3603 paterni,
3467 3535 3583 3588 avi-

2000 3631 2137 3699 tique
2161 3629 2349 3700 ingenii
2372 3628 2625 3698 specimen
2652 3630 3000 3696 praferentes,
3033 3642 3157 3694 quos
3184 3636 3327 3695 pater
3354 3626 3462 3695 ipse
3484 3625 3588 3679 ali-

1996 3721 2203 3792 quando
2230 3719 2495 3775 consulatu
2527 3720 2801 3773 honoratos
2827 3718 2977 3773 domo
3000 3718 3208 3788 provehi
3232 3718 3327 3773 sub
3348 3720 3589 3787 frequen-

1998 3817 2071 3870 tia
2095 3825 2296 3883 patrum
2318 3822 2365 3869 et
2383 3814 2542 3886 plebis
2562 3813 2830 3868 alacritate
2850 3815 2993 3868 vidit.
3016 3812 3221 3868 Constat
3242 3821 3411 3867 autem
3432 3814 3585 3867 certis

1993 3908 2307 3971 auctoribus,
2334 3906 2567 3960 Boetium
2585 3905 2687 3959 divi
2715 3904 2977 3959 Benedicti
3001 3905 3223 3958 amicum
3245 3906 3424 3974 fuisse,
3453 3911 3501 3971 et
3527 3904 3583 3957 in

1996 4005 2167 4053 monte
2196 3997 2410 4052 Cassino
2457 4014 2571 4051 cum
2592 3996 2861 4062 Tertulliv,
2910 3995 3118 4050 Placidi
3160 3994 3399 4049 monachi
3440 4003 3589 4066 patre

1998 4091 2233 4145 Romano
2260 4099 2520 4153 senatore,
2550 4088 2691 4143 illius
2730 4104 2918 4143 mensa
2956 4087 3270 4142 accubuisse.
3312 4087 3438 4142 Cum
3466 4102 3584 4142 vero

1982 4184 2105 4253 jam
2136 4184 2423 4253 complures
2443 4197 2602 4235 annos
2645 4190 2749 4234 tum
2791 4180 3002 4247 divitiis,
3033 4189 3140 4233 tum
3172 4180 3447 4235 honoribus
3485 4182 3586 4251 floa

1995 4275 2211 4340 ruisset,
2243 4285 2291 4331 et
2325 4274 2672 4331 incredibilem
2700 4276 2944 4328 virtutum
2971 4278 3081 4345 ejus
3119 4274 3439 4342 splendorem
3478 4275 3582 4327 im-

1996 4367 2272 4437 proborum
2301 4368 2566 4421 hominum
2603 4367 2801 4421 malitia
2843 4370 2976 4436 ferre
3017 4366 3208 4421 diutius
3250 4383 3353 4420 non
3383 4376 3585 4435 posset,

1996 4460 2186 4530 iniquis
2213 4461 2546 4528 pessimorum
2570 4459 2855 4512 delatorum
2878 4458 3173 4511 criminibus
3192 4459 3579 4521 circumventus,

1994 4568 2031 4604 a
2057 4551 2373 4606 Theodorico
2391 4549 2678 4605 Gothorum
2698 4564 2834 4619 rege,
2859 4547 3096 4602 Ticinum
3120 4549 3174 4601 in
3204 4546 3437 4601 exsilium
3464 4546 3582 4613 pul-

304 4638 515 4694 Dicebat
545 4642 675 4693 idem
714 4639 962 4708 Diogenes
989 4654 1008 4694 :
1039 4639 1165 4694 Cum
1197 4650 1361 4694 mente
1403 4656 1506 4695 non
1552 4642 1883 4712 meditamur,
1911 4611 1970 4675 D
1997 4661 2084 4698 sus
2114 4652 2208 4708 est,
2234 4644 2319 4696 ubi
2343 4659 2403 4696 ne
2427 4641 2577 4695 inerti
2603 4642 2705 4694 otio
2731 4640 3059 4709 marorisque
3086 4637 3238 4691 tadio
3260 4635 3580 4690 contabesce-

302 4734 544 4785 molestus
586 4733 699 4786 vita
743 4732 861 4800 ﬁnis
900 4741 975 4785 est
1009 4733 1374 4801 exspectandus
1400 4748 1420 4787 :
1448 4734 1620 4787 anima
1664 4750 1887 4805 namque
1920 4807 1926 4813 ‘

304 4826 500 4881 deliciis
529 4826 726 4879 amissis
760 4841 973 4880 marore
1009 4826 1243 4895 afficitur.
1282 4826 1473 4881 Verum
1512 4827 1600 4881 ubi
1642 4828 1887 4899 optimam

304 4918 532 4970 meditati
577 4918 764 4971 erimus
802 4918 1207 4985 meditationem,
1240 4928 1286 4972 et
1326 4921 1430 4971 vita
1472 4919 1641 4972 suavis
1685 4929 1792 4986 est,
1835 4928 1887 4974 et

304 5025 439 5062 mors
479 5009 685 5063 minime
723 5010 954 5062 molesta.
1006 5008 1109 5063 Sed
1150 5018 1206 5062 ut
1248 5010 1403 5063 semel
1445 5017 1492 5065 et
1528 5025 1675 5078 opere
1710 5010 1885 5081 aliqua

304 5115 453 5170 reque
482 5101 596 5169 ipsa
620 5101 768 5154 verba
793 5102 1081 5155 sanciamus
1110 5098 1219 5172 (odi
1248 5104 1379 5157 enim
1422 5104 1674 5158 hominem
1702 5104 1888 5175 ignava

305 5214 481 5266 opera,
512 5197 864 5269 philosophica
892 5198 1170 5269 sententia)
1191 5200 1451 5268 constitui,
1477 5199 1736 5254 auditores
1774 5199 1885 5254 cla-

303 5293 510 5359 rissimi,
536 5292 709 5347 diebus
744 5293 886 5362 festis
915 5292 1288 5361 philosophiam
1314 5291 1476 5347 Boetii
1501 5293 1698 5361 publice
1720 5295 1884 5365 proﬁ-

302 5387 426 5451 teri,
455 5395 509 5439 ut
537 5385 812 5457 aliquando
835 5401 965 5455 opus
996 5401 1121 5454 pene
1146 5385 1374 5439 divinum
1410 5395 1460 5439 et
1484 5388 1681 5441 caleste
1707 5387 1889 5443 relicto

303 5479 402 5531 situ
437 5485 485 5532 et
524 5480 788 5548 squalore,
834 5477 1052 5531 nitidum
1093 5486 1141 5531 et
1180 5477 1518 5547 emaculatum
1567 5480 1775 5549 prodeat
1826 5481 1885 5534 in

302 5574 487 5637 lucem,
516 5572 689 5642 festis,
714 5571 945 5639 inquam,
972 5570 1168 5625 diebus.
1204 5570 1341 5625 Nam
1366 5576 1442 5645 (ut
1464 5573 1536 5625 ait
1563 5570 1886 5643 Macrobius)

301 5667 346 5720 si
372 5682 463 5736 per
501 5681 645 5719 sacra
673 5663 922 5719 solemnia
948 5664 1053 5718 rivo
1097 5664 1345 5719 deducere
1384 5664 1525 5719 nulla
1553 5668 1732 5737 religio
1761 5682 1884 5736 pro-

301 5757 468 5823 hibet,
495 5758 539 5810 si
566 5755 761 5810 salubri
786 5755 943 5823 ﬂuvio
972 5770 1192 5809 mersare
1222 5772 1333 5809 oves
1361 5756 1439 5823 fas
1463 5764 1508 5809 et
1538 5759 1653 5822 iura
1681 5758 1881 5825 sinunt,

302 5866 390 5906 cur
432 5865 534 5905 non
576 5847 839 5919 religionis
878 5848 1042 5902 honor
1071 5855 1271 5916 putetur
1308 5847 1478 5903 dicare
1514 5849 1673 5905 sacris
1702 5848 1881 5906 diebus
1934 5918 1965 5930 ί-

1997 4746 2099 4803 ret,
2131 4737 2224 4790 hoc
2250 4735 2476 4789 divinum
2502 4732 2873 4804 philosophica
2893 4731 3253 4787 consolationis
3282 4746 3411 4801 opus
3437 4745 3580 4783 com-
3674 4768 3684 4779 .

1998 4828 2188 4899 posuit,
2212 4834 2259 4881 et
2282 4825 2351 4879 ad
2374 4834 2684 4894 postremum
2701 4826 3081 4880 incrudescente
3101 4825 3304 4893 tyranni
3324 4824 3579 4890 vecordia,

1997 4935 2113 4973 cum
2153 4915 2462 4988 Symmacho
2494 4932 2671 4971 socero
2707 4933 2801 4970 suo
2838 4918 3171 4985 interemptus
3212 4923 3321 4981 est,
3353 4931 3488 4968 anno
3517 4914 3582 4968 ab

2000 5022 2118 5068 ortu
2147 5010 2335 5066 Christi
2363 5010 2762 5081 quingentesimo
2792 5010 3024 5064 vicesimo
3042 5019 3219 5080 quarto
3236 5051 3251 5076 ,
3284 5008 3360 5063 vel
3377 5008 3437 5063 ob
3463 5025 3581 5063 sus-

1996 5105 2251 5174 picionem
2265 5102 2518 5171 aﬂ'ectata
2533 5102 2801 5167 libertatis,
2814 5100 2889 5155 vel
2906 5102 3042 5170 quod
3059 5104 3111 5156 in
3128 5101 3345 5156 Arianos
3356 5103 3582 5157 invectus

1995 5207 2154 5261 esset,
2183 5214 2399 5269 quorum
2442 5197 2553 5250 labe
2593 5194 2937 5250 Theodoricus
2978 5212 3071 5251 rex
3115 5206 3220 5250 erat
3260 5196 3580 5264 inquinatus.

1999 5290 2104 5356 Qui
2131 5291 2184 5345 in
2213 5290 2526 5345 crudelitatis
2560 5304 2668 5344 sua
2692 5289 2933 5342 ultionem
2959 5286 3224 5358 apoplexi,
3259 5287 3333 5341 vel
3371 5288 3447 5356 (ut
3474 5289 3582 5340 vutt

1998 5384 2267 5455 Agnellus)
2294 5383 2483 5437 ventris
2513 5381 2764 5452 proﬂuvio
2790 5380 3011 5446 interiit,
3039 5378 3364 5450 nonagesimo
3403 5388 3579 5432 octavo

1996 5475 2083 5530 die
2112 5483 2380 5545 postquam
2416 5475 2523 5540 ejus
2556 5475 2710 5543 jussu
2739 5469 2969 5525 Joannes
3012 5469 3241 5540 pontifex
3280 5478 3328 5523 et
3358 5466 3583 5521 Romani

1996 5565 2234 5622 consules
2261 5580 2324 5618 ac
2350 5578 2608 5618 senatores
2634 5564 2824 5633 aliquot
2854 5561 3129 5628 Ravenna,
3160 5560 3310 5631 famis
3347 5560 3580 5613 cruciatu

1996 5660 2055 5714 in
2081 5675 2283 5713 carcere
2316 5666 2527 5712 mortem
2556 5656 2805 5721 obierant,
2831 5664 2979 5723 atque
3013 5640 3149 5707 ann’o
3188 5652 3580 5722 duodequadra-

1994 5754 2213 5823 gesimo,
2244 5759 2513 5821 postquam
2547 5748 2716 5803 Italia
2752 5747 2981 5802 dominio
3015 5746 3204 5817 potitus
3243 5755 3372 5802 erat.
3407 5746 3581 5810 Quan-

1996 5864 2154 5919 quam
2176 5845 2463 5918 Procopius
2490 5846 2543 5901 in
2567 5845 2685 5902 belli
2709 5842 2881 5901 Italici
2906 5837 3369 5917 adversusﬁothos
3395 5841 3582 5912 princi-
