4276 6260
750 378 853 435 879
1395 383 1740 442 APPENDIX
1777 381 1873 438 AD
1913 380 2160 438 LIBROS
2204 378 2291 435 DE
2329 377 2842 438 CONSOLATIONE
2879 381 3368 440 PHILOSOPHUS.
3900 383 3980 437 880

746 505 833 573 pio
855 502 1030 575 refert,
1057 484 1373 557 Theoddrico
1402 515 1515 573 post
1540 505 1729 558 occisos
1756 500 1995 557 Boetium
2022 512 2068 555 et
2095 500 2336 571 Symma-
2364 497 2422 557 Δ
2442 512 2576 553 nunc
2603 498 2977 554 desiderantur.
3014 498 3177 553 Porro
3203 499 3329 553 liber
3360 496 3446 552 ille
3478 498 3565 567 qui
3590 499 3735 569 vulgo
3763 496 3907 550 Boelii
3933 502 3983 552 de

744 601 896 651 chum
924 596 1163 659 conanti,
1185 611 1302 650 cum
1323 607 1446 651 esset
1474 608 1629 666 caput
1657 596 1812 667 piscis
1844 594 2097 662 oblatum,
2122 596 2335 649 horren-
2438 591 2727 662 Disciplina
2754 592 3064 646 scholarium
3085 594 3397 661 inscribitur,
3420 608 3522 646 non
3542 603 3619 645 est
3640 592 3769 661 ejus,
3794 591 3874 643 sed
3894 590 3986 642 bur-

743 687 862 739 dam
884 687 937 739 in
959 685 1051 740 illo
1070 686 1230 740 risum
1252 684 1549 756 Symmachi
1572 688 1777 758 faciem,
1801 702 1916 757 quia
1938 684 2080 740 labro
2099 684 2333 755 inferiori
2439 686 2549 740 bari
2577 687 2744 740 nescio
2770 688 2952 758 cujus,
2982 687 3117 756 quod
3146 703 3261 741 cum
3297 685 3404 739 alia
3435 686 3675 755 pleraque
3714 692 3982 756 coarguunt,

741 777 997 830 mordicus
1042 778 1386 847 apprehenso,
1435 778 1532 832 sibi
1587 779 1741 832 torvis
1791 778 1951 831 oculis
2000 778 2283 831 minaretur
2310 791 2332 831 .'
2440 788 2546 831 tum
2572 778 2734 849 slylus
2771 780 2921 849 facile
2956 780 3169 847 indicat,
3201 796 3234 833 a
3262 777 3426 833 Boetii
3463 794 3577 831 cum
3615 778 3881 831 eruditione
3904 785 3989 828 tant

740 884 898 937 eoque
937 878 1313 923 consternatum
1344 883 1531 939 pavore
1557 887 1728 941 regem
1760 871 1998 924 incidisse
2024 872 2078 924 in
2119 871 2329 943 azgritu-
2438 870 2690 941 elegantia
2719 887 2841 925 sane
2879 888 3035 940 quam
3062 872 3276 925 alienus.
3309 870 3433 925 Non
3461 871 3646 940 ignoro
3675 880 3835 924 tamen
3863 868 3989 923 Pium

740 962 941 1028 dinem,
986 962 1041 1015 in
1088 978 1189 1032 qua
1232 963 1483 1016 levitatem
1525 979 1674 1017 suam
1720 964 1984 1033 confessus
2018 962 2143 1031 fuit,
2194 962 2332 1031 quod
2438 960 2728 1031 Baptistam
2757 961 3133 1017 Bononiensem
3162 962 3309 1016 aliter
3344 963 3557 1027 sentire,
3594 962 3680 1015 sed
3721 978 3829 1015 eum
3866 963 3990 1029 facile

737 1052 931 1105 scilicet
984 1054 1275 1121 pontiﬁcem
1326 1064 1560 1108 sanctum
1614 1055 1783 1107 virum
1816 1064 1881 1107 et
1928 1070 2044 1107 cum
2093 1070 2151 1107 eo
2202 1053 2335 1109 alios
2438 1056 2571 1109 alias
2592 1055 2899 1127 refellemus.
2926 1055 3210 1110 Transtulit
3231 1057 3352 1109 item
3374 1054 3585 1109 Boetius
3607 1063 3773 1109 noster
3798 1055 3847 1107 in
3868 1052 3989 1107 Lati-

742 1142 963 1195 illustres
998 1144 1276 1207 Romanos,
1308 1154 1354 1197 et
1380 1154 1499 1197 tunc
1541 1142 1993 1212 praestantissimos
2014 1144 2149 1197 viros
2177 1142 2337 1213 Sym-
2437 1160 2561 1199 nam
2586 1148 2816 1219 linguam
2845 1147 3133 1216 complures
3155 1148 3439 1201 Aristotelis
3470 1146 3649 1214 libros,
3678 1157 3723 1200 et
3752 1147 3991 1200 nonnullos

743 1233 984 1287 machum
1018 1250 1077 1287 ac
1116 1232 1350 1288 Boetium
1385 1235 1454 1288 ad
1492 1236 1811 1306 perditorum
1850 1234 2115 1289 hominum
2155 1253 2337 1309 sugge-
2440 1240 2678 1296 Platonis
2722 1244 2989 1315 dialogos,
3042 1243 3298 1311 pollicitus
3337 1244 3490 1297 etiam
3535 1243 3798 1313 utriusque
3841 1242 3991 1295 horum

742 1326 958 1377 stionem
1001 1326 1213 1390 occidit,
1244 1334 1289 1379 et
1318 1327 1476 1397 paulo
1503 1337 1617 1397 post
1656 1344 1766 1382 eam
1790 1329 2160 1398 confessionem
2198 1331 2336 1384 illico
2441 1334 2860 1403 philosophorum
2901 1334 3223 1389 concordiam
3277 1350 3331 1388 se
3372 1335 3684 1403 scripturum
3723 1349 3743 1387 :
3776 1334 3899 1401 quod
3938 1348 3991 1385 an

742 1420 1037 1488 exspiravit.
1068 1420 1249 1474 Simile
1274 1421 1562 1484 certiusque
1590 1421 1930 1474 testimonium
1953 1421 2131 1475 subin
2154 1423 2335 1476 mortis
2440 1428 2751 1496 prtestiterit,
2775 1434 3087 1496 compertum
3117 1441 3218 1479 non
3240 1424 3501 1478 habemus.
3527 1428 3594 1478 At
3616 1424 3714 1477 hac
3736 1432 3989 1494 tempestate

738 1509 951 1578 inﬂich
988 1510 1096 1578 regi
1138 1508 1457 1563 Theodorico
1492 1511 1561 1563 ad
1610 1526 1813 1581 patriam
1856 1511 2141 1580 iniquitatis
2185 1510 2335 1578 affert

2224 1510 2336 1577 θ’θνι
2440 1521 2586 1573 nulla
2615 1521 2779 1574 Boetii
2813 1520 3163 1590 interpretatio
3194 1528 3379 1584 exstat,
3422 1528 3476 1571 ut
3508 1519 3633 1571 bene
3656 1526 3859 1572 testatur
3885 1516 3988 1569 Ιιιοσ

738 1611 941 1655 sanctus
991 1600 1237 1657 Ecclesia:
1287 1604 1468 1658 doctor
1512 1604 1792 1674 Gregorius
1838 1604 1893 1656 in
1943 1604 2194 1674 Dialogo,
2248 1605 2335 1658 ubi
2440 1611 2635 1665 nardns
2679 1613 2917 1664 Aretinus
2954 1612 3006 1663 in
3045 1620 3227 1679 quarto
3264 1608 3618 1678 Epistolarum
3662 1609 3806 1673 libro,
3838 1616 3988 1676 prater

739 1691 917 1746 scribit
944 1709 963 1747 :
989 1694 1274 1749 solitarium
1296 1714 1497 1767 magna:
1515 1699 1715 1751 virtutis
1741 1698 1908 1750 virum
1928 1698 2068 1767 apud
2091 1696 2337 1769 Liparem
2440 1719 2590 1772 quam
2641 1700 2923 1771 Porphyrii
2962 1710 3005 1754 et
3048 1699 3573 1754 Prwdicamentorum
3591 1740 3605 1766 ,
3655 1707 3703 1752 et
3753 1702 3861 1773 περὶ
3891 1698 3993 1769 ipim

740 1783 962 1839 insulam
1005 1789 1058 1841 in
1097 1805 1261 1843 eremo
1305 1791 1646 1858 habitantem,
1694 1806 1793 1861 qua
1834 1791 1918 1843 die
1960 1789 2231 1858 defunctus
2259 1799 2334 1844 est
2439 1807 2580 1858 νεῖας
2619 1796 2882 1851 librorum.
2929 1797 3071 1863 Quos
3106 1797 3149 1848 si
3182 1805 3416 1848 accurate
3447 1795 3616 1863 leges,
3665 1792 3843 1846 videbis
3876 1807 3991 1845 sunt-

743 1877 1001 1935 Bavennae
1051 1881 1439 1946 Theodoricus.
1506 1882 1677 1937 Gotho
1727 1882 1930 1935 cuidam
1994 1881 2155 1934 nobili
2220 1892 2339 1936 tunc
2365 1878 2418 1940 Β
2444 1908 2582 1945 munt
2606 1890 2755 1943 illum
2792 1891 2952 1942 iirum
2995 1889 3105 1940 sine
3134 1888 3253 1940 ullis
3286 1887 3488 1954 ineptiis
3532 1887 3689 1939 libros
3717 1886 3825 1937 illos
3852 1893 3993 1935 trans-

740 1967 961 2038 ditcisse,
998 1973 1158 2024 visam
1200 1990 1231 2027 α
1265 1991 1318 2027 se
1352 1974 1665 2028 Theodorici
1706 1975 1841 2044 regis
1881 1974 2136 2040 animam,
2167 1991 2335 2042 quam

2224 1992 2281 2028 ne
2301 1992 2335 2029 a
2442 1985 2636 2037 tulisse.
2674 1982 2860 2037 Textus
2884 1991 2956 2035 est
2985 1980 3176 2034 nitidus
3202 1991 3250 2033 et
3282 1979 3486 2050 planus,
3532 1989 3578 2032 et
3610 1978 3783 2032 Grtcco
3807 1992 3990 2041 respon-

739 2054 939 2112 Joamte
983 2060 1216 2115 Romano
1243 2065 1488 2132 pontiﬁce
1526 2076 1573 2120 et
1613 2066 1955 2135 Symmacho,
1991 2082 2117 2135 quos
2162 2083 2250 2135 per
2280 2068 2336 2121 id
2440 2078 2585 2131 dens.
2612 2075 2685 2128 Ab
2718 2076 2891 2127 eodem
2922 2072 3189 2127 Leonardo
3220 2072 3271 2124 in
3310 2072 3486 2141 quinto
3517 2070 3841 2141 epistolarum
3874 2067 3992 2120 volu-

741 2149 981 2217 temporis
1020 2152 1269 2204 occiderat
1289 2194 1304 2217 ,
1336 2155 1391 2205 in
1418 2155 1578 2208 ollam
1611 2154 1830 2207 Vulcani
1861 2156 2132 2225 mergenda
2162 2168 2335 2226 porta-

2224 2168 2335 2211 trla-
2440 2171 2598 2232 mine,
2635 2144 2845 2221 Boetius
2880 2167 2956 2218 vir
2987 2164 3310 2218 doctissimus
3342 2163 3527 2217 merito
3569 2163 3769 2229 dicitur,
3794 2163 3851 2213 de
3873 2160 3991 2229 cujus

736 2246 897 2291 retur.
931 2238 1059 2311 Ejus
1088 2253 1257 2295 autem
1299 2243 1412 2312 ﬁlia
1460 2246 1563 2314 fuit
1593 2243 2013 2309 Amalasiuntha,
2058 2253 2180 2300 teste
2209 2247 2335 2301 Cas-

2224 2247 2336 2301 ῖαδ’
2441 2261 2734 2330 praestantia
2764 2266 2809 2310 et
2831 2258 3053 2315 aliorum
3078 2255 3360 2325 honoriﬁca
3380 2255 3623 2325 quaedam
3648 2252 3911 2308 testimonia
3930 2250 3990 2302 his

739 2325 947 2380 siodoro
971 2331 1275 2398 gravissimo
1298 2343 1526 2399 auctore,
1552 2334 1686 2387 inter
1714 2334 1987 2404 primarius
2012 2338 2335 2390 rarissimas-

2224 2354 2335 2390 ταδ’
2439 2325 2694 2420 apponere
2717 2348 2918 2403 libitum
2942 2358 3035 2402 est.

736 2433 834 2487 que
873 2420 1088 2488 feminas
1130 2424 1553 2487 annumeranda,
1599 2422 1792 2478 Graecis
1830 2434 1878 2478 et
1909 2424 2107 2478 Latinis
2152 2427 2335 2482 litteris

737 2509 936 2577 egregie
964 2508 1181 2579 imbuta,
1213 2514 1490 2566 multarum
1522 2512 1817 2583 linguarum
1842 2515 2003 2584 perita
2026 2559 2041 2584 ,
2065 2532 2220 2586 quam
2244 2518 2336 2571 ille

738 2598 879 2664 dicit,
913 2600 1083 2657 videre
1107 2604 1448 2658 venerandum
1466 2645 1481 2671 ,
1512 2607 1692 2661 audire
1720 2608 2023 2677 loquentem,
2059 2609 2214 2676 fuisse
2234 2610 2335 2662 mi-

737 2696 993 2749 raculum.
1025 2696 1174 2765 Haec,
1202 2697 1519 2754 Theodorico
1552 2710 1695 2770 patre
1718 2719 1812 2757 suo
1845 2711 2061 2769 mortuo,
2093 2700 2257 2756 Boetii
2283 2712 2337 2756 et

742 2788 1041 2859 Symmachi
1070 2793 1193 2861 ﬁliis
1214 2796 1346 2848 bona
1366 2803 1581 2866 paterna
1609 2798 1664 2850 in
1685 2798 1865 2865 ﬁscum
1893 2796 2063 2851 delata
2089 2798 2332 2852 restituit.

737 2880 947 2949 Aliquot
992 2894 1159 2939 autem
1179 2888 1327 2941 annis
1355 2899 1487 2957 post,
1520 2904 1637 2942 cum
1683 2888 1877 2944 Totilas
1917 2888 2202 2945 Gothorum
2239 2904 2335 2943 recc

739 2978 916 3030 urbem
943 2978 1159 3035 Romam
1188 2984 1433 3053 cepisset,
1464 2993 1701 3039 accusata
1732 2987 1831 3055 fuit
1866 3003 1908 3045 ,α
1934 2982 2115 3039 Gothis
2154 2985 2336 3039 Rusti-

740 3074 894 3181 cimia
923 3071 1088 3185 Bof‘ii
1126 3082 1384 3185 7“""da’"
1425 3097 1576 3147 me"
1619 3082 1756 3151 quad
1792 3090 1988 3136 suum
2024 3081 2335 3185 Theoiori‘f
2437 3071 2794 3185 quitiBoetio
2824 3112 2901 3166 vel
2931 3112 2983 3164 in
3020 3110 3303 3163 dialecticis
3333 3109 3563 3174 acutior,
3605 3106 3681 3161 vel
3719 3104 3928 3159 subtilior
3947 3100 3987 3153 in

737 3170 874 3270 "9'1?
899 3174 1155 3270 ’ςὀηίνξηθί
1198 3176 1454 3270 “vique
1480 3185 1703 3270 (³⁸⁷⁸⁵⁸⁸⁸
1852 3177 2131 3270 “Midam
2164 3174 2330 3270 Βθθξθξ
2352 3237 2411 3270 μ.
2438 3170 2831 3269 mathematicis,
2850 3204 2926 3257 vel
2944 3204 2996 3255 in
3018 3182 3338 3270 philosOphia
3363 3170 3691 3268 locupletior,
3718 3197 3790 3249 vel
3809 3196 3856 3248 in
3874 3192 3987 3244 theo-

800 3237 812 3239 ν
996 3237 1007 3243 ν
1102 3237 1123 3244 ν
1368 3237 1378 3246 -
2012 3244 2015 3247 λ
2317 3265 2330 3276 .
2439 3237 2831 3269 πιιιηηωιιιιηυιο,
2852 3237 2925 3257 uc-
2944 3237 2996 3255 ιη
3018 3237 3338 3270 μιιιιυυυμιιιυι
3363 3237 3658 3268 ιυιυιμινην-
3677 3238 3691 3264 ,
3721 3237 3789 3249 ww
3810 3237 3856 3248 π-
3874 3237 3960 3244 -ην-

738 3264 916 3367 ξηατίίί
942 3264 1336 3367 αθΑδνἾδηίίξσθί·
1359 3269 1540 3367 imm."
1571 3284 1697 3367 ‘1'“?
1736 3266 2076 3367 Τήῗθάθνίωξ
2113 3266 2330 3334 interii“
2352 3237 2415 3317 0
2442 3299 2579 3367 loyia
2603 3297 2913 3350 sublimior?
2942 3295 3103 3360 Quem
3133 3293 3260 3346 tanti
3277 3292 3513 3362 juniores
3542 3292 3692 3344 etiam
3716 3280 3986 3357 philosophi.

737 3355 942 3458 (εἵσατ’
992 3357 1141 3458 ρδξθά
1184 3360 1516 3458 οθῘίθίίῗδαίαν
1557 3360 1759 3458 ﬁmum
1802 3358 1867 3458 (ξε
1906 3360 2118 3458 “alid?
2157 3373 2331 3458 vim"!
2440 3355 2589 3458 longe
2639 3385 2900 3458 (arbitror)
2940 3355 3167 3439 amnium
3214 3355 3640 3454 pei‘spicacissimi
3686 3355 3912 3450 fecerunt,
3947 3379 3988 3423 ιιι

737 3446 899 3514 fuisse
928 3450 1205 3549 Ρνξξώαίυν
1225 3466 1245 3503 ³
1271 3452 1359 3504 'ed
1387 3451 1655 3505 “amabat
1679 3466 1788 3503 eam
1802 3452 1974 3517 ium“
1994 3449 2160 3515 ἀοίθνν
2190 3452 2329 3520 quOd
2440 3446 2743 3549 Aquinatem
2766 3446 3016 3532 Thomam
3038 3446 3503 3541 divum-hominem,
3522 3446 3853 3544 magnumque
3870 3464 3987 3518 illum

736 3552 950 3607 magnos
977 3540 1095 3594 illos
1122 3542 1254 3596 viros
1279 3543 1466 3615 injuste
1488 3556 1687 3600 necatos
1715 3546 1871 3616 fuisse
1900 3547 2177 3600 constabat.
2213 3546 2330 3610 Qua
2438 3540 2650 3626 Tjwm
2692 3579 3051 3639 mmemorem
3092 3571 3110 3638 (
3128 3568 3261 3621 Deus
3304 3566 3428 3620 bone
3456 3540 3587 3634 quos
3612 3540 3808 3632 55,03!)
3839 3556 3987 3610 habere

736 3632 933 3686 ratione
968 3631 1160 3687 Totilas
1203 3650 1315 3689 eam
1353 3636 1597 3703 absolvit,
1647 3648 1694 3690 et
1734 3637 1796 3688 ab
1824 3637 2013 3706 impetu
2042 3635 2329 3691 Gothorum
2442 3631 3057 3729 memerit'enarr'awres,
3099 3631 3145 3716 ξε
3172 3663 3232 3715 ab
3274 3662 3430 3733 ipsius
3457 3631 3709 3715 έεηιεηιία
3736 3631 3795 3710 ne
3820 3656 3877 3708 δίι
3902 3646 3986 3703 ulla

2932 2464 3167 2534 Baptista
3195 2463 3511 2519 Mantuanus

2445 2542 2454 2554 ’
2512 2552 2749 2629 Baptista
2774 2557 3091 2612 Mantuanus
3116 2557 3169 2609 in
3195 2556 3531 2627 Apologetico
3557 2555 3783 2610 Boetium
3801 2552 3990 2624 appellat

2439 2650 2795 2721 gravissimum
2823 2647 3295 2716 sanctissimumque
3322 2648 3512 2713 virum,
3542 2658 3589 2702 et
3614 2649 3829 2700 omnium
3852 2644 3991 2698 scien-

2441 2744 2629 2797 tiarum
2651 2743 3011 2813 peritissimum
3030 2758 3090 2796 ac
3111 2741 3595 2814 praestantissimum
3615 2738 3831 2794 veritatis
3848 2732 3990 2805 inqui-

2440 2834 2646 2888 sitorem
2672 2844 2721 2888 et
2745 2833 3080 2887 inventorem.

2944 2924 3176 2995 Angelus
3206 2921 3529 2979 Politianus.

2510 3020 2733 3092 Angelus
2761 3016 3053 3072 Politianus
3092 3018 3144 3069 in
3174 3014 3517 3068 Miscellaneis
3555 3029 3575 3067 :
3616 3012 3751 3066 Nam
3778 3009 3897 3079 quis,
3922 3006 3988 3057 in-

735 3732 903 3781 tutam
931 3729 1165 3782 servavit.

867 3816 931 3873 ll.
957 3816 1125 3873 Boetii
1153 3833 1315 3889 opera
1340 3834 1460 3889 quae
1481 3833 1625 3873 nunc
1655 3826 1866 3875 exstant
1896 3819 2012 3874 haec
2039 3828 2184 3875 sunt.

730 3908 767 3945 “·
804 3908 872 3963 In
901 3908 1179 3982 Porphyrii
1217 3910 1471 3984 Isagogen
1510 3911 1881 3968 Enarrationes
1908 3914 2055 3983 duce,
2084 3915 2250 3985 prima
2279 3920 2335 3970 et

736 4004 980 4057 secunda.

806 4095 874 4151 1n
910 4097 1192 4153 Aristotelis
1229 4097 1640 4154 Prtedicamenta
1673 4101 2152 4157 commentariorum
2200 4098 2327 4155 libri

737 4189 863 4245 duo.

803 4282 871 4337 In
897 4283 1127 4355 ejusdem
1161 4283 1349 4339 librum
1386 4284 1450 4339 de
1479 4283 1907 4354 Interpretatione
1935 4288 2101 4357 prima
2136 4285 2316 4352 editio,

733 4385 779 4431 et
802 4378 1025 4431 secunda
1052 4377 1107 4431 in
1130 4394 1219 4431 sea;
1250 4377 1405 4431 libros
1434 4377 1728 4435 distributa.

804 4468 957 4522 Liber
974 4469 1036 4523 de
1060 4468 1425 4525 Divisionibus.
1622 4474 1629 4480 ’

804 4565 956 4619 Liber
985 4566 1047 4619 de
1080 4565 1476 4635 Diﬁinitionibus

800 4654 1122 4710 Introductio
1149 4658 1215 4710 ad
1248 4658 1570 4730 Categoricos
1596 4658 1955 4729 Syllogismos.
2206 4722 2209 4725 _
2238 4720 2241 4723 _
2326 4654 2347 4715 ξ

800 4746 869 4799 1η
888 4747 1143 4801 Ciceronis
1168 4747 1365 4816 Topica
1392 4751 1870 4805 commentariorum
1892 4750 2008 4807 libri
2037 4767 2145 4808 sex.

797 4838 876 4892 De
905 4838 1220 4908 Di/ferentiis
1251 4842 1429 4912 topicis
1458 4842 1576 4894 libri
1607 4854 1845 4911 quatuor.

793 4932 874 4985 De
902 4932 1211 5002 Syllogismo
1238 4934 1521 5005 categorico
1553 4934 1669 4990 libri
1689 4937 1811 4989 duo.

795 5023 877 5077 De
906 5024 1219 5095 SleOgismo
1249 5026 1567 5096 hypothetico
1592 5026 1712 5081 iibri
1740 5029 1863 5083 duo.

796 5118 877 5173 De
908 5118 1152 5174 Trinitate
1172 5120 1289 5174 libri
1314 5124 1436 5176 duo.

795 5214 874 5269 De
903 5213 1314 5268 Hebdomadibus
1342 5216 1466 5270 liber
1494 5235 1647 5276 unus.

793 5306 873 5362 De
898 5307 946 5362 ll
952 5309 1107 5362 nitate
1126 5316 1172 5361 et
1202 5324 1302 5361 uno
1330 5309 1457 5363 liber
1480 5326 1631 5365 unus.

791 5400 871 5455 De
890 5400 1100 5455 Duabus
1122 5402 1313 5455 naturis
1330 5412 1376 5455 et
1397 5419 1499 5456 una
1522 5420 1738 5472 persona
1756 5402 1966 5474 Christi,
1993 5405 2305 5463 liber'unuﬁ

789 5494 869 5548 De
891 5492 1220 5548 Arithmetica
1248 5493 1366 5548 libri
1396 5495 1521 5550 duo.

791 5585 870 5640 De
898 5584 1095 5639 Musica
1122 5586 1240 5638 libri
1259 5589 1497 5655 quinque.

790 5676 869 5729 De
897 5675 1183 5730 Geometria
1212 5677 1326 5730 libri
1351 5676 1457 5730 duo
1476 5693 1539 5730 ea:
1566 5677 1779 5735 Euclide
1808 5687 2059 5740 translati.

790 5768 867 5819 De
894 5768 1247 5823 Consolatione
1270 5769 1623 5849 philosophice,
1660 5776 1751 5826 hoc
1782 5793 1909 5843 opus
1936 5778 2183 5832 divinum:

792 5857 1011 5923 Scripsit
1031 5869 1077 5916 et
1097 5861 1199 5918 alia
1219 5877 1331 5916 cum
1353 5863 1596 5931 carmine,
1612 5875 1716 5920 tum
1732 5866 1900 5925 soluta
1921 5871 2167 5938 oratione,
2182 5884 2309 5943 qua

2439 3758 2643 3829 quidem
2671 3771 2795 3812 pene
2824 3755 3134 3825 provocatio.

3122 3863 3349 3919 Platina.

2512 3970 2724 4037 Platina
2753 3984 2806 4034 in
2849 3980 3145 4034 Hormisda:
3172 3976 3426 4049 pontificis
3455 3975 3669 4029 maximi
3702 3971 3814 4025 Vita
3834 4009 3847 4033 ,
3880 3964 3988 4017 litte-

2439 4093 2613 4130 rarum
2637 4074 2974 4128 monumentis
3002 4074 3108 4126 tunc
3133 4070 3359 4141 prodidit
3403 4084 3421 4121 :
3462 4066 3696 4121 Boetium
3718 4072 3762 4117 et
3785 4060 3988 4129 Symma-

2439 4167 2594 4221 chum
2633 4165 2979 4219 Theodoricus
3017 4164 3079 4215 ob
3112 4162 3453 4229 suspicionem
3486 4158 3736 4226 affectata:
3773 4143 3984 4209 ιεθεααιίι

2437 4259 2620 4312 exsilio
2658 4256 2853 4327 primo,
2895 4270 3015 4307 mox
3040 4268 3242 4306 carcere
3268 4251 3441 4320 afﬁcit.
3478 4247 3548 4302 In
3594 4248 3688 4299 hac
3731 4237 3984 4297 calamitale

2440 4350 2741 4405 constitutus
2763 4345 3165 4410 Boetius,multa
3193 4342 3399 4410 scripsit
3425 4356 3540 4411 quae
3565 4340 3729 4394 adhuc
3756 4335 3981 4403 leguntur.

2440 4441 2725 4497 Transtulit
2745 4448 2790 4494 et
2814 4438 3051 4509 pleraque
3073 4451 3136 4489 ex
3156 4432 3450 4497 Aristotele,
3474 4432 3744 4499 eademque
3763 4430 3985 4509 comment

2439 4542 2574 4588 tatus
2595 4541 2689 4586 est.
2712 4528 2779 4583 In
2801 4500 3169 4582 mathematicis
3198 4523 3522 4578 doctissimus
3551 4529 3623 4575 est
3649 4500 3985 4575 habitus,quod

2224 4596 2229 4601 ι
2326 4629 2341 4697 ξ
2360 4631 2420 4700 Ῑ)
2443 4630 2550 4700 ejus
2581 4625 2638 4681 Μ
2646 4627 2785 4679 usica
2821 4633 2867 4677 et
2898 4620 3231 4675 Arithmetica
3269 4616 3561 4670 ostendunt.
3610 4611 3856 4665 Postremo
3879 4608 3984 4700 fere

2445 4688 2560 4771 cum
2578 4714 2884 4787 Symmacho
2905 4718 3136 4765 senatore
3154 4707 3457 4761 Theodorici
3470 4707 3623 4776 jussu
3641 4707 3852 4793 necatur.
3871 4688 3985 4793 Sunt

2445 4824 2611 4870 autem
2623 4784 2709 4881 qui
2731 4808 2951 4864 scribant
2969 4804 3201 4859 Boetium
3220 4809 3411 4855 tantant
3429 4799 3763 4852 calamitatem
3780 4784 3980 4881 subiisse.

2443 4906 2580 4977 quod
2610 4871 2662 4957 iit
2700 4902 2919 4955 Arianos
2953 4897 3291 4960 inveheretur,
3325 4893 3392 4945 ad
3412 4906 3538 4961 quos
3563 4880 3885 4977 Theodericus
3910 4871 3983 4922 de-

2445 4975 2742 5053 clinaverat.
2767 4991 3015 5062 Superior
3043 4987 3293 5043 sententia
3331 4985 3455 5039 mihi
3479 4983 3638 5038 verior
3661 4975 3862 5031 videtur.

2622 5105 2859 5177 Raphael
2890 5102 3272 5158 Volaterranus
3309 5099 3365 5154 in
3402 5089 3830 5163 Anthropologia.

2512 5225 2739 5289 Boetius,
2773 5221 2978 5275 Zenone
3024 5220 3331 5289 imperante,
3380 5215 3441 5267 ob
3487 5212 3726 5281 affectata:
3768 5191 3975 5289 libertati!

2441 5315 2779 5385 suspicionem
2809 5329 2838 5363 a
2868 5310 3186 5365 Theodorico
3221 5324 3340 5379 rege
3380 5304 3557 5361 exsilio
3586 5304 3839 5355 damnatur
3862 5282 3976 5385 edd:

2438 5369 2562 5465 inde
2582 5408 2825 5462 custodia:
2848 5406 3091 5469 traditus,
3112 5405 3261 5469 plura
3283 5399 3596 5468 conscripsit.
3618 5389 3831 5449 Tondeat
3850 5369 3975 5433 simul

2441 5517 2555 5555 cum
2583 5498 2892 5569 Symmacho
2921 5506 3153 5550 senatore
3181 5510 3352 5548 socero
3379 5508 3493 5558 suo,
3525 5489 3730 5556 aliisque
3754 5481 3970 5569 pra’sla‘n'

2437 5593 2569 5647 tibus
2612 5560 2759 5654 viris,
2800 5588 3121 5657 interﬁcitur.
3169 5583 3299 5656 Ejus
3349 5582 3531 5637 deinde
3573 5587 3760 5631 statuas
3792 5560 3970 5657 Αηζο¹⁶⁶

2436 5682 2641 5738 siuntha
2683 5652 2941 5743 restituit,
2966 5688 3014 5730 et
3044 5652 3327 5731 hteredibus
3361 5668 3716 5743 patrimonium
3752 5652 3969 5746 incohant

2443 5774 2686 5830 reddidit.
2729 5769 2815 5823 Vir
2840 5769 3067 5823 omnium
3094 5782 3246 5833 unus,
3272 5766 3359 5837 qui
3390 5775 3437 5818 et
3464 5757 3789 5818 doctissimus,
3818 5752 3857 5799 et
3882 5745 3970 5792 εἰπε

2441 5870 2591 5939 genio
2618 5867 2769 5936 fuerit
2794 5865 2847 5921 in
2872 5861 3157 5920 scribendo.
