4290 6258
1049 434 1081 443 ..ν

350 481 447 539 881

448 592 731 647 Mattlueus
754 591 1054 649 Palmerius
1074 592 1414 649 Florentinus
1442 595 1495 649 in
1518 594 1821 651 Chronicis.

414 685 624 739 Boetius
644 686 930 739 senatorius
952 687 1047 753 vir,
1064 687 1124 740 ob
1144 687 1480 758 suspicionem
1502 686 1753 754 aﬂ'ectataa
1781 688 1933 742 liber-

347 778 463 831 tatis
492 795 523 830 a
552 776 872 833 Theodorico
898 780 1076 832 exsilio
1106 778 1400 849 damnatus,
1431 798 1647 851 moxque
1672 782 1726 836 in
1754 798 1934 839 carce-

347 886 455 923 rem
477 878 670 939 trusus,
701 871 854 939 plura
882 870 1173 925 conscribit.

880 960 1026 1018 Idem
1066 963 1224 1034 paulo
1253 972 1396 1035 post.

418 1052 627 1107 Boetius
670 1053 776 1119 iam
813 1053 1012 1125 pridem
1055 1055 1234 1110 exsilio
1272 1065 1553 1124 revocatus,
1604 1063 1651 1112 et
1692 1058 1933 1129 praztorio

344 1150 635 1220 prtefectus,
653 1147 957 1203 Theoderici
967 1150 1121 1221 jussu
1140 1150 1294 1205 simul
1316 1168 1431 1206 cum
1450 1150 1763 1223 Symmacho
1783 1169 1937 1208 sena-

345 1251 454 1296 tore
478 1250 523 1295 et
548 1258 665 1296 cum
695 1242 813 1297 aliis
837 1244 1196 1313 prastantibus
1226 1245 1346 1299 viris
1371 1244 1693 1311 interficitur.

417 1334 626 1389 Marcus
688 1333 954 1391 Antonius
1031 1335 1329 1392 Sabellicus
1392 1335 1662 1393 Enneadis
1728 1346 1935 1397 octavae

985 1424 1122 1481 libro
1153 1426 1406 1482 secundo.

418 1523 581 1579 Boetii
602 1524 796 1591 scripta
827 1522 1029 1594 longius
1059 1522 1553 1595 durant,.varia:que
1578 1532 1831 1579 versatum
1859 1535 1938 1583 est

347 1616 483 1670 illud
510 1616 773 1685 ingenium
810 1631 899 1684 per
937 1630 1111 1669 omnes
1139 1615 1477 1687 philosophiae
1508 1626 1675 1684 partes
1715 1626 1817 1671 tam
1851 1634 1939 1672 co-

347 1709 488 1779 piose
512 1717 559 1761 et
588 1708 860 1778 eleganter,
876 1715 932 1761 ut
952 1708 1145 1761 nescias
1159 1717 1333 1761 utrum
1355 1709 1564 1762 ultimus
1587 1710 1740 1779 fuerit
1760 1726 1937 1765 eorum

346 1801 433 1870 qui
462 1799 692 1853 Romane
720 1800 874 1853 locuti
897 1807 1029 1865 sunt,
1062 1816 1130 1852 an
1161 1800 1355 1868 primus
1383 1801 1469 1871 qui
1498 1800 1800 1855 inclinatam
1825 1802 1934 1856 (ιο-

348 1892 600 1962 quentiam
626 1891 680 1944 in
708 1893 958 1961 integrum
983 1892 1247 1944 restituere
1282 1892 1350 1945 sit
1374 1890 1603 1945 adortus.
1635 1892 1856 1961 Scripsit
1878 1894 1936 1947 in

1404 476 1612 537 VARIA
1651 478 2085 538 MONUMENTA
2125 484 2571 547 LITTERARIA.

3537 506 3641 559 882

1958 598 2013 658 Δ
2038 610 2150 653 sent
2188 615 2236 655 et
2280 604 2360 657 illi
2402 620 2531 675 opus
2576 614 2717 661 tuum
2756 610 2995 680 prwfcrre
3018 654 3033 678 ,
3064 614 3107 665 si
3138 621 3399 682 utramque
3440 618 3640 687 plenius

2045 689 2359 745 didicissent.
2389 690 2472 746 Tu
2498 704 2657 749 artem
2677 698 2978 768 pra’dictam
3001 718 3065 756 ea:
3086 703 3365 775 disciplinis
3387 708 3641 765 nobilibus

2039 793 2215 835 natam
2242 800 2335 851 per
2365 787 2712 857 quadrifarias
2752 793 2989 845 mathesis
3028 795 3218 865 januas
3265 797 3507 853 introisti.
3564 800 3642 854 Tu

2040 872 2187 925 illam
2232 874 2288 926 in
2337 885 2535 930 natura:
2575 880 2916 948 penetralibus
2974 886 3318 941 considentem
3375 900 3642 943 auctorum

2041 965 2187 1021 libris
2215 967 2566 1035 invitantibus,
2597 973 2767 1024 cordis
2797 972 2987 1029 lumine
3015 979 3313 1050 c0gnovisti.
3356 980 3450 1035 Cui
3476 983 3642 1037 ardua

2041 1078 2190 1117 nosse
2217 1079 2362 1129 usus,
2390 1066 2643 1120 miracula
2666 1077 2949 1123 monstrare
2971 1073 3287 1140 propositum
3308 1085 3397 1128 est.
3426 1075 3642 1130 Molitur

2041 1156 2329 1223 ostendere,
2359 1159 2496 1223 quod
2525 1158 2879 1229 obstupescunt
2908 1162 3133 1217 homines
3157 1181 3211 1218 se
3244 1166 3513 1232 invenisse,
3545 1170 3642 1223 mi-

2040 1264 2203 1320 roque
2226 1250 2379 1305 modo
2408 1253 2608 1307 naturis
2638 1256 2891 1309 conversis
2914 1257 3040 1325 facti
3070 1256 3291 1311 detrahit
3317 1259 3491 1327 ﬁdem,
3524 1278 3641 1314 cum

2039 1348 2259 1394 ostentet
2279 1349 2323 1394 et
2353 1343 2515 1396 oculis
2532 1344 2792 1398 visionem.
2814 1343 2964 1398 Facit
2992 1363 3151 1415 aquas
3179 1364 3242 1402 ea:
3257 1349 3358 1402 imo
3379 1358 3640 1420 surgentes

2042 1432 2332 1499 pmcipites
2360 1434 2571 1502 cadere,
2603 1434 2800 1506 ignem,
2835 1437 3143 1504 ponderibus
3181 1455 3414 1503 currere,
3447 1457 3640 1514 organa

2040 1522 2298 1575 extraneis
2326 1523 2527 1578 vocibus
2560 1523 2829 1594 insonare,
2861 1536 2907 1581 et
2946 1529 3224 1599 peregrinis
3270 1531 3471 1599 ﬂatibus
3498 1532 3638 1586 cala-

2039 1629 2157 1667 mos
2183 1616 2427 1685 complet,
2461 1626 2519 1669 ut
2544 1618 2599 1669 in
2628 1618 2799 1672 anima
2842 1622 3035 1688 possint
3073 1630 3181 1675 arte
3208 1632 3434 1677 cantare.
3491 1624 3640 1678 Vide-

2045 1721 2158 1759 mus
2182 1724 2273 1774 per
2295 1724 2405 1761 eam
2427 1710 2746 1777 defensiones
2758 1712 2872 1780 jam
2894 1714 3179 1767 nutantium
3201 1715 3456 1769 civitatum
3476 1718 3639 1772 subito

2046 1800 2140 1853 tali
2172 1800 2416 1868 ﬁrmitate
2440 1818 2766 1874 consurgere,
2801 1814 2855 1857 ut
2884 1807 3409 1861 machinamentorum
3432 1810 3638 1862 auxiliis

2046 1892 2281 1960 superior
2316 1892 2604 1961 reddatur,
2650 1896 2737 1963 qui
2787 1897 3080 1968 desperatus
3128 1900 3315 1953 viribus
3362 1900 3635 1953 invenitur.

347 1988 531 2043 divinis
559 1988 818 2058 quadam,
846 1988 936 2041 sed
962 1988 1016 2040 in
1042 1986 1412 2041 mathematicis
1433 1988 1590 2041 multo
1613 1989 1783 2059 plura.
1818 1989 1933 2043 Eat-
1964 1980 2017 2043 B
2044 1985 2313 2043 Madentes
2342 1989 2551 2057 fabrica:
2577 1991 2630 2044 in
2663 2008 2797 2062 aqua
2824 1993 3023 2047 marina
3047 1994 3325 2048 siccantur.
3354 1991 3497 2046 Dura
3524 2009 3639 2047 cum

347 2087 483 2134 stant
524 2078 579 2131 in
625 2078 929 2133 dialecticen
976 2080 1360 2147 commentarii,
1412 2089 1571 2133 exstat
1616 2091 1663 2134 et
1707 2098 1931 2137 carmen.

347 2170 598 2227 Ceterum
640 2186 755 2223 cum
800 2178 1069 2241 utrumque
1106 2171 1172 2225 sit
1209 2170 1273 2225 ab
1313 2170 1476 2225 altero
1519 2172 1792 2236 diversum,
1813 2176 1936 2243 jure

348 2265 571 2318 dubitari
593 2264 750 2332 possit
771 2272 944 2317 utrum
966 2265 1117 2330 fuerit
1141 2262 1221 2317 illi
1251 2274 1438 2317 natura
1458 2266 1620 2336 magis
1650 2267 1932 2337 proprium.

347 2353 416 2411 In
443 2356 638 2411 cunctis
666 2366 768 2409 tam
797 2365 964 2409 castus
993 2364 1043 2411 et
1066 2355 1291 2429 elegans,
1324 2364 1379 2409 ut
1432 2373 1543 2411 cum
1566 2357 1789 2427 quolibet
1816 2375 1930 2412 ma-

350 2452 516 2515 iorum
542 2458 715 2504 certet.

419 2544 571 2611 Apud
601 2542 964 2597 Cassiodorum
989 2543 1043 2597 in
1086 2543 1227 2597 libris
1253 2544 1513 2598 variarum
1547 2561 1715 2599 rerum
1744 2546 1939 2616 aliquot

351 2637 595 2701 eruditae,
622 2645 668 2692 et
709 2653 824 2691 cum
852 2637 1062 2707 primis,
1091 2636 1386 2706 honorifica:
1413 2636 1719 2692 Theodorici
1745 2638 1941 2694 Gotho-

350 2747 463 2785 rum
490 2730 623 2802 regis
651 2730 719 2783 ad
750 2727 983 2783 Boetium
1015 2730 1241 2798 epistola:
1267 2730 1523 2801 leguntur,
1546 2747 1760 2802 quarum
1782 2750 1939 2789 unam

358 2823 452 2877 hoc
482 2821 798 2889 potissimum
826 2820 939 2875 loco
968 2821 1317 2875 ascribendam
1343 2822 1516 2887 putavi
1540 2837 1560 2876 :

430 2934 449 2967 ί
461 2912 635 2967 Boetio
645 2914 751 2967 viro
767 2912 956 2967 illustri
967 2913 1202 2983 patricio,
1219 2912 1565 2967 Theodoricus
1580 2930 1668 2968 rex
1680 2914 1934 2970 Salutem.

429 3031 449 3064 ‹
480 3011 779 3080 Spernenda
808 3025 908 3064 non
939 3019 1056 3063 sunt
1080 3025 1194 3077 qua:
1219 3025 1251 3063 a
1274 3010 1450 3064 vicinis
1467 3011 1669 3080 regibus
1692 3026 1943 3081 praesum-

352 3102 543 3174 ptionis
571 3102 741 3173 gratia
772 3101 1096 3170 postulantur
1117 3140 1133 3167 ,
1177 3101 1299 3154 dum
1340 3101 1636 3170 plerumque
1663 3119 1741 3158 res
1770 3120 1942 3176 parva:

352 3195 468 3266 plus
499 3192 774 3261 praevalent
802 3199 1042 3259 prwstare
1071 3207 1224 3261 quam
1248 3207 1448 3261 magnae
1473 3200 1686 3263 possunt
1720 3194 1942 3249 obtinere

353 3286 559 3340 divitiae.
592 3281 908 3355 Frequenter
939 3286 1071 3337 enim
1098 3283 1235 3352 quod
1261 3300 1405 3337 arma
1434 3285 1637 3351 explere
1665 3296 1940 3355 nequeunt,

353 3376 718 3431 oblectamenta
743 3374 1010 3429 suavitatis
1048 3375 1333 3446 imponunt.
1377 3374 1462 3430 Sit
1502 3392 1619 3446 ergo
1648 3379 1752 3447 ’pro
1787 3393 1941 3449 repu-

351 3470 483 3525 blica
509 3511 525 3534 ,
556 3479 602 3523 et
633 3485 746 3523 cum
776 3468 952 3523 ludere
993 3469 1239 3524 videmur.
1288 3466 1430 3524 Nam
1479 3471 1592 3525 ideo
1641 3474 1939 3545 voluptuosa

353 3562 627 3633 quwrimus
648 3606 662 3629 ,
698 3569 752 3615 ut
783 3576 872 3630 per
899 3561 1013 3632 ipsa
1038 3561 1175 3615 seria
1202 3562 1564 3630 compleamus.
1612 3562 1941 3637 Burgundio-

353 3672 473 3709 num
502 3656 672 3725 itaque
704 3642 941 3708 dominus
975 3670 1007 3707 a
1044 3654 1185 3709 nobis
1228 3671 1532 3728 magnOpere
1566 3656 1839 3726 postulavit
1882 3668 1939 3713 ut

358 3747 713 3819 horologium,
744 3747 880 3816 quod
914 3746 1060 3816 aquis
1085 3746 1178 3800 sub
1205 3747 1413 3800 modulo
1440 3750 1709 3818 ﬂuentibus
1743 3759 1938 3820 tempe-

353 3848 519 3903 ratur,
543 3846 589 3891 et
615 3838 749 3907 quod
778 3838 901 3891 solis
924 3838 1154 3892 immensi
1179 3840 1539 3907 comprehensa
1566 3840 1941 3897 illuminatione

354 3931 704 4000 distinguitur,
736 3946 850 3983 cum
874 3931 1130 4000 magistris
1154 3947 1325 3985 rerum
1352 3933 1400 3986 ei
1425 3934 1760 3988 transmittere
1785 3934 1939 3991 debe-

352 4036 545 4088 remus,
572 4028 822 4090 quatenus
848 4020 1128 4088 impetratis
1158 4020 1573 4077 delectationibus
1603 4026 1937 4095 perfruendo,

353 4113 492 4183 quod
522 4112 666 4167 nobis
694 4112 1062 4184 quotidianum,
1085 4111 1190 4167 illis
1216 4113 1451 4168 videatur
1477 4132 1586 4170 esse
1611 4118 1937 4175 miraculum.

354 4204 539 4260 Merito
578 4206 830 4276 siquidem
876 4206 1126 4274 respicere
1173 4208 1424 4279 cupiunt,
1474 4210 1611 4278 quod
1658 4208 1942 4280 legatorum

356 4315 571 4353 suorum
598 4297 929 4352 relationibus
958 4298 1329 4369 obstupescunt.
1364 4300 1479 4354 Hoc
1506 4311 1553 4355 te
1582 4303 1743 4356 multa
1770 4305 1942 4361 erudi-

354 4392 491 4445 tione
517 4394 805 4462 saginatum
832 4392 904 4444 ita
933 4407 1078 4445 nosse
1101 4391 1391 4459 didicimus,
1417 4404 1471 4448 ut
1492 4404 1626 4450 artes
1652 4415 1778 4468 quas
1800 4416 1944 4453 exer-

353 4491 466 4536 cent
504 4483 778 4553 vulgariter
808 4482 1117 4547 nescientes,
1150 4484 1203 4536 in
1238 4484 1349 4554 ipso
1385 4485 1768 4551 disciplinarum
1806 4493 1944 4558 fonte

354 4575 627 4642 potaveris.
662 4573 752 4628 Sic
781 4575 913 4627 enim
947 4572 1327 4626 Atheniensium
1351 4576 1552 4629 scholas
1575 4576 1725 4647 longe
1750 4580 1944 4647 positus

355 4666 613 4730 introisti,
653 4666 727 4718 sic
764 4664 1093 4733 palliatorum
1132 4666 1299 4719 choris
1348 4669 1597 4721 miscuisti
1640 4679 1851 4741 togam,
1887 4680 1944 4725 ut

2043 2079 2235 2148 fuerint
2259 2119 2276 2141 ,
2310 2080 2574 2149 ingeniosa
2602 2081 2933 2150 dispositione
2963 2085 3249 2137 solvuntur.
3282 2082 3500 2137 Metalla
3526 2099 3638 2136 mu-

2041 2170 2209 2238 giunt.
2253 2169 2529 2226 Diomedes
2558 2174 2612 2227 in
2637 2190 2741 2228 tere
2767 2176 2971 2243 gravius
3001 2176 3316 2242 buccinatur,
3347 2193 3517 2231 teneus
3544 2194 3638 2231 an-

2040 2260 2158 2327 guis
2190 2260 2454 2329 insibilat,
2483 2279 2600 2317 aves
2633 2265 2871 2321 simulate
2900 2267 3216 2337 fritinniunt,
3257 2276 3303 2321 et
3328 2283 3443 2337 quia
3467 2284 3638 2322 vocem

2041 2355 2306 2422 propriam
2334 2355 2564 2410 nesciunt
2588 2355 2802 2421 habere,
2833 2358 3153 2413 dulcedinem
3181 2358 3465 2431 probantur
3491 2360 3638 2411 emit-

2043 2452 2148 2499 tere
2167 2447 2457 2504 cantilente.
2488 2447 2664 2502 Parva
2686 2450 2747 2503 de
2777 2450 2870 2504 illa
2894 2452 3181 2523 referimus,
3210 2453 3292 2505 cui
3318 2452 3499 2506 coelum
3522 2452 3638 2504 imi-

2042 2539 2144 2591 tari
2173 2542 2253 2608 fas
2277 2549 2371 2593 est.
2404 2538 2531 2593 Htec
2557 2541 2676 2611 fecit
2714 2544 2995 2597 secundum
3022 2545 3182 2599 solem
3222 2545 3276 2598 in
3318 2545 3637 2601 Archimedis

2037 2629 2247 2701 sphaera
2296 2630 2582 2686 decurrere.
2637 2630 2765 2686 Ha’c
2815 2634 3034 2687 alterum
3080 2636 3347 2689 zodiacum
3388 2636 3637 2689 circulum

2039 2720 2271 2775 humano
2300 2724 2513 2777 consilio
2544 2724 2830 2794 fabricavit.
2864 2724 2993 2781 Haec
3020 2725 3197 2779 lunam
3219 2727 3418 2797 defectu
3439 2743 3532 2781 suo
3557 2743 3637 2781 re-

2040 2816 2326 2886 parabilem
2370 2818 2496 2870 artis
2532 2818 2907 2871 illuminatione
2957 2820 3291 2885 monstravit,
3333 2834 3635 2889 parvamque

2043 2905 2338 2959 machinam
2367 2907 2632 2977 gravidam
2655 2908 2867 2974 mundo,
2901 2910 3081 2962 caelum
3110 2907 3366 2980 gestabile,
3399 2923 3636 2979 compen-o

2042 2998 2190 3051 dium
2220 3014 2419 3065 rerum,
2454 3002 2716 3071 speculum
2753 3008 2952 3055 natura:
2988 3001 3057 3054 ad
3086 3004 3301 3069 speciem
3326 3001 3525 3055 tet/teris
3553 3002 3636 3055 in-

2045 3089 2442 3162 deprehensibili
2469 3088 2751 3146 mobilitate
2778 3092 3043 3147 salutavit.
3092 3092 3183 3149 Sic
3222 3102 3389 3159 astra,
3419 3109 3635 3164 quorum

2046 3181 2163 3237 licet
2192 3200 2394 3238 cursum
2421 3185 2677 3250 sciamus,
2710 3186 3003 3255 fallentibus
3033 3196 3199 3242 tamen
3239 3188 3402 3241 oculis
3427 3187 3636 3257 prodire

2050 3289 2152 3329 non
2194 3275 2464 3329 cernimus.
2515 3274 2676 3331 Stans
2718 3278 2923 3346 quidam
2962 3278 3015 3330 in
3044 3279 3147 3332 illis
3187 3278 3430 3334 transitus
3455 3286 3554 3344 est,
3584 3285 3637 3332 et

1966 3351 2014 3416 (Ζ
2046 3381 2201 3435 quam
2222 3367 2457 3421 velociter
2479 3384 2681 3423 currere
2705 3384 2820 3423 vera
2838 3372 3035 3425 ratione
3060 3372 3341 3440 cognoscis,
3361 3388 3414 3427 se
3436 3388 3634 3427 movere

2044 3476 2148 3513 non
2171 3459 2404 3529 respicis.
2445 3459 2607 3525 Quale
2633 3470 2705 3516 est
2733 3461 2827 3515 hoc
2856 3463 3069 3529 homini,
3096 3465 3250 3517 etiam
3279 3468 3461 3535 facere,
3494 3464 3635 3534 quod

2041 3551 2120 3604 vel
2145 3550 2460 3605 intellexisse
2509 3559 2669 3621 potest
2715 3568 2822 3606 esse
2849 3553 3125 3609 mirabile?
3177 3554 3345 3622 Quare
3394 3571 3507 3609 cum
3546 3570 3633 3609 vos

2044 3649 2191 3695 ornet
2223 3643 2401 3696 talium
2420 3659 2591 3698 rerum
2612 3644 2942 3714 praedicanda
2971 3648 3174 3714 notitia,
3200 3647 3465 3718 horologia
3488 3647 3632 3701 nobis

2044 3732 2265 3802 publicis
2295 3735 2530 3804 expensis
2568 3734 2678 3788 sine
2705 3745 2867 3791 vestro
2903 3738 3169 3808 dispendio
3203 3741 3468 3796 destinate.
3511 3740 3633 3795 Pri-

2044 3838 2187 3875 mum
2216 3823 2320 3890 sit,
2352 3826 2438 3879 ubi
2476 3824 2642 3896 stylus
2682 3828 2785 3881 diei
2822 3829 2974 3884 index
3013 3847 3101 3901 per
3130 3831 3359 3907 umbram
3396 3832 3633 3903 exiguam

2042 3913 2199 3969 horas
2227 3918 2484 3971 consuevit
2519 3919 2780 3973 ostendere
2811 3937 2827 3973 :
2865 3921 3039 3975 radius
3073 3923 3243 3993 itaque
3278 3922 3551 3977 immobilis
3585 3930 3634 3976 et

2045 4021 2231 4074 parvus
2256 4023 2517 4079 peragens,
2546 4010 2683 4078 quod
2705 4010 2945 4064 miranda
2973 4011 3093 4065 solis
3116 4014 3411 4083 magnitudo
3436 4014 3635 4067 discur-

2044 4094 2152 4164 rit,
2203 4107 2251 4150 et
2295 4100 2470 4168 fugam
2514 4097 2638 4154 solis
2677 4102 2998 4169 a'quiparat,
3028 4102 3165 4170 quod
3204 4112 3394 4155 motum
3440 4119 3637 4170 semper

2044 4188 2269 4259 ignorat.
2324 4188 2618 4245 Inviderent
2660 4192 2845 4247 talibus
2872 4194 2916 4247 si
2945 4202 3083 4247 astra
3111 4194 3381 4259 sentirent,
3414 4202 3461 4248 et
3495 4210 3637 4249 mea-

2047 4290 2157 4333 tum
2185 4297 2331 4334 suum
2362 4284 2578 4352 fortasse
2620 4285 2962 4357 deﬂecterent,
2996 4303 3059 4341 ne
3092 4286 3182 4341 tali
3210 4287 3433 4341 ludibrio
3462 4289 3639 4361 subja~

2046 4384 2234 4429 cerent.
2271 4375 2370 4429 Ubi
2411 4386 2481 4430 est
2521 4378 2653 4431 illud
2696 4378 2939 4431 horarum
2982 4379 3047 4431 de
3095 4381 3286 4433 lumine
3328 4382 3638 4437 venientium

2047 4466 2305 4534 singulare
2329 4467 2662 4531 miraculum,
2694 4470 2739 4521 si
2764 4470 2855 4523 has
2877 4479 2925 4522 et
2955 4470 3133 4522 umbra
3156 4471 3509 4525 demonstrat?
3538 4473 3637 4527 Ubi

2046 4556 2385 4627 prtedicabilis
2418 4560 2673 4627 indefecta
2708 4562 2895 4613 rotatio
2917 4602 2931 4626 ,
2965 4562 3008 4613 si
3036 4562 3142 4615 ha’c
3168 4572 3215 4615 et
3244 4563 3453 4617 metalla
3484 4580 3635 4631 pera-

2047 4656 2192 4719 gunt,
2222 4664 2332 4713 quae
2358 4649 2458 4701 situ
2479 4658 2721 4718 perpetuo
2744 4651 3106 4704 continentur?
3138 4650 3181 4703 0
3206 4653 3333 4704 artis
3359 4654 3636 4708 inwstima-

356 4755 652 4809 Graecorum
682 4755 922 4825 dogmata
950 4756 1236 4809 doctrinam
1274 4757 1454 4827 feceris
1489 4776 1596 4813 esse
1633 4737 1941 4817 Romanam.
1968 4737 2024 4798 D
2049 4740 2163 4793 θίίίδ
2193 4744 2383 4802 virm"
2412 4756 2526 4807 qum
2552 4741 2676 4793 dum
2700 4756 2752 4793 ³⁸
2782 4740 2907 4793 die“
2932 4741 3140 4806 luderet
3173 4752 3372 4797 “tum
3398 4747 3636 4812 Ρνωυαίθί

355 4847 597 4901 Didicisti
626 4847 757 4899 enim
782 4863 883 4917 qua
910 4847 1262 4918 profunditate
1288 4866 1401 4903 cum
1438 4851 1541 4904 suis
1571 4851 1799 4921 partibus
1825 4870 1943 4923 spe-

352 4940 574 4994 culativa
603 4940 865 5008 cogitetur,
897 4953 997 5008 qua
1021 4939 1217 4992 ratione
1242 4941 1405 4993 activa
1433 4957 1549 4994 cum
1578 4958 1671 4995 sua
1698 4943 1946 4999 divisione

354 5033 602 5095 discatur,
637 5032 889 5084 deducens
922 5031 990 5084 ad
1028 5030 1303 5085 Romuleos
1344 5042 1637 5103 senatores,
1681 5034 1944 5105 Quidquid

354 5127 650 5194 CecrOpidiz:
684 5130 872 5181 mundo
911 5131 1135 5195 fecerant
1175 5128 1457 5199 singulare.
1501 5128 1944 5187 Translationibus

355 5221 490 5272 enim
517 5220 615 5271 tuis
650 5217 972 5288 Pythagoras
1000 5218 1251 5283 musicus,
1286 5218 1591 5275 Ptolemaeus
1619 5233 1941 5276 astronomus

352 5312 592 5380 leguntur
622 5310 767 5365 Itali.
821 5310 1165 5366 Nicomachus
1193 5313 1536 5368 arithmeticus
1562 5355 1577 5381 ,
1610 5319 1940 5387 geometricas

352 5400 599 5456 Euclides
628 5402 912 5456 audiuntur
943 5404 1174 5457 Ausonii.
1229 5402 1382 5458 Plato
1417 5406 1682 5477 theologus
1702 5448 1715 5470 ,
1744 5408 1941 5462 Aristo-

354 5494 476 5548 teles
512 5494 707 5568 logicus
730 5538 746 5561 ,
788 5496 1032 5567 quirinali
1068 5511 1185 5549 voce
1222 5498 1522 5570 disceptant.
1586 5500 1939 5556 Mechanicum

352 5590 507 5643 etiam
538 5587 893 5642 Archimedem
914 5586 1160 5641 Latialem
1192 5587 1378 5643 Siculis
1405 5592 1696 5656 reddidisti,
1720 5602 1764 5646 et
1790 5610 1940 5658 quas-

357 5696 552 5751 cunque
578 5678 657 5733 vel
681 5678 979 5747 disciplinas
1004 5680 1083 5731 vel
1109 5687 1240 5733 artes
1262 5680 1477 5748 fecunda
1506 5681 1704 5735 ercia
1728 5699 1819 5751 per
1837 5683 1941 5736 sin-

355 5774 503 5845 gulos
532 5774 667 5827 viros
686 5757 866 5837 edidit,
893 5780 938 5823 te
964 5787 1065 5825 uno
1087 5782 1307 5837 auctore,
1339 5776 1503 5843 patrio
1521 5790 1751 5828 sermone
1774 5774 1941 5827 Roma

358 5867 597 5934 suscepit.
664 5865 803 5930 Quos
855 5871 999 5917 tanta
1041 5866 1302 5918 verborum
1349 5865 1622 5918 luculentia
1672 5868 1942 5920 reddidisti

361 5962 525 6015 claros
545 5999 559 6025 ,
591 5968 733 6014 tanta
759 5959 948 6030 lingua:
975 5961 1277 6029 proprietate
1303 5958 1624 6024 conspicuos,
1658 5968 1711 6011 ut
1743 5959 1940 6024 potuis-

2046 4844 2238 4888 secreta
2262 4834 2495 4904 vulgare.
2539 4832 2836 4888 Secundum
2862 4835 2957 4896 sit,
2984 4834 3070 4886 ubi
3099 4847 3282 4906 prazter
3311 4837 3434 4891 solis
3458 4839 3635 4892 radios

2049 4928 2175 4980 hora
2212 4927 2563 4996 dignoscitur,
2606 4936 2778 4980 noctes
2815 4927 2867 4979 in
2908 4935 3077 4995 partes
3120 4928 3348 4983 dividens
3376 4947 3393 4983 :
3418 4932 3554 5001 quod
3578 4942 3635 4987 ut

2049 5022 2178 5075 nihil
2207 5020 2404 5074 deberet
2433 5020 2584 5073 astris
2609 5059 2624 5081 ,
2671 5019 2919 5072 rationem
2947 5020 3058 5075 cali
3086 5022 3154 5073 ad
3189 5038 3437 5093 aquarum
3467 5026 3635 5091 potius

2046 5116 2243 5185 fluenta
2274 5112 2517 5166 convertit
2548 5127 2568 5165 :
2596 5127 2809 5181 quorum
2837 5114 3053 5166 motibus
3081 5116 3316 5179 ostendit,
3346 5117 3478 5184 quod
3507 5117 3633 5170 caelo

2050 5206 2298 5269 volvitur,
2325 5215 2372 5258 et
2397 5204 2581 5259 audaci
2612 5206 3008 5275 pra’sumptione
3036 5218 3277 5274 concepta
3305 5224 3389 5262 ars
3416 5212 3634 5265 elemen-
3678 5193 3682 5211 ἴ

2047 5300 2110 5354 tis
2136 5303 2363 5368 confert,
2394 5298 2533 5369 quod
2562 5297 2774 5368 originis
2805 5299 3027 5352 conditio
3065 5301 3341 5371 denegavit.
3386 5300 3634 5356 Universa

2048 5392 2363 5463 disciplina),
2406 5400 2617 5444 cunctus
2652 5391 2975 5460 prudentium
3014 5389 3187 5455 labor,
3227 5402 3420 5445 natura:
3456 5401 3633 5463 poten-

2048 5484 2193 5548 tiam,
2222 5490 2279 5535 ut
2309 5490 2506 5535 tantum
2536 5484 2727 5548 possint
2758 5498 2924 5548 nosse,
2955 5483 3271 5553 perquirunt.
3303 5481 3633 5538 Mechanema

2046 5576 2210 5628 solum
2236 5583 2328 5638 est,
2358 5573 2496 5643 quod
2520 5572 2613 5625 illa
2641 5590 2704 5628 ex
2732 5574 2999 5627 contrariis
3020 5574 3211 5642 appetit
3247 5574 3458 5637 imitari,
3489 5584 3536 5627 et
3566 5575 3632 5646 (si

2047 5670 2126 5738 fas
2150 5675 2222 5720 est
2244 5667 2432 5734 dicere)
2456 5667 2507 5720 in
2529 5667 2831 5733 quibusdam
2853 5666 3001 5719 etiam
3028 5667 3207 5720 nititur
3224 5668 3349 5721 velle
3367 5684 3627 5737 superare.

2047 5759 2175 5813 Ha'c
2219 5761 2354 5814 enim
2402 5761 2581 5830 fecisse
2625 5761 2937 5831 dignoscitur
2983 5760 3253 5815 Dadalum
3278 5761 3483 5829 volare,
3522 5762 3630 5816 lucc

2047 5861 2277 5931 ferreum
2307 5861 2596 5930 cupidinem
2623 5862 2675 5916 in
2700 5862 2882 5918 Diana:
2906 5862 3090 5933 templo
3118 5862 3226 5919 sine
3255 5863 3431 5937 aliqua
3458 5864 3627 5936 illiga-

2049 5964 2182 6019 tione
2206 5964 2446 6032 pendere.
2478 5963 2606 6020 Htec
2633 5966 2781 6022 hodie
2804 5968 2926 6038 facit
2952 5974 3094 6023 muta
3116 5976 3341 6035 cantare,
3371 5968 3627 6024 insensata
