4290 6258
730 441 835 498 885

731 665 856 721 pene
896 650 1061 701 socius
1098 658 1171 701 est
1203 656 1401 699 natura:
1424 684 1440 709 ,
1482 646 1681 697 occulta
1720 659 1947 696 reserans
1973 683 1987 707 ,
2026 642 2299 711 manifesta

732 751 1050 803 convertens,
1089 739 1346 792 miraculis
1377 737 1584 804 ludens,
1617 738 1689 789 ita
1717 736 1926 807 pulchre
1952 734 2179 788 similans
2199 774 2212 798 ,
2246 742 2301 786 ut

730 834 865 903 quod
893 834 1228 900 compositum
1258 848 1357 884 non
1392 830 1683 901 ambigitur,
1704 830 1887 883 veritas
1912 828 2205 882 wstimetur.
2234 823 2301 877 Et

732 925 851 994 quia
886 935 933 977 te
964 925 1236 977 studiosius
1267 922 1447 995 legisse
1475 924 1795 992 cognovimus
1819 963 1832 985 ,
1877 921 2117 992 prwdicta
2160 919 2305 975 nobis

730 1016 1010 1086 horologia.
1029 1016 1171 1069 ocius
1201 1015 1536 1069 transmittere
1564 1014 1863 1079 maturabis,
1893 1022 1948 1065 ut
1976 1022 2025 1066 te
2055 1019 2226 1065 natum
2250 1010 2305 1063 in

731 1108 823 1162 illa
850 1106 1028 1159 mundi
1060 1114 1203 1173 parte
1228 1108 1416 1177 facias,
1447 1122 1545 1176 quo
1574 1107 1721 1159 aliter
1752 1104 2008 1171 pervenire
2035 1120 2134 1157 non
2167 1111 2307 1173 pote-

733 1214 839 1251 ras.
884 1197 1172 1268 Agnoscant
1200 1215 1289 1260 per
1325 1207 1369 1251 te
1409 1206 1592 1253 extera:
1620 1206 1806 1269 gentes,
1842 1198 1967 1249 tales
2007 1210 2097 1247 nos
2128 1194 2307 1247 habere

734 1290 963 1355 nobiles,
1004 1290 1178 1359 quales
1223 1290 1455 1360 leguntur
1503 1300 1752 1344 auctores.
1801 1289 2005 1355 Quoties
2052 1304 2154 1341 non
2190 1294 2308 1340 sunt

736 1383 1001 1449 credituri,
1030 1398 1144 1452 quae
1165 1382 1421 1436 viderint?
1452 1381 1659 1446 Quoties
1680 1381 1810 1433 hanc
1833 1381 2091 1435 veritatem
2119 1378 2308 1432 lusoria

735 1477 932 1533 somnia
951 1478 1237 1547 putabunt?
1259 1486 1303 1530 et
1326 1476 1526 1545 quando
1550 1476 1733 1546 fuerint
1757 1474 1817 1526 ab
1838 1484 2042 1543 stupore
2062 1471 2306 1537 conversi,

736 1585 839 1621 non
863 1569 1118 1621 audebunt
1145 1585 1197 1622 se
1219 1567 1436 1638 a’quales
1467 1569 1607 1622 nobis
1635 1570 1816 1632 dicere,
1840 1566 1980 1638 apud
2005 1581 2130 1633 quos
2154 1564 2310 1618 scient

736 1666 992 1737 sapientes
1018 1665 1143 1719 talia
1168 1667 1432 1734 cogitasse.
1468 1663 1608 1718 Vale.
1654 1682 1669 1715 ι

1267 1777 1351 1833 Ill.
1385 1777 1572 1846 Operis
1602 1776 1801 1831 titulus.

813 1888 1013 1947 Titulus
1038 1892 1204 1960 aperis
1225 1890 1308 1944 hic
1329 1891 1381 1943 in
1403 1889 1653 1960 plerisque
1672 1888 2038 1958 exemplaribus
2062 1887 2271 1942 habetur
2294 1901 2314 1940 :

742 1985 899 2038 Anitii
932 1984 1117 2038 Manlii
1144 1984 1369 2040 Severini
1398 1983 1562 2037 Boetii
1584 1984 1675 2035 viri
1708 1984 1977 2037 clarissimi
2005 1993 2051 2036 et
2080 1982 2317 2047 illustris,

743 2091 772 2129 e
802 2076 1066 2129 consulum
1105 2076 1313 2137 ordine,
1345 2074 1407 2127 de
1448 2071 1800 2128 Consolatione
1831 2074 2164 2144 philosOphia:
2202 2072 2318 2129 libri

742 2169 979 2239 quinque.
1032 2167 1231 2221 Anftius
1267 2165 1491 2220 Manlius
1531 2164 1819 2235 Torquatus
1851 2174 1897 2218 et
1926 2164 2198 2220 Severinus
2226 2181 2320 2218 no-

745 2262 887 2316 mina
909 2269 1023 2315 sunt
1047 2277 1107 2315 ea:
1130 2262 1329 2332 familia
1350 2277 1621 2331 genereque
1646 2261 1805 2313 Boetii
1830 2262 2111 2331 desumpta.
2146 2244 2321 2328 Quan-

747 2354 1015 2424 doquidem
1042 2354 1331 2407 Anitiorum
1356 2370 1513 2425 genus
1543 2352 1908 2407 nobilissimum
1936 2352 2112 2423 fuisse‘
2125 2354 2315 2418 Romae,

745 2456 795 2503 et
823 2447 970 2501 divus
998 2446 1341 2516 Hieronymus
1371 2448 1423 2500 in
1450 2447 1663 2515 epistola
1690 2447 1756 2499 ad
1790 2444 2158 2501 Demetriadem
2182 2449 2321 2501 testi-

748 2543 932 2612 ﬁcatur
954 2540 1031 2594 his
1059 2540 1257 2594 verbis:
1282 2539 1488 2594 Scilicet
1516 2555 1647 2592 nunc
1675 2540 1794 2591 mihi
1825 2538 2107 2592 Proborum
2131 2549 2177 2592 et
2211 2538 2321 2592 Oli-

750 2631 973 2685 briorum
998 2631 1137 2684 clara
1156 2631 1428 2699 repetenda
1456 2640 1572 2682 sunt
1598 2631 1823 2694 nomina,
1848 2641 1891 2682 et
1922 2628 2137 2683 illustris
2164 2629 2322 2683 Anitii

749 2724 1011 2793 sanguinis
1041 2739 1226 2795 genus,
1255 2724 1308 2775 in
1337 2738 1436 2791 quo
1463 2732 1551 2775 aut
1596 2722 1763 2775 nullus
1787 2732 1875 2776 aut
1903 2739 2050 2776 rarus
2078 2724 2204 2788 erit,
2235 2723 2322 2791 qui

750 2832 853 2870 non
874 2815 1109 2871 meruerit
1134 2815 1472 2870 consulatum.
1504 2813 1570 2869 Et
1598 2813 1909 2869 Prudentius
1933 2825 2081 2887 poeta
2109 2816 2163 2868 in
2193 2814 2322 2871 libro

751 2908 992 2983 adversus
1030 2908 1394 2980 Symmachum
1429 2909 1685 2973 secunda,
1724 2908 1859 2961 hunc
1899 2909 1953 2962 in
1997 2911 2206 2962 modum
2239 2924 2323 2963 ce-

753 3001 877 3055 cinit
904 3016 925 3054 :

891 3090 1083 3146 Fertur
1109 3093 1243 3148 enim
1267 3101 1380 3148 ante
1408 3091 1538 3146 alios
1560 3108 1829 3163 generosus
1856 3092 2052 3148 Anitius
2084 3091 2235 3148 Urbis

894 3181 1190 3239 lllustrasse
1214 3194 1360 3254 caput
1390 3199 1408 3237 :
1436 3184 1510 3239 sic
1535 3199 1588 3237 se
1618 3182 1783 3237 Roma
1808 3184 1998 3255 inclyta
2016 3186 2201 3255 jactat.

761 3292 978 3347 Videtur
1005 3294 1127 3347 mihi
1153 3294 1262 3348 haec
1293 3296 1581 3347 Anitiorum
1617 3295 1816 3364 familia
1846 3312 1908 3349 ex
1950 3296 2146 3350 Manlia
2178 3306 2322 3368 gente

755 3384 958 3437 duxisse
983 3386 1259 3456 originem,
1292 3387 1436 3452 cujus
1467 3395 1645 3439 auctor
1684 3389 1780 3453 fuit
1820 3386 2049 3442 Manlius
2077 3388 2324 3458 Capitoli-

756 3490 871 3527 nus.
917 3472 1159 3541 Torquati
1187 3484 1355 3528 autem
1396 3492 1672 3546 cognomen
1708 3493 1771 3530 ex
1804 3477 1904 3531 Titi
1935 3478 2117 3532 Manlii
2143 3481 2325 3535 virtute

685 3628 692 3636 ι
758 3569 983 3632 accessit,
1008 3570 1092 3637 qui
1122 3568 1345 3638 Sulpitia
1369 3571 1610 3623 dictatore
1630 3572 1855 3625 tribunus
1876 3572 2093 3625 militum
2123 3572 2327 3628 Gallum

759 3670 1132 3731 provocatorem
1158 3661 1363 3725 occidit,
1396 3672 1623 3731 torquem
1645 3664 1688 3714 ei
1714 3663 1993 3716 detractum
2018 3666 2198 3718 cervici
2221 3681 2329 3720 suta

760 3753 963 3806 indidit.
997 3753 1069 3805 Ab
1099 3756 1271 3807 eodem
1297 3764 1632 3825 prapagatum
1660 3766 1732 3808 est
1758 3756 1808 3808 in
1840 3767 2063 3822 posteros
2100 3757 2330 3814 Severini

761 3854 1169 3917 cognomentum.
1212 3843 1339 3898 Fuit
1365 3847 1494 3899 enim
1523 3855 1625 3898 tam
1652 3863 1875 3913 severus,
1904 3858 1959 3901 ut
1988 3849 2117 3902 bello
2146 3849 2331 3907 Latino

763 3937 939 3990 consul
978 3936 1141 4005 ﬁlium
1177 3953 1325 3990 suum
1366 3938 1497 4005 quod
1537 3945 1713 3991 contra
1748 3940 1906 4005 patris
1943 3941 2209 4011 imperium
2239 3960 2334 4012 pu-

696 4038 697 4041 ‘
765 4038 989 4099 gnasset,
1021 4028 1134 4082 licet
1160 4028 1320 4083 hastis
1348 4014 1605 4099 victorem,
1638 4032 1805 4085 securi
1831 4034 2149 4099 percusserit.
2185 4033 2227 4088 U
2234 4036 2334 4090 nde

770 4110 1024 4190 Vergilius
1047 4137 1065 4173 .·

1328 4230 1611 4282 saevumque
1641 4218 1806 4270 securi

1187 4305 1367 4375 Aspice
1400 4305 1734 4374 Torquatum.

768 4414 935 4473 Porro
955 4414 1259 4486 peculiarem
1283 4427 1330 4470 et
1351 4433 1507 4487 prope
1530 4421 1803 4491 genuinam
1826 4421 1979 4493 hujus
2000 4429 2162 4494 gentis
2181 4422 2339 4492 fuisse

769 4511 1118 4575 severitatem,
1162 4509 1382 4563 ostendit
1440 4509 1613 4565 Cicero
1652 4513 1705 4566 in
1754 4529 1769 4566 ι
1820 4512 1881 4565 de
1931 4512 2145 4567 Finibus
2188 4515 2335 4569 libro.

770 4600 998 4656 Proinde
1026 4603 1301 4656 ridiculum
1338 4612 1410 4655 est
1437 4604 1573 4673 quod
1610 4604 1802 4658 indocti
1831 4605 1972 4658 aiunt
2013 4604 2249 4660 Boetium
2281 4623 2341 4660 eo

770 4696 963 4748 dictum
989 4694 1306 4763 Severinum,
1330 4698 1466 4764 quod
1494 4694 1807 4751 Theodorico
1828 4700 1929 4768 regi
1950 4713 2002 4751 se
2025 4698 2337 4766 opposuerit.

772 4786 827 4840 Μ
836 4789 939 4840 ulto
968 4800 1135 4840 autem
1165 4788 1326 4857 magis
1353 4788 1483 4840 illud
1523 4789 1659 4856 quod
1694 4787 1926 4842 Boetium
1959 4791 2167 4842 tradunt
2197 4805 2229 4841 a
2261 4804 2345 4843 ve-

772 4879 955 4931 scenda
977 4880 1124 4931 boum
1138 4894 1290 4931 carne
1310 4880 1467 4949 fuisse
1491 4880 1890 4949 agnominatum,
1912 4896 2027 4932 cum
2049 4881 2345 4934 eruditiores

773 4984 806 5021 a
832 4972 1033 5024 nomine
1058 4972 1212 5041 prisci
1239 4971 1511 5041 cujusdam
1540 4971 1829 5040 philosophi
1852 4972 1986 5043 quod
2019 4980 2090 5026 est
2117 4971 2344 5038 Boetius;

775 5072 1007 5116 censeant
1036 5061 1268 5116 Boetium
1294 5063 1447 5133 fuisse
1472 5064 1803 5135 appellatum.
1834 5065 1981 5129 Quod
2010 5066 2053 5116 si
2075 5065 2143 5116 ita
2164 5074 2235 5116 est
2256 5079 2347 5131 per

776 5157 829 5207 th
859 5155 1138 5224 aspiratum
1168 5155 1260 5209 hoc
1282 5171 1459 5210 nomen
1491 5156 1807 5211 scribendum
1839 5166 1931 5209 est.
1973 5153 2345 5224 Interpretatur

776 5259 943 5301 autem
977 5250 1155 5322 βοηθὸς
1181 5290 1194 5312 ,
1234 5250 1432 5316 fautor,
1478 5252 1716 5321 adjutor,
1756 5247 2049 5300 auxiliator.
2097 5244 2344 5300 Cmterum

775 5343 909 5411 quod
935 5342 1029 5395 hoc
1049 5358 1173 5410 opus
1200 5341 1261 5394 de
1287 5339 1635 5395 Consolatione
1660 5340 1997 5413 philosOphite
2029 5339 2342 5409 inscribitur,

778 5436 1031 5489 sciendum
1052 5445 1121 5488 est
1147 5439 1337 5505 formas
1356 5451 1486 5505 stepe
1506 5436 1631 5506 fingi
1655 5435 1716 5487 ab
1736 5436 2017 5488 illustribus
2038 5433 2345 5499 auctoribus,

778 5537 821 5579 et
844 5544 1170 5596 personarum
1185 5527 1297 5596 fieri
1322 5528 1705 5598 descriptionem
1724 5540 1910 5596 :quare
1930 5526 2122 5581 Gra’cis
2141 5547 2349 5603 προσω-

779 5622 1031 5693 sror/papas
1057 5618 1262 5671 dicitur.
1292 5618 1723 5686 Quemadmodum
1740 5615 1993 5670 Prodicus
2012 5617 2236 5686 saphista
2252 5617 2353 5669 vir-

782 5720 935 5764 tutem
950 5727 1011 5763 ac
1030 5711 1335 5777 voluptatem
1356 5709 1491 5779 apud
1514 5707 1787 5763 Herculem
1809 5710 1938 5764 inter
1959 5724 2010 5762 se
2036 5710 2348 5761 decertantes

785 5801 925 5865 facit,
957 5810 1009 5851 ul
1057 5811 1233 5854 auctor
1261 5812 1333 5852 est
1362 5800 1667 5867 XenOphan.
1721 5801 1785 5853 Et
1819 5812 2032 5855 mortem
2069 5818 2129 5853 ac
2167 5804 2342 5869 vitam,

788 5898 905 5941 teste
932 5889 1118 5955 Fabio,
1147 5892 1495 5945 contendentes
1519 5896 1569 5944 in
1598 5903 1770 5958 satyrn
1802 5895 1954 5945 tradit
1984 5892 2202 5959 Ennius.

1373 436 1714 496 APPENDIX
1753 436 1843 493 AD
1879 434 2118 503 LIBROS
2156 431 2243 495 DE
2282 426 2794 489 CONSOLATIONE
2832 425 3325 488 PHILOSOPHUE.

729 558 914 624 vivere,
936 540 1214 611 immobilia
1234 555 1438 608 moveri.
1468 554 1796 607 Mechanicus
1829 552 1894 622 (si
1921 556 1999 623 fas
2019 562 2089 605 est
2111 549 2299 620 dicere)
2327 551 2382 617 Α

3868 430 3959 487 88ι

2923 548 3012 603 ιγ.
3053 549 3185 620 Styli
3214 548 3459 617 qualitas.

2475 641 2597 695 Iam
2625 649 2680 695 ut
2705 642 2821 712 styli
2850 642 3071 713 qualitas
3092 643 3392 706 innotescat,
3422 640 3626 703 Boetius
3647 641 3701 695 in
3721 642 3798 695 his
3819 644 3963 709 libris,

2406 746 2509 790 tum
2538 736 2762 791 versibus
2804 737 2995 802 utitur,
3029 747 3136 788 tum
3178 736 3405 811 aratione
3446 735 3639 803 soluta,
3668 744 3721 787 ut
3754 737 3969 804 jucunda

2404 816 2747 884 vicissitudine
2773 830 2973 884 lectoris
2999 830 3204 882 taedium
3229 830 3436 882 levetur.
3469 825 3727 881 Fecerunt
3754 829 3844 880 hac
3870 839 3970 881 ante

2404 924 2637 979 Boetium
2662 942 2779 979 cum
2806 924 2927 989 alii,
2960 933 3065 977 tum
3094 925 3334 990 prteclare
3379 922 3654 979 Petronius
3683 924 3903 989 Arbiter,
3931 936 3971 977 et

2410 1018 2704 1091 Hartianus
2733 1006 2965 1086 Capella.
3016 1013 3158 1068 Belle
3202 1024 3369 1068 autem
3405 1016 3546 1087 prius
3583 1016 3746 1068 utitur
3771 1017 3973 1069 carmine

2406 1128 2563 1181 quam
2592 1125 2747 1180 prosa
2777 1123 2795 1161 :
2824 1108 2960 1177 quod
3007 1106 3247 1177 (auctore
3276 1104 3561 1179 Strabone)
3612 1108 3833 1178 primum
3875 1116 3975 1161 ante

2412 1183 2581 1259 omnia
2619 1202 2889 1275 apparatio
2923 1202 3035 1275 ipsa
3064 1201 3258 1271 poetica
3299 1199 3539 1271 processit
3584 1200 3639 1253 in
3677 1200 3909 1267 medium,
3935 1210 3975 1255 et

2410 1296 2691 1365 approbata
2774 1293 3099 1365 complacuit.
3183 1291 3378 1347 Deinde
3459 1300 3679 1346 metrum
3743 1292 3978 1347 solverunt

2414 1376 2634 1446 Cadmus
2653 1431 2667 1455 ,
2697 1388 3024 1460 Pherecydes
3050 1397 3100 1442 et
3130 1386 3423 1443 Hecatteus.
3465 1386 3588 1441 Huc
3617 1388 3832 1450 accedit,
3860 1387 3979 1456 quod

2414 1482 2620 1539 Boetius
2647 1482 2817 1535 animo
2842 1482 3054 1535 nimium
3078 1479 3418 1551 perturbatus,
3442 1475 3619 1550 Elegis
3647 1478 3864 1547 fortuna:
3884 1494 3980 1531 mu-

2417 1574 2655 1627 tationem
2682 1561 2992 1641 deplorans,
3022 1580 3069 1625 et
3096 1571 3253 1625 animi
3285 1571 3365 1624 sui
3394 1572 3706 1641 patefaciens
3733 1571 3980 1641 (egritudi-

2416 1681 2549 1729 nem,
2581 1672 3015 1736 peropportunum
3038 1661 3373 1733 philosophice
3402 1663 3456 1715 in
3484 1663 3656 1716 soluta
3679 1663 3899 1716 oratione
3922 1662 3982 1716 ad

2416 1756 2812 1811 consolationem
2834 1754 3134 1809 inducenda:
3162 1753 3328 1807 locum
3353 1762 3523 1821 parat.
3567 1752 3846 1808 Sciendum
3880 1768 3982 1805 ora.

2422 1849 2570 1903 tionis
2596 1847 2723 1901 duas
2743 1863 2849 1901 esse
2875 1846 3083 1918 species,
3111 1844 3371 1899 metricam
3389 1854 3435 1898 et
3455 1843 3699 1898 solutam.
3726 1843 3984 1899 Metrorum

2347 1929 2394 1992 Β
2421 1941 2624 2013 quidem
2649 1939 2805 1993 variis
2824 1937 3091 2009 generibus
3117 1937 3170 1991 in
3192 1935 3288 1989 hoc
3314 1952 3464 2005 opere
3491 1952 3618 1990 usus
3642 1945 3737 2003 est,
3761 1952 3871 2007 qua:
3888 1936 3983 1990 loco

2422 2050 2515 2088 suo
2544 2033 2839 2087 reddentur.
2869 2031 3054 2086 Saluta
3080 2040 3249 2084 autem
3278 2031 3441 2085 oratio
3466 2047 3619 2097 prosa
3644 2031 3845 2096 dicitur,
3864 2029 3985 2101 quod

2421 2125 2486 2179 sit
2513 2133 2678 2190 recta,
2720 2132 2767 2175 et
2807 2138 2908 2176 non
2945 2130 3077 2175 certo
3119 2136 3331 2174 numero
3366 2122 3580 2190 reﬂexa.
3622 2118 3762 2173 Nam
3799 2136 3984 2189 prosum

2422 2226 2608 2271 veteres
2632 2203 2840 2269 rectum
2868 2215 3126 2269 dixerunt.
3173 2211 3367 2266 Fabius
3397 2228 3415 2267 .·
3439 2210 3675 2266 Facilius
3704 2227 3869 2266 versus
3892 2212 3985 2265 edi-

2421 2309 2609 2362 scimus
2634 2351 2650 2378 ,
2686 2323 2838 2378 quam
2884 2322 3088 2376 prosam
3135 2306 3434 2358 orationem.
3488 2302 3626 2359 Sunt
3672 2304 3759 2376 qui
3802 2318 3985 2374 prosam

2422 2400 2611 2452 dictam
2639 2399 2823 2462 velint,
2851 2414 2909 2451 eo
2936 2396 3073 2465 quod
3100 2397 3163 2451 sit
3192 2396 3431 2466 profusa,
3464 2401 3541 2450 vel
3572 2398 3712 2466 quod
3735 2394 3986 2465 spatiosius

2421 2489 2632 2562 prodeat
2654 2498 2701 2542 et
2721 2495 2974 2551 excurrat,
2999 2486 3140 2540 nullo
3165 2487 3259 2540 sibi
3286 2488 3499 2539 termino
3524 2484 3797 2554 praeﬁnito.
3827 2482 3985 2552 Stylus

2422 2588 2496 2633 est
2522 2578 2787 2631 mediocris
2807 2622 2821 2645 ,
2860 2586 2907 2630 et
2934 2576 3318 2647 philosophicas
3355 2576 3517 2646 magis
3554 2592 3710 2646 quam
3738 2574 3984 2637 oratorius,

2423 2688 2524 2726 non
2558 2674 2762 2742 fucatus
2790 2670 2996 2738 quidem
3023 2678 3113 2722 aut
3150 2667 3443 2739 phaleratus
3466 2708 3483 2735 ,
3522 2669 3618 2723 sed
3655 2670 3741 2737 qui
3784 2666 3984 2721 veritatis

2421 2761 2711 2831 inquisitori
2730 2776 3043 2833 nequaquam
3068 2759 3398 2831 improbetur.

2880 2872 2946 2926 ν.
2973 2871 3267 2927 Scribentis
3292 2871 3541 2927 intentio.

2496 2968 2644 3039 Stylo
2670 2967 2826 3039 hujus
2851 2966 3018 3036 operis
3041 2966 3270 3019 indicato
3289 3004 3306 3030 ,
3344 2981 3478 3017 nunc
3505 2963 3728 3018 auctoris
3768 2960 3983 3015 intentio-

2422 3074 2536 3113 nem
2563 3068 2641 3125 et,
2672 3067 2727 3113 ut
2767 3055 2935 3112 Graeci
2964 3056 3167 3121 dicunt,
3208 3056 3396 3110 σκὸπον
3428 3055 3713 3110 videmnus.
3756 3052 3985 3122 Quemad-

2422 3153 2631 3223 modum
2677 3151 2755 3207 Μ.
2786 3149 2847 3206 Τ.
2891 3148 3069 3204 Cicero
3120 3166 3210 3219 per
3251 3148 3455 3202 bellicos
3494 3149 3743 3202 tumultus
3766 3160 3801 3199 'a
3826 3154 3986 3199 senatu

2425 3246 2805 3314 forensibusque
2827 3243 3038 3313 negotiis
3057 3250 3299 3307 semotus,
3324 3249 3487 3293 totum
3509 3256 3566 3294 se
3587 3242 3655 3293 ad
3677 3238 3986 3310 philosophia

2426 3337 2629 3402 studia,
2661 3334 3002 3403 librarumque
3035 3331 3236 3402 (quibus
3247 3332 3451 3403 juvaret
3478 3328 3729 3399 posteros)
3771 3327 3983 3395 scriptio-

2426 3443 2542 3481 nem
2570 3425 2817 3492 contulit;
2851 3425 2925 3478 ita
2962 3433 3011 3478 et
3041 3421 3248 3478 Boetius
3274 3421 3416 3497 exsul
3443 3438 3502 3475 ac
3528 3423 3589 3477 in
3614 3436 3858 3477 carcerem
3881 3435 3985 3473 con—

2423 3525 2608 3594 jectus,
2636 3538 2749 3575 cum
2771 3522 2889 3575 bene
2910 3519 3217 3574 consulendo
3238 3527 3284 3572 et
3305 3519 3501 3588 agendo
3529 3519 3769 3588 prodesse
3794 3516 3986 3571 homini-

2430 3614 2520 3667 bus
2540 3614 2787 3685 nequiret,
2807 3625 2861 3665 ut
2878 3622 2925 3666 et
2945 3613 3051 3682 ipse
3069 3628 3147 3665 res
3166 3613 3399 3665 adversas
3421 3611 3637 3681 wquiori
3653 3611 3817 3664 animo
3838 3613 3985 3681 ferret,

2431 3715 2477 3758 et
2500 3705 2694 3759 detecta
2721 3704 2941 3774 fortuna!
2976 3703 3347 3768 inconstantia,
3393 3717 3693 3774 summoque
3721 3702 3842 3756 bono
3863 3709 3988 3772 pale-

2434 3794 2569 3865 facto
2615 3794 2899 3866 posteritati
2952 3793 3273 3860 consuleret,
3314 3791 3642 3864 philosophia
3683 3789 3986 3846 consolatrice

2437 3887 2711 3955 advocata,
2746 3886 2967 3940 divinum
2998 3886 3092 3938 hoc
3119 3901 3245 3957 apus
3272 3886 3325 3938 in
3356 3884 3549 3957 dialogi
3593 3900 3779 3940 marem
3802 3896 3985 3951 compos

2436 3980 2557 4035 suit.

2872 4069 2955 4125 Vl.
2996 4069 3278 4125 Librorum
3309 4083 3589 4127 numerus.

2508 4160 2605 4216 Est
2627 4170 2793 4214 autem
2824 4162 2877 4214 id
2904 4162 2958 4214 in
2986 4163 3208 4232 quinque
3241 4163 3496 4216 volumina
3524 4164 3595 4217 ad
3626 4160 3891 4226 Ciceronis,
3916 4155 3991 4227 qui

2440 4252 2599 4308 libros
2626 4254 2848 4324 quinque
2882 4254 2945 4308 de
2970 4253 3191 4308 Finibus
3222 4255 3466 4309 bonorum
3496 4264 3545 4308 et
3580 4256 3856 4317 malorum,
3892 4246 3992 4301 toti-

2441 4348 2554 4401 dem
2577 4346 2986 4402 Tusculanarum
3016 4347 3441 4417 disputationum,
3463 4364 3567 4401 non
3603 4345 3869 4400 admodum
3894 4340 3991 4393 dis-

2443 4439 2598 4492 simili
2653 4448 2953 4510 argumento
3004 4440 3282 4510 composuit
3334 4440 3420 4507 (ni
3448 4437 3639 4510 fallor)
3691 4435 3994 4492 imitationem

2444 4531 2788 4586 distributum.
2847 4530 3070 4597 Quorum
3110 4531 3275 4598 primo
3305 4528 3515 4585 Boetius
3544 4529 3884 4597 Philosophia:
3922 4525 3994 4577 la-

2444 4622 2765 4676 mentationis
2795 4630 2842 4675 et
2874 4622 3190 4695 (egritudinis
3226 4637 3332 4675 sua:
3366 4638 3541 4676 causas
3570 4622 3794 4693 exponit.
3836 4616 3896 4670 In
3926 4629 3994 4667 se-

2446 4714 2637 4780 cundo,
2688 4712 3026 4782 PhilosOphia
3068 4713 3246 4768 Boetio
3288 4712 3476 4768 leviora
3514 4695 3747 4783 quietiam
3795 4711 3995 4779 fomenta

2445 4806 2719 4878 prudenter
2742 4803 2988 4876 applicat,
3010 4820 3221 4875 eumque
3250 4803 3472 4858 molliter
3497 4803 3805 4864 consolatur,
3829 4798 3995 4851 docens

2447 4900 2667 4970 fortuna:
2714 4898 2845 4953 bona
2885 4914 2985 4951 non
3027 4913 3135 4951 esse
3174 4898 3228 4950 in
3275 4897 3415 4951 bonis
3460 4897 3645 4952 nostris
3684 4888 3992 4948 numeranda.

2446 4988 2651 5044 Tertius
2682 4988 2806 5042 liber
2830 4989 3030 5041 acriora
3057 4988 3276 5040 continet
3302 4986 3546 5051 remedia,
3575 4986 3812 5056 falsisque
3846 4977 3994 5051 felici-

2448 5080 2566 5132 tatis
2622 5079 2789 5149 specie
2840 5079 3030 5149 rejecta
3060 5115 3076 5142 ,
3131 5092 3299 5129 veram
3361 5075 3717 5129 beatitudinem
3778 5068 3993 5127 ostendit.

2454 5170 2636 5236 Quarti
2680 5168 2959 5239 disputatio
3005 5166 3113 5221 hinc
3155 5175 3227 5220 est
3251 5209 3266 5233 ,
3313 5182 3482 5220 omnes
3520 5166 3678 5219 malos
3715 5152 3925 5234 infelices
3955 5161 3996 5208 et

2449 5262 2746 5329 impotentes
2772 5275 2897 5324 esse,
2933 5259 3086 5312 bonas
3112 5272 3229 5311 vero
3258 5266 3432 5311 contra
3460 5257 3629 5326 felices
3648 5296 3661 5319 ,
3692 5262 3995 5316 votorumque

2451 5352 2674 5405 omnium
2696 5364 2900 5402 suorum
2927 5357 3201 5416 compotes.
3234 5346 3423 5414 Quinto
3443 5347 3650 5417 denique
3677 5341 3865 5415 disserit
3887 5352 3995 5391 acu-

2453 5442 2643 5496 tissime
2662 5441 2724 5494 de
2748 5456 2890 5504 casu,
2921 5438 3174 5507 liberoque
3196 5437 3413 5492 hominis
3438 5435 3645 5490 arbitrio
3666 5420 3726 5488 dc
3751 5430 3994 5503 providen-

2454 5534 2525 5587 tia
2553 5533 2745 5585 divina.

2834 5620 2941 5677 VII.
2973 5622 3105 5689 Qum
3132 5621 3201 5676 sit
3225 5623 3401 5693 operis
3428 5622 3641 5678 utilitas.

2527 5715 2693 5769 Porro
2713 5730 2825 5786 qua:
2848 5716 2914 5769 sit
2940 5718 3123 5768 harum
3150 5714 3461 5767 voluminum
3488 5713 3696 5775 utilitas,
3723 5723 3782 5762 ea:
3807 5704 3877 5759 his
3897 5708 3993 5771 qua!

2444 5809 2559 5879 jam
2582 5805 2720 5859 dicta
2747 5813 2866 5859 sunt
2894 5804 3045 5875 facile
3070 5804 3287 5875 perspici
3314 5820 3458 5873 posse
3487 5801 3670 5857 nemini
3694 5798 3889 5850 dubium
3909 5796 3988 5850 est,

2454 5914 2565 5965 cum
2594 5913 2652 5951 ea
2680 5914 2779 5952 non
2800 5898 2990 5969 possint
3010 5912 3113 5950 non
3135 5912 3241 5950 esse
3267 5895 3415 5967 longe
3438 5893 3701 5950 utilissima
3719 5930 3735 5957 ,
3755 5902 3815 5943 es:
3832 5883 3990 5952 quib!“
