4290 6258
341 445 445 501 883
1216 421 1597 486 MURMELLII
1634 420 1722 477 ET
1764 416 2131 474 AGRICOLIE
2170 412 2685 470 COMMENTARIA.
3499 398 3601 456 886

341 559 597 613 discamus
626 535 745 607 vera
774 551 905 605 bona
934 546 1216 602 discernere
1241 560 1273 597 a
1308 541 1453 611 falsis
1479 580 1493 603 ,
1532 545 1582 591 et
1619 531 1919 599 contemptis
1945 532 2001 593 Α
2026 545 2155 582 ram.
2210 527 2486 580 Diducitur
2532 536 2580 580 et
2626 520 2949 593 philosophia
2986 520 3040 574 in
3078 501 3520 586 contemplativam
3558 522 3607 566 et

345 646 690 722 fallacissima:
729 647 947 713 fortuna:
975 638 1153 704 donis,
1186 635 1254 689 ad
1281 605 1501 687 solidam
1529 637 1920 701 perpetuamque
2028 620 2242 673 activam
2269 660 2282 685 ,
2325 634 2540 686 quarum
2571 620 2675 670 ha'c
2696 614 2898 685 quidem
2943 613 2997 665 in
3041 611 3285 664 virtutum
3325 605 3607 664 actionibus

2188 719 2194 722 _
2317 710 2369 722 ο..
2580 709 2590 720 ο
2752 716 2761 722 .
2886 705 2918 722 si
2937 703 3062 722 ..°____
3092 699 3311 722 -_‘...'a_a.'-
3373 695 3481 722 ΠΛ-
3514 697 3584 722 ἔη-

346 695 703 796 beatitudinem
728 733 846 786 bene
879 730 1175 797 honesteque
1200 724 1409 780 vivendo
1441 723 1717 790 pervenire.
2029 719 2280 776 versatur,
2310 710 2404 763 illa
2431 724 2547 761 vero
2573 709 2625 761 in
2650 703 3064 775 contemplatione
3090 699 3331 755 veritatis.
3364 695 3481 750 Hoc
3514 697 3609 747 ita.

2030 820 2127 873 que
2164 803 2242 872 (ni
2271 802 2451 872 fallor)
2482 817 2608 871 opus
2637 798 2948 868 potissimum
3000 794 3064 849 ad
3093 794 3307 847 activam
3335 787 3609 844 moralem-

2031 921 2128 976 que
2150 901 2522 972 philosOphiam
2539 903 2780 968 refertur.
2806 895 2945 949 Nam
2971 894 3025 946 in
3047 908 3103 947 eo
3122 890 3343 945 maxime
3361 894 3612 951 vorsatur,

456 1070 459 1073 Ι
994 978 1274 1011 re'er‘m‘“
1912 1036 1915 1037 ν
2037 1004 2092 1049 ut
2119 995 2347 1047 animum
2376 991 2595 1048 hominis
2636 986 3092 1056 perturbationibus
3119 988 3444 1051 repurgatum
3469 1020 3484 1045 ,
3516 978 3615 1028 vir-

425 1070 695 1168 Reliquum
736 1103 808 1150 est
830 1134 847 1159 ,
890 1100 945 1147 ut
971 1090 1039 1145 ad
1063 1105 1216 1162 quam
1242 1084 1577 1157 philosophia
1604 1090 1803 1152 partem
1831 1081 1926 1135 hoc
2037 1096 2119 1141 ειη

1922 1097 1926 1125 τ
2037 1086 2325 1156 talibusque
2366 1082 2626 1137 excultum
2665 1080 2733 1133 ad
2770 1078 2951 1133 summi
2990 1076 3105 1130 boni
3144 1069 3616 1140 contemplationem

351 1210 480 1262 opus
508 1158 773 1260 pertineat,
804 1158 1055 1242 dicamus.
1076 1158 1441 1251 'Philosophia
1480 1179 1731 1250 trifariam
1761 1194 1793 1232 a
1822 1177 1930 1249 ple-
2036 1179 2300 1249 perducat.
2348 1174 2413 1229 In
2451 1181 2701 1244 postremo
2742 1179 2909 1224 autem
2936 1167 3063 1222 libro
3099 1163 3366 1219 sublimius
3398 1158 3619 1227 exsurgit

353 1289 519 1355 risque
546 1274 817 1348 dividitur,
845 1281 900 1333 in
945 1276 1214 1340 moralem,
1254 1248 1575 1339 naturalem,
1606 1248 1926 1325 rationalem.
2038 1248 2333 1339 disputatio,
2356 1274 2407 1321 et
2427 1262 2801 1334 metaphysicen
2824 1258 3224 1329 theologiamque
3246 1248 3619 1323 quodammodo

352 1376 536 1433 Prima
586 1371 841 1441 componit
891 1370 1158 1433 animum,
1202 1365 1424 1421 secunda
1474 1380 1644 1418 rerum
1696 1368 1933 1416 naturam
2040 1365 2263 1435 attingit.
2315 1362 2422 1418 Sed
2465 1361 2571 1415 hac
2608 1361 2857 1412 hactenus
2892 1368 3067 1409 :nunc
3114 1350 3374 1418 aspirante
3424 1342 3620 1416 Spiritu

355 1478 626 1531 scrutatur,
657 1468 801 1521 tertia
827 1464 1158 1535 proprietates
1171 1459 1435 1513 verborum
1456 1457 1610 1529 exigit
1635 1464 1682 1510 et
1707 1464 1931 1509 structus
2046 1464 2220 1511 sancto
2245 1454 2396 1525 primi
2424 1452 2664 1506 carminis
2692 1447 3061 1504 enarrationem
3091 1443 3423 1513 auspicemur.

357 1546 3617 1595 _________________.____________—————————

454 870 586 926 VIII.
623 867 705 923 Ad
739 879 896 937 quam
924 859 1279 935 philosophiae
1314 865 1518 929 partem
1549 855 1649 911 hoc
1684 865 1817 923 opus

994 955 1274 1011 referatur.

683 1674 1133 1752 JOANNIS
1185 1670 1814 1746 MURMELLII
1878 1670 2022 1740 ET
2077 1662 2651 1739 RODOLPHI
2704 1656 3293 1732 AGRICOLE

1093 1790 1174 1854 IN
1219 1785 1500 1852 LIBROS
1537 1787 1641 1879 D.E
1686 1782 2299 1846 CONSOLATIONE
2343 1770 2900 1842 PHILOSOPHUS

1504 1914 1533 1945 *
1581 1914 2484 2019 COMMENTARIA.

1618 2115 1929 2194 LIBER
1957 2110 2369 2194 PRIMUS.

1893 2257 2078 2273 β

790 2324 858 2381 IN
884 2280 1178 2379 METRUM
1221 2318 1505 2376 PRIMUM.
1893 2267 2384 2383 TITI-Florente]
2405 2308 2635 2379 Vigente
2662 2318 2758 2376 per
2785 2302 3111 2359 fortunatum
3133 2298 3325 2365 otium,
3352 2301 3408 2351 et
3435 2291 3630 2350 mentis

438 2421 790 2491 Expositurus
833 2416 935 2471 hoc
966 2414 1139 2485 primo
1170 2411 1441 2465 volumine
1482 2409 1704 2465 Boetius
1738 2410 1945 2464 lamen-
2048 2408 2515 2480 tranquillitatem.

372 2516 602 2573 tabiliter
632 2508 963 2583 aegritudinis
994 2522 1103 2562 suae
1132 2518 1340 2570 causas,
1386 2511 1687 2571 opportune
1737 2502 1789 2556 in
1838 2502 1949 2557 ele-
2126 2501 2333 2573 Peregi]
2364 2495 2676 2566 Composui,
2708 2493 2930 2566 perfeci.

372 2608 551 2681 giacos
600 2617 795 2660 versus
850 2597 1113 2669 erumpit.
1155 2597 1347 2665 quibus
1404 2595 1560 2648 ﬂetus
1612 2592 1951 2663 potissimum
2125 2590 2362 2665 Flebilis]
2386 2591 2603 2653 Dolens,
2632 2589 2927 2643 luctuosus.
2959 2581 3175 2638 Ovidius
3197 2581 3304 2635 inv
3334 2574 3635 2631 Tristium:

372 2700 651 2768 luctusque
680 2691 1039 2765 exprimitur:
1072 2689 1213 2744 unde
1260 2697 1314 2743 et
1352 2702 1545 2742 nomen
1597 2685 1675 2739 eis
1724 2683 1950 2738 inditum

1782 2683 1950 2738 άίῐυῐῐὶ
2182 2696 2385 2768 Flebilis
2404 2701 2463 2768 ut
2485 2699 2652 2768 noster
2675 2696 2828 2739 status
2851 2690 3042 2768 e.st,_ita
3064 2683 3232 2735 ﬂebile
3256 2693 3471 2743 carmen,

376 2752 816 2866 neyog‘namque
842 2785 1024 2865 luctus
1064 2784 1463 2851 interpretatur.
1497 2776 1650 2834 Unde
1685 2789 1800 2830 mos
1830 2775 1951 2831 ino-

1538 2776 1650 2831 "de
1685 2789 1800 2830 mos
1830 2775 1951 2831 ino-
2243 2759 2462 2807 Materiae
2483 2757 2663 2814 scripto
2686 2752 3010 2801 conveniente
3033 2761 3155 2810 suze,

1836 2866 1867 2870 --
2182 2820 2387 2870 Integer
2412 2825 2462 2868 et
2482 2817 2624 2865 lietus
2646 2813 2756 2862 laeta
2782 2819 2833 2861 et
2852 2810 3084 2870 juvenilia
3110 2809 3232 2856 lusi:

380 2819 547 2893 “si”;
587 2819 816 2892 ""““'.“°
842 2819 1024 2888 “tu”
1065 2819 1463 2884 ""uy'wum.‘
1502 2819 1650 2834 "mw
1685 2819 1799 2830 m"
1831 2819 1918 2878 ἶ’”“’
2182 2820 2387 2879 Integer
2412 2825 2462 2868 et
2482 2819 2624 2865 lietus
2646 2819 2756 2862 laeta
2782 2819 3084 2872 etjuvenina
3111 2819 3235 2856 tusr:

380 2885 537 2948 levit,
570 2890 629 2936 ut
674 2877 944 2949 epitaplna
975 2882 1031 2931 et
1072 2888 1258 2929 mentae
1290 2871 1399 2926 fere
1428 2869 1477 2924 id
1507 2884 1677 2940 genus
1707 2866 1954 2925 versubus
2246 2880 2333 2929 ma
2359 2888 2522 2929 tamen
2547 2889 2675 2925 nunc
2697 2887 2776 2923 me
2798 2873 3125 2933 composuisse
3150 2873 3301 2931 piget,

381 2979 783 3043 componantur.
814 2965 1173 3024 Vetustissimi
1209 2978 1339 3019 sane
1378 2963 1506 3017 nihil
1553 2962 1693 3017 aliud
1747 2961 1846 3016 nisi
1881 2960 1957 3015 la-
2064 2968 2160 3022 Est
2186 2974 2239 3020 et
2264 2963 2476 3025 ﬂebilis,
2510 2961 2701 3029 dignus
2738 2956 2829 3026 qui
2874 2956 3085 3009 ﬂeatur.
3118 2951 3366 3006 Horatius
3394 2947 3448 3002 in
3467 2943 3640 3001 Odia:

370 3064 740 3120 ‘mentationes
778 3074 903 3115 suas
931 3058 1097 3128 elegis
1125 3056 1447 3111 eﬂ‘uderunt.
1478 3053 1808 3110 Procedente
1833 3053 1956 3108 dein
2369 3050 2808 3128 yu‘ltis‘illleubonis
2828 3044 3005 3128 ﬂebilis
3026 3044 3216 3128 asciuit,

2369 3101 2498 3165 Nulli
2520 3112 2726 3162 ﬂebilior
2751 3121 2895 3170 quam
2920 3108 3027 3168 tibi,
3048 3101 3240 3167 Virgili.

2135 3198 2343 3255 Moesias
2371 3191 2572 3264 modos]
2599 3192 2804 3247 Tristes
2829 3198 2883 3245 et
2908 3187 3172 3257 elegiacos
3196 3197 3402 3240 versus.

2137 3292 2166 3347 l
2174 3288 2303 3362 nire]
2334 3289 2609 3345 Inclioare.

384 3166 650 3226 tempore,
676 3168 833 3210 versu
850 3166 915 3208 eo
936 3164 1021 3205 res
1040 3149 1158 3204 aliae
1179 3162 1388 3219 quoque
1413 3145 1577 3202 scribi
1596 3156 1787 3216 coepta:
1810 3152 1952 3201 sunt.

387 3250 536 3304 Unde
560 3247 809 3302 Horatius
843 3261 856 3298 :

508 3361 741 3411 Versibus
762 3357 1012 3419 impariter
1030 3354 1541 3419 junctisquaerimonia
1565 3354 1791 3415 primum,

512 3369 741 3411 versibus
762 3369 1012 3419 unpanter
1030 3369 1209 3416 Juncus
1228 3369 1541 3415 quaerimoma
1566 3369 1791 3415 primum,

508 3423 624 3472 Post
649 3423 794 3471 etiam
819 3420 1001 3469 inclusa
1025 3426 1100 3468 est
1127 3416 1225 3466 voti
1245 3415 1488 3466 sententia
1513 3427 1721 3478 compos.
2144 3385 2202 3440 E‘

2144 3383 2295 3457 Ecce]
2327 3383 2641 3450 Ubicunque
2672 3378 2887 3449 ponitur
2930 3389 3086 3443 ecce,
3126 3371 3433 3429 necessario
3473 3369 3650 3441 sequié

394 3506 458 3562 Et
484 3505 840 3564 Terentianus
876 3519 887 3554 :
1346 3464 1379 3466 Ἴ
1620 3464 1635 3478 ⁵
1664 3464 1667 3465 ν
2072 3488 2156 3533 tur
2199 3474 2430 3546 aliquid,
2464 3472 2605 3544 quod
2638 3470 2726 3526 vel
2749 3477 2951 3526 metum
2979 3467 3188 3529 aﬂ‘erat,
3230 3464 3318 3519 vel
3348 3464 3654 3519 admiratio-

517 3601 617 3651 Hos
640 3598 812 3660 elegos
832 3596 1029 3660 dixere,
1054 3593 1181 3660 solet
1204 3591 1334 3660 quod
1360 3589 1705 3660 clausutataus
2001 3638 2044 3660 Α
2072 3583 2194 3624 nens
2228 3584 2242 3621 :
2270 3564 2653 3639 propriumque
2698 3559 2978 3618 Ciceronis
3021 3558 3124 3614 hoc
3170 3566 3254 3612 est
3278 3556 3333 3610 in
3364 3555 3521 3611 rebus
3550 3555 3655 3610 im-

573 3638 811 3712 Τηδιὶδυε
831 3660 907 3720 (ut
931 3655 1147 3718 ιτδαυηῐ)
1170 3638 1324 3716 almo“
1349 3665 1462 3702 855°
1485 3653 1654 3702 ωοάίε·
1998 3638 2045 3704 C
2077 3658 2326 3730 provisis,
2355 3655 2498 3725 quod
2518 3662 2767 3710 accurate
2789 3651 3041 3723 Virgilius
3061 3662 3114 3706 et
3136 3649 3265 3720 legit
3286 3659 3339 3704 et
3367 3648 3655 3703 transtulit.

398 3769 471 3824 De
499 3780 682 3822 eorum
723 3774 903 3818 autem
935 3759 1245 3814 ἱηνθηιὶοηϐ
1275 3756 1523 3811 Horatius
1552 3753 1667 3809 hac
1688 3753 1763 3808 ait
1791 3770 1804 3806 ε
2082 3759 2284 3811 Auctor
2313 3752 2600 3808 Asconius.
2635 3751 2779 3805 Bene
2828 3749 2991 3818 igitur
3017 3756 3073 3802 et
3129 3761 3269 3801 nunc
3313 3740 3380 3801 eo
3407 3745 3659 3800 adverbio

518 3858 637 3917 Quis
658 3862 820 3905 tamen
844 3853 1052 3913 exiguos
1076 3849 1247 3917 elegos
1270 3847 1490 3917 emiserit
1512 3851 1698 3917 auctor.
1771 3912 1781 3917 _
2079 3848 2212 3901 ιιιῑιυ

2079 3848 2247 3901 utitur
2273 3845 2525 3908 Boetius,
2554 3842 2891 3911 repentinam
2919 3838 3325 3907 mirabilemque
3350 3852 3471 3892 cum
3495 3836 3660 3892 fortu~

523 3907 824 3970 Grammatici
848 3907 1058 3974 ceriant,
1085 3919 1134 3960 et
1159 3907 1313 3959 adhuc
1336 3909 1428 3958 sub
1446 3908 1610 3969 judice
1634 3907 1693 3957 lis
1714 3912 1806 3956 est.
2082 3954 2167 3993 mn
2227 3947 2340 3992 mm
2366 3907 2661 3991 studibruin
2687 3931 3039 3988 mumionem
3069 3929 3376 4000 signiﬁcans

2174 3980 2189 4005 ν

2155 4028 2391 4100 Lacerw]
2416 4027 2773 4091 Perturbatus,
2813 4024 3092 4087 luctuosm,
3125 4031 3179 4077 et
3212 4021 3367 4090 quasi
3399 4023 3470 4077 ob
3495 4022 3660 4078 animi

2087 4122 2325 4181 dolorem
2378 4119 2627 4175 laceratis
2649 4117 2903 4173 vestibus.
2957 4112 3089 4169 Nam
3120 4123 3294 4183 poetas
3337 4112 3514 4168 Musas
3548 4121 3666 4168 tan-

2086 4229 2243 4287 quam
2271 4212 2496 4268 feminas
2516 4210 2615 4266 sibi
2648 4209 2959 4264 assistentes
2984 4204 3265 4260 inducunt.

2160 4303 2384 4376 Dictant]
2432 4303 2775 4374 Suggerunt,
2806 4310 2861 4357 et
2905 4309 2966 4355 ut
2995 4298 3257 4370 excipiam
3311 4298 3667 4367 scribamque,

2088 4403 2292 4457 dicunt.
2320 4397 2582 4453 Ovidiana
2612 4394 2829 4465 Sappho
2855 4410 2871 4450 :

2213 4490 2278 4540 At
2302 4489 2417 4539 mihi
2443 4486 2712 4549 Pegasides
2732 4484 3040 4535 blandissima
3063 4479 3272 4530 carmina
3292 4477 3495 4527 dictant.

2091 4575 2303 4629 Dictare
2349 4580 2434 4626 est
2484 4569 2535 4624 id
2565 4568 2766 4630 dicere,
2809 4563 2950 4633 quod
3002 4560 3138 4614 alius
3185 4556 3456 4627 excipiens
3501 4563 3675 4613 notet,

401 4024 755 4085 Terentianus
776 4034 990 4091 quoque
1016 4034 1029 4070 :

522 4119 887 4168 Pentametrum
905 4112 1146 4169 dubitant,
1168 4109 1279 4170 quis
1296 4107 1478 4170 primus
1496 4105 1588 4154 ﬂnx
1597 4102 1694 4153 erit
1711 4107 1877 4152 auctor
1895 4115 1907 4150 :

582 4177 783 4238 Quidam
807 4189 900 4225 non
922 4166 1145 4223 dubitant
1169 4166 1335 4219 dicere
1358 4166 1638 4218 Callinoum.

405 4288 744 4345 Pentameter
776 4282 1084 4337 hexametro
1126 4276 1197 4333 ita
1229 4274 1550 4340 adnectitur,
1604 4281 1660 4328 ut
1698 4270 1786 4326 vix
1826 4283 1979 4340 sepa-

388 4392 578 4453 ratum
619 4377 888 4437 invenias.
921 4374 1075 4443 Apud
1115 4387 1280 4428 unum
1319 4368 1566 4440 equidem
1602 4364 1763 4436 (quod
1788 4363 1978 4418 memi-

408 4472 601 4546 nerim)
630 4473 945 4528 Martianum
967 4467 1236 4537 Capellam
1290 4463 1427 4518 libro
1472 4473 1614 4515 nono
1652 4470 1867 4512 carmen
1910 4468 1980 4508 ex

408 4544 945 4635 merisipentametris
985 4556 1108 4627 legi.
1139 4553 1353 4611 Boetius
1383 4560 1563 4605 autem
1592 4556 1778 4602 noster
1802 4546 1853 4599 in
1886 4544 1987 4599 hu-

408 4662 494 4733 Ius
518 4654 697 4727 operis
727 4652 886 4708 ίθηίο
912 4655 1302 4719 Ρθηωίηθιτυω
1325 4638 1539 4697 senario
1560 4635 1990 4733 iambicf’fubjﬁ'
2096 4668 2313 4722 Hieron.
2341 4680 2352 4716 :
2378 4662 2495 4717 Non
2515 4660 2657 4716 enim
2680 4656 2870 4712 eodem
2899 4655 3084 4724 lepore
3098 4652 3383 4718 dictamus,
3412 4664 3518 4720 quo
3539 4651 3666 4705 scri-

412 4725 506 4806 cit.
542 4725 667 4803 Haec
696 4745 761 4799 de
791 4739 1048 4798 carminis
1076 4750 1273 4807 genere
1313 4751 1325 4788 :
1354 4733 1463 4803 jam
1488 4728 1621 4798 quid
1643 4742 1710 4823 eo
1739 4725 1843 4823 sibi
1863 4726 1992 4782 velit
2099 4760 2294 4813 bimus.
2316 4753 2590 4823 Signiﬁcat
2618 4758 2675 4805 et
2698 4760 3006 4817 suggerere.
3036 4743 3230 4800 Fabius
3255 4758 3269 4797 ε
3302 4742 3466 4799 Nobis
3495 4748 3673 4798 autem

414 4840 990 4937 narrem“9:_‘?°i°°“15
1014 4848 1081 4937 εξ
1107 4821 1993 4937 “mpiisfir?afﬁgﬂdiﬁ'fﬂff:
2015 4833 2070 4894 Ῑ)
2095 4860 2149 4906 et
2174 4821 2501 4903 tutissimum
2529 4850 2614 4898 est
2641 4848 2888 4897 auctores
2910 4839 3093 4910 plures
3133 4836 3307 4907 sequi,
3333 4846 3387 4892 et
3424 4836 3497 4892 ita
3521 4835 3672 4891 vide-

415 4954 520 5010 que
574 4931 882 4991 conditione
935 4923 1171 4987 Boetius,
1219 4919 1400 4973 animo
1430 4914 1654 4970 nimium
1686 4911 1994 4983 perturbato
2096 4950 2181 4994 ml.
2215 4935 2351 4991 ratio
2379 4932 2602 4988 dictare.

417 5002 644 5084 fortunae
674 5020 1018 5078 mutationem
1041 5008 1512 5073 lamentabundus,
1535 5015 1589 5061 et
1617 5002 1991 5075 gravissimum
2171 5023 2446 5097 cumam]
2470 5024 2654 5080 Musa

418 5119 543 5175 inde
568 5121 885 5184 conceptum
910 5109 1152 5165 dolorem
1172 5099 1412 5172 exponit,
1447 5111 1589 5168 aegre
1626 5096 1801 5151 ferens
1832 5092 1993 5149 vitam

419 5214 579 5267 rebus
610 5220 864 5279 prospere
898 5196 1306 5257 succedentibus
1350 5206 1487 5263 pene
1524 5190 1777 5245 amissam
1812 5206 1824 5241 :
1855 5202 1997 5244 nunc

426 5300 686 5363 adversis,
708 5313 829 5353 cum
859 5308 1004 5348 mors
1034 5295 1375 5359 prteoptetur,
1397 5283 1452 5338 in
1482 5280 1817 5337 miseriarum
1841 5278 1994 5333 dolo-

2184 5116 2345 5190 Veris]
2374 5115 2490 5170 Non
2536 5112 2822 5180 simulatis,
2851 5112 2947 5168 sed
2977 5126 3043 5168 ex
3070 5100 3233 5165 animi
3261 5108 3449 5167 dolore
3489 5122 3680 5182 provo-

2102 5211 2392 5270 aientibus.

2177 5300 2393 5373 [ligant]
2420 5298 2794 5356 Madeiaciunt.
2821 5297 3023 5353 Seneca
3054 5294 3111 5351 in
3138 5295 3352 5352 Octavia
3384 5312 3399 5347 :

422 5405 650 5462 rumque
678 5390 1010 5444 incrementa
1039 5377 1361 5451 prolongari.

1295 5377 1361 5432 τί·
2228 5396 2369 5457 Rigat
2392 5400 2444 5444 et
2465 5394 2651 5443 incestis
2671 5392 2869 5442 ﬂetibus
2887 5402 2986 5440 ora.

496 5479 759 5551 Carmina]
792 5477 1008 5550 Lyricas
1064 5472 1222 5533 odas,
1271 5480 1324 5524 et
1372 5465 1575 5522 laetitiae
1631 5478 1837 5519 versus.
1881 5462 2000 5518 Non
2108 5481 2354 5552 Virgilius
2381 5479 2433 5532 ίη
2456 5486 2654 5531 sexto;

424 5575 564 5633 enim
593 5572 907 5641 simpliciter
935 5581 1033 5637 pro
1057 5561 1376 5633 quibuslibet
1398 5556 1708 5627 accipienda
1727 5596 1741 5620 ,
1786 5555 1878 5610 sed
1904 5569 1999 5624 pro
2229 5570 2309 5619 Sic
2332 5580 2627 5628 memorans,
2651 5565 2788 5628 largo
2810 5566 2928 5616 gem
2951 5563 3097 5615 simul
3119 5574 3203 5612 οη
3226 5564 3432 5629 risum.

424 5669 606 5741 lyricis
652 5661 916 5729 hilarique
944 5658 1124 5713 animo
1166 5651 1504 5722 compositis,
1550 5646 1997 5717 quemadmodum
2104 5653 2518 5708 [deminnonm

424 5738 674 5821 lioratius
698 5763 922 5825 quatuor
947 5750 1110 5803 libros
1139 5743 1433 5801 carminum
1460 5740 1695 5809 scripsit.
2228 5742 2290 5793 Et
2314 5742 2495 5792 vultum
2520 5740 2743 5804 lacrymis
2764 5746 2910 5804 atque
2934 5751 3023 5790 ora
3043 5738 3255 5799 rigabat.

497 5909 518 5931 θ
547 5902 606 5958 In
630 5899 715 5954 bis
741 5887 1156 5953 commentariis,
1184 5898 1301 5955 quae
1330 5880 1547 5937 nomine
1573 5858 1832 5933 carebunt
1858 5871 2070 5929 noverit
2098 5873 2266 5930 lector
2294 5870 2487 5928 Joanni
2516 5867 2822 5925 Murmellio
2843 5881 2964 5924 esse
2990 5865 3295 5925 tribuenda.
