4276 6260
1529 284 1701 299 mn,

359 380 459 439 889

360 492 564 547 Seneca
598 487 650 542 in
683 484 912 541 Hercule
934 484 1141 540 OEtheo
1176 501 1189 538 :

610 578 705 627 Par
726 576 813 626 ille
836 577 1046 635 superis,
1072 577 1147 624 cui
1175 578 1353 635 pariter
1376 576 1484 623 dies

607 642 671 690 Et
694 640 880 687 fortuna
903 638 1010 697 fuit,
1035 640 1204 686 mortis
1227 638 1374 685 habet
1398 639 1547 696 vices,

612 704 770 753 Lente
793 715 904 751 cum
930 701 1134 749 trahitur
1158 703 1252 749 vita
1276 700 1606 763 gementibus.

362 792 507 845 Idem
536 788 588 843 in
620 786 810 842 eodem
839 803 851 837 :

613 878 807 929 Felices
830 877 1056 939 sequeris
1077 888 1225 937 mors,
1251 876 1456 925 miseros
1476 873 1623 939 fugis.

442 964 579 1032 Quid
625 978 704 1016 me
730 958 946 1032 felicem]
991 960 1082 1014 llis
1112 960 1360 1014 versibus
1388 957 1621 1015 ostendit
1673 971 1781 1014 non
1825 968 1947 1012 esse

366 1057 577 1111 felicem
607 1053 985 1124 appellandum
1009 1066 1130 1107 eum
1162 1052 1313 1120 cujus
1341 1050 1701 1106 conditionem
1733 1048 1949 1104 fortuna

366 1158 575 1202 nrotare
618 1155 814 1217 potest.
868 1144 1005 1201 Vera
1059 1159 1290 1216 namque
1349 1143 1573 1199 felicitas
1630 1142 1790 1200 finem
1841 1155 1947 1196 non

367 1240 549 1295 habet.
884 1289 902 1301 ,

441 1332 601 1405 Quid]
657 1331 883 1402 Propter
909 1330 1037 1401 quid
1056 1372 1072 1398 ,
1124 1329 1190 1385 ad
1219 1327 1369 1399 quid,
1398 1341 1514 1383 cur.
1548 1324 1827 1383 Convertit
1854 1340 1951 1380 au-

368 1437 473 1483 tem
504 1441 624 1480 cum
678 1424 906 1495 quadam
954 1424 1115 1478 animi
1164 1421 1529 1493 indignatione
1553 1433 1856 1476 sermonem
1879 1418 1949 1474 ad

369 1519 588 1575 amicos.

438 1610 714 1685 Jactastis]
744 1611 1040 1668 lnsolenter
1060 1618 1249 1667 etcum
1265 1609 1494 1681 quadam
1518 1607 1747 1677 superba
1765 1613 1948 1663 osten-

370 1709 573 1763 tatione
604 1705 961 1774 praedicastis.

444 1799 544 1863 Qui
575 1796 779 1868 cecidit]
806 1795 1091 1868 verissima
1120 1794 1235 1852 haec
1256 1803 1338 1849 est
1377 1793 1667 1861 sententia,
1699 1802 1754 1849 et
1780 1809 1846 1849 ex
1886 1806 1952 1849 eo

1233 367 1603 426 MURMELLII
1645 368 1731 424 ET
1774 368 2141 427 AGRICOLE
2181 370 2705 433 COMMENTARIA.

1967 482 2019 545 Α
2046 482 2400 563 Philosophiae
2432 485 2571 554 ignei
2603 492 2729 539 sunt
2776 462 2946 548 oculi,
2981 491 3033 539 et
3074 497 3234 555 supra
3278 497 3619 540 communem

3519 368 3622 426 890

2048 578 2355 633 mortalium
2409 578 2695 632 valentiam
2750 578 3129 648 perSpicaces:
3172 578 3293 647 quia
3347 576 3625 647 sapientia:

2048 672 2287 727 studium
2311 672 2604 726 intellectus
2628 672 2795 726 oculis
2820 673 3002 727 intima
3033 686 3258 742 qumque
3283 679 3544 742 penetrat,
3573 678 3629 725 et

2048 780 2137 823 res
2168 767 2327 836 vulgo
2359 780 2578 836 prorsus
2610 768 2815 835 ignotas
2846 766 3122 820 latentium
3149 780 3430 821 causarum
3461 765 3631 821 inves-

2051 857 2305 928 tigatione
2333 866 2714 926 perscrutatur.

2120 948 2302 1005 Colore
2327 946 2515 1018 vivido]
2543 948 2780 1002 Naturali
2802 956 2856 1002 et
2883 949 3164 1005 sanitatem
3194 951 3465 1020 roburque
3494 968 3632 1022 prae-

2051 1042 2263 1097 ferenti.
2293 1040 2644 1111 Philos0phia
2674 1039 2815 1095 enim
2848 1055 2968 1095 cum
2996 1042 3065 1094 sit
3094 1042 3293 1108 optime
3313 1044 3630 1114 constituta,
3708 1058 3717 1065 λ

2048 1134 2217 1189 vividi
2253 1134 2505 1189 nimirum
2533 1132 2730 1188 coloris
2758 1146 2879 1188 esse
2918 1131 3133 1201 dicitur,
3162 1140 3219 1188 et
3255 1132 3479 1203 egregia:
3518 1131 3632 1203 pula

2051 1226 2398 1283 cbritudinis.

2125 1318 2452 1391 Inexltausti]
2476 1317 2676 1373 Infiniti
2696 1359 2711 1385 ,
2746 1331 3017 1389 nunquam
3048 1314 3367 1373 deficientis.

2127 1413 2275 1485 Αῖυὶ]
2304 1414 2521 1469 Elatis.

2123 1502 2312 1575 Plena]
2336 1504 2646 1560 Abundans.

2126 1597 2331 1651 Nostra:
2380 1597 2566 1670 aetatis]
2620 1596 2814 1652 Smculi
2862 1594 3080 1649 nostri:
3124 1594 3367 1664 quamvis
3418 1592 3634 1665 (inquit)

2052 1688 2389 1761 philosophia
2436 1690 2504 1743 ita
2537 1697 2681 1744 esset
2704 1702 2928 1752 annosa,
2958 1696 3014 1740 ut
3044 1686 3211 1741 multo
3237 1694 3359 1739 ante
3397 1694 3634 1740 nostram

2054 1793 2262 1838 aetatem
2287 1783 2535 1839 floruisse
2555 1782 2892 1848 crederetur,
2918 1788 3033 1835 erat
3062 1788 3236 1833 tamen
3266 1777 3464 1849 vigoris
3489 1778 3637 1833 inex-

370 1891 510 1961 quod
531 1865 861 1945 contrarium
889 1897 995 1953 est,
1029 1886 1184 1942 facile
1233 1888 1311 1941 sic
1342 1885 1641 1941 ostenditur
1674 1904 1685 1939 :
1716 1884 1817 1953 Qui
1845 1894 1953 1940 sta—
1980 1860 2029 1923 Β
2058 1877 2264 1943 hausti,
2297 1877 2624 1945 minimeque
2659 1872 2981 1941 consumpti.
3011 1869 3291 1941 Sapientia
3330 1874 3472 1925 enim
3503 1886 3637 1925 nun-

371 1983 461 2040 hili
487 1983 650 2055 gradu
679 1990 792 2049 est,
823 1981 865 2035 is
887 1980 1079 2036 cadere
1112 1994 1217 2035 non
1242 1987 1437 2049 potest.

817 2118 882 2173 IN
911 2115 1180 2174 PROSAM
1216 2116 1493 2173 PRIMAM.

436 2236 547 2292 Hac
563 2249 719 2306 prosa
736 2244 985 2303 tanquam
1014 2233 1272 2301 prooemio
1296 2232 1456 2286 totius
1472 2231 1650 2301 operis
1677 2246 1957 2303 argumen-

375 2338 485 2385 tum
511 2328 705 2397 aperit,
733 2340 861 2381 sane
885 2340 1041 2395 quam
1084 2324 1301 2392 pulchra
1334 2324 1691 2394 descriptione
1722 2324 1957 2393 philoso—

376 2421 552 2493 phiam
600 2418 858 2475 inducens
893 2417 993 2472 sibi
1041 2417 1381 2486 apparuisse,
1436 2416 1649 2471 tametsi
1695 2416 1764 2470 ob
1793 2417 1955 2471 animi

377 2510 803 2583 perturbationes
847 2510 1024 2562 minus
1062 2518 1277 2573 notam,
1322 2507 1613 2578 ejectisque
1671 2508 1959 2564 levioribus

377 2606 567 2669 musis,
596 2618 796 2674 aegrum
827 2601 948 2671 ejus
991 2602 1228 2656 animum
1258 2602 1368 2655 suis
1390 2602 1835 2671 gravioribusque
1860 2616 1956 2655 cu-

376 2696 601 2753 randum
654 2709 717 2750 ac
761 2693 1055 2747 sanandum
1111 2694 1432 2762 suscepisse.
1466 2692 1753 2748 Sciendum
1782 2702 1958 2748 autem

378 2799 461 2843 est
482 2790 585 2842 hoc
612 2800 747 2856 opus
780 2784 991 2853 dialogo
1016 2785 1371 2854 compositum
1396 2785 1535 2840 inter
1566 2784 1959 2855 philosophiam

378 2895 474 2949 per
515 2894 670 2949 quam
702 2886 849 2933 recta
881 2877 1017 2931 ratio
1064 2876 1345 2946 accipitur,
1388 2886 1442 2931 et
1472 2877 1749 2942 Boetium,
1790 2876 1963 2931 homi-

378 2986 502 3028 nem
530 2970 755 3027 fortuna;
784 2968 1195 3025 adversitatibus
1237 2967 1516 3037 afﬂictum,
1547 2968 1815 3037 variisque
1842 2981 1964 3037 per-

380 3062 777 3120 turbationibus
805 3060 1118 3118 obnoxium.
1148 3060 1396 3130 Dialogus
1409 3068 1491 3115 est
1521 3063 1603 3131 (ut
1622 3060 1835 3116 Laertio
1850 3060 1962 3130 pla-

379 3156 489 3227 cet)
518 3173 582 3213 ex
611 3155 1029 3227 interrogatione
1067 3162 1123 3210 et
1150 3154 1505 3224 responsione
1534 3155 1866 3225 compositus
1895 3158 1963 3209 de

2056 1983 2213 2039 quam
2240 1967 2501 2032 senescit,
2533 1979 2802 2034 nunquam
2831 1965 2937 2018 vim
2982 1978 3135 2017 suam
3180 1960 3396 2016 amittit.
3441 1961 3507 2016 Et
3534 1976 3639 2031 quo

2055 2060 2209 2129 plura
2239 2058 2356 2127 ejus
2400 2056 2580 2113 studio
2608 2063 2930 2111 consecutus
2957 2053 3142 2119 fueris,
3174 2068 3239 2107 eo
3271 2053 3424 2123 plura
3455 2065 3642 2123 super-

2057 2168 2179 2210 esse
2208 2152 2579 2223 cognoscenda
2607 2149 3002 2221 deprehendes.
3045 2148 3240 2204 Priscis
3279 2148 3517 2220 profecto
3540 2162 3642 2203 sae-

2058 2246 2193 2302 culis
2238 2245 2379 2316 apud
2426 2245 2705 2314 Hebraeos,
2750 2243 3065 2316 Egyptios,
3109 2242 3355 2307 Graecos,
3403 2240 3638 2306 Latinos,

2059 2339 2297 2409 aliasque
2328 2346 2515 2410 gentes
2548 2336 2852 2406 philosophi
2884 2336 3233 2404 exstiterunt,
3265 2334 3489 2403 aliisque
3516 2347 3642 2387 suc-

2061 2439 2341 2487 cesserunt
2366 2430 2487 2496 alii,
2521 2444 2692 2499 neque
2719 2428 2825 2483 vim
2859 2427 3214 2497 philosophiae
3236 2434 3521 2497 potuerunt
3549 2440 3643 2480 un-

2060 2539 2219 2592 quam
2258 2523 2563 2586 exhaurire,
2599 2536 2699 2576 nec
2739 2519 2804 2575 ad
2856 2520 3015 2575 ftnem
3051 2518 3290 2574 discendi
3342 2518 3642 2587 pervenire.

2061 2614 2418 2685 Hieronymus
2458 2613 2524 2668 ad
2555 2612 2908 2682 Nepotianum
2937 2629 2948 2664 :
2984 2612 3329 2682 Amplexetur
3362 2625 3448 2664 me
3484 2610 3645 2665 modo

2061 2709 2341 2779 sapientia,
2370 2718 2423 2763 et
2466 2708 2660 2777 Abisag
2692 2714 2898 2769 nostra,
2924 2720 3044 2774 quce
3076 2720 3345 2775 nunquam
3377 2707 3642 2772 senescit,

2064 2797 2117 2853 in
2148 2812 2270 2853 meo
2309 2798 2610 2868 requiescat
2654 2796 2773 2850 sinu
2805 2792 2929 2863 (III
2962 2795 3090 2865 Reg.
3118 2796 3180 2863 l).
3222 2794 3501 2865 lmpolluta
3529 2802 3643 2861 est,

2063 2891 2495 2961 virginitatisque
2553 2898 2852 2960 perpetuae,
2901 2879 2963 2942 et'
2993 2902 3110 2956 quae
3151 2890 3202 2940 in
3243 2886 3645 2943 similitudinem

2064 2983 2244 3038 Maria:
2284 2997 2404 3035 cum
2448 2981 2688 3050 quotidie
2715 2987 2967 3051 generet,
2996 2992 3315 3049 semperque
3356 2978 3647 3048 parturiat,

2067 3076 2371 3145 incorrupta
2400 3084 2502 3131 est.

2140 3170 2355 3226 Statura
2385 3169 2703 3223 discretioiiis
2741 3166 3013 3241 ambiguae]
3057 3165 3249 3221 Mulier
3287 3163 3501 3237 (inquit)
3530 3178 3651 3236 qum

380 3268 444 3309 ea
465 3268 544 3319 re,
570 3256 688 3323 quae
704 3250 788 3306 vel
812 3249 1226 3320 philosophiam,
1249 3248 1335 3302 vel
1355 3248 1661 3318 reipublicm
1691 3256 1869 3317 partes
1885 3258 1966 3303 at-
1990 3234 2038 3299 C

2009 3234 2201 3321 3mihi
2245 3264 2520 3335 apparuit,
2560 3272 2677 3318 erat
2722 3270 2924 3316 statura
2973 3260 3312 3317 discretionis
3360 3258 3650 3329 ambiguae,

382 3346 569 3417 tingat,
600 3359 722 3401 cum
751 3343 964 3400 decenti
1003 3353 1058 3399 et
1100 3357 1336 3413 congrua
1383 3341 1735 3411 expressione
1779 3356 1964 3412 perso-

382 3452 567 3494 narum
621 3450 741 3508 quae
769 3442 1135 3502 assumuntur,
1179 3442 1532 3505 accurataque
1575 3434 1963 3505 compositione

381 3530 688 3586 verborum.

453 3621 602 3697 Hac]
634 3622 810 3694 Elegis
831 3622 941 3693 jam
968 3620 1256 3692 descripta.

457 3711 682 3786 Tacitus]
707 3712 933 3769 Tacens.

455 3802 785 3876 Reputarem]
816 3803 1124 3859 Meditarer.

454 3895 881 3969 Lacrymabilem]
905 3896 987 3952 Ad
1012 3895 1414 3969 lacrymandum
1436 3906 1634 3967 aptam.

456 3988 646 4059 Ofﬁcio
671 3985 814 4058 styli]
844 3987 1166 4057 Scriptione,
1202 3988 1497 4044 litterarum
1519 3988 1853 4045 exaratione.

454 4079 808 4155 Designarem]
841 4080 1234 4138 Describerem.

456 4176 629 4244 Supra
656 4170 913 4245 verticem]
944 4172 1121 4244 Supra‘
1142 4183 1319 4244 caput.

375 4282 381 4297 λ
426 4268 669 4339 ⁴Μαιὲεετ]
708 4269 845 4338 Apte
883 4266 1219 4339 philosophia
1267 4267 1458 4324 mulier
1509 4268 1810 4339 inducitur,
1844 4285 1965 4325 cum

388 4363 457 4417 sit
488 4361 703 4433 generis
733 4359 1003 4428 feminini,
1037 4368 1093 4415 et
1118 4360 1304 4416 formae
1350 4375 1584 4416 nomen:
1616 4364 1957 4437 quemadmo-

388 4454 511 4508 dum
542 4455 707 4508 virtus
737 4463 791 4507 et
826 4452 1071 4522 voluptas
1100 4467 1133 4507 a
1164 4452 1389 4507 Prodico
1428 4454 1667 4522 sophista
1711 4455 1964 4509 mulieres

388 4543 677 4615 finguntur,
716 4548 819 4597 noti
860 4542 980 4597 viri.
1029 4542 1217 4597 Mulier
1258 4552 1364 4597 tam
1405 4544 1558 4614 virgo
1600 4559 1757 4614 quam
1804 4555 1965 4613 nupta

389 4636 600 4700 dicitur,
632 4643 851 4689 auctore
879 4634 1065 4690 Servio
1100 4635 1153 4688 in
1184 4650 1235 4688 tx
1267 4633 1528 4689 (Eneidos
1558 4637 1963 4701 commentario,
1994 4617 2046 4680 1)

390 4730 541 4795 cujus
583 4728 697 4780 haec
724 4734 849 4779 sunt
890 4724 1086 4779 verba:
1120 4724 1258 4779 Usus
1296 4724 1555 4790 obtinuit,
1599 4736 1655 4778 ut
1692 4727 1965 4794 innuptas,

392 4817 623 4887 virgines
647 4834 660 4869 :
690 4813 901 4885 nuptas,
935 4815 1188 4870 mulieres
1216 4830 1492 4871 vocemus.
1520 4814 1651 4869 Nam
1689 4817 1827 4885 apud
1856 4834 1970 4872 ma-

392 4912 533 4979 jores
558 4910 840 4965 indiscrete
866 4910 1014 4980 virgo
1040 4909 1315 4964 dicebatur
1345 4918 1400 4964 et.
1426 4910 1638 4965 mulier.
1672 4910 1970 4983 Utrumque

394 5003 533 5058 enim
564 5018 749 5057 sexum
778 5010 979 5057 tantum
1004 5001 1358 5071 signiﬁcabat.

461 5092 777 5165 Reverendij
824 5093 1176 5148 Venerabilis.
1212 5091 1479 5163 Quidquid
1524 5095 1666 5149 enim
1710 5096 1970 5165 sapientia

398 5188 672 5257 praeditum
701 5196 812 5257 est,
844 5187 1101 5255 imprimis
1130 5196 1215 5242 est
1236 5187 1537 5241 reverentia
1567 5197 1621 5243 et
1647 5187 1851 5245 honore
1886 5191 1971 5247 di-

395 5295 575 5349 gnum.

470 5374 792 5447 Ardeatibus]
824 5376 976 5446 ignea
1003 5377 1053 5429 vi
1086 5374 1339 5445 praeditis,
1362 5385 1417 5431 et
1446 5379 1891 5447 penetrabilibus.

476 5468 780 5542 Valentiam]
812 5468 1157 5524 Facultatem.
1187 5468 1427 5524 Valentia
1473 5482 1556 5527 est
1594 5482 1852 5542 potestas,
1884 5489 1973 5528 ro-

398 5564 521 5630 bur,
551 5566 714 5619 vires.
757 5564 1061 5619 Titinnius:
1096 5562 1367 5632 Sapientia
1408 5565 1735 5635 gubernator
1784 5583 1972 5623 navent

399 5668 640 5730 torquet,
669 5675 774 5715 non
808 5660 1061 5715 valentia.

472 5755 874 5828 Perspicacibus]
916 5759 1117 5813 Acutis.
1164 5758 1486 5829 Perspicax,
1518 5762 1606 5830 qui
1650 5762 1795 5817 visus
1842 5777 1971 5817 acu-

402 5849 548 5903 mine
578 5862 665 5904 res
707 5850 1028 5922 perspicere,
1076 5850 1417 5921 perfectoque
1464 5851 1727 5921 inspicere
1773 5861 1968 5921 potest.

2068 3359 2171 3414 hoc
2195 3366 2300 3421 est,
2326 3370 2443 3411 eam
2474 3365 2729 3410 staturam
2762 3354 3099 3424 praeferebat,
3128 3369 3291 3425 quam
3312 3367 3470 3408 nemo
3497 3353 3653 3409 facile

2066 3460 2213 3506 certa
2244 3448 2570 3504 discretione
2596 3457 2965 3519 cognosceret.
3008 3444 3174 3516 Cujus
3199 3446 3277 3501 rei
3308 3445 3446 3501 hanc
3486 3445 3654 3515 subji-

2065 3545 2139 3600 cit
2178 3558 2395 3600 causam
2424 3561 2437 3597 :
2478 3541 2611 3597 Nam
2644 3555 2786 3596 nunc
2829 3540 3043 3612 quidem
3070 3538 3136 3595 ad
3163 3552 3655 3594 communem'sese

2066 3636 2342 3692 hominum
2392 3648 2698 3689 mensuram
2754 3632 3073 3701 cohibebat,
3122 3632 3175 3686 id
3225 3640 3309 3688 est
3359 3632 3655 3703 aliquando

2067 3742 2175 3782 non
2217 3725 2513 3781 excedebat
2550 3739 2892 3780 communem
2926 3723 3198 3779 hominum
3229 3732 3513 3778 staturam.
3542 3722 3655 3778 Hoc

2066 3828 2243 3873 autem
2283 3817 2477 3872 dicitur
2516 3817 2586 3872 ob
2614 3831 2705 3872 eas
2752 3817 3105 3887 philomphiae
3136 3824 3313 3885 partes
3354 3816 3407 3870 in
3452 3816 3645 3886 quibus

2066 3915 2135 3970 de
2164 3914 2230 3969 iis
2258 3915 2419 3969 rebus
2444 3916 2638 3984 agitur,
2673 3927 2896 3983 quarum
2937 3926 3105 3981 capax
3135 3920 3219 3966 est
3247 3911 3538 3966 humanum
3572 3912 3655 3968 in-

2066 4009 2281 4077 genium
2301 4050 2317 4075 ,
2345 4017 2400 4063 et
2438 4022 2571 4077 quas
2600 4006 2909 4061 intellectus
2938 4004 3213 4059 hominum
3245 4003 3406 4060 certis
3436 4005 3655 4058 rationi-

2067 4102 2167 4156 bus
2192 4102 2405 4170 assequi
2434 4106 2630 4169 potest.
2655 4098 2966 4168 Cujnsmodi
3000 4107 3123 4153 sunt
3159 4106 3269 4153 tres
3300 4097 3656 4169 pltilOSOphiao

2068 4194 2346 4248 rationalis
2376 4202 2578 4263 partes,
2622 4194 2988 4262 grammatica,
3032 4192 3329 4261 dialectica,
3362 4193 3653 4261 rhetorica,

2070 4295 2126 4339 et
2191 4284 2582 4340 mathematicas
2629 4284 2924 4354 disciplinae
2990 4295 3183 4355 praeter
3240 4285 3653 4352 astronomiam,

2070 4383 2199 4437 item
2234 4380 2452 4453 physica
2482 4379 2672 4449 majori
2700 4393 2764 4435 ex
2799 4386 2970 4449 parte,
3002 4387 3056 4433 et
3086 4386 3193 4432 tota
3220 4378 3442 4433 moralis
3482 4377 3655 4448 philo-

2072 4472 2279 4542 suphia.

2146 4564 2302 4621 Nunc
2328 4580 2442 4618 vero
2471 4563 2674 4636 pulsare
2709 4562 2890 4615 caelum
2934 4560 3119 4613 summi
3160 4558 3360 4613 verticis
3397 4559 3657 4612 cacumine

2075 4656 2359 4726 videbatur]
2390 4656 2501 4710 Hoc
2546 4654 2747 4709 dictum
2779 4653 2994 4707 videtur
3038 4652 3109 4705 ob
3148 4649 3559 4713 astronomiam,
3603 4658 3657 4704 et

2078 4764 2197 4805 eam
2248 4747 2495 4817 physices
2543 4754 2782 4815 partem,
2828 4745 2879 4797 in
2927 4756 3029 4813 qua
3075 4742 3143 4797 de
3185 4741 3322 4795 caelo
3362 4750 3415 4796 et
3459 4739 3657 4796 mundo

2077 4842 2273 4913 agitur.

2151 4931 2279 4996 Qui:
2306 4945 2419 4982 cum
2451 4938 2600 4999 caput
2626 4928 2783 4981 altius
2825 4922 3105 4999 extulisset]
3148 4926 3243 4981 His
3270 4924 3447 4981 verbis
3490 4923 3655 4994 signi-

2082 5024 2205 5080 ﬁcat
2247 5024 2468 5094 primam
2502 5021 2922 5092 philosophiam,
2956 5021 3107 5091 cujus
3144 5021 3440 5092 speculatio
3470 5035 3659 5075 versa.

2078 5127 2164 5174 tur
2183 5118 2321 5173 circa
2345 5133 2433 5173 res
2452 5117 2657 5172 divinas
2681 5126 2735 5172 et
2759 5131 2948 5172 causas
2973 5117 3280 5183 altissimas,
3298 5131 3523 5188 quarum
3552 5131 3658 5170 non

2078 5210 2234 5266 facile
2263 5224 2433 5279 capax
2463 5217 2546 5264 est
2582 5208 2889 5263 mortalium
2936 5208 3261 5277 intellectus,
3293 5210 3503 5265 dicente
3544 5208 3661 5277 phi-

2079 5302 2343 5372 losopho:
2374 5301 2504 5356 Nam
2537 5311 2592 5356 ut
2621 5300 3059 5371 vespertilionurn
3111 5302 3252 5358 oculi
3298 5316 3419 5358 sese
3466 5299 3663 5354 habent

2078 5393 2145 5448 ad
2185 5393 2357 5448 lucem
2385 5392 2491 5448 diei
2521 5392 2599 5447 sic
2628 5402 2681 5447 et
2711 5405 2909 5450 nostra:
2941 5396 3131 5450 anima:
3159 5410 3310 5451 mens
3343 5393 3408 5448 ad
3439 5407 3503 5448 ea
3542 5405 3664 5448 sese

2082 5484 2272 5551 habet,
2300 5498 2418 5553 qua:
2448 5483 2877 5540 manifestissima
2902 5485 3138 5540 omnium
3166 5493 3293 5540 sunt
3325 5492 3534 5538 natura.

2150 5576 2571 5649 Respicientium]
2601 5578 2778 5632 Visum
2804 5588 3097 5634 retrorsum
3124 5578 3472 5634 ﬂectentium.

2167 5668 2342 5722 Vestes
2388 5679 2532 5723 erant
2579 5672 2883 5726 tenuissimis
2925 5671 3057 5744 ﬁlis]
3105 5673 3209 5727 Per
3250 5680 3425 5728 vestes
3477 5670 3661 5742 accipe

2078 5760 2380 5816 divinarum
2412 5760 2871 5832 humanarumque
2898 5778 3075 5818 rerum
3110 5771 3387 5830 tractatus,
3415 5762 3657 5833 disputa-

2079 5854 2359 5924 tionesque
2392 5869 2456 5911 ac
2498 5865 2765 5927 praecepta
2814 5854 3278 5927 philosophorum.
3326 5857 3426 5914 Per
3457 5854 3661 5914 tenuis-
