  <div class='ocr_page' id='page_1' title='image "/cluster/home/n/w/nwhite01/storage/ocr_20150623/63/hvd.32044073498792/451.png"; bbox 0 0 4290 6258; ppageno 0'>
   <div class='ocr_carea' id='block_1_1' title="bbox 700 419 797 473">
    <p class='ocr_par' dir='ltr' id='par_1_1' title="bbox 700 419 797 473">
     <span class='ocr_line' id='line_1_1' title="bbox 700 419 797 473; baseline 0.021 -2"><span class='ocrx_word' id='word_1_1' title='bbox 700 419 797 473; x_wconf 83' lang='grc'><strong>891</strong></span> 
     </span>
    </p>
   </div>
   <div class='ocr_carea' id='block_1_2' title="bbox 1346 390 3302 479">
    <p class='ocr_par' dir='ltr' id='par_1_2' title="bbox 1346 390 3302 479">
     <span class='ocr_line' id='line_1_2' title="bbox 1346 390 3302 479; baseline -0.001 -3"><span class='ocrx_word' id='word_1_2' title='bbox 1346 390 1693 479; x_wconf 79' lang='lat' dir='ltr'><strong>APPENDIX</strong></span> <span class='ocrx_word' id='word_1_3' title='bbox 1726 422 1815 479; x_wconf 87' lang='lat' dir='ltr'><strong>AD</strong></span> <span class='ocrx_word' id='word_1_4' title='bbox 1854 419 2094 479; x_wconf 75' lang='lat' dir='ltr'><strong>uanos</strong></span> <span class='ocrx_word' id='word_1_5' title='bbox 2132 418 2221 475; x_wconf 90' lang='lat' dir='ltr'><strong>DE</strong></span> <span class='ocrx_word' id='word_1_6' title='bbox 2257 416 2771 476; x_wconf 82' lang='lat' dir='ltr'><strong>CONSOLATIONE</strong></span> <span class='ocrx_word' id='word_1_7' title='bbox 2808 416 3302 479; x_wconf 70' lang='lat' dir='ltr'><strong>PHILOSOPHIE.</strong></span> 
     </span>
    </p>
   </div>
   <div class='ocr_carea' id='block_1_3' title="bbox 3836 418 3927 474">
    <p class='ocr_par' dir='ltr' id='par_1_3' title="bbox 3836 418 3927 474">
     <span class='ocr_line' id='line_1_3' title="bbox 3836 418 3927 474; baseline 0.066 -6"><span class='ocrx_word' id='word_1_8' title='bbox 3836 418 3927 474; x_wconf 74' lang='lat'><strong>892</strong></span> 
     </span>
    </p>
   </div>
   <div class='ocr_carea' id='block_1_4' title="bbox 696 529 3926 608">
    <p class='ocr_par' dir='ltr' id='par_1_4' title="bbox 696 529 3926 608">
     <span class='ocr_line' id='line_1_4' title="bbox 696 529 3926 608; baseline 0.002 -24"><span class='ocrx_word' id='word_1_9' title='bbox 696 529 831 586; x_wconf 88' lang='lat' dir='ltr'><strong>sima</strong></span> <span class='ocrx_word' id='word_1_10' title='bbox 863 530 946 585; x_wconf 85' lang='lat' dir='ltr'><strong>ﬁla</strong></span> <span class='ocrx_word' id='word_1_11' title='bbox 967 572 982 599; x_wconf 94' lang='lat'><strong>,</strong></span> <span class='ocrx_word' id='word_1_12' title='bbox 1014 546 1173 588; x_wconf 89' lang='lat' dir='ltr'><strong>voces</strong></span> <span class='ocrx_word' id='word_1_13' title='bbox 1201 534 1469 602; x_wconf 83' lang='lat' dir='ltr'><strong>simplices</strong></span> <span class='ocrx_word' id='word_1_14' title='bbox 1490 544 1547 591; x_wconf 88' lang='lat' dir='ltr'><strong>et</strong></span> <span class='ocrx_word' id='word_1_15' title='bbox 1589 535 2106 607; x_wconf 79' lang='lat' dir='ltr'><strong>argumentationum</strong></span> <span class='ocrx_word' id='word_1_16' title='bbox 2153 533 2264 589; x_wconf 88' lang='lat' dir='ltr'><strong>ele-</strong></span> <span class='ocrx_word' id='word_1_17' title='bbox 2292 531 2353 596; x_wconf 65' lang='grc' dir='ltr'>Α</span> <span class='ocrx_word' id='word_1_18' title='bbox 2446 530 2694 587; x_wconf 81' lang='lat' dir='ltr'><strong>Eamdem</strong></span> <span class='ocrx_word' id='word_1_19' title='bbox 2724 544 2891 589; x_wconf 87' lang='lat' dir='ltr'><strong>tamen</strong></span> <span class='ocrx_word' id='word_1_20' title='bbox 2933 534 3136 608; x_wconf 84' lang='lat' dir='ltr'><strong>vestem]</strong></span> <span class='ocrx_word' id='word_1_21' title='bbox 3162 535 3580 606; x_wconf 89' lang='lat' dir='ltr'><strong>Disputationem</strong></span> <span class='ocrx_word' id='word_1_22' title='bbox 3611 532 3926 605; x_wconf 67' lang='lat' dir='ltr'><strong>philosotthi-</strong></span> 
     </span>
    </p>
   </div>
   <div class='ocr_carea' id='block_1_5' title="bbox 693 623 2262 695">
    <p class='ocr_par' dir='ltr' id='par_1_5' title="bbox 693 623 2262 695">
     <span class='ocr_line' id='line_1_5' title="bbox 693 623 2262 695; baseline 0.003 -19"><span class='ocrx_word' id='word_1_23' title='bbox 693 632 891 677; x_wconf 87' lang='lat' dir='ltr'><strong>menta.</strong></span> <span class='ocrx_word' id='word_1_24' title='bbox 926 623 1028 678; x_wconf 87' lang='lat' dir='ltr'><strong>Per</strong></span> <span class='ocrx_word' id='word_1_25' title='bbox 1073 625 1267 679; x_wconf 88' lang='lat' dir='ltr'><strong>subtile</strong></span> <span class='ocrx_word' id='word_1_26' title='bbox 1311 627 1626 695; x_wconf 90' lang='lat' dir='ltr'><strong>artiﬁcium,</strong></span> <span class='ocrx_word' id='word_1_27' title='bbox 1672 630 1921 684; x_wconf 85' lang='lat' dir='ltr'><strong>solertem</strong></span> <span class='ocrx_word' id='word_1_28' title='bbox 1966 625 2262 683; x_wconf 87' lang='lat' dir='ltr'><strong>disserendi</strong></span> 
     </span>
    </p>
   </div>
   <div class='ocr_carea' id='block_1_6' title="bbox 692 716 2263 789">
    <p class='ocr_par' dir='ltr' id='par_1_6' title="bbox 692 716 2263 789">
     <span class='ocr_line' id='line_1_6' title="bbox 692 716 2263 789; baseline 0.001 -20"><span class='ocrx_word' id='word_1_29' title='bbox 692 724 891 781; x_wconf 90' lang='lat' dir='ltr'><strong>artem,</strong></span> <span class='ocrx_word' id='word_1_30' title='bbox 924 731 1040 786; x_wconf 82' lang='lat' dir='ltr'><strong>quae</strong></span> <span class='ocrx_word' id='word_1_31' title='bbox 1070 716 1345 771; x_wconf 75' lang='lat' dir='ltr'><strong>dialectice</strong></span> <span class='ocrx_word' id='word_1_32' title='bbox 1390 728 1745 789; x_wconf 82' lang='lat' dir='ltr'><strong>nuncupatur.</strong></span> <span class='ocrx_word' id='word_1_33' title='bbox 1777 720 1882 775; x_wconf 93' lang='lat' dir='ltr'><strong>Per</strong></span> <span class='ocrx_word' id='word_1_34' title='bbox 1921 718 2263 774; x_wconf 91' lang='lat' dir='ltr'><strong>indissolubi-</strong></span> 
     </span>
    </p>
   </div>
   <div class='ocr_carea' id='block_1_7' title="bbox 692 807 2260 881">
    <p class='ocr_par' dir='ltr' id='par_1_7' title="bbox 692 807 2260 881">
     <span class='ocr_line' id='line_1_7' title="bbox 692 807 2260 881; baseline 0.003 -22"><span class='ocrx_word' id='word_1_35' title='bbox 692 807 794 861; x_wconf 91' lang='lat' dir='ltr'><strong>lem</strong></span> <span class='ocrx_word' id='word_1_36' title='bbox 845 808 1156 873; x_wconf 85' lang='lat' dir='ltr'><strong>materiam,</strong></span> <span class='ocrx_word' id='word_1_37' title='bbox 1211 808 1447 879; x_wconf 76' lang='lat' dir='ltr'><strong>intellige</strong></span> <span class='ocrx_word' id='word_1_38' title='bbox 1498 826 1745 866; x_wconf 87' lang='lat' dir='ltr'><strong>verarum</strong></span> <span class='ocrx_word' id='word_1_39' title='bbox 1805 810 2260 881; x_wconf 85' lang='lat' dir='ltr'><strong>propositionum,</strong></span> 
     </span>
    </p>
   </div>
   <div class='ocr_carea' id='block_1_8' title="bbox 688 898 2262 985">
    <p class='ocr_par' dir='ltr' id='par_1_8' title="bbox 688 898 2262 985">
     <span class='ocr_line' id='line_1_8' title="bbox 688 898 2262 985; baseline 0.006 -34"><span class='ocrx_word' id='word_1_40' title='bbox 688 898 1107 967; x_wconf 89' lang='lat' dir='ltr'><strong>assumptionum</strong></span> <span class='ocrx_word' id='word_1_41' title='bbox 1125 943 1138 962; x_wconf 82' lang='lat'><strong>.</strong></span> <span class='ocrx_word' id='word_1_42' title='bbox 1167 900 1676 976; x_wconf 77' lang='lat' dir='ltr'><strong>conclusionumqhe</strong></span> <span class='ocrx_word' id='word_1_43' title='bbox 1698 907 2083 976; x_wconf 87' lang='lat' dir='ltr'><strong>congruitatem</strong></span> <span class='ocrx_word' id='word_1_44' title='bbox 2103 946 2118 971; x_wconf 93' lang='lat'><strong>,</strong></span> <span class='ocrx_word' id='word_1_45' title='bbox 2144 905 2262 985; x_wconf 81' lang='lat' dir='ltr'><strong>qui-</strong></span> 
     </span>
    </p>
   </div>
   <div class='ocr_carea' id='block_1_9' title="bbox 687 990 2263 1066">
    <p class='ocr_par' dir='ltr' id='par_1_9' title="bbox 687 990 2263 1066">
     <span class='ocr_line' id='line_1_9' title="bbox 687 990 2263 1066; baseline 0.006 -22"><span class='ocrx_word' id='word_1_46' title='bbox 687 990 785 1045; x_wconf 89' lang='lat' dir='ltr'><strong>bus</strong></span> <span class='ocrx_word' id='word_1_47' title='bbox 815 990 1196 1060; x_wconf 75' lang='lat' dir='ltr'><strong>phil050phicae</strong></span> <span class='ocrx_word' id='word_1_48' title='bbox 1227 995 1613 1066; x_wconf 84' lang='lat' dir='ltr'><strong>disputationes</strong></span> <span class='ocrx_word' id='word_1_49' title='bbox 1643 998 1938 1053; x_wconf 68' lang='lat' dir='ltr'><strong>cohaerent.</strong></span> <span class='ocrx_word' id='word_1_50' title='bbox 1968 998 2095 1053; x_wconf 64' lang='lat' dir='ltr'><strong>Haec</strong></span> <span class='ocrx_word' id='word_1_51' title='bbox 2119 998 2263 1054; x_wconf 89' lang='lat' dir='ltr'><strong>enim</strong></span> 
     </span>
    </p>
   </div>
   <div class='ocr_carea' id='block_1_10' title="bbox 684 1081 2265 1153">
    <p class='ocr_par' dir='ltr' id='par_1_10' title="bbox 684 1081 2265 1153">
     <span class='ocr_line' id='line_1_10' title="bbox 684 1081 2265 1153; baseline 0.006 -18"><span class='ocrx_word' id='word_1_52' title='bbox 684 1081 905 1136; x_wconf 89' lang='lat' dir='ltr'><strong>materia</strong></span> <span class='ocrx_word' id='word_1_53' title='bbox 934 1081 1313 1141; x_wconf 89' lang='lat' dir='ltr'><strong>indissolubilis</strong></span> <span class='ocrx_word' id='word_1_54' title='bbox 1339 1096 1439 1142; x_wconf 90' lang='lat' dir='ltr'><strong>est.</strong></span> <span class='ocrx_word' id='word_1_55' title='bbox 1467 1086 1599 1141; x_wconf 89' lang='lat' dir='ltr'><strong>Nam</strong></span> <span class='ocrx_word' id='word_1_56' title='bbox 1638 1088 1683 1142; x_wconf 89' lang='lat' dir='ltr'><strong>si</strong></span> <span class='ocrx_word' id='word_1_57' title='bbox 1712 1088 2043 1153; x_wconf 89' lang='lat' dir='ltr'><strong>dissolveris,</strong></span> <span class='ocrx_word' id='word_1_58' title='bbox 2075 1098 2129 1143; x_wconf 88' lang='lat' dir='ltr'><strong>et</strong></span> <span class='ocrx_word' id='word_1_59' title='bbox 2155 1088 2265 1144; x_wconf 91' lang='lat' dir='ltr'><strong>dis-</strong></span> 
     </span>
    </p>
   </div>
   <div class='ocr_carea' id='block_1_11' title="bbox 685 1174 2264 1248">
    <p class='ocr_par' dir='ltr' id='par_1_11' title="bbox 685 1174 2264 1248">
     <span class='ocr_line' id='line_1_11' title="bbox 685 1174 2264 1248; baseline 0.005 -22"><span class='ocrx_word' id='word_1_60' title='bbox 685 1174 971 1242; x_wconf 87' lang='lat' dir='ltr'><strong>putationis</strong></span> <span class='ocrx_word' id='word_1_61' title='bbox 997 1175 1051 1229; x_wconf 90' lang='lat' dir='ltr'><strong>in</strong></span> <span class='ocrx_word' id='word_1_62' title='bbox 1083 1184 1363 1247; x_wconf 90' lang='lat' dir='ltr'><strong>utramque</strong></span> <span class='ocrx_word' id='word_1_63' title='bbox 1390 1188 1596 1248; x_wconf 89' lang='lat' dir='ltr'><strong>partem</strong></span> <span class='ocrx_word' id='word_1_64' title='bbox 1635 1179 1788 1234; x_wconf 65' lang='lat' dir='ltr'><strong>factae</strong></span> <span class='ocrx_word' id='word_1_65' title='bbox 1832 1180 2145 1248; x_wconf 80' lang='lat' dir='ltr'><strong>particulam</strong></span> <span class='ocrx_word' id='word_1_66' title='bbox 2178 1196 2264 1234; x_wconf 90' lang='lat' dir='ltr'><strong>ar-</strong></span> 
     </span>
    </p>
   </div>
   <div class='ocr_carea' id='block_1_12' title="bbox 684 1266 2262 1341">
    <p class='ocr_par' dir='ltr' id='par_1_12' title="bbox 684 1266 2262 1341">
     <span class='ocr_line' id='line_1_12' title="bbox 684 1266 2262 1341; baseline 0.006 -22"><span class='ocrx_word' id='word_1_67' title='bbox 684 1266 932 1335; x_wconf 87' lang='lat' dir='ltr'><strong>ripueris,</strong></span> <span class='ocrx_word' id='word_1_68' title='bbox 963 1267 1155 1323; x_wconf 83' lang='lat' dir='ltr'><strong>falsum</strong></span> <span class='ocrx_word' id='word_1_69' title='bbox 1206 1270 1436 1326; x_wconf 89' lang='lat' dir='ltr'><strong>lortasse</strong></span> <span class='ocrx_word' id='word_1_70' title='bbox 1482 1287 1579 1341; x_wconf 93' lang='lat' dir='ltr'><strong>pro</strong></span> <span class='ocrx_word' id='word_1_71' title='bbox 1617 1288 1746 1327; x_wconf 88' lang='lat' dir='ltr'><strong>vero</strong></span> <span class='ocrx_word' id='word_1_72' title='bbox 1789 1273 2083 1329; x_wconf 83' lang='lat' dir='ltr'><strong>credideris</strong></span> <span class='ocrx_word' id='word_1_73' title='bbox 2114 1272 2262 1328; x_wconf 85' lang='lat' dir='ltr'><strong>alﬁr-</strong></span> 
     </span>
    </p>
   </div>
   <div class='ocr_carea' id='block_1_13' title="bbox 681 1361 2263 1435">
    <p class='ocr_par' dir='ltr' id='par_1_13' title="bbox 681 1361 2263 1435">
     <span class='ocr_line' id='line_1_13' title="bbox 681 1361 2263 1435; baseline 0.007 -22"><span class='ocrx_word' id='word_1_74' title='bbox 681 1361 1033 1429; x_wconf 88' lang='lat' dir='ltr'><strong>maverisque.</strong></span> <span class='ocrx_word' id='word_1_75' title='bbox 1072 1362 1223 1429; x_wconf 82' lang='lat' dir='ltr'><strong>Quod</strong></span> <span class='ocrx_word' id='word_1_76' title='bbox 1262 1379 1381 1418; x_wconf 91' lang='lat' dir='ltr'><strong>cum</strong></span> <span class='ocrx_word' id='word_1_77' title='bbox 1422 1365 1540 1419; x_wconf 88' lang='lat' dir='ltr'><strong>aliis</strong></span> <span class='ocrx_word' id='word_1_78' title='bbox 1573 1367 1854 1435; x_wconf 86' lang='lat' dir='ltr'><strong>permultis</strong></span> <span class='ocrx_word' id='word_1_79' title='bbox 1880 1367 2105 1435; x_wconf 83' lang='lat' dir='ltr'><strong>accidit,</strong></span> <span class='ocrx_word' id='word_1_80' title='bbox 2148 1378 2263 1424; x_wconf 91' lang='lat' dir='ltr'><strong>tum</strong></span> 
     </span>
    </p>
   </div>
   <div class='ocr_carea' id='block_1_14' title="bbox 683 1451 2265 1527">
    <p class='ocr_par' dir='ltr' id='par_1_14' title="bbox 683 1451 2265 1527">
     <span class='ocr_line' id='line_1_14' title="bbox 683 1451 2265 1527; baseline 0.008 -22"><span class='ocrx_word' id='word_1_81' title='bbox 683 1451 952 1521; x_wconf 84' lang='lat' dir='ltr'><strong>imprimis</strong></span> <span class='ocrx_word' id='word_1_82' title='bbox 982 1454 1275 1524; x_wconf 86' lang='lat' dir='ltr'><strong>Aristippo,</strong></span> <span class='ocrx_word' id='word_1_83' title='bbox 1308 1458 1397 1527; x_wconf 90' lang='lat' dir='ltr'><strong>qui</strong></span> <span class='ocrx_word' id='word_1_84' title='bbox 1428 1473 1549 1513; x_wconf 90' lang='lat' dir='ltr'><strong>cum</strong></span> <span class='ocrx_word' id='word_1_85' title='bbox 1578 1459 1871 1515; x_wconf 88' lang='lat' dir='ltr'><strong>audivisset</strong></span> <span class='ocrx_word' id='word_1_86' title='bbox 1908 1460 2146 1516; x_wconf 88' lang='lat' dir='ltr'><strong>Socratis</strong></span> <span class='ocrx_word' id='word_1_87' title='bbox 2174 1477 2265 1517; x_wconf 91' lang='lat' dir='ltr'><strong>su-</strong></span> 
     </span>
    </p>
   </div>
   <div class='ocr_carea' id='block_1_15' title="bbox 682 1545 2258 1621">
    <p class='ocr_par' dir='ltr' id='par_1_15' title="bbox 682 1545 2258 1621">
     <span class='ocr_line' id='line_1_15' title="bbox 682 1545 2258 1621; baseline 0.006 -22"><span class='ocrx_word' id='word_1_88' title='bbox 682 1557 782 1621; x_wconf 87' lang='lat' dir='ltr'><strong>per</strong></span> <span class='ocrx_word' id='word_1_89' title='bbox 810 1545 1052 1613; x_wconf 90' lang='lat' dir='ltr'><strong>corporis</strong></span> <span class='ocrx_word' id='word_1_90' title='bbox 1080 1547 1349 1614; x_wconf 81' lang='lat' dir='ltr'><strong>voluptate</strong></span> <span class='ocrx_word' id='word_1_91' title='bbox 1376 1548 1793 1617; x_wconf 85' lang='lat' dir='ltr'><strong>disputationem</strong></span> <span class='ocrx_word' id='word_1_92' title='bbox 1811 1594 1825 1618; x_wconf 89' lang='lat'><strong>,</strong></span> <span class='ocrx_word' id='word_1_93' title='bbox 1862 1550 2066 1606; x_wconf 89' lang='lat' dir='ltr'><strong>relictis</strong></span> <span class='ocrx_word' id='word_1_94' title='bbox 2095 1553 2258 1619; x_wconf 90' lang='lat' dir='ltr'><strong>veris,</strong></span> 
     </span>
    </p>
   </div>
   <div class='ocr_carea' id='block_1_16' title="bbox 681 1633 2264 1715">
    <p class='ocr_par' dir='ltr' id='par_1_16' title="bbox 681 1633 2264 1715">
     <span class='ocr_line' id='line_1_16' title="bbox 681 1633 2264 1715; baseline 0.008 -28"><span class='ocrx_word' id='word_1_95' title='bbox 681 1633 1032 1703; x_wconf 86' lang='lat' dir='ltr'><strong>apprehendit</strong></span> <span class='ocrx_word' id='word_1_96' title='bbox 1069 1635 1237 1691; x_wconf 76' lang='lat' dir='ltr'><strong>falsa:</strong></span> <span class='ocrx_word' id='word_1_97' title='bbox 1276 1637 1377 1693; x_wconf 92' lang='lat' dir='ltr'><strong>hoc</strong></span> <span class='ocrx_word' id='word_1_98' title='bbox 1416 1649 1529 1706; x_wconf 91' lang='lat' dir='ltr'><strong>est,</strong></span> <span class='ocrx_word' id='word_1_99' title='bbox 1555 1655 1618 1695; x_wconf 90' lang='lat' dir='ltr'><strong>ea</strong></span> <span class='ocrx_word' id='word_1_100' title='bbox 1649 1652 1995 1711; x_wconf 87' lang='lat' dir='ltr'><strong>argumenta,</strong></span> <span class='ocrx_word' id='word_1_101' title='bbox 2026 1658 2147 1715; x_wconf 73' lang='lat' dir='ltr'><strong>quae</strong></span> <span class='ocrx_word' id='word_1_102' title='bbox 2177 1659 2264 1699; x_wconf 84' lang='lat' dir='ltr'><strong>vo-</strong></span> 
     </span>
    </p>
   </div>
   <div class='ocr_carea' id='block_1_17' title="bbox 682 1724 2263 1797">
    <p class='ocr_par' dir='ltr' id='par_1_17' title="bbox 682 1724 2263 1797">
     <span class='ocr_line' id='line_1_17' title="bbox 682 1724 2263 1797; baseline 0.008 -18"><span class='ocrx_word' id='word_1_103' title='bbox 682 1724 942 1794; x_wconf 91' lang='lat' dir='ltr'><strong>luptatem</strong></span> <span class='ocrx_word' id='word_1_104' title='bbox 971 1728 1213 1797; x_wconf 91' lang='lat' dir='ltr'><strong>corporis</strong></span> <span class='ocrx_word' id='word_1_105' title='bbox 1255 1744 1376 1785; x_wconf 90' lang='lat' dir='ltr'><strong>esse</strong></span> <span class='ocrx_word' id='word_1_106' title='bbox 1423 1745 1691 1787; x_wconf 90' lang='lat' dir='ltr'><strong>summum</strong></span> <span class='ocrx_word' id='word_1_107' title='bbox 1738 1734 1935 1789; x_wconf 90' lang='lat' dir='ltr'><strong>bonum</strong></span> <span class='ocrx_word' id='word_1_108' title='bbox 1976 1735 2263 1792; x_wconf 90' lang='lat' dir='ltr'><strong>ostendere</strong></span> 
     </span>
    </p>
   </div>
   <div class='ocr_carea' id='block_1_18' title="bbox 681 1816 1017 1873">
    <p class='ocr_par' dir='ltr' id='par_1_18' title="bbox 681 1816 1017 1873">
     <span class='ocr_line' id='line_1_18' title="bbox 681 1816 1017 1873; baseline 0.009 -4"><span class='ocrx_word' id='word_1_109' title='bbox 681 1816 1017 1873; x_wconf 82' lang='lat' dir='ltr'><strong>videbantur.</strong></span> 
     </span>
    </p>
   </div>
   <div class='ocr_carea' id='block_1_19' title="bbox 754 1907 2175 1987">
    <p class='ocr_par' dir='ltr' id='par_1_19' title="bbox 754 1907 2175 1987">
     <span class='ocr_line' id='line_1_19' title="bbox 754 1907 2175 1987; baseline 0.008 -26"><span class='ocrx_word' id='word_1_110' title='bbox 754 1907 841 1962; x_wconf 92' lang='lat' dir='ltr'><strong>Uti</strong></span> <span class='ocrx_word' id='word_1_111' title='bbox 862 1919 973 1980; x_wconf 83' lang='lat' dir='ltr'><strong>post</strong></span> <span class='ocrx_word' id='word_1_112' title='bbox 993 1910 1169 1964; x_wconf 87' lang='lat' dir='ltr'><strong>eadem</strong></span> <span class='ocrx_word' id='word_1_113' title='bbox 1195 1911 1436 1983; x_wconf 78' lang='lat' dir='ltr'><strong>prodente</strong></span> <span class='ocrx_word' id='word_1_114' title='bbox 1457 1913 1687 1987; x_wconf 83' lang='lat' dir='ltr'><strong>cognovi]</strong></span> <span class='ocrx_word' id='word_1_115' title='bbox 1713 1913 2056 1973; x_wconf 87' lang='lat' dir='ltr'><strong>Parenthesis</strong></span> <span class='ocrx_word' id='word_1_116' title='bbox 2075 1924 2175 1973; x_wconf 87' lang='lat' dir='ltr'><strong>est.</strong></span> 
     </span>
    </p>
   </div>
   <div class='ocr_carea' id='block_1_20' title="bbox 755 1996 1370 2070">
    <p class='ocr_par' dir='ltr' id='par_1_20' title="bbox 755 1996 1370 2070">
     <span class='ocr_line' id='line_1_20' title="bbox 755 1996 1370 2070; baseline 0.008 -17"><span class='ocrx_word' id='word_1_117' title='bbox 755 1996 867 2070; x_wconf 87' lang='lat' dir='ltr'><strong>Uti]</strong></span> <span class='ocrx_word' id='word_1_118' title='bbox 891 1998 1370 2067; x_wconf 84' lang='lat' dir='ltr'><strong>Quemadmodum.</strong></span> 
     </span>
    </p>
   </div>
   <div class='ocr_carea' id='block_1_21' title="bbox 751 2090 1145 2163">
    <p class='ocr_par' dir='ltr' id='par_1_21' title="bbox 751 2090 1145 2163">
     <span class='ocr_line' id='line_1_21' title="bbox 751 2090 1145 2163; baseline 0.013 -20"><span class='ocrx_word' id='word_1_119' title='bbox 751 2090 895 2163; x_wconf 85' lang='lat' dir='ltr'><strong>Post]</strong></span> <span class='ocrx_word' id='word_1_120' title='bbox 930 2092 1145 2148; x_wconf 87' lang='lat' dir='ltr'><strong>Postea.</strong></span> 
     </span>
    </p>
   </div>
   <div class='ocr_carea' id='block_1_22' title="bbox 749 2179 1362 2256">
    <p class='ocr_par' dir='ltr' id='par_1_22' title="bbox 749 2179 1362 2256">
     <span class='ocr_line' id='line_1_22' title="bbox 749 2179 1362 2256; baseline 0.01 -21"><span class='ocrx_word' id='word_1_121' title='bbox 749 2179 969 2255; x_wconf 86' lang='lat' dir='ltr'><strong>Eadem]</strong></span> <span class='ocrx_word' id='word_1_122' title='bbox 1000 2183 1362 2256; x_wconf 85' lang='lat' dir='ltr'><strong>Philosophia.</strong></span> 
     </span>
    </p>
   </div>
   <div class='ocr_carea' id='block_1_23' title="bbox 752 2270 2255 2354">
    <p class='ocr_par' dir='ltr' id='par_1_23' title="bbox 752 2270 2255 2354">
     <span class='ocr_line' id='line_1_23' title="bbox 752 2270 2255 2354; baseline 0.009 -29"><span class='ocrx_word' id='word_1_123' title='bbox 752 2270 1030 2346; x_wconf 82' lang='lat' dir='ltr'><strong>Prodente]</strong></span> <span class='ocrx_word' id='word_1_124' title='bbox 1075 2277 1365 2336; x_wconf 90' lang='lat' dir='ltr'><strong>lndicante.</strong></span> <span class='ocrx_word' id='word_1_125' title='bbox 1410 2279 1521 2337; x_wconf 88' lang='lat' dir='ltr'><strong>Hoc</strong></span> <span class='ocrx_word' id='word_1_126' title='bbox 1550 2280 1814 2338; x_wconf 83' lang='lat' dir='ltr'><strong>videbitur</strong></span> <span class='ocrx_word' id='word_1_127' title='bbox 1857 2282 1909 2338; x_wconf 91' lang='lat' dir='ltr'><strong>in</strong></span> <span class='ocrx_word' id='word_1_128' title='bbox 1940 2283 2096 2354; x_wconf 88' lang='lat' dir='ltr'><strong>hujus</strong></span> <span class='ocrx_word' id='word_1_129' title='bbox 2135 2284 2255 2340; x_wconf 89' lang='lat' dir='ltr'><strong>libri</strong></span> 
     </span>
    </p>
   </div>
   <div class='ocr_carea' id='block_1_24' title="bbox 680 2368 1048 2436">
    <p class='ocr_par' dir='ltr' id='par_1_24' title="bbox 680 2368 1048 2436">
     <span class='ocr_line' id='line_1_24' title="bbox 680 2368 1048 2436; baseline 0.008 -16"><span class='ocrx_word' id='word_1_130' title='bbox 680 2379 837 2436; x_wconf 90' lang='lat' dir='ltr'><strong>prosa</strong></span> <span class='ocrx_word' id='word_1_131' title='bbox 871 2368 1048 2423; x_wconf 89' lang='lat' dir='ltr'><strong>tertia.</strong></span> 
     </span>
    </p>
   </div>
   <div class='ocr_carea' id='block_1_25' title="bbox 754 2462 2255 2542">
    <p class='ocr_par' dir='ltr' id='par_1_25' title="bbox 754 2462 2255 2542">
     <span class='ocr_line' id='line_1_25' title="bbox 754 2462 2255 2542; baseline 0.005 -23"><span class='ocrx_word' id='word_1_132' title='bbox 754 2462 877 2519; x_wconf 89' lang='lat' dir='ltr'><strong>Suis</strong></span> <span class='ocrx_word' id='word_1_133' title='bbox 905 2465 1161 2539; x_wconf 87' lang='lat' dir='ltr'><strong>manibus]</strong></span> <span class='ocrx_word' id='word_1_134' title='bbox 1190 2465 1612 2538; x_wconf 87' lang='lat' dir='ltr'><strong>Cogitationibus</strong></span> <span class='ocrx_word' id='word_1_135' title='bbox 1639 2478 1693 2525; x_wconf 85' lang='lat' dir='ltr'><strong>et</strong></span> <span class='ocrx_word' id='word_1_136' title='bbox 1720 2471 2112 2527; x_wconf 89' lang='lat' dir='ltr'><strong>elocutionibus</strong></span> <span class='ocrx_word' id='word_1_137' title='bbox 2136 2470 2255 2542; x_wconf 89' lang='lat' dir='ltr'><strong>phi-</strong></span> 
     </span>
    </p>
   </div>
   <div class='ocr_carea' id='block_1_26' title="bbox 680 2553 2253 2630">
    <p class='ocr_par' dir='ltr' id='par_1_26' title="bbox 680 2553 2253 2630">
     <span class='ocr_line' id='line_1_26' title="bbox 680 2553 2253 2630; baseline 0.005 -21"><span class='ocrx_word' id='word_1_138' title='bbox 680 2553 988 2625; x_wconf 89' lang='lat' dir='ltr'><strong>losophicis.</strong></span> <span class='ocrx_word' id='word_1_139' title='bbox 1014 2556 1198 2614; x_wconf 83' lang='lat' dir='ltr'><strong>Manus</strong></span> <span class='ocrx_word' id='word_1_140' title='bbox 1227 2558 1575 2630; x_wconf 58' lang='lat' dir='ltr'><strong>philosophia</strong></span> <span class='ocrx_word' id='word_1_141' title='bbox 1597 2570 1721 2617; x_wconf 91' lang='lat' dir='ltr'><strong>sunt</strong></span> <span class='ocrx_word' id='word_1_142' title='bbox 1745 2577 1925 2617; x_wconf 89' lang='lat' dir='ltr'><strong>rerum</strong></span> <span class='ocrx_word' id='word_1_143' title='bbox 1953 2562 2253 2617; x_wconf 90' lang='lat' dir='ltr'><strong>divinarum</strong></span> 
     </span>
    </p>
   </div>
   <div class='ocr_carea' id='block_1_27' title="bbox 681 2645 2256 2723">
    <p class='ocr_par' dir='ltr' id='par_1_27' title="bbox 681 2645 2256 2723">
     <span class='ocr_line' id='line_1_27' title="bbox 681 2645 2256 2723; baseline 0.004 -22"><span class='ocrx_word' id='word_1_144' title='bbox 681 2653 738 2701; x_wconf 91' lang='lat' dir='ltr'><strong>et</strong></span> <span class='ocrx_word' id='word_1_145' title='bbox 766 2645 1115 2702; x_wconf 90' lang='lat' dir='ltr'><strong>humanarum</strong></span> <span class='ocrx_word' id='word_1_146' title='bbox 1158 2650 1557 2719; x_wconf 87' lang='lat' dir='ltr'><strong>meditationes,</strong></span> <span class='ocrx_word' id='word_1_147' title='bbox 1590 2668 1653 2708; x_wconf 90' lang='lat' dir='ltr'><strong>ac</strong></span> <span class='ocrx_word' id='word_1_148' title='bbox 1680 2653 2029 2715; x_wconf 90' lang='lat' dir='ltr'><strong>elocutiones.</strong></span> <span class='ocrx_word' id='word_1_149' title='bbox 2061 2653 2256 2723; x_wconf 88' lang='lat' dir='ltr'><strong>quibus</strong></span> 
     </span>
    </p>
   </div>
   <div class='ocr_carea' id='block_1_28' title="bbox 657 2735 2250 2817">
    <p class='ocr_par' dir='ltr' id='par_1_28' title="bbox 657 2735 2250 2817">
     <span class='ocr_line' id='line_1_28' title="bbox 657 2735 2250 2817; baseline 0.006 -28"><span class='ocrx_word' id='word_1_150' title='bbox 657 2735 1031 2808; x_wconf 50' lang='lat' dir='ltr'><strong>,philosophiae</strong></span> <span class='ocrx_word' id='word_1_151' title='bbox 1072 2741 1239 2796; x_wconf 86' lang='lat' dir='ltr'><strong>vestis</strong></span> <span class='ocrx_word' id='word_1_152' title='bbox 1277 2748 1602 2810; x_wconf 80' lang='lat' dir='ltr'><strong>contexitur,</strong></span> <span class='ocrx_word' id='word_1_153' title='bbox 1639 2743 1740 2801; x_wconf 89' lang='lat' dir='ltr'><strong>hoc</strong></span> <span class='ocrx_word' id='word_1_154' title='bbox 1780 2755 1891 2813; x_wconf 89' lang='lat' dir='ltr'><strong>est,</strong></span> <span class='ocrx_word' id='word_1_155' title='bbox 1937 2745 2250 2817; x_wconf 82' lang='lat' dir='ltr'><strong>disputatio,</strong></span> 
     </span>
    </p>
   </div>
   <div class='ocr_carea' id='block_1_29' title="bbox 679 2826 2109 2908">
    <p class='ocr_par' dir='ltr' id='par_1_29' title="bbox 679 2826 2109 2908">
     <span class='ocr_line' id='line_1_29' title="bbox 679 2826 2109 2908; baseline 0.005 -23"><span class='ocrx_word' id='word_1_156' title='bbox 679 2826 810 2885; x_wconf 71' lang='lat' dir='ltr'><strong>falsa</strong></span> <span class='ocrx_word' id='word_1_157' title='bbox 840 2832 1154 2900; x_wconf 89' lang='lat' dir='ltr'><strong>reprobans,</strong></span> <span class='ocrx_word' id='word_1_158' title='bbox 1179 2842 1234 2889; x_wconf 92' lang='lat' dir='ltr'><strong>et</strong></span> <span class='ocrx_word' id='word_1_159' title='bbox 1254 2835 1557 2905; x_wconf 91' lang='lat' dir='ltr'><strong>approbans</strong></span> <span class='ocrx_word' id='word_1_160' title='bbox 1579 2852 1727 2905; x_wconf 88' lang='lat' dir='ltr'><strong>vera,</strong></span> <span class='ocrx_word' id='word_1_161' title='bbox 1749 2837 2109 2908; x_wconf 89' lang='lat' dir='ltr'><strong>componitur.</strong></span> 
     </span>
    </p>
   </div>
   <div class='ocr_carea' id='block_1_30' title="bbox 754 2923 1288 2998">
    <p class='ocr_par' dir='ltr' id='par_1_30' title="bbox 754 2923 1288 2998">
     <span class='ocr_line' id='line_1_30' title="bbox 754 2923 1288 2998; baseline 0.007 -21"><span class='ocrx_word' id='word_1_162' title='bbox 754 2923 1003 2998; x_wconf 85' lang='lat' dir='ltr'><strong>Quarum]</strong></span> <span class='ocrx_word' id='word_1_163' title='bbox 1034 2925 1288 2981; x_wconf 85' lang='lat' dir='ltr'><strong>Vestium.</strong></span> 
     </span>
    </p>
   </div>
   <div class='ocr_carea' id='block_1_31' title="bbox 752 3014 1304 3087">
    <p class='ocr_par' dir='ltr' id='par_1_31' title="bbox 752 3014 1304 3087">
     <span class='ocr_line' id='line_1_31' title="bbox 752 3014 1304 3087; baseline 0.009 -20"><span class='ocrx_word' id='word_1_164' title='bbox 752 3014 1007 3087; x_wconf 75' lang='lat' dir='ltr'><strong>Speciem]</strong></span> <span class='ocrx_word' id='word_1_165' title='bbox 1032 3016 1304 3072; x_wconf 88' lang='lat' dir='ltr'><strong>Formam.</strong></span> 
     </span>
    </p>
   </div>
   <div class='ocr_carea' id='block_1_32' title="bbox 760 3103 2145 3182">
    <p class='ocr_par' dir='ltr' id='par_1_32' title="bbox 760 3103 2145 3182">
     <span class='ocr_line' id='line_1_32' title="bbox 760 3103 2145 3182; baseline 0.006 -26"><span class='ocrx_word' id='word_1_166' title='bbox 760 3103 929 3159; x_wconf 79' lang='lat' dir='ltr'><strong>Veluti</strong></span> <span class='ocrx_word' id='word_1_167' title='bbox 956 3107 1181 3177; x_wconf 80' lang='lat' dir='ltr'><strong>fumosus</strong></span> <span class='ocrx_word' id='word_1_168' title='bbox 1210 3110 1457 3180; x_wconf 76' lang='lat' dir='ltr'><strong>imagines</strong></span> <span class='ocrx_word' id='word_1_169' title='bbox 1485 3107 1632 3182; x_wconf 87' lang='lat' dir='ltr'><strong>solet]</strong></span> <span class='ocrx_word' id='word_1_170' title='bbox 1663 3108 2006 3169; x_wconf 85' lang='lat' dir='ltr'><strong>Parenthesis</strong></span> <span class='ocrx_word' id='word_1_171' title='bbox 2044 3122 2145 3168; x_wconf 90' lang='lat' dir='ltr'><strong>est.</strong></span> 
     </span>
    </p>
   </div>
   <div class='ocr_carea' id='block_1_33' title="bbox 751 3196 2257 3270">
    <p class='ocr_par' dir='ltr' id='par_1_33' title="bbox 751 3196 2257 3270">
     <span class='ocr_line' id='line_1_33' title="bbox 751 3196 2257 3270; baseline 0.006 -20"><span class='ocrx_word' id='word_1_172' title='bbox 751 3196 1021 3270; x_wconf 83' lang='lat' dir='ltr'><strong>Fumosas]</strong></span> <span class='ocrx_word' id='word_1_173' title='bbox 1052 3197 1221 3256; x_wconf 86' lang='lat' dir='ltr'><strong>Fumo</strong></span> <span class='ocrx_word' id='word_1_174' title='bbox 1255 3202 1534 3258; x_wconf 87' lang='lat' dir='ltr'><strong>obductas.</strong></span> <span class='ocrx_word' id='word_1_175' title='bbox 1566 3202 1774 3259; x_wconf 91' lang='lat' dir='ltr'><strong>Seneca</strong></span> <span class='ocrx_word' id='word_1_176' title='bbox 1800 3219 1813 3256; x_wconf 89' lang='lat'><strong>:</strong></span> <span class='ocrx_word' id='word_1_177' title='bbox 1841 3204 1960 3258; x_wconf 84' lang='lat' dir='ltr'><strong>Non</strong></span> <span class='ocrx_word' id='word_1_178' title='bbox 1991 3202 2119 3259; x_wconf 80' lang='lat' dir='ltr'><strong>facit</strong></span> <span class='ocrx_word' id='word_1_179' title='bbox 2159 3218 2257 3259; x_wconf 91' lang='lat' dir='ltr'><strong>no-</strong></span> 
     </span>
    </p>
   </div>
   <div class='ocr_carea' id='block_1_34' title="bbox 680 3289 1960 3365">
    <p class='ocr_par' dir='ltr' id='par_1_34' title="bbox 680 3289 1960 3365">
     <span class='ocr_line' id='line_1_34' title="bbox 680 3289 1960 3365; baseline -0.001 -17"><span class='ocrx_word' id='word_1_180' title='bbox 680 3289 837 3349; x_wconf 87' lang='lat' dir='ltr'><strong>bilem</strong></span> <span class='ocrx_word' id='word_1_181' title='bbox 856 3336 872 3362; x_wconf 91' lang='lat'><strong>,</strong></span> <span class='ocrx_word' id='word_1_182' title='bbox 899 3294 1092 3347; x_wconf 90' lang='lat' dir='ltr'><strong>atrium</strong></span> <span class='ocrx_word' id='word_1_183' title='bbox 1126 3292 1342 3362; x_wconf 90' lang='lat' dir='ltr'><strong>plenum</strong></span> <span class='ocrx_word' id='word_1_184' title='bbox 1370 3294 1596 3349; x_wconf 71' lang='lat' dir='ltr'><strong>fumosis</strong></span> <span class='ocrx_word' id='word_1_185' title='bbox 1620 3294 1960 3365; x_wconf 78' lang='lat' dir='ltr'><strong>imaginibus.</strong></span> 
     </span>
    </p>
   </div>
   <div class='ocr_carea' id='block_1_35' title="bbox 752 3384 2256 3458">
    <p class='ocr_par' dir='ltr' id='par_1_35' title="bbox 752 3384 2256 3458">
     <span class='ocr_line' id='line_1_35' title="bbox 752 3384 2256 3458; baseline 0.001 -17"><span class='ocrx_word' id='word_1_186' title='bbox 752 3384 921 3458; x_wconf 88' lang='lat' dir='ltr'><strong>Solet]</strong></span> <span class='ocrx_word' id='word_1_187' title='bbox 959 3385 1194 3442; x_wconf 89' lang='lat' dir='ltr'><strong>Subaudi</strong></span> <span class='ocrx_word' id='word_1_188' title='bbox 1241 3386 1413 3458; x_wconf 90' lang='lat' dir='ltr'><strong>caligo</strong></span> <span class='ocrx_word' id='word_1_189' title='bbox 1461 3386 1717 3456; x_wconf 61' lang='lat' dir='ltr'><strong>neglectae</strong></span> <span class='ocrx_word' id='word_1_190' title='bbox 1761 3387 2041 3443; x_wconf 88' lang='lat' dir='ltr'><strong>vetustatis</strong></span> <span class='ocrx_word' id='word_1_191' title='bbox 2087 3386 2256 3443; x_wconf 87' lang='lat' dir='ltr'><strong>obdu-</strong></span> 
     </span>
    </p>
   </div>
   <div class='ocr_carea' id='block_1_36' title="bbox 680 3494 824 3536">
    <p class='ocr_par' dir='ltr' id='par_1_36' title="bbox 680 3494 824 3536">
     <span class='ocr_line' id='line_1_36' title="bbox 680 3494 824 3536; baseline -0.007 0"><span class='ocrx_word' id='word_1_192' title='bbox 680 3494 824 3536; x_wconf 91' lang='lat' dir='ltr'><strong>cere.</strong></span> 
     </span>
    </p>
   </div>
   <div class='ocr_carea' id='block_1_37' title="bbox 752 3571 1315 3647">
    <p class='ocr_par' dir='ltr' id='par_1_37' title="bbox 752 3571 1315 3647">
     <span class='ocr_line' id='line_1_37' title="bbox 752 3571 1315 3647; baseline 0.002 -21"><span class='ocrx_word' id='word_1_193' title='bbox 752 3571 951 3647; x_wconf 87' lang='lat' dir='ltr'><strong>Caligo]</strong></span> <span class='ocrx_word' id='word_1_194' title='bbox 987 3572 1315 3629; x_wconf 90' lang='lat' dir='ltr'><strong>Obscuritas.</strong></span> 
     </span>
    </p>
   </div>
   <div class='ocr_carea' id='block_1_38' title="bbox 754 3666 2255 3741">
    <p class='ocr_par' dir='ltr' id='par_1_38' title="bbox 754 3666 2255 3741">
     <span class='ocr_line' id='line_1_38' title="bbox 754 3666 2255 3741; baseline 0.004 -21"><span class='ocrx_word' id='word_1_195' title='bbox 754 3666 1403 3740; x_wconf 71' lang='lat' dir='ltr'><strong>0bduxerat]’0btexerat.</strong></span> <span class='ocrx_word' id='word_1_196' title='bbox 1436 3668 1531 3723; x_wconf 85' lang='lat' dir='ltr'><strong>His</strong></span> <span class='ocrx_word' id='word_1_197' title='bbox 1556 3670 1735 3725; x_wconf 91' lang='lat' dir='ltr'><strong>verbis</strong></span> <span class='ocrx_word' id='word_1_198' title='bbox 1769 3669 2096 3740; x_wconf 84' lang='lat' dir='ltr'><strong>signiﬁcatur</strong></span> <span class='ocrx_word' id='word_1_199' title='bbox 2131 3671 2255 3741; x_wconf 87' lang='lat' dir='ltr'><strong>phi-</strong></span> 
     </span>
    </p>
   </div>
   <div class='ocr_carea' id='block_1_39' title="bbox 681 3757 2254 3832">
    <p class='ocr_par' dir='ltr' id='par_1_39' title="bbox 681 3757 2254 3832">
     <span class='ocr_line' id='line_1_39' title="bbox 681 3757 2254 3832; baseline 0.005 -19"><span class='ocrx_word' id='word_1_200' title='bbox 681 3757 937 3827; x_wconf 75' lang='lat' dir='ltr'><strong>losOphia:</strong></span> <span class='ocrx_word' id='word_1_201' title='bbox 991 3758 1225 3829; x_wconf 73' lang='lat' dir='ltr'><strong>studium</strong></span> <span class='ocrx_word' id='word_1_202' title='bbox 1260 3759 1351 3815; x_wconf 84' lang='lat' dir='ltr'><strong>ditt</strong></span> <span class='ocrx_word' id='word_1_203' title='bbox 1397 3761 1699 3831; x_wconf 87' lang='lat' dir='ltr'><strong>neglectum</strong></span> <span class='ocrx_word' id='word_1_204' title='bbox 1741 3762 1971 3832; x_wconf 87' lang='lat' dir='ltr'><strong>jacuisse</strong></span> <span class='ocrx_word' id='word_1_205' title='bbox 2002 3762 2054 3819; x_wconf 91' lang='lat' dir='ltr'><strong>in</strong></span> <span class='ocrx_word' id='word_1_206' title='bbox 2102 3772 2254 3821; x_wconf 90' lang='lat' dir='ltr'><strong>tene-</strong></span> 
     </span>
    </p>
   </div>
   <div class='ocr_carea' id='block_1_40' title="bbox 680 3851 813 3906">
    <p class='ocr_par' dir='ltr' id='par_1_40' title="bbox 680 3851 813 3906">
     <span class='ocr_line' id='line_1_40' title="bbox 680 3851 813 3906; baseline -0.008 -1"><span class='ocrx_word' id='word_1_207' title='bbox 680 3851 813 3906; x_wconf 90' lang='lat' dir='ltr'><strong>bris.</strong></span> 
     </span>
    </p>
   </div>
   <div class='ocr_carea' id='block_1_41' title="bbox 750 3938 1271 4012">
    <p class='ocr_par' dir='ltr' id='par_1_41' title="bbox 750 3938 1271 4012">
     <span class='ocr_line' id='line_1_41' title="bbox 750 3938 1271 4012; baseline -0.002 -16"><span class='ocrx_word' id='word_1_208' title='bbox 750 3938 978 4012; x_wconf 88' lang='lat' dir='ltr'><strong>Harum]</strong></span> <span class='ocrx_word' id='word_1_209' title='bbox 1011 3940 1271 3997; x_wconf 86' lang='lat' dir='ltr'><strong>Vestium.</strong></span> 
     </span>
    </p>
   </div>
   <div class='ocr_carea' id='block_1_42' title="bbox 751 4032 1970 4106">
    <p class='ocr_par' dir='ltr' id='par_1_42' title="bbox 751 4032 1970 4106">
     <span class='ocr_line' id='line_1_42' title="bbox 751 4032 1970 4106; baseline 0.004 -19"><span class='ocrx_word' id='word_1_210' title='bbox 751 4033 817 4087; x_wconf 86' lang='lat' dir='ltr'><strong>In</strong></span> <span class='ocrx_word' id='word_1_211' title='bbox 851 4045 1072 4094; x_wconf 71' lang='lat' dir='ltr'><strong>extremo</strong></span> <span class='ocrx_word' id='word_1_212' title='bbox 1112 4032 1361 4106; x_wconf 79' lang='lat' dir='ltr'><strong>margine]</strong></span> <span class='ocrx_word' id='word_1_213' title='bbox 1389 4035 1444 4090; x_wconf 85' lang='lat' dir='ltr'><strong>In</strong></span> <span class='ocrx_word' id='word_1_214' title='bbox 1478 4035 1583 4089; x_wconf 86' lang='lat' dir='ltr'><strong>ima</strong></span> <span class='ocrx_word' id='word_1_215' title='bbox 1613 4037 1970 4094; x_wconf 80' lang='lat' dir='ltr'><strong>extremitate.</strong></span> 
     </span>
    </p>
   </div>
   <div class='ocr_carea' id='block_1_43' title="bbox 748 4125 2253 4203">
    <p class='ocr_par' dir='ltr' id='par_1_43' title="bbox 748 4125 2253 4203">
     <span class='ocr_line' id='line_1_43' title="bbox 748 4125 2253 4203; baseline 0.003 -20"><span class='ocrx_word' id='word_1_216' title='bbox 748 4125 808 4199; x_wconf 85' lang='lat' dir='ltr'><strong>ll]</strong></span> <span class='ocrx_word' id='word_1_217' title='bbox 839 4125 942 4181; x_wconf 88' lang='lat' dir='ltr'><strong>Per</strong></span> <span class='ocrx_word' id='word_1_218' title='bbox 984 4126 1086 4181; x_wconf 91' lang='lat' dir='ltr'><strong>hoc</strong></span> <span class='ocrx_word' id='word_1_219' title='bbox 1114 4128 1373 4198; x_wconf 86' lang='lat' dir='ltr'><strong>accipitur</strong></span> <span class='ocrx_word' id='word_1_220' title='bbox 1412 4134 1697 4203; x_wconf 80' lang='grc' dir='ltr'><strong>Πρακτικὴ,</strong></span> <span class='ocrx_word' id='word_1_221' title='bbox 1737 4130 1788 4184; x_wconf 94' lang='lat' dir='ltr'><strong>id</strong></span> <span class='ocrx_word' id='word_1_222' title='bbox 1817 4139 1899 4186; x_wconf 89' lang='lat' dir='ltr'><strong>est</strong></span> <span class='ocrx_word' id='word_1_223' title='bbox 1925 4131 2094 4187; x_wconf 90' lang='lat' dir='ltr'><strong>activa</strong></span> <span class='ocrx_word' id='word_1_224' title='bbox 2136 4132 2253 4202; x_wconf 84' lang='lat' dir='ltr'><strong>piti-</strong></span> 
     </span>
    </p>
   </div>
   <div class='ocr_carea' id='block_1_44' title="bbox 678 4217 945 4287">
    <p class='ocr_par' dir='ltr' id='par_1_44' title="bbox 678 4217 945 4287">
     <span class='ocr_line' id='line_1_44' title="bbox 678 4217 945 4287; baseline -0.011 -14"><span class='ocrx_word' id='word_1_225' title='bbox 678 4217 945 4287; x_wconf 76' lang='lat' dir='ltr'><strong>[030phia.</strong></span> 
     </span>
    </p>
   </div>
   <div class='ocr_carea' id='block_1_45' title="bbox 749 4308 1653 4382">
    <p class='ocr_par' dir='ltr' id='par_1_45' title="bbox 749 4308 1653 4382">
     <span class='ocr_line' id='line_1_45' title="bbox 749 4308 1653 4382; baseline 0.001 -18"><span class='ocrx_word' id='word_1_226' title='bbox 749 4309 815 4365; x_wconf 89' lang='lat' dir='ltr'><strong>In</strong></span> <span class='ocrx_word' id='word_1_227' title='bbox 844 4308 1099 4381; x_wconf 85' lang='lat' dir='ltr'><strong>supremo]</strong></span> <span class='ocrx_word' id='word_1_228' title='bbox 1131 4309 1363 4365; x_wconf 88' lang='lat' dir='ltr'><strong>Subaudi</strong></span> <span class='ocrx_word' id='word_1_229' title='bbox 1396 4311 1653 4382; x_wconf 88' lang='lat' dir='ltr'><strong>margine.</strong></span> 
     </span>
    </p>
   </div>
   <div class='ocr_carea' id='block_1_46' title="bbox 747 4400 2253 4479">
    <p class='ocr_par' dir='ltr' id='par_1_46' title="bbox 747 4400 2253 4479">
     <span class='ocr_line' id='line_1_46' title="bbox 747 4400 2253 4479; baseline 0.005 -24"><span class='ocrx_word' id='word_1_230' title='bbox 747 4400 809 4475; x_wconf 85' lang='grc' dir='ltr'><strong>Θ]</strong></span> <span class='ocrx_word' id='word_1_231' title='bbox 839 4400 942 4456; x_wconf 86' lang='lat' dir='ltr'><strong>Per</strong></span> <span class='ocrx_word' id='word_1_232' title='bbox 973 4400 1074 4456; x_wconf 93' lang='lat' dir='ltr'><strong>hoc</strong></span> <span class='ocrx_word' id='word_1_233' title='bbox 1110 4400 1436 4470; x_wconf 85' lang='lat' dir='ltr'><strong>signiﬁcatur</strong></span> <span class='ocrx_word' id='word_1_234' title='bbox 1476 4406 1783 4479; x_wconf 73' lang='grc' dir='ltr'><strong>θεωρητικὴ,</strong></span> <span class='ocrx_word' id='word_1_235' title='bbox 1817 4404 1868 4460; x_wconf 93' lang='lat' dir='ltr'><strong>id</strong></span> <span class='ocrx_word' id='word_1_236' title='bbox 1899 4414 1979 4460; x_wconf 91' lang='lat' dir='ltr'><strong>est</strong></span> <span class='ocrx_word' id='word_1_237' title='bbox 2008 4416 2253 4463; x_wconf 89' lang='lat' dir='ltr'><strong>contem-</strong></span> 
     </span>
    </p>
   </div>
   <div class='ocr_carea' id='block_1_47' title="bbox 680 4498 2255 4571">
    <p class='ocr_par' dir='ltr' id='par_1_47' title="bbox 680 4498 2255 4571">
     <span class='ocr_line' id='line_1_47' title="bbox 680 4498 2255 4571; baseline 0.001 -15"><span class='ocrx_word' id='word_1_238' title='bbox 680 4499 893 4571; x_wconf 89' lang='lat' dir='ltr'><strong>plativa.</strong></span> <span class='ocrx_word' id='word_1_239' title='bbox 920 4498 1054 4555; x_wconf 90' lang='lat' dir='ltr'><strong>Sunt</strong></span> <span class='ocrx_word' id='word_1_240' title='bbox 1080 4498 1221 4553; x_wconf 89' lang='lat' dir='ltr'><strong>enim</strong></span> <span class='ocrx_word' id='word_1_241' title='bbox 1251 4498 1369 4553; x_wconf 71' lang='lat' dir='ltr'><strong>dum</strong></span> <span class='ocrx_word' id='word_1_242' title='bbox 1403 4498 1754 4569; x_wconf 70' lang='lat' dir='ltr'><strong>philosophice</strong></span> <span class='ocrx_word' id='word_1_243' title='bbox 1780 4510 1983 4570; x_wconf 88' lang='lat' dir='ltr'><strong>partes,</strong></span> <span class='ocrx_word' id='word_1_244' title='bbox 2011 4512 2255 4559; x_wconf 87' lang='lat' dir='ltr'><strong>contem-</strong></span> 
     </span>
    </p>
   </div>
   <div class='ocr_carea' id='block_1_48' title="bbox 678 4590 2297 4664">
    <p class='ocr_par' dir='ltr' id='par_1_48' title="bbox 678 4590 2297 4664">
     <span class='ocr_line' id='line_1_48' title="bbox 678 4590 2297 4664; baseline 0.004 -19"><span class='ocrx_word' id='word_1_245' title='bbox 678 4593 875 4664; x_wconf 90' lang='lat' dir='ltr'><strong>plativa</strong></span> <span class='ocrx_word' id='word_1_246' title='bbox 905 4601 958 4646; x_wconf 89' lang='lat' dir='ltr'><strong>et</strong></span> <span class='ocrx_word' id='word_1_247' title='bbox 998 4591 1205 4645; x_wconf 89' lang='lat' dir='ltr'><strong>activa:</strong></span> <span class='ocrx_word' id='word_1_248' title='bbox 1238 4590 1377 4661; x_wconf 88' lang='lat' dir='ltr'><strong>quod</strong></span> <span class='ocrx_word' id='word_1_249' title='bbox 1427 4591 1589 4645; x_wconf 94' lang='lat' dir='ltr'><strong>homo</strong></span> <span class='ocrx_word' id='word_1_250' title='bbox 1634 4592 1698 4645; x_wconf 92' lang='lat' dir='ltr'><strong>ad</strong></span> <span class='ocrx_word' id='word_1_251' title='bbox 1740 4591 1872 4647; x_wconf 91' lang='lat' dir='ltr'><strong>duas</strong></span> <span class='ocrx_word' id='word_1_252' title='bbox 1914 4593 2297 4664; x_wconf 56' lang='lat' dir='ltr'><strong>potissimum;</strong></span> 
     </span>
    </p>
   </div>
   <div class='ocr_carea' id='block_1_49' title="bbox 677 4681 2245 4753">
    <p class='ocr_par' dir='ltr' id='par_1_49' title="bbox 677 4681 2245 4753">
     <span class='ocr_line' id='line_1_49' title="bbox 677 4681 2245 4753; baseline 0.004 -15"><span class='ocrx_word' id='word_1_253' title='bbox 677 4698 763 4739; x_wconf 89' lang='lat' dir='ltr'><strong>res</strong></span> <span class='ocrx_word' id='word_1_254' title='bbox 792 4694 945 4739; x_wconf 87' lang='lat' dir='ltr'><strong>natus</strong></span> <span class='ocrx_word' id='word_1_255' title='bbox 974 4692 1085 4746; x_wconf 90' lang='lat' dir='ltr'><strong>est,</strong></span> <span class='ocrx_word' id='word_1_256' title='bbox 1116 4691 1241 4752; x_wconf 90' lang='lat' dir='ltr'><strong>puta</strong></span> <span class='ocrx_word' id='word_1_257' title='bbox 1269 4681 1336 4735; x_wconf 90' lang='lat' dir='ltr'><strong>ad</strong></span> <span class='ocrx_word' id='word_1_258' title='bbox 1371 4682 1635 4751; x_wconf 88' lang='lat' dir='ltr'><strong>agendum</strong></span> <span class='ocrx_word' id='word_1_259' title='bbox 1666 4694 1720 4739; x_wconf 87' lang='lat' dir='ltr'><strong>et</strong></span> <span class='ocrx_word' id='word_1_260' title='bbox 1749 4685 2245 4753; x_wconf 88' lang='lat' dir='ltr'><strong>contemplandum.</strong></span> 
     </span>
    </p>
   </div>
   <div class='ocr_carea' id='block_1_50' title="bbox 678 4772 2249 4845">
    <p class='ocr_par' dir='ltr' id='par_1_50' title="bbox 678 4772 2249 4845">
     <span class='ocr_line' id='line_1_50' title="bbox 678 4772 2249 4845; baseline 0.003 -16"><span class='ocrx_word' id='word_1_261' title='bbox 678 4775 992 4829; x_wconf 81' lang='lat' dir='ltr'><strong>Aristoteles</strong></span> <span class='ocrx_word' id='word_1_262' title='bbox 1024 4772 1260 4829; x_wconf 90' lang='lat' dir='ltr'><strong>secundo</strong></span> <span class='ocrx_word' id='word_1_263' title='bbox 1302 4772 1440 4828; x_wconf 83' lang='lat' dir='ltr'><strong>libro</strong></span> <span class='ocrx_word' id='word_1_264' title='bbox 1479 4773 1663 4842; x_wconf 71' lang='lat' dir='ltr'><strong>prima:</strong></span> <span class='ocrx_word' id='word_1_265' title='bbox 1695 4774 2045 4845; x_wconf 85' lang='lat' dir='ltr'><strong>philosophiae</strong></span> <span class='ocrx_word' id='word_1_266' title='bbox 2072 4794 2083 4829; x_wconf 88' lang='lat'><strong>:</strong></span> <span class='ocrx_word' id='word_1_267' title='bbox 2116 4776 2249 4834; x_wconf 86' lang='lat' dir='ltr'><strong>Nam</strong></span> 
     </span>
    </p>
   </div>
   <div class='ocr_carea' id='block_1_51' title="bbox 677 4863 2251 4934">
    <p class='ocr_par' dir='ltr' id='par_1_51' title="bbox 677 4863 2251 4934">
     <span class='ocr_line' id='line_1_51' title="bbox 677 4863 2251 4934; baseline 0.004 -16"><span class='ocrx_word' id='word_1_268' title='bbox 677 4864 798 4919; x_wconf 88' lang='lat' dir='ltr'><strong>ﬁnis</strong></span> <span class='ocrx_word' id='word_1_269' title='bbox 820 4864 1032 4933; x_wconf 88' lang='lat' dir='ltr'><strong>quidem</strong></span> <span class='ocrx_word' id='word_1_270' title='bbox 1056 4863 1480 4934; x_wconf 74' lang='lat' dir='ltr'><strong>contemplativa:</strong></span> <span class='ocrx_word' id='word_1_271' title='bbox 1506 4866 1702 4919; x_wconf 87' lang='lat' dir='ltr'><strong>veritas</strong></span> <span class='ocrx_word' id='word_1_272' title='bbox 1725 4873 1808 4921; x_wconf 90' lang='lat' dir='ltr'><strong>est</strong></span> <span class='ocrx_word' id='word_1_273' title='bbox 1824 4905 1838 4929; x_wconf 93' lang='lat'><strong>,</strong></span> <span class='ocrx_word' id='word_1_274' title='bbox 1867 4867 2053 4921; x_wconf 69' lang='lat' dir='ltr'><strong>activae</strong></span> <span class='ocrx_word' id='word_1_275' title='bbox 2072 4876 2251 4924; x_wconf 88' lang='lat' dir='ltr'><strong>autem</strong></span> 
     </span>
    </p>
   </div>
   <div class='ocr_carea' id='block_1_52' title="bbox 677 4971 831 5027">
    <p class='ocr_par' dir='ltr' id='par_1_52' title="bbox 677 4971 831 5027">
     <span class='ocr_line' id='line_1_52' title="bbox 677 4971 831 5027; baseline -0.013 -16"><span class='ocrx_word' id='word_1_276' title='bbox 677 4971 831 5027; x_wconf 90' lang='lat' dir='ltr'><strong>opus.</strong></span> 
     </span>
    </p>
   </div>
   <div class='ocr_carea' id='block_1_53' title="bbox 748 5043 1613 5116">
    <p class='ocr_par' dir='ltr' id='par_1_53' title="bbox 748 5043 1613 5116">
     <span class='ocr_line' id='line_1_53' title="bbox 748 5043 1613 5116; baseline 0 -17"><span class='ocrx_word' id='word_1_277' title='bbox 748 5045 891 5099; x_wconf 84' lang='lat' dir='ltr'><strong>Inter</strong></span> <span class='ocrx_word' id='word_1_278' title='bbox 910 5056 1149 5116; x_wconf 86' lang='lat' dir='ltr'><strong>utrasque</strong></span> <span class='ocrx_word' id='word_1_279' title='bbox 1174 5043 1389 5116; x_wconf 79' lang='lat' dir='ltr'><strong>litteras]</strong></span> <span class='ocrx_word' id='word_1_280' title='bbox 1416 5057 1452 5102; x_wconf 88' lang='grc' dir='ltr'><strong>ι]</strong></span> <span class='ocrx_word' id='word_1_281' title='bbox 1480 5053 1532 5101; x_wconf 87' lang='lat' dir='ltr'><strong>et</strong></span> <span class='ocrx_word' id='word_1_282' title='bbox 1552 5057 1613 5103; x_wconf 89' lang='grc' dir='ltr'><strong>Θ.</strong></span> 
     </span>
    </p>
   </div>
   <div class='ocr_carea' id='block_1_54' title="bbox 748 5133 1240 5207">
    <p class='ocr_par' dir='ltr' id='par_1_54' title="bbox 748 5133 1240 5207">
     <span class='ocr_line' id='line_1_54' title="bbox 748 5133 1240 5207; baseline 0.002 -18"><span class='ocrx_word' id='word_1_283' title='bbox 748 5133 1012 5207; x_wconf 82' lang='lat' dir='ltr'><strong>lnsigniti]</strong></span> <span class='ocrx_word' id='word_1_284' title='bbox 1042 5136 1240 5191; x_wconf 83' lang='lat' dir='ltr'><strong>Notati.</strong></span> 
     </span>
    </p>
   </div>
   <div class='ocr_carea' id='block_1_55' title="bbox 747 5225 1275 5299">
    <p class='ocr_par' dir='ltr' id='par_1_55' title="bbox 747 5225 1275 5299">
     <span class='ocr_line' id='line_1_55' title="bbox 747 5225 1275 5299; baseline 0 -20"><span class='ocrx_word' id='word_1_285' title='bbox 747 5225 963 5299; x_wconf 85' lang='lat' dir='ltr'><strong>Quibus]</strong></span> <span class='ocrx_word' id='word_1_286' title='bbox 993 5226 1275 5282; x_wconf 87' lang='lat' dir='ltr'><strong>Gradibus.</strong></span> 
     </span>
    </p>
   </div>
   <div class='ocr_carea' id='block_1_56' title="bbox 746 5315 1498 5388">
    <p class='ocr_par' dir='ltr' id='par_1_56' title="bbox 746 5315 1498 5388">
     <span class='ocr_line' id='line_1_56' title="bbox 746 5315 1498 5388; baseline -0.003 -18"><span class='ocrx_word' id='word_1_287' title='bbox 746 5318 820 5370; x_wconf 85' lang='lat' dir='ltr'><strong>Ab</strong></span> <span class='ocrx_word' id='word_1_288' title='bbox 848 5315 1107 5388; x_wconf 80' lang='lat' dir='ltr'><strong>inferiore]</strong></span> <span class='ocrx_word' id='word_1_289' title='bbox 1136 5317 1413 5370; x_wconf 86' lang='lat' dir='ltr'><strong>Elemento</strong></span> <span class='ocrx_word' id='word_1_290' title='bbox 1440 5328 1498 5371; x_wconf 81' lang='grc' dir='ltr'><strong>Π.</strong></span> 
     </span>
    </p>
   </div>
   <div class='ocr_carea' id='block_1_57' title="bbox 743 5406 2249 5487">
    <p class='ocr_par' dir='ltr' id='par_1_57' title="bbox 743 5406 2249 5487">
     <span class='ocr_line' id='line_1_57' title="bbox 743 5406 2249 5487; baseline 0.005 -22"><span class='ocrx_word' id='word_1_291' title='bbox 743 5411 825 5466; x_wconf 80' lang='lat' dir='ltr'><strong>Ad</strong></span> <span class='ocrx_word' id='word_1_292' title='bbox 854 5412 1088 5481; x_wconf 84' lang='lat' dir='ltr'><strong>superius</strong></span> <span class='ocrx_word' id='word_1_293' title='bbox 1113 5406 1432 5481; x_wconf 85' lang='lat' dir='ltr'><strong>elementum]</strong></span> <span class='ocrx_word' id='word_1_294' title='bbox 1454 5419 1515 5466; x_wconf 85' lang='grc' dir='ltr'><strong>Θ.</strong></span> <span class='ocrx_word' id='word_1_295' title='bbox 1560 5409 1635 5465; x_wconf 82' lang='lat' dir='ltr'><strong>Ex</strong></span> <span class='ocrx_word' id='word_1_296' title='bbox 1664 5410 1940 5468; x_wconf 88' lang='lat' dir='ltr'><strong>Platonica</strong></span> <span class='ocrx_word' id='word_1_297' title='bbox 1968 5413 2249 5487; x_wconf 87' lang='lat' dir='ltr'><strong>disciplina</strong></span> 
     </span>
    </p>
   </div>
   <div class='ocr_carea' id='block_1_58' title="bbox 671 5505 2242 5575">
    <p class='ocr_par' dir='ltr' id='par_1_58' title="bbox 671 5505 2242 5575">
     <span class='ocr_line' id='line_1_58' title="bbox 671 5505 2242 5575; baseline 0.005 -16"><span class='ocrx_word' id='word_1_298' title='bbox 671 5505 776 5559; x_wconf 89' lang='lat' dir='ltr'><strong>hoc</strong></span> <span class='ocrx_word' id='word_1_299' title='bbox 815 5513 1086 5575; x_wconf 87' lang='lat' dir='ltr'><strong>sumptum</strong></span> <span class='ocrx_word' id='word_1_300' title='bbox 1115 5512 1224 5569; x_wconf 87' lang='lat' dir='ltr'><strong>est,</strong></span> <span class='ocrx_word' id='word_1_301' title='bbox 1258 5513 1315 5558; x_wconf 91' lang='lat' dir='ltr'><strong>ut</strong></span> <span class='ocrx_word' id='word_1_302' title='bbox 1358 5514 1571 5558; x_wconf 88' lang='lat' dir='ltr'><strong>centum</strong></span> <span class='ocrx_word' id='word_1_303' title='bbox 1612 5505 1712 5559; x_wconf 91' lang='lat' dir='ltr'><strong>alia</strong></span> <span class='ocrx_word' id='word_1_304' title='bbox 1764 5505 1948 5561; x_wconf 88' lang='lat' dir='ltr'><strong>Boetii.</strong></span> <span class='ocrx_word' id='word_1_305' title='bbox 1984 5506 2242 5567; x_wconf 87' lang='lat' dir='ltr'><strong>Platonici</strong></span> 
     </span>
    </p>
   </div>
   <div class='ocr_carea' id='block_1_59' title="bbox 671 5597 2245 5676">
    <p class='ocr_par' dir='ltr' id='par_1_59' title="bbox 671 5597 2245 5676">
     <span class='ocr_line' id='line_1_59' title="bbox 671 5597 2245 5676; baseline 0.004 -22"><span class='ocrx_word' id='word_1_306' title='bbox 671 5599 813 5654; x_wconf 89' lang='lat' dir='ltr'><strong>enim</strong></span> <span class='ocrx_word' id='word_1_307' title='bbox 844 5597 1039 5653; x_wconf 88' lang='lat' dir='ltr'><strong>docent</strong></span> <span class='ocrx_word' id='word_1_308' title='bbox 1083 5599 1250 5653; x_wconf 86' lang='lat' dir='ltr'><strong>tribus</strong></span> <span class='ocrx_word' id='word_1_309' title='bbox 1292 5597 1541 5666; x_wconf 88' lang='lat' dir='ltr'><strong>gradibus</strong></span> <span class='ocrx_word' id='word_1_310' title='bbox 1570 5599 1805 5654; x_wconf 91' lang='lat' dir='ltr'><strong>animum</strong></span> <span class='ocrx_word' id='word_1_311' title='bbox 1849 5603 2079 5660; x_wconf 87' lang='lat' dir='ltr'><strong>hominis</strong></span> <span class='ocrx_word' id='word_1_312' title='bbox 2124 5620 2245 5676; x_wconf 91' lang='lat' dir='ltr'><strong>per-</strong></span> 
     </span>
    </p>
   </div>
   <div class='ocr_carea' id='block_1_60' title="bbox 671 5689 2242 5768">
    <p class='ocr_par' dir='ltr' id='par_1_60' title="bbox 671 5689 2242 5768">
     <span class='ocr_line' id='line_1_60' title="bbox 671 5689 2242 5768; baseline 0.008 -25"><span class='ocrx_word' id='word_1_313' title='bbox 671 5692 858 5746; x_wconf 90' lang='lat' dir='ltr'><strong>venire</strong></span> <span class='ocrx_word' id='word_1_314' title='bbox 899 5689 966 5743; x_wconf 90' lang='lat' dir='ltr'><strong>ad</strong></span> <span class='ocrx_word' id='word_1_315' title='bbox 1013 5691 1247 5744; x_wconf 88' lang='lat' dir='ltr'><strong>divinum</strong></span> <span class='ocrx_word' id='word_1_316' title='bbox 1296 5691 1626 5745; x_wconf 88' lang='lat' dir='ltr'><strong>intellectum</strong></span> <span class='ocrx_word' id='word_1_317' title='bbox 1673 5710 1687 5745; x_wconf 91' lang='lat'><strong>:</strong></span> <span class='ocrx_word' id='word_1_318' title='bbox 1741 5694 2021 5751; x_wconf 88' lang='lat' dir='ltr'><strong>virtutibus</strong></span> <span class='ocrx_word' id='word_1_319' title='bbox 2070 5700 2242 5768; x_wconf 89' lang='lat' dir='ltr'><strong>primo</strong></span> 
     </span>
    </p>
   </div>
   <div class='ocr_carea' id='block_1_61' title="bbox 668 5779 2244 5861">
    <p class='ocr_par' dir='ltr' id='par_1_61' title="bbox 668 5779 2244 5861">
     <span class='ocr_line' id='line_1_61' title="bbox 668 5779 2244 5861; baseline 0.008 -27"><span class='ocrx_word' id='word_1_320' title='bbox 668 5779 940 5845; x_wconf 79' lang='lat' dir='ltr'><strong>civilibus,</strong></span> <span class='ocrx_word' id='word_1_321' title='bbox 970 5781 1206 5839; x_wconf 88' lang='lat' dir='ltr'><strong>secundo</strong></span> <span class='ocrx_word' id='word_1_322' title='bbox 1236 5781 1579 5850; x_wconf 77' lang='lat' dir='ltr'><strong>purgatoriis,</strong></span> <span class='ocrx_word' id='word_1_323' title='bbox 1606 5784 1762 5839; x_wconf 91' lang='lat' dir='ltr'><strong>tertio</strong></span> <span class='ocrx_word' id='word_1_324' title='bbox 1790 5786 1952 5842; x_wconf 88' lang='lat' dir='ltr'><strong>animi</strong></span> <span class='ocrx_word' id='word_1_325' title='bbox 1980 5789 2087 5857; x_wconf 90' lang='lat' dir='ltr'><strong>jam</strong></span> <span class='ocrx_word' id='word_1_326' title='bbox 2119 5807 2244 5861; x_wconf 88' lang='lat' dir='ltr'><strong>pur-</strong></span> 
     </span>
    </p>
   </div>
   <div class='ocr_carea' id='block_1_62' title="bbox 667 5864 799 5943">
    <p class='ocr_par' dir='ltr' id='par_1_62' title="bbox 667 5864 799 5943">
     <span class='ocr_line' id='line_1_62' title="bbox 667 5864 799 5943; baseline -0.008 -25"><span class='ocrx_word' id='word_1_327' title='bbox 667 5864 799 5943; x_wconf 72' lang='lat' dir='ltr'><strong>gati.</strong></span> 
     </span>
    </p>
   </div>
   <div class='ocr_carea' id='block_1_63' title="bbox 2366 626 3379 695">
    <p class='ocr_par' dir='ltr' id='par_1_63' title="bbox 2366 626 3379 695">
     <span class='ocr_line' id='line_1_63' title="bbox 2366 626 3379 695; baseline 0.004 -17"><span class='ocrx_word' id='word_1_328' title='bbox 2366 639 2482 679; x_wconf 92' lang='lat' dir='ltr'><strong>cam</strong></span> <span class='ocrx_word' id='word_1_329' title='bbox 2508 626 2714 695; x_wconf 89' lang='lat' dir='ltr'><strong>integra</strong></span> <span class='ocrx_word' id='word_1_330' title='bbox 2743 628 2968 682; x_wconf 88' lang='lat' dir='ltr'><strong>veritate</strong></span> <span class='ocrx_word' id='word_1_331' title='bbox 2997 628 3379 683; x_wconf 74' lang='lat' dir='ltr'><strong>cohaerentem.</strong></span> 
     </span>
    </p>
   </div>
   <div class='ocr_carea' id='block_1_64' title="bbox 2441 718 3927 795">
    <p class='ocr_par' dir='ltr' id='par_1_64' title="bbox 2441 718 3927 795">
     <span class='ocr_line' id='line_1_64' title="bbox 2441 718 3927 795; baseline 0.004 -23"><span class='ocrx_word' id='word_1_332' title='bbox 2441 718 2795 774; x_wconf 84' lang='lat' dir='ltr'><strong>Violentorum</strong></span> <span class='ocrx_word' id='word_1_333' title='bbox 2833 723 3189 795; x_wconf 83' lang='lat' dir='ltr'><strong>quorumdam]</strong></span> <span class='ocrx_word' id='word_1_334' title='bbox 3238 723 3624 794; x_wconf 86' lang='lat' dir='ltr'><strong>Epicureorum</strong></span> <span class='ocrx_word' id='word_1_335' title='bbox 3656 730 3710 777; x_wconf 83' lang='lat' dir='ltr'><strong>et</strong></span> <span class='ocrx_word' id='word_1_336' title='bbox 3735 722 3927 779; x_wconf 89' lang='lat' dir='ltr'><strong>Stoico-</strong></span> 
     </span>
    </p>
   </div>
   <div class='ocr_carea' id='block_1_65' title="bbox 2364 812 3925 887">
    <p class='ocr_par' dir='ltr' id='par_1_65' title="bbox 2364 812 3925 887">
     <span class='ocr_line' id='line_1_65' title="bbox 2364 812 3925 887; baseline 0.003 -22"><span class='ocrx_word' id='word_1_337' title='bbox 2364 825 2515 876; x_wconf 85' lang='lat' dir='ltr'><strong>rum,</strong></span> <span class='ocrx_word' id='word_1_338' title='bbox 2544 813 2633 881; x_wconf 87' lang='lat' dir='ltr'><strong>qui</strong></span> <span class='ocrx_word' id='word_1_339' title='bbox 2662 812 2738 884; x_wconf 90' lang='lat' dir='ltr'><strong>(ut</strong></span> <span class='ocrx_word' id='word_1_340' title='bbox 2769 813 2821 867; x_wconf 91' lang='lat' dir='ltr'><strong>in</strong></span> <span class='ocrx_word' id='word_1_341' title='bbox 2853 814 3006 868; x_wconf 89' lang='lat' dir='ltr'><strong>tertia</strong></span> <span class='ocrx_word' id='word_1_342' title='bbox 3033 814 3193 884; x_wconf 89' lang='lat' dir='ltr'><strong>hujus</strong></span> <span class='ocrx_word' id='word_1_343' title='bbox 3223 815 3342 871; x_wconf 88' lang='lat' dir='ltr'><strong>libri</strong></span> <span class='ocrx_word' id='word_1_344' title='bbox 3374 830 3526 887; x_wconf 89' lang='lat' dir='ltr'><strong>prosa</strong></span> <span class='ocrx_word' id='word_1_345' title='bbox 3555 814 3784 886; x_wconf 89' lang='lat' dir='ltr'><strong>dicetur)</strong></span> <span class='ocrx_word' id='word_1_346' title='bbox 3812 824 3925 885; x_wconf 90' lang='lat' dir='ltr'><strong>post</strong></span> 
     </span>
    </p>
   </div>
   <div class='ocr_carea' id='block_1_66' title="bbox 2364 903 3924 975">
    <p class='ocr_par' dir='ltr' id='par_1_66' title="bbox 2364 903 3924 975">
     <span class='ocr_line' id='line_1_66' title="bbox 2364 903 3924 975; baseline 0 -16"><span class='ocrx_word' id='word_1_347' title='bbox 2364 903 2601 959; x_wconf 88' lang='lat' dir='ltr'><strong>Socratis</strong></span> <span class='ocrx_word' id='word_1_348' title='bbox 2628 911 2853 957; x_wconf 91' lang='lat' dir='ltr'><strong>mortem</strong></span> <span class='ocrx_word' id='word_1_349' title='bbox 2885 904 3237 975; x_wconf 63' lang='lat' dir='ltr'><strong>philosophia:</strong></span> <span class='ocrx_word' id='word_1_350' title='bbox 3266 907 3375 960; x_wconf 85' lang='lat' dir='ltr'><strong>vim</strong></span> <span class='ocrx_word' id='word_1_351' title='bbox 3408 905 3707 961; x_wconf 89' lang='lat' dir='ltr'><strong>intulerunt</strong></span> <span class='ocrx_word' id='word_1_352' title='bbox 3734 916 3786 959; x_wconf 90' lang='lat' dir='ltr'><strong>et</strong></span> <span class='ocrx_word' id='word_1_353' title='bbox 3813 920 3924 959; x_wconf 89' lang='lat' dir='ltr'><strong>cum</strong></span> 
     </span>
    </p>
   </div>
   <div class='ocr_carea' id='block_1_67' title="bbox 2367 993 3927 1067">
    <p class='ocr_par' dir='ltr' id='par_1_67' title="bbox 2367 993 3927 1067">
     <span class='ocr_line' id='line_1_67' title="bbox 2367 993 3927 1067; baseline 0.004 -20"><span class='ocrx_word' id='word_1_354' title='bbox 2367 1000 2528 1047; x_wconf 87' lang='lat' dir='ltr'><strong>totam</strong></span> <span class='ocrx_word' id='word_1_355' title='bbox 2552 993 3015 1063; x_wconf 87' lang='lat' dir='ltr'><strong>comprehendere</strong></span> <span class='ocrx_word' id='word_1_356' title='bbox 3040 1011 3146 1052; x_wconf 91' lang='lat' dir='ltr'><strong>non</strong></span> <span class='ocrx_word' id='word_1_357' title='bbox 3175 997 3490 1066; x_wconf 91' lang='lat' dir='ltr'><strong>potuissent,</strong></span> <span class='ocrx_word' id='word_1_358' title='bbox 3514 996 3801 1051; x_wconf 84' lang='lat' dir='ltr'><strong>dilacerata</strong></span> <span class='ocrx_word' id='word_1_359' title='bbox 3825 996 3927 1067; x_wconf 87' lang='lat' dir='ltr'><strong>ejus</strong></span> 
     </span>
    </p>
   </div>
   <div class='ocr_carea' id='block_1_68' title="bbox 2365 1084 3925 1157">
    <p class='ocr_par' dir='ltr' id='par_1_68' title="bbox 2365 1084 3925 1157">
     <span class='ocr_line' id='line_1_68' title="bbox 2365 1084 3925 1157; baseline 0.004 -21"><span class='ocrx_word' id='word_1_360' title='bbox 2365 1094 2535 1148; x_wconf 91' lang='lat' dir='ltr'><strong>veste,</strong></span> <span class='ocrx_word' id='word_1_361' title='bbox 2560 1084 2863 1153; x_wconf 66' lang='lat' dir='ltr'><strong>particulas</strong></span> <span class='ocrx_word' id='word_1_362' title='bbox 2903 1101 3035 1155; x_wconf 89' lang='lat' dir='ltr'><strong>quas</strong></span> <span class='ocrx_word' id='word_1_363' title='bbox 3075 1088 3299 1157; x_wconf 86' lang='lat' dir='ltr'><strong>quisque</strong></span> <span class='ocrx_word' id='word_1_364' title='bbox 3345 1087 3549 1156; x_wconf 86' lang='lat' dir='ltr'><strong>potuit,</strong></span> <span class='ocrx_word' id='word_1_365' title='bbox 3583 1087 3925 1143; x_wconf 88' lang='lat' dir='ltr'><strong>abstulerunt.</strong></span> 
     </span>
    </p>
   </div>
   <div class='ocr_carea' id='block_1_69' title="bbox 2364 1174 3927 1250">
    <p class='ocr_par' dir='ltr' id='par_1_69' title="bbox 2364 1174 3927 1250">
     <span class='ocr_line' id='line_1_69' title="bbox 2364 1174 3927 1250; baseline 0.004 -21"><span class='ocrx_word' id='word_1_366' title='bbox 2364 1174 2675 1229; x_wconf 84' lang='lat' dir='ltr'><strong>Lactantius</strong></span> <span class='ocrx_word' id='word_1_367' title='bbox 2699 1176 2753 1229; x_wconf 90' lang='lat' dir='ltr'><strong>in</strong></span> <span class='ocrx_word' id='word_1_368' title='bbox 2780 1176 2920 1231; x_wconf 91' lang='lat' dir='ltr'><strong>libro</strong></span> <span class='ocrx_word' id='word_1_369' title='bbox 2946 1176 3012 1232; x_wconf 91' lang='lat' dir='ltr'><strong>de</strong></span> <span class='ocrx_word' id='word_1_370' title='bbox 3040 1178 3227 1233; x_wconf 89' lang='lat' dir='ltr'><strong>divino</strong></span> <span class='ocrx_word' id='word_1_371' title='bbox 3256 1180 3493 1249; x_wconf 66' lang='lat' dir='ltr'><strong>praemio,</strong></span> <span class='ocrx_word' id='word_1_372' title='bbox 3520 1179 3696 1248; x_wconf 91' lang='lat' dir='ltr'><strong>capite</strong></span> <span class='ocrx_word' id='word_1_373' title='bbox 3716 1182 3927 1250; x_wconf 88' lang='lat' dir='ltr'><strong>septimo</strong></span> 
     </span>
    </p>
   </div>
   <div class='ocr_carea' id='block_1_70' title="bbox 2364 1266 3926 1341">
    <p class='ocr_par' dir='ltr' id='par_1_70' title="bbox 2364 1266 3926 1341">
     <span class='ocr_line' id='line_1_70' title="bbox 2364 1266 3926 1341; baseline 0.005 -21"><span class='ocrx_word' id='word_1_374' title='bbox 2364 1266 2552 1331; x_wconf 90' lang='lat' dir='ltr'><strong>docet,</strong></span> <span class='ocrx_word' id='word_1_375' title='bbox 2584 1282 2748 1336; x_wconf 88' lang='lat' dir='ltr'><strong>quare</strong></span> <span class='ocrx_word' id='word_1_376' title='bbox 2779 1267 3085 1338; x_wconf 90' lang='lat' dir='ltr'><strong>philosophi</strong></span> <span class='ocrx_word' id='word_1_377' title='bbox 3121 1272 3455 1341; x_wconf 87' lang='lat' dir='ltr'><strong>nequiverint</strong></span> <span class='ocrx_word' id='word_1_378' title='bbox 3483 1271 3926 1340; x_wconf 88' lang='lat' dir='ltr'><strong>comprehendere</strong></span> 
     </span>
    </p>
   </div>
   <div class='ocr_carea' id='block_1_71' title="bbox 2363 1356 3927 1431">
    <p class='ocr_par' dir='ltr' id='par_1_71' title="bbox 2363 1356 3927 1431">
     <span class='ocr_line' id='line_1_71' title="bbox 2363 1356 3927 1431; baseline 0.004 -20"><span class='ocrx_word' id='word_1_379' title='bbox 2363 1356 2643 1412; x_wconf 89' lang='lat' dir='ltr'><strong>veritatem</strong></span> <span class='ocrx_word' id='word_1_380' title='bbox 2689 1359 2917 1429; x_wconf 89' lang='lat' dir='ltr'><strong>integre,</strong></span> <span class='ocrx_word' id='word_1_381' title='bbox 2964 1374 3123 1430; x_wconf 91' lang='lat' dir='ltr'><strong>quam</strong></span> <span class='ocrx_word' id='word_1_382' title='bbox 3174 1370 3353 1415; x_wconf 87' lang='lat' dir='ltr'><strong>tamen</strong></span> <span class='ocrx_word' id='word_1_383' title='bbox 3402 1361 3759 1431; x_wconf 89' lang='lat' dir='ltr'><strong>particulatim</strong></span> <span class='ocrx_word' id='word_1_384' title='bbox 3791 1376 3927 1417; x_wconf 90' lang='lat' dir='ltr'><strong>com-</strong></span> 
     </span>
    </p>
   </div>
   <div class='ocr_carea' id='block_1_72' title="bbox 2364 1450 2784 1519">
    <p class='ocr_par' dir='ltr' id='par_1_72' title="bbox 2364 1450 2784 1519">
     <span class='ocr_line' id='line_1_72' title="bbox 2364 1450 2784 1519; baseline 0.01 -17"><span class='ocrx_word' id='word_1_385' title='bbox 2364 1450 2784 1519; x_wconf 88' lang='lat' dir='ltr'><strong>prehenderunt.</strong></span> 
     </span>
    </p>
   </div>
   <div class='ocr_carea' id='block_1_73' title="bbox 2435 1540 3929 1617">
    <p class='ocr_par' dir='ltr' id='par_1_73' title="bbox 2435 1540 3929 1617">
     <span class='ocr_line' id='line_1_73' title="bbox 2435 1540 3929 1617; baseline 0.006 -24"><span class='ocrx_word' id='word_1_386' title='bbox 2435 1540 2674 1613; x_wconf 86' lang='lat' dir='ltr'><strong>Libellos]</strong></span> <span class='ocrx_word' id='word_1_387' title='bbox 2704 1544 2807 1599; x_wconf 89' lang='lat' dir='ltr'><strong>Per</strong></span> <span class='ocrx_word' id='word_1_388' title='bbox 2830 1546 2928 1599; x_wconf 91' lang='lat' dir='ltr'><strong>hos</strong></span> <span class='ocrx_word' id='word_1_389' title='bbox 2949 1546 3455 1617; x_wconf 90' lang='lat' dir='ltr'><strong>contemplationem</strong></span> <span class='ocrx_word' id='word_1_390' title='bbox 3486 1547 3783 1616; x_wconf 87' lang='lat' dir='ltr'><strong>signiﬁcat,</strong></span> <span class='ocrx_word' id='word_1_391' title='bbox 3806 1562 3929 1616; x_wconf 85' lang='lat' dir='ltr'><strong>quos</strong></span> 
     </span>
    </p>
   </div>
   <div class='ocr_carea' id='block_1_74' title="bbox 2363 1634 3927 1707">
    <p class='ocr_par' dir='ltr' id='par_1_74' title="bbox 2363 1634 3927 1707">
     <span class='ocr_line' id='line_1_74' title="bbox 2363 1634 3927 1707; baseline 0.005 -23"><span class='ocrx_word' id='word_1_392' title='bbox 2363 1641 2512 1687; x_wconf 90' lang='lat' dir='ltr'><strong>recte</strong></span> <span class='ocrx_word' id='word_1_393' title='bbox 2540 1634 2593 1687; x_wconf 93' lang='lat' dir='ltr'><strong>in</strong></span> <span class='ocrx_word' id='word_1_394' title='bbox 2624 1634 2811 1689; x_wconf 83' lang='lat' dir='ltr'><strong>dextra</strong></span> <span class='ocrx_word' id='word_1_395' title='bbox 2843 1634 3105 1701; x_wconf 86' lang='lat' dir='ltr'><strong>collocat,</strong></span> <span class='ocrx_word' id='word_1_396' title='bbox 3142 1637 3284 1707; x_wconf 90' lang='lat' dir='ltr'><strong>quod</strong></span> <span class='ocrx_word' id='word_1_397' title='bbox 3330 1636 3669 1707; x_wconf 88' lang='lat' dir='ltr'><strong>philosophia</strong></span> <span class='ocrx_word' id='word_1_398' title='bbox 3714 1647 3927 1692; x_wconf 67' lang='lat' dir='ltr'><strong>contem«</strong></span> 
     </span>
    </p>
   </div>
   <div class='ocr_carea' id='block_1_75' title="bbox 2365 1722 3929 1794">
    <p class='ocr_par' dir='ltr' id='par_1_75' title="bbox 2365 1722 3929 1794">
     <span class='ocr_line' id='line_1_75' title="bbox 2365 1722 3929 1794; baseline 0.004 -19"><span class='ocrx_word' id='word_1_399' title='bbox 2365 1722 2561 1790; x_wconf 89' lang='lat' dir='ltr'><strong>plativa</strong></span> <span class='ocrx_word' id='word_1_400' title='bbox 2596 1724 2753 1793; x_wconf 89' lang='lat' dir='ltr'><strong>longe</strong></span> <span class='ocrx_word' id='word_1_401' title='bbox 2802 1727 3146 1794; x_wconf 80' lang='lat' dir='ltr'><strong>praestantior</strong></span> <span class='ocrx_word' id='word_1_402' title='bbox 3169 1736 3252 1781; x_wconf 88' lang='lat' dir='ltr'><strong>est</strong></span> <span class='ocrx_word' id='word_1_403' title='bbox 3282 1728 3475 1792; x_wconf 87' lang='lat' dir='ltr'><strong>activa,</strong></span> <span class='ocrx_word' id='word_1_404' title='bbox 3510 1735 3569 1780; x_wconf 91' lang='lat' dir='ltr'><strong>ut</strong></span> <span class='ocrx_word' id='word_1_405' title='bbox 3610 1726 3766 1782; x_wconf 84' lang='lat' dir='ltr'><strong>docet</strong></span> <span class='ocrx_word' id='word_1_406' title='bbox 3792 1727 3929 1781; x_wconf 82' lang='lat' dir='ltr'><strong>Aris-</strong></span> 
     </span>
    </p>
   </div>
   <div class='ocr_carea' id='block_1_76' title="bbox 2362 1812 3678 1886">
    <p class='ocr_par' dir='ltr' id='par_1_76' title="bbox 2362 1812 3678 1886">
     <span class='ocr_line' id='line_1_76' title="bbox 2362 1812 3678 1886; baseline 0.004 -22"><span class='ocrx_word' id='word_1_407' title='bbox 2362 1812 2553 1866; x_wconf 89' lang='lat' dir='ltr'><strong>toteles</strong></span> <span class='ocrx_word' id='word_1_408' title='bbox 2581 1813 2635 1867; x_wconf 94' lang='lat' dir='ltr'><strong>in</strong></span> <span class='ocrx_word' id='word_1_409' title='bbox 2665 1816 2901 1869; x_wconf 89' lang='lat' dir='ltr'><strong>secundo</strong></span> <span class='ocrx_word' id='word_1_410' title='bbox 2927 1814 3065 1871; x_wconf 84' lang='lat' dir='ltr'><strong>libro</strong></span> <span class='ocrx_word' id='word_1_411' title='bbox 3087 1816 3272 1886; x_wconf 72' lang='lat' dir='ltr'><strong>primas</strong></span> <span class='ocrx_word' id='word_1_412' title='bbox 3300 1816 3678 1885; x_wconf 69' lang='lat' dir='ltr'><strong>Phil030phiaz.</strong></span> 
     </span>
    </p>
   </div>
   <div class='ocr_carea' id='block_1_77' title="bbox 2279 1902 3928 1979">
    <p class='ocr_par' dir='ltr' id='par_1_77' title="bbox 2279 1902 3928 1979">
     <span class='ocr_line' id='line_1_77' title="bbox 2279 1902 3928 1979; baseline 0.004 -21"><span class='ocrx_word' id='word_1_413' title='bbox 2279 1902 2330 1965; x_wconf 86' lang='grc' dir='ltr'><strong>Β</strong></span> <span class='ocrx_word' id='word_1_414' title='bbox 2427 1903 2721 1978; x_wconf 86' lang='lat' dir='ltr'><strong>Sceptrum]</strong></span> <span class='ocrx_word' id='word_1_415' title='bbox 2748 1907 2849 1962; x_wconf 88' lang='lat' dir='ltr'><strong>Per</strong></span> <span class='ocrx_word' id='word_1_416' title='bbox 2889 1908 2993 1963; x_wconf 92' lang='lat' dir='ltr'><strong>hoc</strong></span> <span class='ocrx_word' id='word_1_417' title='bbox 3037 1909 3221 1979; x_wconf 89' lang='lat' dir='ltr'><strong>accipe</strong></span> <span class='ocrx_word' id='word_1_418' title='bbox 3266 1908 3579 1979; x_wconf 63' lang='lat' dir='ltr'><strong>reipublicae</strong></span> <span class='ocrx_word' id='word_1_419' title='bbox 3606 1908 3928 1965; x_wconf 81' lang='lat' dir='ltr'><strong>administra-</strong></span> 
     </span>
    </p>
   </div>
   <div class='ocr_carea' id='block_1_78' title="bbox 2361 1996 3443 2072">
    <p class='ocr_par' dir='ltr' id='par_1_78' title="bbox 2361 1996 3443 2072">
     <span class='ocr_line' id='line_1_78' title="bbox 2361 1996 3443 2072; baseline 0.007 -21"><span class='ocrx_word' id='word_1_420' title='bbox 2361 1996 2559 2052; x_wconf 88' lang='lat' dir='ltr'><strong>tionem</strong></span> <span class='ocrx_word' id='word_1_421' title='bbox 2585 2010 2637 2054; x_wconf 88' lang='lat' dir='ltr'><strong>et</strong></span> <span class='ocrx_word' id='word_1_422' title='bbox 2670 2000 2941 2068; x_wconf 90' lang='lat' dir='ltr'><strong>politicam</strong></span> <span class='ocrx_word' id='word_1_423' title='bbox 2973 2002 3443 2072; x_wconf 84' lang='lat' dir='ltr'><strong>gubernationem.</strong></span> 
     </span>
    </p>
   </div>
   <div class='ocr_carea' id='block_1_79' title="bbox 2435 2086 2897 2169">
    <p class='ocr_par' dir='ltr' id='par_1_79' title="bbox 2435 2086 2897 2169">
     <span class='ocr_line' id='line_1_79' title="bbox 2435 2086 2897 2169; baseline 0.004 -25"><span class='ocrx_word' id='word_1_424' title='bbox 2435 2086 2570 2160; x_wconf 90' lang='lat' dir='ltr'><strong>Ubi]</strong></span> <span class='ocrx_word' id='word_1_425' title='bbox 2599 2088 2897 2169; x_wconf 85' lang='lat' dir='ltr'><strong>Postquam.</strong></span> 
     </span>
    </p>
   </div>
   <div class='ocr_carea' id='block_1_80' title="bbox 2431 2179 3127 2255">
    <p class='ocr_par' dir='ltr' id='par_1_80' title="bbox 2431 2179 3127 2255">
     <span class='ocr_line' id='line_1_80' title="bbox 2431 2179 3127 2255; baseline 0.014 -24"><span class='ocrx_word' id='word_1_426' title='bbox 2431 2179 2712 2254; x_wconf 88' lang='lat' dir='ltr'><strong>Dictantes]</strong></span> <span class='ocrx_word' id='word_1_427' title='bbox 2745 2182 3127 2255; x_wconf 81' lang='lat' dir='ltr'><strong>Suggerentes.</strong></span> 
     </span>
    </p>
   </div>
   <div class='ocr_carea' id='block_1_81' title="bbox 2428 2271 3926 2351">
    <p class='ocr_par' dir='ltr' id='par_1_81' title="bbox 2428 2271 3926 2351">
     <span class='ocr_line' id='line_1_81' title="bbox 2428 2271 3926 2351; baseline 0.006 -25"><span class='ocrx_word' id='word_1_428' title='bbox 2428 2271 2725 2348; x_wconf 82' lang='lat' dir='ltr'><strong>Paulisper]</strong></span> <span class='ocrx_word' id='word_1_429' title='bbox 2759 2276 2931 2333; x_wconf 85' lang='lat' dir='ltr'><strong>Parvo</strong></span> <span class='ocrx_word' id='word_1_430' title='bbox 2961 2289 3223 2348; x_wconf 87' lang='lat' dir='ltr'><strong>tempore.</strong></span> <span class='ocrx_word' id='word_1_431' title='bbox 3256 2277 3369 2333; x_wconf 88' lang='lat' dir='ltr'><strong>Non</strong></span> <span class='ocrx_word' id='word_1_432' title='bbox 3403 2280 3550 2334; x_wconf 90' lang='lat' dir='ltr'><strong>enim</strong></span> <span class='ocrx_word' id='word_1_433' title='bbox 3572 2279 3749 2335; x_wconf 90' lang='lat' dir='ltr'><strong>decuit</strong></span> <span class='ocrx_word' id='word_1_434' title='bbox 3771 2280 3926 2351; x_wconf 86' lang='lat' dir='ltr'><strong>philo-</strong></span> 
     </span>
    </p>
   </div>
   <div class='ocr_carea' id='block_1_82' title="bbox 2356 2362 3720 2434">
    <p class='ocr_par' dir='ltr' id='par_1_82' title="bbox 2356 2362 3720 2434">
     <span class='ocr_line' id='line_1_82' title="bbox 2356 2362 3720 2434; baseline 0.004 -15"><span class='ocrx_word' id='word_1_435' title='bbox 2356 2362 2597 2434; x_wconf 84' lang='lat' dir='ltr'><strong>sophiam</strong></span> <span class='ocrx_word' id='word_1_436' title='bbox 2619 2364 2711 2419; x_wconf 90' lang='lat' dir='ltr'><strong>diu</strong></span> <span class='ocrx_word' id='word_1_437' title='bbox 2740 2366 2819 2420; x_wconf 91' lang='lat' dir='ltr'><strong>ira</strong></span> <span class='ocrx_word' id='word_1_438' title='bbox 2835 2368 3184 2433; x_wconf 87' lang='lat' dir='ltr'><strong>commoveri,</strong></span> <span class='ocrx_word' id='word_1_439' title='bbox 3220 2368 3433 2425; x_wconf 90' lang='lat' dir='ltr'><strong>dicente</strong></span> <span class='ocrx_word' id='word_1_440' title='bbox 3464 2368 3720 2426; x_wconf 88' lang='lat' dir='ltr'><strong>Horatio:</strong></span> 
     </span>
    </p>
   </div>
   <div class='ocr_carea' id='block_1_83' title="bbox 2480 2464 3428 2534">
    <p class='ocr_par' dir='ltr' id='par_1_83' title="bbox 2480 2464 3428 2534">
     <span class='ocr_line' id='line_1_83' title="bbox 2480 2464 3428 2534; baseline 0.007 -20"><span class='ocrx_word' id='word_1_441' title='bbox 2480 2464 2559 2516; x_wconf 90' lang='lat' dir='ltr'><strong>Ira</strong></span> <span class='ocrx_word' id='word_1_442' title='bbox 2580 2465 2715 2517; x_wconf 82' lang='lat' dir='ltr'><strong>furor</strong></span> <span class='ocrx_word' id='word_1_443' title='bbox 2738 2468 2906 2518; x_wconf 81' lang='lat' dir='ltr'><strong>brevis</strong></span> <span class='ocrx_word' id='word_1_444' title='bbox 2930 2475 3025 2531; x_wconf 86' lang='lat' dir='ltr'><strong>est,</strong></span> <span class='ocrx_word' id='word_1_445' title='bbox 3054 2470 3264 2520; x_wconf 88' lang='lat' dir='ltr'><strong>animum</strong></span> <span class='ocrx_word' id='word_1_446' title='bbox 3290 2484 3428 2534; x_wconf 84' lang='lat' dir='ltr'><strong>rege.</strong></span> 
     </span>
    </p>
   </div>
   <div class='ocr_carea' id='block_1_84' title="bbox 2430 2567 3902 2652">
    <p class='ocr_par' dir='ltr' id='par_1_84' title="bbox 2430 2567 3902 2652">
     <span class='ocr_line' id='line_1_84' title="bbox 2430 2567 3902 2652; baseline 0.007 -29"><span class='ocrx_word' id='word_1_447' title='bbox 2430 2567 2725 2643; x_wconf 82' lang='lat' dir='ltr'><strong>Paulisper]</strong></span> <span class='ocrx_word' id='word_1_448' title='bbox 2756 2574 3070 2645; x_wconf 80' lang='lat' dir='ltr'><strong>Parumper,</strong></span> <span class='ocrx_word' id='word_1_449' title='bbox 3103 2578 3382 2649; x_wconf 89' lang='lat' dir='ltr'><strong>tantisper,</strong></span> <span class='ocrx_word' id='word_1_450' title='bbox 3408 2580 3739 2652; x_wconf 86' lang='lat' dir='ltr'><strong>quantisper,</strong></span> <span class='ocrx_word' id='word_1_451' title='bbox 3769 2590 3820 2636; x_wconf 92' lang='lat' dir='ltr'><strong>et</strong></span> <span class='ocrx_word' id='word_1_452' title='bbox 3841 2579 3902 2634; x_wconf 92' lang='lat' dir='ltr'><strong>ali</strong></span> 
     </span>
    </p>
   </div>
   <div class='ocr_carea' id='block_1_85' title="bbox 2356 2666 3923 2747">
    <p class='ocr_par' dir='ltr' id='par_1_85' title="bbox 2356 2666 3923 2747">
     <span class='ocr_line' id='line_1_85' title="bbox 2356 2666 3923 2747; baseline 0.01 -31"><span class='ocrx_word' id='word_1_453' title='bbox 2356 2666 2664 2734; x_wconf 86' lang='lat' dir='ltr'><strong>quantisper</strong></span> <span class='ocrx_word' id='word_1_454' title='bbox 2684 2670 2994 2738; x_wconf 72' lang='lat' dir='ltr'><strong>compositas</strong></span> <span class='ocrx_word' id='word_1_455' title='bbox 3021 2670 3205 2742; x_wconf 80' lang='lat' dir='ltr'><strong>ﬁgurae</strong></span> <span class='ocrx_word' id='word_1_456' title='bbox 3232 2683 3377 2740; x_wconf 85' lang='lat' dir='ltr'><strong>sunt,</strong></span> <span class='ocrx_word' id='word_1_457' title='bbox 3403 2684 3461 2728; x_wconf 90' lang='lat' dir='ltr'><strong>ut</strong></span> <span class='ocrx_word' id='word_1_458' title='bbox 3489 2677 3570 2731; x_wconf 90' lang='lat' dir='ltr'><strong>ait</strong></span> <span class='ocrx_word' id='word_1_459' title='bbox 3619 2677 3923 2747; x_wconf 89' lang='lat' dir='ltr'><strong>Priscianus,</strong></span> 
     </span>
    </p>
   </div>
   <div class='ocr_carea' id='block_1_86' title="bbox 2354 2760 3924 2836">
    <p class='ocr_par' dir='ltr' id='par_1_86' title="bbox 2354 2760 3924 2836">
     <span class='ocr_line' id='line_1_86' title="bbox 2354 2760 3924 2836; baseline 0.006 -24"><span class='ocrx_word' id='word_1_460' title='bbox 2354 2767 2409 2812; x_wconf 89' lang='lat' dir='ltr'><strong>et</strong></span> <span class='ocrx_word' id='word_1_461' title='bbox 2434 2760 2688 2826; x_wconf 91' lang='lat' dir='ltr'><strong>temporis</strong></span> <span class='ocrx_word' id='word_1_462' title='bbox 2711 2770 3017 2817; x_wconf 88' lang='lat' dir='ltr'><strong>mensuram</strong></span> <span class='ocrx_word' id='word_1_463' title='bbox 3035 2763 3356 2833; x_wconf 83' lang='lat' dir='ltr'><strong>signiﬁcant.</strong></span> <span class='ocrx_word' id='word_1_464' title='bbox 3386 2764 3741 2836; x_wconf 83' lang='lat' dir='ltr'><strong>Exponuutur</strong></span> <span class='ocrx_word' id='word_1_465' title='bbox 3760 2779 3924 2823; x_wconf 88' lang='lat' dir='ltr'><strong>autem</strong></span> 
     </span>
    </p>
   </div>
   <div class='ocr_carea' id='block_1_87' title="bbox 2355 2848 3924 2928">
    <p class='ocr_par' dir='ltr' id='par_1_87' title="bbox 2355 2848 3924 2928">
     <span class='ocr_line' id='line_1_87' title="bbox 2355 2848 3924 2928; baseline 0.004 -25"><span class='ocrx_word' id='word_1_466' title='bbox 2355 2848 2434 2903; x_wconf 89' lang='lat' dir='ltr'><strong>sic</strong></span> <span class='ocrx_word' id='word_1_467' title='bbox 2457 2864 2469 2901; x_wconf 87' lang='lat'><strong>:</strong></span> <span class='ocrx_word' id='word_1_468' title='bbox 2494 2848 2793 2920; x_wconf 88' lang='lat' dir='ltr'><strong>Paulisper,</strong></span> <span class='ocrx_word' id='word_1_469' title='bbox 2818 2866 2912 2921; x_wconf 89' lang='lat' dir='ltr'><strong>per</strong></span> <span class='ocrx_word' id='word_1_470' title='bbox 2936 2852 3206 2923; x_wconf 88' lang='lat' dir='ltr'><strong>paululum</strong></span> <span class='ocrx_word' id='word_1_471' title='bbox 3235 2856 3507 2924; x_wconf 83' lang='lat' dir='ltr'><strong>temporis.</strong></span> <span class='ocrx_word' id='word_1_472' title='bbox 3530 2858 3826 2928; x_wconf 80' lang='lat' dir='ltr'><strong>Tantisper,</strong></span> <span class='ocrx_word' id='word_1_473' title='bbox 3841 2872 3924 2927; x_wconf 85' lang='lat' dir='ltr'><strong>per</strong></span> 
     </span>
    </p>
   </div>
   <div class='ocr_carea' id='block_1_88' title="bbox 2357 2941 3925 3014">
    <p class='ocr_par' dir='ltr' id='par_1_88' title="bbox 2357 2941 3925 3014">
     <span class='ocr_line' id='line_1_88' title="bbox 2357 2941 3925 3014; baseline 0.004 -20"><span class='ocrx_word' id='word_1_474' title='bbox 2357 2946 2563 2994; x_wconf 87' lang='lat' dir='ltr'><strong>tantum</strong></span> <span class='ocrx_word' id='word_1_475' title='bbox 2606 2941 2885 3010; x_wconf 89' lang='lat' dir='ltr'><strong>temporis.</strong></span> <span class='ocrx_word' id='word_1_476' title='bbox 2943 2942 3267 3014; x_wconf 88' lang='lat' dir='ltr'><strong>Pomponius</strong></span> <span class='ocrx_word' id='word_1_477' title='bbox 3322 2946 3374 3000; x_wconf 91' lang='lat' dir='ltr'><strong>in</strong></span> <span class='ocrx_word' id='word_1_478' title='bbox 3432 2946 3623 3003; x_wconf 89' lang='lat' dir='ltr'><strong>Dotata</strong></span> <span class='ocrx_word' id='word_1_479' title='bbox 3665 2965 3680 3003; x_wconf 86' lang='lat'><strong>:</strong></span> <span class='ocrx_word' id='word_1_480' title='bbox 3721 2948 3925 3004; x_wconf 88' lang='lat' dir='ltr'><strong>Possum</strong></span> 
     </span>
    </p>
   </div>
   <div class='ocr_carea' id='block_1_89' title="bbox 2356 3034 3924 3112">
    <p class='ocr_par' dir='ltr' id='par_1_89' title="bbox 2356 3034 3924 3112">
     <span class='ocr_line' id='line_1_89' title="bbox 2356 3034 3924 3112; baseline 0.006 -27"><span class='ocrx_word' id='word_1_481' title='bbox 2356 3045 2581 3087; x_wconf 79' lang='lat' dir='ltr'><strong>exorare</strong></span> <span class='ocrx_word' id='word_1_482' title='bbox 2606 3041 2676 3100; x_wconf 91' lang='lat' dir='ltr'><strong>te,</strong></span> <span class='ocrx_word' id='word_1_483' title='bbox 2709 3044 2769 3089; x_wconf 91' lang='lat' dir='ltr'><strong>ut</strong></span> <span class='ocrx_word' id='word_1_484' title='bbox 2810 3034 3038 3092; x_wconf 85' lang='lat' dir='ltr'><strong>decedas</strong></span> <span class='ocrx_word' id='word_1_485' title='bbox 3066 3051 3097 3091; x_wconf 91' lang='lat' dir='ltr'><strong>a</strong></span> <span class='ocrx_word' id='word_1_486' title='bbox 3120 3052 3205 3092; x_wconf 91' lang='lat' dir='ltr'><strong>me</strong></span> <span class='ocrx_word' id='word_1_487' title='bbox 3234 3038 3502 3109; x_wconf 88' lang='lat' dir='ltr'><strong>paulisper</strong></span> <span class='ocrx_word' id='word_1_488' title='bbox 3548 3040 3729 3109; x_wconf 89' lang='lat' dir='ltr'><strong>modo,</strong></span> <span class='ocrx_word' id='word_1_489' title='bbox 3769 3054 3924 3112; x_wconf 91' lang='lat' dir='ltr'><strong>quan-</strong></span> 
     </span>
    </p>
   </div>
   <div class='ocr_carea' id='block_1_90' title="bbox 2356 3123 2792 3194">
    <p class='ocr_par' dir='ltr' id='par_1_90' title="bbox 2356 3123 2792 3194">
     <span class='ocr_line' id='line_1_90' title="bbox 2356 3123 2792 3194; baseline 0.009 -18"><span class='ocrx_word' id='word_1_490' title='bbox 2356 3123 2527 3194; x_wconf 86' lang='lat' dir='ltr'><strong>tisper</strong></span> <span class='ocrx_word' id='word_1_491' title='bbox 2551 3134 2635 3180; x_wconf 90' lang='lat' dir='ltr'><strong>sat</strong></span> <span class='ocrx_word' id='word_1_492' title='bbox 2662 3134 2747 3182; x_wconf 89' lang='lat' dir='ltr'><strong>est</strong></span> <span class='ocrx_word' id='word_1_493' title='bbox 2768 3125 2792 3180; x_wconf 83' lang='lat' dir='ltr'><strong>‘l</strong></span> 
     </span>
    </p>
   </div>
   <div class='ocr_carea' id='block_1_91' title="bbox 2430 3208 3027 3287">
    <p class='ocr_par' dir='ltr' id='par_1_91' title="bbox 2430 3208 3027 3287">
     <span class='ocr_line' id='line_1_91' title="bbox 2430 3208 3027 3287; baseline 0.008 -19"><span class='ocrx_word' id='word_1_494' title='bbox 2430 3208 2628 3287; x_wconf 86' lang='lat' dir='ltr'><strong>Torvis]</strong></span> <span class='ocrx_word' id='word_1_495' title='bbox 2654 3216 3027 3273; x_wconf 86' lang='lat' dir='ltr'><strong>Terribilihus.</strong></span> 
     </span>
    </p>
   </div>
   <div class='ocr_carea' id='block_1_92' title="bbox 2434 3303 3265 3379">
    <p class='ocr_par' dir='ltr' id='par_1_92' title="bbox 2434 3303 3265 3379">
     <span class='ocr_line' id='line_1_92' title="bbox 2434 3303 3265 3379; baseline 0.01 -21"><span class='ocrx_word' id='word_1_496' title='bbox 2434 3303 2752 3379; x_wconf 85' lang='lat' dir='ltr'><strong>Luminibus]</strong></span> <span class='ocrx_word' id='word_1_497' title='bbox 2781 3307 2981 3364; x_wconf 91' lang='lat' dir='ltr'><strong>Oculis.</strong></span> <span class='ocrx_word' id='word_1_498' title='bbox 3010 3308 3229 3366; x_wconf 90' lang='lat' dir='ltr'><strong>Ovidius</strong></span> <span class='ocrx_word' id='word_1_499' title='bbox 3253 3331 3265 3365; x_wconf 87' lang='lat'>:</span> 
     </span>
    </p>
   </div>
   <div class='ocr_carea' id='block_1_93' title="bbox 2608 3421 3641 3484">
    <p class='ocr_par' dir='ltr' id='par_1_93' title="bbox 2608 3421 3641 3484">
     <span class='ocr_line' id='line_1_93' title="bbox 2608 3421 3641 3484; baseline 0.01 -14"><span class='ocrx_word' id='word_1_500' title='bbox 2608 3421 2714 3472; x_wconf 85' lang='lat' dir='ltr'><strong>Jam</strong></span> <span class='ocrx_word' id='word_1_501' title='bbox 2737 3424 2935 3484; x_wconf 84' lang='lat' dir='ltr'><strong>morior,</strong></span> <span class='ocrx_word' id='word_1_502' title='bbox 2961 3436 3069 3475; x_wconf 83' lang='lat' dir='ltr'><strong>cara</strong></span> <span class='ocrx_word' id='word_1_503' title='bbox 3090 3424 3274 3475; x_wconf 88' lang='lat' dir='ltr'><strong>lumina</strong></span> <span class='ocrx_word' id='word_1_504' title='bbox 3296 3427 3451 3479; x_wconf 87' lang='lat' dir='ltr'><strong>conde</strong></span> <span class='ocrx_word' id='word_1_505' title='bbox 3474 3441 3641 3480; x_wconf 86' lang='lat' dir='ltr'><strong>manu.</strong></span> 
     </span>
    </p>
   </div>
   <div class='ocr_carea' id='block_1_94' title="bbox 2437 3524 3927 3603">
    <p class='ocr_par' dir='ltr' id='par_1_94' title="bbox 2437 3524 3927 3603">
     <span class='ocr_line' id='line_1_94' title="bbox 2437 3524 3927 3603; baseline 0.011 -25"><span class='ocrx_word' id='word_1_506' title='bbox 2437 3524 2552 3580; x_wconf 85' lang='lat' dir='ltr'><strong>Has</strong></span> <span class='ocrx_word' id='word_1_507' title='bbox 2581 3527 2804 3581; x_wconf 76' lang='lat' dir='ltr'><strong>scenicos</strong></span> <span class='ocrx_word' id='word_1_508' title='bbox 2830 3528 3195 3602; x_wconf 82' lang='lat' dir='ltr'><strong>meretriculds]</strong></span> <span class='ocrx_word' id='word_1_509' title='bbox 3219 3530 3395 3588; x_wconf 85' lang='lat' dir='ltr'><strong>Musas</strong></span> <span class='ocrx_word' id='word_1_510' title='bbox 3416 3535 3678 3603; x_wconf 80' lang='lat' dir='ltr'><strong>poeticas,</strong></span> <span class='ocrx_word' id='word_1_511' title='bbox 3697 3536 3747 3592; x_wconf 93' lang='lat' dir='ltr'><strong>in</strong></span> <span class='ocrx_word' id='word_1_512' title='bbox 3770 3538 3927 3594; x_wconf 87' lang='lat' dir='ltr'><strong>scenis</strong></span> 
     </span>
    </p>
   </div>
   <div class='ocr_carea' id='block_1_95' title="bbox 2360 3617 3926 3691">
    <p class='ocr_par' dir='ltr' id='par_1_95' title="bbox 2360 3617 3926 3691">
     <span class='ocr_line' id='line_1_95' title="bbox 2360 3617 3926 3691; baseline 0.008 -20"><span class='ocrx_word' id='word_1_513' title='bbox 2360 3624 2414 3672; x_wconf 87' lang='lat' dir='ltr'><strong>et</strong></span> <span class='ocrx_word' id='word_1_514' title='bbox 2444 3617 2670 3673; x_wconf 89' lang='lat' dir='ltr'><strong>theatris</strong></span> <span class='ocrx_word' id='word_1_515' title='bbox 2702 3618 2835 3673; x_wconf 87' lang='lat' dir='ltr'><strong>lucri</strong></span> <span class='ocrx_word' id='word_1_516' title='bbox 2854 3622 3025 3689; x_wconf 88' lang='lat' dir='ltr'><strong>gratia</strong></span> <span class='ocrx_word' id='word_1_517' title='bbox 3058 3632 3302 3691; x_wconf 85' lang='lat' dir='ltr'><strong>prostare</strong></span> <span class='ocrx_word' id='word_1_518' title='bbox 3330 3624 3535 3681; x_wconf 89' lang='lat' dir='ltr'><strong>solitas.</strong></span> <span class='ocrx_word' id='word_1_519' title='bbox 3568 3628 3735 3684; x_wconf 85' lang='lat' dir='ltr'><strong>Scena</strong></span> <span class='ocrx_word' id='word_1_520' title='bbox 3755 3644 3817 3684; x_wconf 82' lang='lat' dir='ltr'><strong>ex</strong></span> <span class='ocrx_word' id='word_1_521' title='bbox 3840 3643 3926 3684; x_wconf 89' lang='lat' dir='ltr'><strong>usu</strong></span> 
     </span>
    </p>
   </div>
   <div class='ocr_carea' id='block_1_96' title="bbox 2361 3709 3925 3784">
    <p class='ocr_par' dir='ltr' id='par_1_96' title="bbox 2361 3709 3925 3784">
     <span class='ocr_line' id='line_1_96' title="bbox 2361 3709 3925 3784; baseline 0.007 -23"><span class='ocrx_word' id='word_1_522' title='bbox 2361 3709 2529 3778; x_wconf 89' lang='lat' dir='ltr'><strong>magis</strong></span> <span class='ocrx_word' id='word_1_523' title='bbox 2543 3724 2701 3780; x_wconf 88' lang='lat' dir='ltr'><strong>quam</strong></span> <span class='ocrx_word' id='word_1_524' title='bbox 2718 3712 2925 3767; x_wconf 89' lang='lat' dir='ltr'><strong>ratione</strong></span> <span class='ocrx_word' id='word_1_525' title='bbox 2944 3710 3330 3784; x_wconf 85' lang='lat' dir='ltr'><strong>diphthongum</strong></span> <span class='ocrx_word' id='word_1_526' title='bbox 3352 3715 3513 3772; x_wconf 86' lang='lat' dir='ltr'><strong>habet</strong></span> <span class='ocrx_word' id='word_1_527' title='bbox 3538 3735 3554 3772; x_wconf 93' lang='lat'><strong>:</strong></span> <span class='ocrx_word' id='word_1_528' title='bbox 3582 3716 3763 3774; x_wconf 68' lang='lat' dir='ltr'><strong>Graece</strong></span> <span class='ocrx_word' id='word_1_529' title='bbox 3789 3734 3925 3773; x_wconf 88' lang='lat' dir='ltr'><strong>nam-</strong></span> 
     </span>
    </p>
   </div>
   <div class='ocr_carea' id='block_1_97' title="bbox 2358 3800 3924 3869">
    <p class='ocr_par' dir='ltr' id='par_1_97' title="bbox 2358 3800 3924 3869">
     <span class='ocr_line' id='line_1_97' title="bbox 2358 3800 3924 3869; baseline 0.008 -17"><span class='ocrx_word' id='word_1_530' title='bbox 2358 3813 2462 3867; x_wconf 89' lang='lat' dir='ltr'><strong>que</strong></span> <span class='ocrx_word' id='word_1_531' title='bbox 2520 3805 2676 3860; x_wconf 77' lang='grc' dir='ltr'><strong>σκηνή</strong></span> <span class='ocrx_word' id='word_1_532' title='bbox 2730 3800 3049 3867; x_wconf 90' lang='lat' dir='ltr'><strong>tentorium,</strong></span> <span class='ocrx_word' id='word_1_533' title='bbox 3088 3802 3264 3869; x_wconf 83' lang='lat' dir='ltr'><strong>fraus,</strong></span> <span class='ocrx_word' id='word_1_534' title='bbox 3312 3806 3717 3863; x_wconf 85' lang='lat' dir='ltr'><strong>tabernaculum</strong></span> <span class='ocrx_word' id='word_1_535' title='bbox 3768 3808 3924 3864; x_wconf 88' lang='lat' dir='ltr'><strong>inter-</strong></span> 
     </span>
    </p>
   </div>
   <div class='ocr_carea' id='block_1_98' title="bbox 2358 3888 3925 3967">
    <p class='ocr_par' dir='ltr' id='par_1_98' title="bbox 2358 3888 3925 3967">
     <span class='ocr_line' id='line_1_98' title="bbox 2358 3888 3925 3967; baseline 0.007 -26"><span class='ocrx_word' id='word_1_536' title='bbox 2358 3894 2615 3955; x_wconf 89' lang='lat' dir='ltr'><strong>pretatur.</strong></span> <span class='ocrx_word' id='word_1_537' title='bbox 2657 3888 2933 3958; x_wconf 82' lang='lat' dir='ltr'><strong>Accipitur</strong></span> <span class='ocrx_word' id='word_1_538' title='bbox 2960 3905 3057 3959; x_wconf 91' lang='lat' dir='ltr'><strong>pro</strong></span> <span class='ocrx_word' id='word_1_539' title='bbox 3078 3906 3142 3946; x_wconf 88' lang='lat' dir='ltr'><strong>ea</strong></span> <span class='ocrx_word' id='word_1_540' title='bbox 3173 3902 3322 3964; x_wconf 89' lang='lat' dir='ltr'><strong>parte</strong></span> <span class='ocrx_word' id='word_1_541' title='bbox 3361 3894 3554 3952; x_wconf 89' lang='lat' dir='ltr'><strong>theatri</strong></span> <span class='ocrx_word' id='word_1_542' title='bbox 3586 3914 3704 3967; x_wconf 66' lang='lat' dir='ltr'><strong>quas</strong></span> <span class='ocrx_word' id='word_1_543' title='bbox 3739 3900 3803 3954; x_wconf 90' lang='lat' dir='ltr'><strong>ab</strong></span> <span class='ocrx_word' id='word_1_544' title='bbox 3829 3912 3925 3954; x_wconf 91' lang='lat' dir='ltr'><strong>uno</strong></span> 
     </span>
    </p>
   </div>
   <div class='ocr_carea' id='block_1_99' title="bbox 2357 3976 3925 4060">
    <p class='ocr_par' dir='ltr' id='par_1_99' title="bbox 2357 3976 3925 4060">
     <span class='ocr_line' id='line_1_99' title="bbox 2357 3976 3925 4060; baseline 0.007 -28"><span class='ocrx_word' id='word_1_545' title='bbox 2357 3976 2475 4045; x_wconf 83' lang='lat' dir='ltr'><strong>ejus</strong></span> <span class='ocrx_word' id='word_1_546' title='bbox 2500 3992 2668 4033; x_wconf 90' lang='lat' dir='ltr'><strong>cornu</strong></span> <span class='ocrx_word' id='word_1_547' title='bbox 2702 3979 2771 4034; x_wconf 89' lang='lat' dir='ltr'><strong>ad</strong></span> <span class='ocrx_word' id='word_1_548' title='bbox 2801 3980 3028 4037; x_wconf 88' lang='lat' dir='ltr'><strong>alterum</strong></span> <span class='ocrx_word' id='word_1_549' title='bbox 3078 3981 3375 4039; x_wconf 86' lang='lat' dir='ltr'><strong>ducebatur</strong></span> <span class='ocrx_word' id='word_1_550' title='bbox 3418 3985 3472 4039; x_wconf 91' lang='lat' dir='ltr'><strong>in</strong></span> <span class='ocrx_word' id='word_1_551' title='bbox 3499 3984 3784 4060; x_wconf 84' lang='lat' dir='ltr'><strong>hemicycli</strong></span> <span class='ocrx_word' id='word_1_552' title='bbox 3820 3986 3925 4043; x_wconf 79' lang='lat' dir='ltr'><strong>for-</strong></span> 
     </span>
    </p>
   </div>
   <div class='ocr_carea' id='block_1_100' title="bbox 2357 4066 3924 4145">
    <p class='ocr_par' dir='ltr' id='par_1_100' title="bbox 2357 4066 3924 4145">
     <span class='ocr_line' id='line_1_100' title="bbox 2357 4066 3924 4145; baseline 0.008 -25"><span class='ocrx_word' id='word_1_553' title='bbox 2357 4082 2522 4121; x_wconf 90' lang='lat' dir='ltr'><strong>mam.</strong></span> <span class='ocrx_word' id='word_1_554' title='bbox 2557 4066 2614 4122; x_wconf 85' lang='lat' dir='ltr'><strong>In</strong></span> <span class='ocrx_word' id='word_1_555' title='bbox 2638 4082 2741 4138; x_wconf 90' lang='lat' dir='ltr'><strong>qua</strong></span> <span class='ocrx_word' id='word_1_556' title='bbox 2772 4068 2911 4125; x_wconf 90' lang='lat' dir='ltr'><strong>binis</strong></span> <span class='ocrx_word' id='word_1_557' title='bbox 2933 4070 3242 4139; x_wconf 89' lang='lat' dir='ltr'><strong>pluribusve</strong></span> <span class='ocrx_word' id='word_1_558' title='bbox 3280 4075 3769 4145; x_wconf 76' lang='lat' dir='ltr'><strong>contignationibus</strong></span> <span class='ocrx_word' id='word_1_559' title='bbox 3806 4093 3924 4133; x_wconf 89' lang='lat' dir='ltr'><strong>con-</strong></span> 
     </span>
    </p>
   </div>
   <div class='ocr_carea' id='block_1_101' title="bbox 2357 4158 3923 4230">
    <p class='ocr_par' dir='ltr' id='par_1_101' title="bbox 2357 4158 3923 4230">
     <span class='ocr_line' id='line_1_101' title="bbox 2357 4158 3923 4230; baseline 0.007 -19"><span class='ocrx_word' id='word_1_560' title='bbox 2357 4165 2543 4225; x_wconf 88' lang='lat' dir='ltr'><strong>strata,</strong></span> <span class='ocrx_word' id='word_1_561' title='bbox 2600 4158 2805 4215; x_wconf 81' lang='lat' dir='ltr'><strong>fabulas</strong></span> <span class='ocrx_word' id='word_1_562' title='bbox 2853 4161 3089 4230; x_wconf 89' lang='lat' dir='ltr'><strong>poeticas</strong></span> <span class='ocrx_word' id='word_1_563' title='bbox 3119 4163 3410 4221; x_wconf 87' lang='lat' dir='ltr'><strong>histriones</strong></span> <span class='ocrx_word' id='word_1_564' title='bbox 3440 4168 3753 4225; x_wconf 85' lang='lat' dir='ltr'><strong>recitabant.</strong></span> <span class='ocrx_word' id='word_1_565' title='bbox 3799 4169 3923 4224; x_wconf 84' lang='lat' dir='ltr'><strong>Hinc</strong></span> 
     </span>
    </p>
   </div>
   <div class='ocr_carea' id='block_1_102' title="bbox 2356 4248 3923 4328">
    <p class='ocr_par' dir='ltr' id='par_1_102' title="bbox 2356 4248 3923 4328">
     <span class='ocr_line' id='line_1_102' title="bbox 2356 4248 3923 4328; baseline 0.008 -26"><span class='ocrx_word' id='word_1_566' title='bbox 2356 4248 2415 4303; x_wconf 83' lang='lat' dir='ltr'><strong>ﬁt</strong></span> <span class='ocrx_word' id='word_1_567' title='bbox 2439 4249 2689 4318; x_wconf 84' lang='lat' dir='ltr'><strong>scenicus,</strong></span> <span class='ocrx_word' id='word_1_568' title='bbox 2717 4267 2771 4315; x_wconf 89' lang='lat' dir='ltr'><strong>a,</strong></span> <span class='ocrx_word' id='word_1_569' title='bbox 2793 4268 2900 4306; x_wconf 85' lang='lat' dir='ltr'><strong>um.</strong></span> <span class='ocrx_word' id='word_1_570' title='bbox 2930 4252 3081 4309; x_wconf 90' lang='lat' dir='ltr'><strong>Unde</strong></span> <span class='ocrx_word' id='word_1_571' title='bbox 3095 4268 3233 4309; x_wconf 85' lang='lat' dir='ltr'><strong>nunc</strong></span> <span class='ocrx_word' id='word_1_572' title='bbox 3259 4270 3435 4312; x_wconf 83' lang='lat' dir='ltr'><strong>musas</strong></span> <span class='ocrx_word' id='word_1_573' title='bbox 3461 4256 3793 4328; x_wconf 90' lang='lat' dir='ltr'><strong>philosophia</strong></span> <span class='ocrx_word' id='word_1_574' title='bbox 3816 4272 3923 4313; x_wconf 83' lang='lat' dir='ltr'><strong>sce-</strong></span> 
     </span>
    </p>
   </div>
   <div class='ocr_carea' id='block_1_103' title="bbox 2359 4336 3914 4413">
    <p class='ocr_par' dir='ltr' id='par_1_103' title="bbox 2359 4336 3914 4413">
     <span class='ocr_line' id='line_1_103' title="bbox 2359 4336 3914 4413; baseline 0.007 -21"><span class='ocrx_word' id='word_1_575' title='bbox 2359 4336 2526 4404; x_wconf 90' lang='lat' dir='ltr'><strong>nicas,</strong></span> <span class='ocrx_word' id='word_1_576' title='bbox 2556 4340 2945 4408; x_wconf 87' lang='lat' dir='ltr'><strong>meretriculas,</strong></span> <span class='ocrx_word' id='word_1_577' title='bbox 2980 4343 3332 4413; x_wconf 90' lang='lat' dir='ltr'><strong>ignominiose</strong></span> <span class='ocrx_word' id='word_1_578' title='bbox 3355 4356 3531 4401; x_wconf 85' lang='lat' dir='ltr'><strong>vocat.</strong></span> <span class='ocrx_word' id='word_1_579' title='bbox 3568 4348 3722 4403; x_wconf 91' lang='lat' dir='ltr'><strong>Dedit</strong></span> <span class='ocrx_word' id='word_1_580' title='bbox 3749 4357 3914 4403; x_wconf 84' lang='lat' dir='ltr'><strong>autem</strong></span> 
     </span>
    </p>
   </div>
   <div class='ocr_carea' id='block_1_104' title="bbox 2358 4426 3922 4508">
    <p class='ocr_par' dir='ltr' id='par_1_104' title="bbox 2358 4426 3922 4508">
     <span class='ocr_line' id='line_1_104' title="bbox 2358 4426 3922 4508; baseline 0.007 -27"><span class='ocrx_word' id='word_1_581' title='bbox 2358 4426 2448 4481; x_wconf 82' lang='lat' dir='ltr'><strong>hic</strong></span> <span class='ocrx_word' id='word_1_582' title='bbox 2475 4426 2622 4482; x_wconf 91' lang='lat' dir='ltr'><strong>locus</strong></span> <span class='ocrx_word' id='word_1_583' title='bbox 2669 4429 2937 4499; x_wconf 84' lang='lat' dir='ltr'><strong>plerisque</strong></span> <span class='ocrx_word' id='word_1_584' title='bbox 2968 4431 3144 4489; x_wconf 86' lang='lat' dir='ltr'><strong>minus</strong></span> <span class='ocrx_word' id='word_1_585' title='bbox 3168 4434 3390 4490; x_wconf 91' lang='lat' dir='ltr'><strong>eruditis</strong></span> <span class='ocrx_word' id='word_1_586' title='bbox 3425 4435 3722 4494; x_wconf 84' lang='lat' dir='ltr'><strong>insectandi</strong></span> <span class='ocrx_word' id='word_1_587' title='bbox 3751 4446 3922 4508; x_wconf 85' lang='lat' dir='ltr'><strong>poetas</strong></span> 
     </span>
    </p>
   </div>
   <div class='ocr_carea' id='block_1_105' title="bbox 2361 4520 3920 4597">
    <p class='ocr_par' dir='ltr' id='par_1_105' title="bbox 2361 4520 3920 4597">
     <span class='ocr_line' id='line_1_105' title="bbox 2361 4520 3920 4597; baseline 0.008 -27"><span class='ocrx_word' id='word_1_588' title='bbox 2361 4530 2394 4571; x_wconf 91' lang='lat' dir='ltr'><strong>a</strong></span> <span class='ocrx_word' id='word_1_589' title='bbox 2426 4532 2561 4582; x_wconf 90' lang='lat' dir='ltr'><strong>sam,</strong></span> <span class='ocrx_word' id='word_1_590' title='bbox 2594 4531 2699 4573; x_wconf 92' lang='lat' dir='ltr'><strong>non</strong></span> <span class='ocrx_word' id='word_1_591' title='bbox 2741 4520 3283 4579; x_wconf 88' lang='lat' dir='ltr'><strong>animadvertentibus</strong></span> <span class='ocrx_word' id='word_1_592' title='bbox 3331 4523 3437 4579; x_wconf 91' lang='lat' dir='ltr'><strong>duo</strong></span> <span class='ocrx_word' id='word_1_593' title='bbox 3460 4540 3585 4582; x_wconf 88' lang='lat' dir='ltr'><strong>esse</strong></span> <span class='ocrx_word' id='word_1_594' title='bbox 3614 4542 3795 4582; x_wconf 90' lang='lat' dir='ltr'><strong>eorum</strong></span> <span class='ocrx_word' id='word_1_595' title='bbox 3831 4541 3920 4597; x_wconf 76' lang='lat' dir='ltr'><strong>ge-</strong></span> 
     </span>
    </p>
   </div>
   <div class='ocr_carea' id='block_1_106' title="bbox 2356 4610 3920 4687">
    <p class='ocr_par' dir='ltr' id='par_1_106' title="bbox 2356 4610 3920 4687">
     <span class='ocr_line' id='line_1_106' title="bbox 2356 4610 3920 4687; baseline 0.007 -25"><span class='ocrx_word' id='word_1_596' title='bbox 2356 4622 2507 4675; x_wconf 90' lang='lat' dir='ltr'><strong>nera,</strong></span> <span class='ocrx_word' id='word_1_597' title='bbox 2538 4624 2764 4679; x_wconf 89' lang='lat' dir='ltr'><strong>quorum</strong></span> <span class='ocrx_word' id='word_1_598' title='bbox 2795 4610 3021 4671; x_wconf 86' lang='lat' dir='ltr'><strong>alterum</strong></span> <span class='ocrx_word' id='word_1_599' title='bbox 3064 4614 3276 4684; x_wconf 88' lang='lat' dir='ltr'><strong>quidem</strong></span> <span class='ocrx_word' id='word_1_600' title='bbox 3303 4615 3426 4685; x_wconf 88' lang='lat' dir='ltr'><strong>jure</strong></span> <span class='ocrx_word' id='word_1_601' title='bbox 3468 4617 3799 4687; x_wconf 87' lang='lat' dir='ltr'><strong>philosophia</strong></span> <span class='ocrx_word' id='word_1_602' title='bbox 3841 4633 3920 4673; x_wconf 75' lang='lat' dir='ltr'><strong>cx-</strong></span> 
     </span>
    </p>
   </div>
   <div class='ocr_carea' id='block_1_107' title="bbox 2361 4698 3919 4779">
    <p class='ocr_par' dir='ltr' id='par_1_107' title="bbox 2361 4698 3919 4779">
     <span class='ocr_line' id='line_1_107' title="bbox 2361 4698 3919 4779; baseline 0.006 -26"><span class='ocrx_word' id='word_1_603' title='bbox 2361 4698 2526 4770; x_wconf 93' lang='lat' dir='ltr'><strong>plodit</strong></span> <span class='ocrx_word' id='word_1_604' title='bbox 2572 4708 2626 4755; x_wconf 89' lang='lat' dir='ltr'><strong>et</strong></span> <span class='ocrx_word' id='word_1_605' title='bbox 2653 4700 2915 4770; x_wconf 89' lang='lat' dir='ltr'><strong>eliminat,</strong></span> <span class='ocrx_word' id='word_1_606' title='bbox 2968 4705 3193 4760; x_wconf 89' lang='lat' dir='ltr'><strong>alterum</strong></span> <span class='ocrx_word' id='word_1_607' title='bbox 3222 4721 3351 4762; x_wconf 90' lang='lat' dir='ltr'><strong>vero</strong></span> <span class='ocrx_word' id='word_1_608' title='bbox 3381 4708 3552 4765; x_wconf 89' lang='lat' dir='ltr'><strong>libens</strong></span> <span class='ocrx_word' id='word_1_609' title='bbox 3599 4710 3919 4779; x_wconf 88' lang='lat' dir='ltr'><strong>amplectitur</strong></span> 
     </span>
    </p>
   </div>
   <div class='ocr_carea' id='block_1_108' title="bbox 2358 4782 3916 4870">
    <p class='ocr_par' dir='ltr' id='par_1_108' title="bbox 2358 4782 3916 4870">
     <span class='ocr_line' id='line_1_108' title="bbox 2358 4782 3916 4870; baseline 0.005 -26"><span class='ocrx_word' id='word_1_610' title='bbox 2358 4805 2618 4860; x_wconf 90' lang='lat' dir='ltr'><strong>suumque</strong></span> <span class='ocrx_word' id='word_1_611' title='bbox 2643 4794 2904 4862; x_wconf 88' lang='lat' dir='ltr'><strong>agnoscit.</strong></span> <span class='ocrx_word' id='word_1_612' title='bbox 2953 4794 3045 4850; x_wconf 85' lang='lat' dir='ltr'><strong>Est</strong></span> <span class='ocrx_word' id='word_1_613' title='bbox 3087 4799 3230 4851; x_wconf 91' lang='lat' dir='ltr'><strong>enim</strong></span> <span class='ocrx_word' id='word_1_614' title='bbox 3259 4782 3386 4853; x_wconf 78' lang='lat' dir='ltr'><strong>illud</strong></span> <span class='ocrx_word' id='word_1_615' title='bbox 3434 4798 3573 4869; x_wconf 90' lang='lat' dir='ltr'><strong>leve,</strong></span> <span class='ocrx_word' id='word_1_616' title='bbox 3617 4799 3916 4870; x_wconf 68' lang='lat' dir='ltr'><strong>grmculum,</strong></span> 
     </span>
    </p>
   </div>
   <div class='ocr_carea' id='block_1_109' title="bbox 2359 4881 3917 4961">
    <p class='ocr_par' dir='ltr' id='par_1_109' title="bbox 2359 4881 3917 4961">
     <span class='ocr_line' id='line_1_109' title="bbox 2359 4881 3917 4961; baseline 0.004 -26"><span class='ocrx_word' id='word_1_617' title='bbox 2359 4881 2523 4937; x_wconf 89' lang='lat' dir='ltr'><strong>meris</strong></span> <span class='ocrx_word' id='word_1_618' title='bbox 2550 4881 2702 4953; x_wconf 84' lang='lat' dir='ltr'><strong>nugis</strong></span> <span class='ocrx_word' id='word_1_619' title='bbox 2716 4883 2992 4951; x_wconf 78' lang='lat' dir='ltr'><strong>refertum,</strong></span> <span class='ocrx_word' id='word_1_620' title='bbox 3020 4895 3074 4941; x_wconf 90' lang='lat' dir='ltr'><strong>et</strong></span> <span class='ocrx_word' id='word_1_621' title='bbox 3104 4896 3306 4943; x_wconf 88' lang='lat' dir='ltr'><strong>tantum</strong></span> <span class='ocrx_word' id='word_1_622' title='bbox 3336 4889 3402 4943; x_wconf 90' lang='lat' dir='ltr'><strong>ad</strong></span> <span class='ocrx_word' id='word_1_623' title='bbox 3432 4891 3640 4946; x_wconf 91' lang='lat' dir='ltr'><strong>aurium</strong></span> <span class='ocrx_word' id='word_1_624' title='bbox 3680 4901 3917 4961; x_wconf 88' lang='lat' dir='ltr'><strong>spectans</strong></span> 
     </span>
    </p>
   </div>
   <div class='ocr_carea' id='block_1_110' title="bbox 2361 4970 3917 5050">
    <p class='ocr_par' dir='ltr' id='par_1_110' title="bbox 2361 4970 3917 5050">
     <span class='ocr_line' id='line_1_110' title="bbox 2361 4970 3917 5050; baseline 0.008 -27"><span class='ocrx_word' id='word_1_625' title='bbox 2361 4970 2714 5040; x_wconf 70' lang='lat' dir='ltr'><strong>Voluptatem.</strong></span> <span class='ocrx_word' id='word_1_626' title='bbox 2742 4975 2893 5044; x_wconf 86' lang='lat' dir='ltr'><strong>Quod</strong></span> <span class='ocrx_word' id='word_1_627' title='bbox 2913 4991 3081 5045; x_wconf 88' lang='lat' dir='ltr'><strong>genus</strong></span> <span class='ocrx_word' id='word_1_628' title='bbox 3108 4979 3351 5050; x_wconf 91' lang='lat' dir='ltr'><strong>vulgares</strong></span> <span class='ocrx_word' id='word_1_629' title='bbox 3389 4991 3515 5037; x_wconf 87' lang='lat' dir='ltr'><strong>sunt</strong></span> <span class='ocrx_word' id='word_1_630' title='bbox 3541 4982 3917 5038; x_wconf 82' lang='lat' dir='ltr'><strong>versilicatores</strong></span> 
     </span>
    </p>
   </div>
   <div class='ocr_carea' id='block_1_111' title="bbox 2359 5061 3915 5141">
    <p class='ocr_par' dir='ltr' id='par_1_111' title="bbox 2359 5061 3915 5141">
     <span class='ocr_line' id='line_1_111' title="bbox 2359 5061 3915 5141; baseline 0.008 -27"><span class='ocrx_word' id='word_1_631' title='bbox 2359 5061 2525 5117; x_wconf 92' lang='lat' dir='ltr'><strong>animi</strong></span> <span class='ocrx_word' id='word_1_632' title='bbox 2563 5064 3050 5132; x_wconf 86' lang='lat' dir='ltr'><strong>perturbationibus</strong></span> <span class='ocrx_word' id='word_1_633' title='bbox 3071 5072 3497 5141; x_wconf 89' lang='lat' dir='ltr'><strong>succumbentes,</strong></span> <span class='ocrx_word' id='word_1_634' title='bbox 3544 5074 3797 5129; x_wconf 87' lang='lat' dir='ltr'><strong>amatoria</strong></span> <span class='ocrx_word' id='word_1_635' title='bbox 3825 5074 3915 5126; x_wconf 89' lang='lat' dir='ltr'><strong>im-</strong></span> 
     </span>
    </p>
   </div>
   <div class='ocr_carea' id='block_1_112' title="bbox 2363 5151 3914 5234">
    <p class='ocr_par' dir='ltr' id='par_1_112' title="bbox 2363 5151 3914 5234">
     <span class='ocr_line' id='line_1_112' title="bbox 2363 5151 3914 5234; baseline 0.008 -31"><span class='ocrx_word' id='word_1_636' title='bbox 2363 5151 2665 5222; x_wconf 90' lang='lat' dir='ltr'><strong>pudicaque</strong></span> <span class='ocrx_word' id='word_1_637' title='bbox 2693 5156 2929 5217; x_wconf 89' lang='lat' dir='ltr'><strong>carmina</strong></span> <span class='ocrx_word' id='word_1_638' title='bbox 2960 5158 3279 5221; x_wconf 86' lang='lat' dir='ltr'><strong>meditantes</strong></span> <span class='ocrx_word' id='word_1_639' title='bbox 3316 5181 3329 5216; x_wconf 90' lang='lat'><strong>:</strong></span> <span class='ocrx_word' id='word_1_640' title='bbox 3358 5179 3583 5234; x_wconf 90' lang='lat' dir='ltr'><strong>quorum</strong></span> <span class='ocrx_word' id='word_1_641' title='bbox 3607 5171 3666 5218; x_wconf 84' lang='lat' dir='ltr'><strong>&#39;ut</strong></span> <span class='ocrx_word' id='word_1_642' title='bbox 3699 5167 3819 5230; x_wconf 84' lang='lat' dir='ltr'><strong>vita,</strong></span> <span class='ocrx_word' id='word_1_643' title='bbox 3843 5163 3914 5215; x_wconf 90' lang='lat' dir='ltr'><strong>sic</strong></span> 
     </span>
    </p>
   </div>
   <div class='ocr_carea' id='block_1_113' title="bbox 2355 5248 3913 5327">
    <p class='ocr_par' dir='ltr' id='par_1_113' title="bbox 2355 5248 3913 5327">
     <span class='ocr_line' id='line_1_113' title="bbox 2355 5248 3913 5327; baseline 0.007 -30"><span class='ocrx_word' id='word_1_644' title='bbox 2355 5252 2409 5298; x_wconf 91' lang='lat' dir='ltr'><strong>et</strong></span> <span class='ocrx_word' id='word_1_645' title='bbox 2438 5258 2630 5301; x_wconf 90' lang='lat' dir='ltr'><strong>versus</strong></span> <span class='ocrx_word' id='word_1_646' title='bbox 2656 5261 2689 5301; x_wconf 94' lang='lat' dir='ltr'><strong>a</strong></span> <span class='ocrx_word' id='word_1_647' title='bbox 2718 5248 3055 5319; x_wconf 77' lang='lat' dir='ltr'><strong>phi1050phia</strong></span> <span class='ocrx_word' id='word_1_648' title='bbox 3069 5261 3193 5307; x_wconf 89' lang='lat' dir='ltr'><strong>sunt</strong></span> <span class='ocrx_word' id='word_1_649' title='bbox 3220 5255 3400 5323; x_wconf 86' lang='lat' dir='ltr'><strong>alieni,</strong></span> <span class='ocrx_word' id='word_1_650' title='bbox 3422 5268 3476 5313; x_wconf 93' lang='lat' dir='ltr'><strong>et</strong></span> <span class='ocrx_word' id='word_1_651' title='bbox 3504 5261 3580 5327; x_wconf 92' lang='lat' dir='ltr'><strong>(ut</strong></span> <span class='ocrx_word' id='word_1_652' title='bbox 3605 5266 3745 5312; x_wconf 89' lang='lat' dir='ltr'><strong>recte</strong></span> <span class='ocrx_word' id='word_1_653' title='bbox 3772 5256 3913 5311; x_wconf 88' lang='lat' dir='ltr'><strong>Flac-</strong></span> 
     </span>
    </p>
   </div>
   <div class='ocr_carea' id='block_1_114' title="bbox 2354 5334 3910 5415">
    <p class='ocr_par' dir='ltr' id='par_1_114' title="bbox 2354 5334 3910 5415">
     <span class='ocr_line' id='line_1_114' title="bbox 2354 5334 3910 5415; baseline 0.006 -25"><span class='ocrx_word' id='word_1_654' title='bbox 2354 5348 2449 5390; x_wconf 90' lang='lat' dir='ltr'><strong>cus</strong></span> <span class='ocrx_word' id='word_1_655' title='bbox 2478 5334 2576 5407; x_wconf 87' lang='lat' dir='ltr'><strong>ait)</strong></span> <span class='ocrx_word' id='word_1_656' title='bbox 2607 5336 2796 5408; x_wconf 92' lang='lat' dir='ltr'><strong>inopes</strong></span> <span class='ocrx_word' id='word_1_657' title='bbox 2842 5356 3021 5396; x_wconf 85' lang='lat' dir='ltr'><strong>rerum</strong></span> <span class='ocrx_word' id='word_1_658' title='bbox 3057 5359 3315 5415; x_wconf 82' lang='lat' dir='ltr'><strong>nugaeque</strong></span> <span class='ocrx_word' id='word_1_659' title='bbox 3350 5363 3583 5406; x_wconf 73' lang='lat' dir='ltr'><strong>canorae.</strong></span> <span class='ocrx_word' id='word_1_660' title='bbox 3624 5349 3695 5403; x_wconf 87' lang='lat' dir='ltr'><strong>De</strong></span> <span class='ocrx_word' id='word_1_661' title='bbox 3734 5346 3910 5414; x_wconf 88' lang='lat' dir='ltr'><strong>hujus-</strong></span> 
     </span>
    </p>
   </div>
   <div class='ocr_carea' id='block_1_115' title="bbox 2354 5424 3910 5496">
    <p class='ocr_par' dir='ltr' id='par_1_115' title="bbox 2354 5424 3910 5496">
     <span class='ocr_line' id='line_1_115' title="bbox 2354 5424 3910 5496; baseline 0.005 -15"><span class='ocrx_word' id='word_1_662' title='bbox 2354 5424 2500 5481; x_wconf 90' lang='lat' dir='ltr'><strong>modi</strong></span> <span class='ocrx_word' id='word_1_663' title='bbox 2526 5426 2734 5496; x_wconf 91' lang='lat' dir='ltr'><strong>poetica</strong></span> <span class='ocrx_word' id='word_1_664' title='bbox 2761 5428 2897 5486; x_wconf 82' lang='lat' dir='ltr'><strong>dixit</strong></span> <span class='ocrx_word' id='word_1_665' title='bbox 2917 5429 3048 5487; x_wconf 89' lang='lat' dir='ltr'><strong>Cato</strong></span> <span class='ocrx_word' id='word_1_666' title='bbox 3071 5435 3125 5488; x_wconf 89' lang='lat' dir='ltr'><strong>in</strong></span> <span class='ocrx_word' id='word_1_667' title='bbox 3155 5436 3393 5493; x_wconf 73' lang='lat' dir='ltr'><strong>carmine</strong></span> <span class='ocrx_word' id='word_1_668' title='bbox 3413 5438 3482 5493; x_wconf 91' lang='lat' dir='ltr'><strong>de</strong></span> <span class='ocrx_word' id='word_1_669' title='bbox 3508 5438 3765 5493; x_wconf 84' lang='lat' dir='ltr'><strong>Moribus:</strong></span> <span class='ocrx_word' id='word_1_670' title='bbox 3788 5435 3910 5490; x_wconf 87' lang='lat' dir='ltr'><strong>Poe-</strong></span> 
     </span>
    </p>
   </div>
   <div class='ocr_carea' id='block_1_116' title="bbox 2352 5511 3909 5598">
    <p class='ocr_par' dir='ltr' id='par_1_116' title="bbox 2352 5511 3909 5598">
     <span class='ocr_line' id='line_1_116' title="bbox 2352 5511 3909 5598; baseline 0.007 -29"><span class='ocrx_word' id='word_1_671' title='bbox 2352 5515 2471 5571; x_wconf 67' lang='lat' dir='ltr'><strong>ticae</strong></span> <span class='ocrx_word' id='word_1_672' title='bbox 2492 5511 2621 5585; x_wconf 85' lang='lat' dir='ltr'><strong>artis</strong></span> <span class='ocrx_word' id='word_1_673' title='bbox 2650 5519 2820 5574; x_wconf 90' lang='lat' dir='ltr'><strong>honos</strong></span> <span class='ocrx_word' id='word_1_674' title='bbox 2851 5536 2954 5576; x_wconf 92' lang='lat' dir='ltr'><strong>non</strong></span> <span class='ocrx_word' id='word_1_675' title='bbox 2983 5534 3118 5590; x_wconf 88' lang='lat' dir='ltr'><strong>erat,</strong></span> <span class='ocrx_word' id='word_1_676' title='bbox 3162 5527 3207 5581; x_wconf 88' lang='lat' dir='ltr'><strong>si</strong></span> <span class='ocrx_word' id='word_1_677' title='bbox 3237 5531 3354 5598; x_wconf 90' lang='lat' dir='ltr'><strong>quis</strong></span> <span class='ocrx_word' id='word_1_678' title='bbox 3395 5532 3445 5586; x_wconf 95' lang='lat' dir='ltr'><strong>in</strong></span> <span class='ocrx_word' id='word_1_679' title='bbox 3477 5547 3540 5587; x_wconf 88' lang='lat' dir='ltr'><strong>ea</strong></span> <span class='ocrx_word' id='word_1_680' title='bbox 3562 5545 3625 5584; x_wconf 88' lang='lat' dir='ltr'><strong>re</strong></span> <span class='ocrx_word' id='word_1_681' title='bbox 3651 5527 3909 5593; x_wconf 86' lang='lat' dir='ltr'><strong>studebat,</strong></span> 
     </span>
    </p>
   </div>
   <div class='ocr_carea' id='block_1_117' title="bbox 2349 5608 3923 5687">
    <p class='ocr_par' dir='ltr' id='par_1_117' title="bbox 2349 5608 3923 5687">
     <span class='ocr_line' id='line_1_117' title="bbox 2349 5608 3923 5687; baseline 0.006 -27"><span class='ocrx_word' id='word_1_682' title='bbox 2349 5616 2442 5661; x_wconf 90' lang='lat' dir='ltr'><strong>aut</strong></span> <span class='ocrx_word' id='word_1_683' title='bbox 2485 5621 2606 5663; x_wconf 90' lang='lat' dir='ltr'><strong>sese</strong></span> <span class='ocrx_word' id='word_1_684' title='bbox 2630 5608 2698 5663; x_wconf 89' lang='lat' dir='ltr'><strong>ad</strong></span> <span class='ocrx_word' id='word_1_685' title='bbox 2729 5612 2973 5668; x_wconf 90' lang='lat' dir='ltr'><strong>convivia</strong></span> <span class='ocrx_word' id='word_1_686' title='bbox 3024 5616 3342 5687; x_wconf 87' lang='lat' dir='ltr'><strong>applicabat,</strong></span> <span class='ocrx_word' id='word_1_687' title='bbox 3393 5622 3685 5678; x_wconf 74' lang='lat' dir='ltr'><strong>Grassatur</strong></span> <span class='ocrx_word' id='word_1_688' title='bbox 3709 5617 3923 5673; x_wconf 85' lang='lat' dir='ltr'><strong>vocaba-</strong></span> 
     </span>
    </p>
   </div>
   <div class='ocr_carea' id='block_1_118' title="bbox 2351 5695 3922 5785">
    <p class='ocr_par' dir='ltr' id='par_1_118' title="bbox 2351 5695 3922 5785">
     <span class='ocr_line' id='line_1_118' title="bbox 2351 5695 3922 5785; baseline 0.008 -36"><span class='ocrx_word' id='word_1_689' title='bbox 2351 5706 2457 5751; x_wconf 90' lang='lat' dir='ltr'><strong>tur.</strong></span> <span class='ocrx_word' id='word_1_690' title='bbox 2504 5695 2571 5752; x_wconf 86' lang='lat' dir='ltr'><strong>Et</strong></span> <span class='ocrx_word' id='word_1_691' title='bbox 2607 5698 2761 5754; x_wconf 88' lang='lat' dir='ltr'><strong>divus</strong></span> <span class='ocrx_word' id='word_1_692' title='bbox 2792 5701 3148 5778; x_wconf 87' lang='lat' dir='ltr'><strong>Hieronymus</strong></span> <span class='ocrx_word' id='word_1_693' title='bbox 3172 5709 3239 5765; x_wconf 91' lang='lat' dir='ltr'><strong>de</strong></span> <span class='ocrx_word' id='word_1_694' title='bbox 3263 5709 3370 5767; x_wconf 89' lang='lat' dir='ltr'><strong>ﬁlio</strong></span> <span class='ocrx_word' id='word_1_695' title='bbox 3400 5716 3635 5785; x_wconf 68' lang='lat' dir='ltr'><strong>prodigo</strong></span> <span class='ocrx_word' id='word_1_696' title='bbox 3652 5710 3719 5764; x_wconf 90' lang='lat' dir='ltr'><strong>ad</strong></span> <span class='ocrx_word' id='word_1_697' title='bbox 3740 5709 3922 5763; x_wconf 88' lang='lat' dir='ltr'><strong>Dama-</strong></span> 
     </span>
    </p>
   </div>
   <div class='ocr_carea' id='block_1_119' title="bbox 2348 5791 3905 5873">
    <p class='ocr_par' dir='ltr' id='par_1_119' title="bbox 2348 5791 3905 5873">
     <span class='ocr_line' id='line_1_119' title="bbox 2348 5791 3905 5873; baseline 0.008 -30"><span class='ocrx_word' id='word_1_698' title='bbox 2348 5804 2466 5844; x_wconf 89' lang='lat' dir='ltr'><strong>sum</strong></span> <span class='ocrx_word' id='word_1_699' title='bbox 2489 5791 2762 5849; x_wconf 90' lang='lat' dir='ltr'><strong>scribcns:</strong></span> <span class='ocrx_word' id='word_1_700' title='bbox 2794 5794 3122 5865; x_wconf 64' lang='lat' dir='ltr'><strong>Daemonum,</strong></span> <span class='ocrx_word' id='word_1_701' title='bbox 3159 5802 3349 5873; x_wconf 90' lang='lat' dir='ltr'><strong>inquit,</strong></span> <span class='ocrx_word' id='word_1_702' title='bbox 3379 5808 3527 5862; x_wconf 85' lang='lat' dir='ltr'><strong>cibus</strong></span> <span class='ocrx_word' id='word_1_703' title='bbox 3551 5812 3635 5861; x_wconf 88' lang='lat' dir='ltr'><strong>est</strong></span> <span class='ocrx_word' id='word_1_704' title='bbox 3683 5801 3905 5858; x_wconf 88' lang='lat' dir='ltr'><strong>carmina</strong></span> 
     </span>
    </p>
   </div>
   <div class='ocr_carea' id='block_1_120' title="bbox 2350 5891 3898 5966">
    <p class='ocr_par' dir='ltr' id='par_1_120' title="bbox 2350 5891 3898 5966">
     <span class='ocr_line' id='line_1_120' title="bbox 2350 5891 3898 5966; baseline 0.01 -26"><span class='ocrx_word' id='word_1_705' title='bbox 2350 5895 2654 5961; x_wconf 88' lang='lat' dir='ltr'><strong>poetarum,</strong></span> <span class='ocrx_word' id='word_1_706' title='bbox 2685 5891 2961 5949; x_wconf 83' lang='lat' dir='ltr'><strong>saecularis</strong></span> <span class='ocrx_word' id='word_1_707' title='bbox 2983 5898 3263 5965; x_wconf 83' lang='lat' dir='ltr'><strong>sapientia,</strong></span> <span class='ocrx_word' id='word_1_708' title='bbox 3310 5900 3689 5958; x_wconf 88' lang='lat' dir='ltr'><strong>rhetoricorum</strong></span> <span class='ocrx_word' id='word_1_709' title='bbox 3720 5909 3898 5966; x_wconf 75' lang='lat' dir='ltr'><strong>pompa</strong></span> 
     </span>
    </p>
   </div>
  </div>
