4290 6258
467 392 569 447 893

1379 382 1763 443 MURMELLII
1802 382 1888 438 ET
1930 378 2304 437 AGRICOUE
2343 379 2859 442 COMMENTARIA.

3623 389 3721 447 895

464 486 771 561 verborum.
833 504 958 561 Haec
996 498 1102 562 sua
1132 517 1320 560 omnes
1373 505 1637 557 suavitate
1682 500 1967 564 delectant,
1998 506 2053 552 et
2077 502 2126 561 Α
2154 497 2414 551 Martialis
2445 498 2716 568 eleganter
2744 500 2963 556 Sirenas
3006 511 3160 556 vocat
3204 501 3427 558 hilarem
3472 505 3721 574 navigan-

460 603 586 655 dum
634 614 793 656 aures
841 599 1086 656 versibus
1131 599 1273 653 dulci
1309 596 1671 651 modulatione
1706 592 2043 648 currentibus

458 691 695 760 capiunt,
728 692 958 745 animam
998 706 1208 761 quoque
1266 697 1566 760 penetrant,
1593 696 1647 744 et
1677 688 1911 757 pectoris
1956 687 2041 741 in-

459 794 512 836 te
545 801 609 837 na
679 784 989 840 devincunt.
1045 785 1240 840 Verum
1301 783 1387 839 ubi
1436 798 1557 840 cum
1603 796 1815 838 summo
1860 780 2038 835 studio

457 876 654 932 fuerint
706 891 770 933 ac
820 876 1002 933 labore
1054 877 1307 947 perlecta,
1341 875 1471 930 nihil
1511 874 1655 930 aliud
1687 874 1790 929 nisi
1822 874 2037 928 inanem

453 982 646 1029 sonum
672 976 726 1022 et
763 968 1045 1037 strepitum
1073 967 1185 1023 suis
1225 967 1516 1022 lectoribus
1566 966 1825 1020 tribuunt.
1879 963 2036 1019 Nulla

454 1057 521 1111 ibi
556 1059 806 1113 saturitas
848 1059 1103 1121 veritatis,
1138 1058 1279 1113 nulla
1316 1056 1537 1113 refectio
1579 1055 1802 1126 justitize
1833 1055 2039 1125 reperi-

453 1158 573 1203 tur:
612 1150 837 1207 studiosi
867 1165 1051 1205 earum
1080 1150 1134 1207 in
1164 1150 1302 1204 fame
1330 1151 1466 1215 veri,
1495 1158 1551 1204 et
1576 1149 1833 1203 virtutum
1867 1162 2037 1217 penu-

450 1242 531 1297 ria
580 1253 947 1313 persevcrant.
1006 1244 1272 1299 Hactenus
1323 1242 1705 1314 Hieronymus.
1752 1241 1862 1296 Hoc
1904 1255 2035 1297 vero

451 1347 727 1404 poetarum
773 1351 944 1406 genus
972 1350 1151 1406 grave,
1196 1334 1655 1405 philosophicum,
1675 1340 1731 1388 et
1757 1339 2028 1400 sanctum,

450 1444 523 1485 ex
551 1429 755 1485 intimis
786 1428 1137 1498 philosophia:
1159 1427 1464 1483 secretariis
1489 1425 1626 1482 bene
1655 1426 1865 1481 vivendi
1895 1438 2031 1493 prte-

449 1527 603 1589 cepta
637 1518 923 1588 depromit,
967 1520 1212 1575 homines
1240 1532 1268 1571 a
1298 1517 1443 1572 vitiis
1479 1515 1676 1572 acriter
1729 1515 2026 1577 deterrens,

448 1620 505 1668 et
549 1611 615 1666 ad
657 1611 884 1666 virtutes
922 1609 1209 1680 diligenter
1258 1607 1688 1677 incitaus:quod
1716 1606 1921 1662 honore
1947 1604 2030 1660 di-

446 1716 608 1772 gnum
626 1708 709 1757 est
732 1700 991 1767 maximo,
1031 1711 1088 1754 ut
1112 1714 1322 1754 sacrum
1350 1695 1793 1767 etPhilosophiae
1814 1694 2030 1767 penitus

446 1794 697 1858 amicum,
728 1805 848 1862 quae
876 1792 929 1846 in
966 1790 1068 1847 hoc
1097 1805 1261 1860 opere
1288 1789 1597 1859 Euripidem
1647 1797 1702 1843 et
1749 1787 2024 1843 Lucanum

2148 593 2275 646 tium
2342 607 2579 662 pinnam,
2630 602 2686 649 et
2730 594 2946 650 crudele
2991 596 3257 663 gaudium.
3308 597 3441 652 Dino
3470 598 3720 658 Clitarchi

2148 697 2297 757 pater
2332 688 2563 743 afﬁrmat
2587 689 2637 743 in
2666 689 2812 744 lndia
2839 689 3058 745 Sirenas
3084 704 3201 745 esse
3231 690 3495 759 volucres,
3522 693 3718 747 mulce-

2142 778 2297 850 rique
2357 794 2539 835 earum
2580 791 2737 835 cantu
2763 821 2778 846 ,
2827 796 2961 849 quos
3004 790 3201 836 stratos
3246 796 3435 836 somno
3461 783 3715 840 lacerant.

2143 869 2322 925 Poetae
2370 870 2676 925 fabulantur
2726 881 2834 927 tres
2861 872 3079 928 Sirenes
3125 873 3309 941 fuisse,
3352 890 3571 946 quarum
3616 893 3716 935 una

2140 978 2293 1029 voce,
2327 965 2471 1019 tibiis
2493 966 2685 1031 altera,
2736 966 2893 1020 tertia
2925 966 3036 1037 lyra
3065 968 3387 1023 concineret.
3413 968 3715 1024 Secundum

2140 1057 2417 1111 veritatem
2446 1064 2624 1111 autem
2674 1059 2985 1113 meretrices
3030 1056 3195 1113 fuisse
3241 1059 3550 1123 creduntur,
3600 1076 3715 1127 qum

2137 1158 2495 1217 transeuntes,
2523 1152 2775 1221 quoniam
2801 1150 2863 1205 ad
2886 1160 3176 1220 egestatem
3198 1151 3546 1222 deducebant,
3581 1152 3714 1206 ﬁctae

2135 1251 2261 1298 sunt
2290 1242 2395 1297 illis
2422 1242 2620 1298 inferre
2653 1243 2945 1313 naufragia.

2200 1334 2384 1405 Usque
2407 1337 2459 1390 in
2491 1337 2701 1390 exitium
2723 1334 2917 1406 dulces]
2943 1335 3125 1391 Simile
3140 1335 3240 1391 hoc
3260 1345 3341 1391 est
3363 1336 3467 1391 illis
3496 1352 3712 1406 prover-

2134 1426 2257 1482 biis.
2286 1427 2510 1482 Lethale
2536 1428 2787 1496 mulsum,
2823 1427 2978 1482 Melle
3008 1428 3134 1483 litus
3163 1427 3391 1497 gladius,
3445 1436 3501 1483 et
3547 1428 3711 1484 Melli-

2134 1529 2247 1577 tum
2281 1536 2545 1576 vencnum
2586 1539 2601 1573 :
2633 1536 2751 1591 quae
2788 1521 3035 1576 dicuntur
3056 1521 3124 1575 de
3150 1536 3214 1575 eo
3244 1521 3386 1592 quod
3422 1520 3491 1574 ita
3521 1521 3708 1591 jucun-

2134 1613 2261 1667 dum
2288 1622 2389 1677 est,
2420 1622 2478 1666 ut
2507 1612 2647 1667 idem
2671 1612 2739 1667 sit
2769 1611 3145 1680 perniciosum.

2204 1701 2337 1756 Meis
2358 1700 2538 1772 musis]
2569 1702 2982 1771 Philosophicis,
3012 1702 3259 1771 gravibus
3287 1710 3341 1756 et
3376 1702 3575 1755 sanctis
3595 1716 3709 1755 car-

2131 1792 2387 1849 mini-bus.
2438 1791 2595 1858 Vide,
2648 1791 2879 1861 diligens
2932 1793 3121 1858 lector,
3181 1802 3238 1847 ut
3292 1792 3622 1861 philosophia
3655 1801 3709 1848 et

446 1881 734 1939 familiares
762 1896 889 1938 suos
927 1882 1178 1953 appellat.
1208 1881 1443 1950 Baptista
1474 1880 1789 1935 Mantuanus
1817 1879 1871 1934 in
1910 1878 2025 1947 epi-
2052 1880 2103 1947 B
2127 1897 2252 1938 suas
2278 1883 2453 1937 Musas
2477 1883 2689 1951 habeat.
2724 1882 2959 1939 Taceant
2992 1884 3150 1953 igitur
3172 1884 3323 1938 scioli
3352 1883 3705 1953 theologistaa.

348 2037 368 2057 .
445 1975 577 2031 Stola
620 1974 848 2045 quadam
879 1974 946 2028 ad
975 1972 1235 2029 Joannem
1264 1972 1609 2028 Franciscum
1638 1972 1817 2027 Picum
1846 1988 1861 2026 :
1886 1970 2021 2024 Poe-

445 2074 604 2134 mata,
637 2066 829 2136 inquit,
860 2065 1094 2121 obscena
1118 2074 1172 2120 et
1205 2063 1467 2134 impudica
1497 2072 1642 2129 sunt,
1667 2062 1869 2131 judicio
1901 2074 2021 2142 meo

444 2156 582 2214 inter
628 2173 754 2212 vera
788 2166 1052 2233 poemata,
1083 2156 1270 2228 quales
1336 2157 1476 2215 inter
1504 2154 1699 2226 probas
1751 2164 2021 2209 matronas

443 2250 745 2325 fornicariaz
784 2250 1115 2305 meretrices.
1167 2248 1280 2318 Ego
1309 2250 1451 2303 enim
1485 2261 1673 2317 poema
1715 2260 1919 2312 verum,
1966 2252 2023 2300 et

442 2341 583 2413 quod
603 2357 761 2398 omne
794 2351 1046 2412 punctum
1078 2340 1217 2396 ferre
1248 2340 1440 2411 possit,
1464 2354 1585 2394 esse
1604 2352 1713 2393 non
1736 2346 1883 2407 puto,
1917 2335 2021 2392 nisi

442 2435 515 2491 sit
536 2449 715 2505 grave,
749 2444 954 2491 castum
984 2448 1047 2490 ac
1072 2442 1315 2490 sanctum
1344 2452 1356 2485 :
1390 2432 1533 2500 quod
1551 2431 1799 2486 Horatius
1824 2430 2019 2496 innuit,

442 2526 626 2583 dicens
650 2545 666 2584 :
1044 2520 1050 2526 ’

564 2618 696 2669 Bem
712 2620 801 2671 tibi
822 2618 1083 2685 Socraticae
1106 2623 1337 2681 poterunt
1359 2616 1627 2668 ostendere
1646 2615 1846 2666 chartae.

513 2703 862 2774 Infruetuosts
886 2703 1074 2775 spinis]
1103 2703 1405 2758 Translatio
1441 2712 1523 2757 est
1560 2700 1627 2755 ab
1649 2716 1709 2757 re
1737 2700 1959 2758 rustica.

515 2794 824 2867 Profanum]
852 2796 1028 2851 Sacris
1066 2794 1263 2850 nostris
1292 2809 1395 2849 non
1424 2793 1708 2849 initiatum.

518 2879 565 2943 ι]
570 2888 607 2941 ti
626 2886 774 2959 vulgo
796 2884 1025 2958 solitum]
1058 2885 1402 2959 Parenth‘esis
1424 2894 1526 2939 est.

516 2979 583 3035 In
611 2978 691 3052 eo]
723 2980 780 3034 ln
802 2995 863 3035 ea
891 2995 970 3046 re,
990 2978 1046 3035 in
1073 2977 1405 3035 detrahendo
1434 2977 1675 3047 profano.

517 3069 722 3127 Nostris
745 3070 930 3144 operte]
949 3071 1181 3127 Labores
1200 3068 1390 3125 nostri.

514 3160 690 3235 Hunc]
724 3162 993 3219 Boetium.

2123 1980 2211 2047 qui
2259 1992 2384 2031 cum
2430 1978 2536 2031 sint
2582 1992 2611 2031 a
2658 1976 2819 2032 Musis
2848 1977 3189 2041 alienissimi,
3220 1992 3407 2032 earum
3438 1978 3708 2033 studiosos

2126 2067 2415 2123 temerario
2449 2082 2581 2122 ausu
2604 2076 2799 2123 νοωιιι
2822 2066 3126 2123 haereticos.

2195 2157 2299 2214 Ille
2327 2160 2535 2232 chorus]
2580 2161 2849 2217 Musarum
2880 2161 3292 2230 impudicarum,
3322 2168 3377 2214 et
3411 2173 3607 2229 pravos
3630 2160 3688 2215 af

2123 2250 2298 2308 fectus
2322 2252 2691 2308 excitantium.

2196 2344 2391 2415 Dejeeit
2413 2343 2645 2417 vultum]
2668 2343 2758 2400 Sic
2790 2345 2939 2400 Maro
2969 2345 3022 2399 in
3052 2344 3212 2399 tertio
3238 2342 3454 2399 Eneid.
3481 2362 3497 2400 :

2246 2438 2439 2502 Dejecit
2463 2440 2668 2501 vultum,
2694 2444 2747 2488 et
2769 2438 2980 2489 demissa
3007 2451 3126 2490 voce
3150 2440 3310 2489 locuta
3337 2446 3429 2490 est.

2195 2521 2378 2596 Humi]
2401 2523 2622 2579 Terram
2652 2537 2858 2577 versus.

2196 2614 2454 2686 Mastior]
2480 2616 2649 2671 Valde
2673 2624 2920 2682 maestus,
2940 2623 3032 2671 aut
3062 2616 3303 2672 maestior
3330 2630 3489 2691 quam
3512 2626 3707 2673 antea:

2124 2708 2388 2773 fuitenim
2412 2718 2466 2764 et
2495 2708 2563 2764 ab
2593 2709 2746 2764 initio
2776 2716 3033 2775 maestus;
3060 2710 3201 2764 unde
3225 2709 3374 2777 illud,

2253 2801 2452 2851 Lacerat
2473 2802 2655 2852 dictant
2676 2801 2936 2851 scribenda
2960 2801 3218 2852 Camenae.

2201 2882 2331 2937 Tam
2358 2881 2693 2956 imperiosae]
2724 2884 3050 2952 Imperiosus
3106 2883 3301 2938 dicitur
3331 2883 3490 2941 nimis
3526 2897 3708 2945 severa

2125 2977 2423 3047 imperans,
2455 2976 2672 3041 crudus,
2700 2984 2755 3031 et
2776 2974 2929 3046 quasi
2962 2983 3263 3031 ostentator
3284 2975 3514 3045 imperii.

2132 3144 2137 3147 ι
2200 3067 2571 3141 Auctoritatis]
2624 3069 2928 3123 Anotoritas
2966 3076 3048 3123 est
3098 3082 3165 3122 ex
3215 3068 3407 3125 mentis
3453 3068 3609 3123 bonis
3656 3078 3709 3126 et

2128 3163 2371 3232 corporis
2392 3161 2637 3232 quaedam
2665 3161 2900 3216 conﬂata
2927 3160 3178 3231 dignitas,
3226 3176 3347 3231 quae
3381 3160 3547 3216 efﬁcit
3587 3176 3708 3217 cum

515 3251 758 3309 Eleaticis
778 3252 983 3326 studiis]
1010 3250 1327 3308 Dialecticis.
1355 3250 1503 3317 Elea,
1538 3250 1663 3305 urbs
1712 3248 1932 3307 Gracia:
1967 3251 2021 3305 in
2048 3248 2098 3315 (Ξ
2125 3270 2222 3312 sua
2270 3255 2575 3327 praesentia,
2631 3263 2740 3310 tum
2769 3258 2932 3310 etiam
2974 3256 3242 3320 oratione,
3290 3265 3348 3309 ut
3398 3256 3577 3311 caueri
3609 3256 3709 3325 ipsi

441 3342 646 3401 Eolica
667 3346 902 3415 regione,
953 3345 1039 3399 ubi
1068 3352 1222 3399 natus
1268 3352 1351 3399 est
1380 3342 1555 3408 Zeno,
1597 3340 1903 3397 dialectices
1941 3342 2024 3396 in-

441 3445 647 3491 ventor.
673 3436 808 3491 llinc
831 3436 1061 3491 Eleatica
1091 3434 1269 3490 studia
1298 3434 1546 3487 dicuntur
1561 3432 1860 3487 dialectica.
1885 3432 2025 3486 Atti-

441 3541 536 3581 cus
561 3526 861 3582 Platonicus
884 3529 938 3581 in
962 3541 1027 3581 eo
1051 3527 1187 3580 libro
1211 3540 1368 3596 quem
1396 3525 1651 3581 adversus
1672 3538 1766 3581 eos
1784 3523 2021 3595 scripsit,

437 3618 532 3689 qui
583 3619 974 3675 Aristotelicam
1026 3619 1288 3674 habentes
1342 3618 1641 3684 scientiam,
1694 3616 2023 3672 Platonicam

440 3710 681 3785 proﬁteri
710 3725 815 3764 non
846 3710 1065 3765 audent.
1098 3710 1241 3765 Zeno
1283 3719 1459 3766 autem
1488 3718 1541 3764 et
1569 3723 1757 3764 omnes
1787 3708 2022 3765 Eleatica

441 3801 722 3872 disciplina
753 3803 938 3874 logicze
959 3803 1299 3859 solummodo
1326 3804 1665 3860 studuerunt.

510 3893 847 3966 Academicis]
886 3894 1197 3951 Platonicis.
1221 3896 1509 3952 Academia
1542 3896 1689 3951 locus
1719 3894 1816 3951 fttit
1838 3910 2024 3952 nemo-

440 3999 616 4053 rosus,
650 3988 717 4043 ab
758 3989 989 4045 Athenis
1023 3989 1169 4045 mille
1222 3989 1467 4058 passibus
1511 3988 1739 4056 distans,
1790 3988 2022 4044 Platonis

436 4079 723 4149 gymnasio
753 4079 972 4134 nobilis.
997 4078 1135 4134 Hinc
1168 4078 1473 4135 Academici
1503 4079 1647 4146 dicti,
1679 4078 1794 4150 ejus
1822 4088 2021 4135 sectam

436 4164 703 4224 tenentes.
901 4183 904 4185 λ
1394 4244 1395 4247 η

510 4260 827 4334 Enutritum]
861 4261 1179 4331 Educatum,
1229 4264 1549 4335 saginatum,
1594 4265 1884 4322 excultum.
1925 4265 2021 4321 Hic

441 4361 616 4408 autem
645 4352 1008 4424 subintellige,
1035 4363 1225 4409 vestrae
1255 4354 1525 4410 blanditia:
1560 4354 1713 4410 nobis
1739 4355 2022 4411 detrahere

440 4452 721 4507 conantur,
773 4453 865 4499 aut
897 4445 1071 4500 simile
1111 4445 1419 4516 quidpiam:
1452 4454 1619 4502 etest
1659 4448 2020 4508 ἀποσιώπησις

438 4539 628 4611 ﬁgura,
676 4538 1022 4595 vehementer
1067 4541 1218 4596 iratze
1260 4540 1616 4611 philosophiae
1672 4542 2017 4609 conveniens,

2124 3348 2480 3409 reverentiam
2504 3355 2765 3419 praestent
2785 3355 2838 3402 et
2865 3353 3156 3417 sequantur
3178 3346 3503 3415 exemplum.

2195 3439 2263 3495 In
2318 3450 2544 3494 extrema
2590 3438 2759 3493 lectuli
2788 3439 2884 3494 mei
2919 3435 3093 3508 parte]
3135 3437 3458 3494 Medicorum
3506 3452 3708 3494 morem

2124 3533 2394 3604 expressit
2424 3541 2629 3601 aegroto
2658 3530 3035 3586 assidentium.

2667 3620 2733 3676 IN
2772 3620 3061 3676 METRUM
3102 3622 3163 3675 ll.

2195 3712 2421 3768 Carmen
2449 3712 2548 3783 hoc
2576 3711 2771 3767 dicitur
2792 3711 3131 3776 Alcmanium,
3178 3709 3518 3781 dactylicum,
3544 3718 3709 3764 tetra-

2125 3816 2374 3871 metrum,
2424 3805 2931 3877 hypercatalectum.
2966 3806 3418 3869 Alcmanium,ab
3453 3806 3708 3859 Alcmane

2123 3899 2426 3964 inventore,
2480 3898 2719 3971 'Alxuaih,
2782 3905 2933 3965 poeta
2988 3897 3204 3967 lyricus,
3258 3897 3550 3951 Laconicus
3599 3897 3710 3955 sive

2124 3991 2440 4058 Messenios,
2464 3991 2711 4045 inventor
2733 3980 2976 4043 a'matorii
3001 3988 3275 4054 carminis,
3302 3988 3513 4057 scripsit
3534 3988 3709 4058 lingua

2124 4083 2336 4139 Dorica.
2365 4082 2441 4136 De
2470 4083 2569 4136 hoc
2594 4080 2845 4150 Papinius
2870 4081 2923 4134 in
2948 4080 3142 4136 Silvis:

2249 4173 2467 4234 Obsitus,
2493 4180 2545 4221 et
2570 4172 2754 4221 tetricis
2774 4170 2976 4221 Alcman
3000 4177 3220 4221 cantatus
3243 4170 3452 4233 Amyclis

2129 4255 2405 4311 Ridiculus
2450 4255 2605 4323 igitur
2653 4264 2735 4309 est
2779 4267 2963 4309 eorum
3010 4270 3164 4309 error
3200 4269 3227 4306 a
3267 4255 3459 4324 quibus
3488 4253 3709 4311 Alcinan

2128 4348 2298 4403 tribus
2326 4347 2546 4418 syllabis
2574 4344 2868 4416 profertur.
2902 4347 3254 4416 Dactylicum,
3286 4362 3314 4399 a
3345 4347 3479 4416 pede
3508 4346 3710 4416 princi-

2124 4442 2229 4508 pali
2264 4459 2277 4495 :
2312 4450 2700 4505 tetrametrum,
2740 4454 2770 4493 a
2798 4454 3023 4494 numero
3074 4440 3264 4509 pedum
3294 4457 3306 4491 :
3340 4440 3707 4510 hypercatale-

2126 4543 2269 4588 ctum
2296 4533 2510 4597 dicitur,
2541 4531 2682 4602 quod
2707 4531 2910 4602 syllaba
2938 4540 3059 4600 post
3083 4532 3219 4586 duos
3241 4531 3443 4598 priores
3466 4531 3626 4599 pedes
3655 4532 3708 4589 in

437 4645 597 4700 quam
627 4628 815 4685 Cicero
854 4631 1208 4698 reticentiam,
1237 4631 1423 4687 Celsus
1477 4633 1820 4688 obticentiam
1840 4676 1855 4701 ,
1881 4650 2019 4690 non-
2047 4625 2101 4691 D
2125 4626 2301 4680 medio
2320 4631 2586 4693 superest.
2604 4620 2826 4678 Constat
2848 4637 3051 4677 caesura
3074 4622 3450 4690 semiquinaria
3470 4622 3706 4690 heroica,

437 4718 569 4771 nulli
598 4718 1064 4787 interruptionem,
1092 4721 1180 4774 alii
1209 4722 1582 4790 prmcisionem
1612 4722 1900 4791 appellant.
1929 4723 2019 4781 Sic

436 4807 578 4881 apud
608 4808 884 4880 Virgilium
906 4811 1156 4881 loquente
1184 4810 1320 4864 irato
1344 4810 1446 4865 deo
1477 4829 1489 4863 :

562 4900 693 4960 Quos
716 4914 870 4965 ego...
894 4902 981 4952 sed
1006 4910 1162 4952 motos
1185 4908 1383 4964 praestat
1404 4915 1698 4966 componere
1720 4904 1909 4955 ﬂuctus.

434 4982 599 5039 Deest
636 4987 873 5055 puniam,
898 4987 985 5041 vel
1010 4987 1182 5041 simile
1213 4987 1455 5041 verbum.

508 5077 616 5133 Sed
644 5077 796 5150 abite]
820 5078 1066 5134 Graviter
1110 5080 1393 5148 increpans
1453 5093 1636 5134 musas
1659 5078 1807 5149 ejicit
1851 5079 2016 5135 animi

434 5171 926 5241 perturbationibus
956 5172 1269 5227 servientes.

509 5265 737 5338 Sirenes]
773 5264 958 5322 Graece
1009 5266 1260 5322 scribitur
1286 5272 1481 5341 Σειρήν.
1533 5267 1810 5345 Falluntur
1859 5270 2018 5341 igitur

436 5359 524 5427 qui
557 5374 651 5429 per
676 5382 708 5413 υ
738 5360 996 5415 scribunt.
1023 5358 1130 5413 Nec
1158 5376 1187 5413 a
1212 5362 1377 5437 σύρω,
1402 5359 1455 5414 id
1487 5369 1571 5415 est
1603 5359 1774 5427 traho,
1808 5362 1900 5416 sed
1932 5361 2016 5415 vel

434 5474 464 5513 a
492 5462 640 5527 σείω,
665 5459 750 5514 vel
777 5460 940 5530 (quod
968 5460 1135 5530 magis
1170 5459 1419 5532 probant)
1474 5462 1572 5515 ἀπὸ
1592 5469 1682 5524 τῆς
1717 5470 1895 5539 σειρᾶς
1923 5463 2015 5517 de-

434 5550 655 5605 rivatur.
717 5550 794 5607 De
838 5552 1116 5606 Sirenibus
1170 5553 1345 5607 fabula
1399 5554 1671 5607 notissima
1721 5565 1824 5622 est,
1882 5569 2014 5626 quas

436 5652 606 5711 poeta;
632 5644 848 5696 tradunt
875 5644 1138 5698 suavitate
1172 5653 1358 5698 cantus
1390 5643 1674 5712 pellexisse
1704 5646 2013 5717 navigantes

434 5733 489 5787 in
510 5734 822 5803 perniciem.
852 5734 1096 5788 Ovidius:

561 5824 770 5875 Monstra
795 5826 943 5873 maris
964 5827 1169 5875 Sirenes
1195 5831 1352 5885 erant,
1377 5837 1485 5886 quae
1510 5836 1629 5874 voce
1652 5838 1827 5878 canora

620 5888 873 5955 Quaslibet
897 5887 1125 5938 admissas
1143 5889 1408 5937 detinuere
1434 5892 1583 5936 rates.

2124 4723 2177 4769 et
2198 4715 2407 4785 dactylo
2428 4728 2492 4768 ac
2510 4713 2770 4783 spondeo.
2792 4713 2975 4768 Simile
2998 4723 3076 4767 est
3100 4713 3178 4767 illi
3201 4713 3340 4782 quod
3356 4712 3708 4783 Terentianus

2124 4808 2277 4862 affert
2305 4820 2373 4860 ex
2406 4819 2560 4860 versu
2594 4804 2799 4874 Virgilii
2830 4806 3086 4860 conciso:

2248 4896 2311 4947 At
2335 4898 2507 4960 regina
2532 4898 2667 4959 gravi
2693 4898 2852 4945 saucia
2875 4909 3008 4946 cura.

2124 4982 2397 5052 Ejusmodi
2427 4990 2509 5037 est
2536 4989 2591 5037 et
2620 4981 2761 5051 apud
2792 4981 3244 5053 hymnographum
3277 5001 3288 5035 :

2245 5071 2286 5123 Ο
2310 5084 2453 5135 quam
2474 5071 2688 5133 gloriﬁca
2710 5070 2821 5121 luce
2845 5085 3084 5122 coruscas.

2122 5153 2340 5223 Indigne
2369 5152 2470 5207 fert
2493 5152 2828 5221 Philosophia
2860 5156 3160 5209 mortalium
3192 5156 3378 5210 animis
3412 5165 3609 5211 tantam
3635 5173 3701 5212 ex

2121 5246 2540 5314 perturbatione,
2574 5246 2683 5301 veri
2726 5246 3112 5317 ignorationem
3158 5249 3419 5315 accidere,
3465 5260 3698 5304 utcun-

2122 5331 2481 5400 templationis
2514 5348 2692 5387 rerum
2734 5328 3029 5390 ctelestium
3060 5334 3179 5389 luce
3208 5336 3419 5403 relicta,
3449 5346 3502 5390 et
3532 5335 3700 5390 hone-

2120 5423 2472 5477 stissimarum
2519 5424 2713 5478 artium
2756 5425 3101 5481 meditatione
3142 5426 3474 5495 posthabita,
3506 5436 3614 5482 toto
3643 5427 3697 5483 in

2122 5529 2208 5569 res
2237 5520 2481 5569 terrenas
2509 5515 2749 5571 ferantur
2776 5518 3032 5587 appetitu.

2190 5604 2241 5660 II
2247 5622 2307 5660 eu
2325 5623 2479 5677 quam
2495 5608 2745 5679 praecipiti
2770 5625 2933 5664 mersa
2954 5606 3231 5681 profundo]
3261 5607 3453 5665 Ordina
3478 5608 3617 5664 hunc
3643 5609 3697 5666 in

2116 5698 2331 5753 modum
2361 5715 2374 5751 :
2402 5697 2518 5752 Heu
2538 5715 2708 5768 quam,
2734 5700 2786 5755 id
2811 5709 2892 5756 est
2915 5709 3198 5770 quantum;
3229 5718 3366 5755 mem
3386 5717 3570 5769 mersa,
3595 5702 3695 5758 hoc

2116 5802 2200 5847 est
2227 5792 2438 5858 obruta,
2470 5793 2757 5863 praecipiti;
2788 5794 3063 5865 profundo,
3095 5795 3456 5864 profunditate
3486 5808 3695 5867 pertur-

2117 5884 2412 5956 bationum,
2464 5884 2607 5940 unde
2651 5901 2756 5941 non
2798 5888 2870 5942 sit
2912 5887 3067 5944 facile
3119 5902 3411 5960 emergere.
3459 5888 3566 5945 Aut
3593 5890 3691 5965 sic,
