4276 6260
605 349 713 407 895

1252 344 1592 403 APPENDIX
1636 343 1728 400 AD
1765 344 2008 401 LIBROS
2048 339 2137 398 DE
2175 338 2692 407 CONSOLATIONE
2728 340 3224 399 PHILOSOPHIE.

3831 344 3927 400 896

609 466 805 531 Mersa,
839 466 1113 530 immersa;
1169 463 1420 533 pracipiti
1450 462 1727 533 profundo,
1760 462 1811 517 id
1840 469 1927 517 est
1950 469 2189 530 praeceps
2215 459 2269 515 Α
2367 455 2576 528 Sidera]
2619 458 2863 514 Lumina.
2918 484 2921 487 λ

612 557 958 629 profundum.

684 650 870 717 Quam,
902 648 1139 719 inquam,
1168 644 1330 717 hebet]
1355 646 1559 701 Obtusa
1585 653 1691 713 est,
1721 654 1775 700 et
1802 658 1947 699 vera:
1978 642 2193 714 sapien-

608 744 695 799 tia
722 742 907 797 oblita.

598 858 606 887 l
679 835 748 891 Et
776 836 981 907 propria
1006 831 1139 905 luce]
1170 832 1227 888 id
1257 840 1339 887 est
1367 831 1590 887 rationis
1617 845 1738 901 usu,
1767 838 1822 886 et
1847 828 2059 899 gemina
2088 827 2193 884 sibi

608 929 848 986 veritatis
873 927 1238 999 speculatione
1268 926 1479 983 relicta.

681 1020 886 1092 Tendit]
919 1019 973 1074 id
1003 1028 1085 1075 est
1114 1016 1389 1074 contendit
1413 1024 1469 1073 et
1498 1015 1703 1072 nititur.

680 1112 788 1185 Ire]
828 1112 1001 1169 Ferri.

681 1203 748 1258 In
774 1214 1005 1259 externas
1034 1198 1289 1273 tenebras]
1342 1201 1400 1257 in
1428 1214 1516 1257 res
1542 1207 1789 1256 terrenas
1816 1211 1880 1253 ac
1907 1208 2196 1269 corporeae

610 1297 893 1353 illecebras
928 1296 1173 1366 spiritum
1202 1308 1299 1350 sua
1330 1293 1651 1364 contagione
1678 1289 2118 1348 obtenebrantes.

682 1386 911 1460 Quoties]
951 1387 1399 1457 Quotiescunque.

682 1478 841 1552 Cura]
880 1477 1155 1549 Cupiditas
1189 1492 1366 1532 rerum
1396 1482 1759 1533 externarum.

685 1570 879 1643 Noxia]
920 1572 1289 1643 intelligentia:
1316 1583 1539 1639 nocens,
1568 1582 1793 1640 eamque
1822 1566 2123 1625 retardans.

681 1664 834 1737 Acta]
871 1666 1136 1721 Excitata.

686 1758 923 1813 Flatibus
955 1756 1189 1829 terrenis]
1230 1756 1485 1813 Fortuitis
1521 1756 1757 1823 casibus,
1797 1764 1852 1812 et
1888 1754 2197 1811 divitiarum

614 1850 903 1906 illecebris.

684 1942 896 2014 Crescit]
936 1941 1194 2015 Augetur.

685 2034 751 2089 In
783 2035 1103 2108 immensum]
1145 2036 1289 2091 Ultra
1312 2035 1549 2090 modum.
1574 2034 1861 2091 Sciendum
1901 2043 1985 2090 est
2022 2035 2192 2090 homi-

615 2141 737 2184 nem
767 2126 1103 2193 interiorem,
1138 2128 1238 2183 hoc
1267 2138 1368 2193 est,
1404 2128 1649 2197 spiritum
1680 2136 1866 2196 suapte
1885 2136 2071 2181 natura
2099 2140 2198 2195 per

616 2219 711 2274 Dei
744 2219 967 2288 gratiam
997 2219 1125 2275 ferri
1155 2222 1209 2276 in
1239 2236 1418 2277 rerum
1443 2220 1742 2277 ctelestium
1783 2219 2192 2289 contemplatio-

615 2324 737 2365 nem
761 2326 774 2363 :
795 2323 975 2365 verum
998 2324 1061 2365 ex
1090 2310 1286 2366 terreni
1307 2310 1550 2381 corporis
1569 2310 1905 2379 contagione,
1923 2319 1977 2365 et
2000 2319 2200 2379 tempo-

616 2400 807 2455 ralium
836 2414 1015 2456 rerum
1042 2402 1300 2471 appetitu,
1329 2403 1489 2457 variis
1518 2402 2005 2472 perturbationibus
2031 2400 2194 2468 afﬁci,

617 2499 672 2547 et
696 2492 764 2547 ab
792 2492 969 2548 ofﬁcio
994 2507 1091 2549 suo
1113 2494 1392 2550 retardari.
1422 2494 1651 2564 Spiritus
1678 2493 1895 2564 quidem
1916 2500 2199 2563 promptus

616 2592 720 2647 est,
761 2598 889 2641 caro
925 2594 1110 2641 autem
1148 2586 1358 2645 inﬁrma
1399 2584 1613 2657 (Matth.
1637 2584 1774 2656 xvi).
1819 2583 2000 2639 Danda
2040 2584 2202 2653 igitur

618 2677 882 2744 imprimis
929 2678 1127 2733 homini
1171 2686 1253 2732 est
1295 2692 1478 2748 opera,
1534 2686 1592 2731 ut
1636 2676 1872 2745 depulsis
1914 2690 2202 2747 pravarum

618 2770 958 2826 ali'ectionum
1003 2769 1251 2835 nubibus,
1294 2769 1569 2836 spirituaie
1614 2768 1794 2823 iumen
1838 2767 2108 2839 eﬁulgeat,
2149 2776 2204 2823 et

619 2863 886 2933 appetitus
904 2863 1102 2933 iugiter
1122 2872 1280 2919 recta:
1303 2862 1494 2917 rationi
1521 2862 1852 2931 subjugetur.
1885 2860 1996 2916 Hoc
2023 2869 2203 2916 autem

620 2964 707 3011 est
742 2955 883 3027 quod
922 2971 1061 3010 nunc
1098 2954 1437 3026 philosophia
1477 2956 1530 3010 in
1571 2954 1740 3011 Boetii
1780 2954 2204 3010 consolationem

622 3044 870 3101 instituit.
913 3046 1162 3116 Praeceps
1188 3047 1546 3116 compositum
1576 3056 1679 3113 est,
1710 3061 1776 3101 ex
1802 3062 1911 3116 pra:
1939 3055 1994 3101 et
2021 3055 2199 3115 caput.

623 3134 846 3207 Proprie
865 3138 1005 3193 enim
1027 3152 1265 3209 praeceps
1286 3138 1500 3205 dicitur,
1521 3138 1612 3208 qui
1641 3139 1712 3193 ita
1739 3138 1901 3204 cadit,
1926 3145 2017 3192 aut
2041 3137 2203 3193 deor-

623 3243 742 3284 sum
773 3227 1022 3295 mittitur,
1044 3238 1102 3283 ut
1131 3239 1287 3299 caput
1314 3228 1601 3298 praecedat.
1635 3228 1773 3283 Hinc
1794 3238 1848 3282 et
1875 3228 2021 3283 locus
2050 3226 2209 3283 altius

624 3320 817 3376 dicitur
842 3334 1099 3390 praeceps,
1126 3320 1267 3390 quod
1291 3319 1417 3377 inde
1441 3320 1558 3389 quis
1588 3320 1741 3375 facile
1764 3319 2083 3389 pracipitari
2114 3332 2208 3389 po-

624 3420 771 3467 test:
802 3420 856 3467 et
887 3426 1070 3465 rursus
1111 3410 1163 3465 id
1192 3410 1331 3480 quod
1365 3410 1686 3480 profundum
1721 3420 1821 3477 est,
1859 3425 2099 3482 praeceps
2127 3411 2208 3467 di-

624 3504 784 3570 citur,
812 3502 954 3574 quod
984 3503 1038 3558 in
1066 3501 1119 3557 id
1145 3509 1323 3573 potest
1342 3502 1468 3572 quid
1499 3502 1843 3573 praecipitari.
1874 3502 2127 3573 Virgilius
2154 3504 2210 3558 in

626 3594 909 3650 undecimo
934 3610 948 3647 :

748 3686 945 3798 Sigeia
970 3685 1243 3750 praecipites
1262 3683 1413 3735 fossas
1434 3690 1647 3749 urgente
1670 3686 1830 3748 ruina,

846 3761 885 3797 rt
910 3761 987 3797 ur.

846 3761 987 3797 mur.

627 3832 695 3891 Et
719 3831 799 3888 sic
825 3830 1022 3887 dictum
1053 3831 1254 3903 accipe,
1288 3830 1546 3903 praecipiti
1577 3830 1860 3901 profundo.
1912 3832 2043 3889 item
2070 3848 2209 3904 prte-

627 3938 785 3994 ceps,
817 3922 1069 3992 festinus,
1101 3923 1453 3991 inconsultus,
1489 3923 1828 3981 temerarius.
1877 3922 1982 3979 Sed
2008 3922 2076 3980 de
2105 3923 2211 3982 hoc

630 4029 773 4070 nunc
796 4014 946 4068 satis.

700 4102 839 4159 Cura
877 4104 1087 4160 terrenis
1128 4105 1336 4175 ﬂatibus
1382 4104 1518 4178 acta]
1571 4106 1715 4163 Sane
1766 4122 1922 4179 quam
1975 4108 2209 4180 eleganti

629 4196 940 4267 metaphora
962 4197 1160 4252 dictum
1186 4198 1289 4254 hoc
1307 4208 1406 4254 est.
1432 4197 1563 4253 Cum
1585 4199 1726 4254 enim
1749 4214 1874 4254 cura
1897 4200 2049 4271 quasi
2073 4201 2212 4271 ignis

630 4288 718 4353 sit,
749 4303 843 4343 cor
869 4303 1061 4353 urens,
1091 4299 1237 4344 reete
1277 4291 1507 4346 terrenis
1535 4290 1747 4346 ﬂatibus
1776 4293 1862 4362 agi
1892 4289 2211 4362 incitarique

630 4379 849 4436 dicitur.
879 4380 1010 4435 Nam
1036 4390 1094 4436 ut
1117 4382 1207 4437 ille
1228 4380 1378 4448 dicit,

748 4492 970 4564 Nutritur
993 4504 1159 4564 vento,
1186 4496 1272 4545 sed
1300 4510 1423 4560 aqua
1448 4500 1771 4564 restinguitur
1796 4501 1959 4564 ignis;

815 4556 961 4607 Lenis
982 4557 1067 4607 alit
1090 4560 1321 4619 flammas,
1346 4556 1573 4618 grandior
1596 4556 1710 4610 aura
1736 4556 1898 4625 negat.

702 4638 801 4693 llic
831 4642 1091 4711 quondam
1124 4646 1245 4695 creto
1275 4643 1400 4696 liber
1430 4643 1625 4716 aperto]
1672 4645 2023 4704 Peculiariter
2049 4663 2210 4720 super

629 4733 904 4789 immutata
932 4734 1102 4789 Boetii
1131 4744 1311 4790 mente
1336 4737 1571 4806 graviter
1612 4739 1934 4807 indignatur,
1977 4752 2031 4797 et
2058 4757 2089 4797 e
2116 4758 2209 4799 cu-

628 4825 854 4897 iusmodi
886 4834 1054 4881 status
1083 4827 1392 4883 excellentia
1420 4829 1658 4901 dejectus
1689 4832 1779 4897 sit,
1808 4831 1987 4889 docet.

701 4914 825 4987 Hic]
868 4918 1104 4973 Boetius.
2122 4976 2123 4979 η

697 5008 846 5061 Liber
873 5008 1153 5081 quondam]
1199 5009 1330 5067 Cum
1376 5012 1612 5070 nondum
1652 5016 1989 5085 passionibus
2036 5018 2201 5076 animi

629 5101 872 5157 serviret.

699 5192 910 5263 Suetus]
952 5192 1173 5249 Solitus.

694 5285 801 5357 Ire]
832 5286 985 5342 Ferri
1011 5290 1459 5359 contemplatione
1488 5294 1542 5350 in
1564 5296 1827 5354 aethereos
1849 5308 2079 5369 meatus,
2106 5303 2206 5360 hoc

628 5387 726 5443 est,
760 5380 811 5434 in
844 5389 1017 5435 motus
1034 5394 1314 5452 corporum
1330 5387 1645 5459 caelestium,
1671 5391 1830 5460 idque
1849 5394 1990 5449 cmlo
2013 5405 2199 5464 aperto

628 5481 678 5524 et
709 5471 998 5528 intellectui
1025 5475 1309 5545 patefacto,
1335 5481 1584 5535 cernebat
1616 5482 1813 5537 lumina
1847 5488 2014 5551 rosei,
2043 5488 2094 5543 id
2124 5498 2204 5545 est

629 5562 901 5619 rubicundi
926 5575 1018 5620 aut
1041 5569 1243 5635 pulchri
1270 5580 1324 5627 et
1349 5572 1508 5627 lucidi
1533 5574 1682 5631 solis.
1708 5576 1854 5633 Maro
1885 5580 1937 5633 in
1969 5596 2018 5633 χι
2048 5598 2059 5631 :

750 5656 809 5729 Ei
833 5669 1010 5729 roseus
1028 5658 1183 5709 fessos
1200 5661 1295 5721 jam
1319 5668 1517 5729 gurgite
1540 5667 1753 5716 Phii‘bUS
1776 5669 1925 5718 Ibero

748 5716 926 5776 Tingat
950 5732 1119 5782 equos,
1144 5716 1442 5787 noctemque
1458 5728 1538 5779 die
1565 5729 1762 5781 labente
1780 5716 2001 5783 reducat.

706 5799 931 5870 Visebat]
968 5803 1295 5861 intuebatur.

2369 548 2748 622 Gelidtzlume]
2804 551 2935 619 Quae
2987 552 3193 623 frigidis
3242 550 3619 622 humidisque
3678 550 3932 608 noctibus

2297 654 2513 713 praeest.
2553 642 2643 699 Sol
2674 644 2851 701 dictus
2876 655 2979 713 est,
3002 648 3086 701 vel
3112 645 3234 716 quia
3261 647 3409 700 solus
3442 660 3521 700 ex
3550 645 3829 700 omnibus
3856 648 3930 700 si-

2297 738 2517 793 deribus
2546 747 2629 793 est
2656 748 2863 804 tantus,
2894 740 2977 794 vel
3006 740 3130 811 quia
3157 754 3278 795 cum
3305 749 3387 794 est
3418 748 3707 805 exortus,
3743 737 3934 794 obscu-

2296 831 2433 885 ratis
2456 831 2728 900 omnibus,
2770 832 2917 886 solus
2943 842 3187 903 apparet.
3219 831 3368 887 Luna
3396 845 3431 885 a
3464 829 3729 885 lucendo
3760 832 3933 886 nomi-

2299 933 2421 980 nata
2448 933 2549 981 est.
2588 924 2785 980 Eadem
2830 932 2912 980 est
2954 926 3097 980 enim
3126 924 3352 980 Lucina.
3387 923 3616 979 Cicero
3650 930 3850 978 auctor
3883 924 3933 978 in

2298 1015 2537 1071 secundo
2563 1015 2632 1071 de
2659 1016 2857 1070 Natura
2878 1016 3125 1072 deorum.

2370 1107 2441 1162 Et
2466 1106 2645 1179 victor]
2687 1108 2741 1163 Id
2769 1116 2853 1164 est
2880 1109 2986 1162 voti
3009 1121 3252 1179 compos,
3276 1106 3533 1164 habebat
3554 1120 3797 1162 omnem
3820 1120 3931 1161 eam

2298 1202 2509 1258 stellam
2538 1202 2773 1257 numeris
2797 1201 3264 1272 comprehensam,
3297 1214 3695 1272 quascunque,
3723 1199 3833 1255 hoc
3855 1209 3935 1255 est

2298 1308 2421 1363 qua:
2450 1292 2609 1358 ﬁexa,
2641 1301 2785 1349 mota
2810 1307 2906 1362 per
2928 1295 3104 1349 varios
3134 1296 3313 1362 orbes,
3338 1308 3487 1364 quos
3520 1292 3804 1363 astrologi
3837 1306 3930 1362 po-

2299 1393 2453 1451 nunt,
2485 1393 2741 1441 exercent
2771 1400 2935 1454 vagos
2964 1399 3239 1453 recursus,
3270 1385 3323 1441 id
3353 1394 3443 1441 est
3474 1385 3769 1441 erraticas
3816 1400 3931 1440 mo-

2299 1486 2405 1532 tus.
2436 1477 2638 1533 Praeter
2661 1493 2753 1533 eas
2781 1478 2963 1533 stellas
2988 1494 3105 1549 qua:
3127 1488 3317 1535 octavo
3336 1479 3488 1535 caelo
3516 1479 3719 1534 inﬁxae
3745 1478 3930 1534 dicun-

2299 1578 2408 1634 tur,
2453 1584 2677 1639 quarum
2737 1584 2994 1625 numerus
3059 1572 3362 1641 incognitus
3418 1583 3516 1627 est
3564 1572 3927 1637 astronomis,

2301 1671 2504 1731 septem
2549 1661 2667 1715 aliae
2706 1671 2829 1716 sunt
2871 1678 2976 1718 non
3022 1663 3075 1717 in
3104 1676 3291 1719 octavo
3319 1667 3495 1733 casio,
3547 1674 3617 1720 ut
3665 1667 3802 1733 illae,
3835 1667 3927 1721 sed

2303 1755 2528 1826 singulae
2557 1753 2614 1809 in
2644 1756 2868 1825 singulis
2912 1767 3116 1827 septem
3148 1758 3299 1812 coelis
3342 1758 3755 1825 inferioribus,
3792 1768 3850 1815 ut
3877 1759 3927 1818 in

2228 1841 2280 1903 B
2303 1851 2534 1920 septimo
2554 1850 2625 1905 sit
2644 1849 2927 1915 Saturnus,
2952 1850 3003 1904 in
3028 1861 3180 1906 sexto
3196 1851 3421 1922 Jupiter,
3455 1855 3515 1908 in
3541 1855 3749 1925 quinto
3769 1854 3925 1921 Mars,

2298 1944 2352 1997 in
2378 1950 2568 2012 quarto
2594 1941 2707 2008 Sol,
2740 1943 2794 1996 in
2825 1945 2984 1997 tertio
3006 1943 3206 2013 Venus,
3233 1946 3284 2000 in
3314 1947 3574 2001 secundo
3598 1937 3930 2015 Mercurius;
3978 1976 3985 1987 ι

2299 2034 2354 2090 in
2380 2036 2552 2105 primo
2572 2035 2741 2090 Luna.
2771 2035 2835 2089 Et
2857 2035 2941 2090 ha:
2967 2037 3133 2091 stellae
3162 2038 3387 2103 planetae
3408 2038 3712 2106 dicuntur,
3738 2040 3791 2094 id
3818 2048 3921 2106 est,

2300 2126 2545 2182 erratiles
2574 2128 2717 2193 (nam
2738 2128 3026 2201 πλανάομαι
3048 2128 3233 2184 Graece
3256 2144 3378 2185 erro
3398 2129 3693 2201 signiﬁcat
3719 2150 3735 2187 :
3784 2132 3921 2188 unde

2299 2219 2460 2276 πλάνη
2495 2233 2650 2272 error
2684 2226 2740 2273 et
2769 2219 2965 2282 πλάνης
2992 2222 3260 2286 πλάνητος,
3305 2223 3533 2290 planes,
3580 2224 3804 2294 planeta
3825 2268 3838 2291 ,
3870 2235 3921 2280 et

2301 2311 2579 2371 πλανήτης.
2605 2325 2791 2381 vagus,
2816 2312 2985 2382 erro),
3010 2315 3131 2382 quia
3162 2324 3216 2369 et
3238 2328 3396 2370 cursu
3427 2331 3538 2372 suo
3571 2317 3849 2384 feruntur,
3869 2327 3918 2373 et

2302 2410 2487 2458 contra
2517 2403 2639 2458 coeli
2670 2406 2922 2474 impetum
2957 2409 3227 2463 contrario
3256 2420 3403 2464 motu
3437 2411 3511 2466 ad
3547 2414 3824 2467 orientem
3853 2412 3917 2466 ab

2304 2496 2586 2551 occidente
2615 2497 2918 2552 volvuntur.
2952 2498 3177 2566 Plinius,
3204 2500 3456 2558 Historiae
3486 2503 3688 2559 mundi
3718 2505 3810 2558 lib.
3835 2518 3914 2558 se-

2305 2587 2502 2656 cundo,
2527 2602 2647 2658 cap.
2676 2597 2852 2655 sexto,
2877 2598 3083 2661 septem
3111 2607 3175 2648 ea
3205 2592 3379 2648 sidera
3406 2595 3585 2650 tradit
3606 2596 3679 2652 ab
3707 2596 3913 2650 incessu

2305 2681 2486 2736 vocari
2513 2680 2767 2747 errantia,
2801 2697 2921 2738 cum
2951 2694 3133 2740 errent
3162 2687 3304 2743 nulla
3343 2689 3534 2745 minus
3579 2690 3713 2744 illis.
3767 2687 3909 2745 Unde

2307 2779 2362 2827 ct
2388 2770 2664 2830 Ciceronis
2692 2782 2904 2831 exStant
2932 2793 3154 2835 versus:

2432 2876 2552 2949 Quae
2574 2878 2729 2929 verbo
2746 2884 2804 2949 et
2819 2878 2955 2949 falsis
2976 2880 3229 2949 Graiorum
3253 2885 3458 2949 vocibus
3484 2894 3695 2949 errant,

2431 2937 2629 2989 Revera
2655 2947 2793 2991 certo
2819 2942 2952 3005 lapsu
2973 2945 3230 3007 spatioque
3256 2937 3506 2999 feruntur.

2308 3032 2455 3090 idem
2494 3036 2546 3090 in
2588 3035 2822 3092 secundo
2849 3036 2916 3093 de
2946 3037 3145 3093 Natura
3174 3039 3395 3096 deorum
3438 3060 3456 3094 :
3503 3043 3742 3099 Maxime
3784 3053 3903 3097 vero

2308 3128 2650 3185 admirabiles
2698 3139 2822 3185 sunt
2870 3139 3045 3186 motus
3096 3147 3275 3188 earum
3316 3135 3563 3207 quinque
3610 3136 3903 3200 stellarum,

2233 3213 2284 3279 C
2315 3235 2433 3291 quae
2460 3220 2596 3276 falso
2622 3231 2882 3278 vocentur
2911 3231 3173 3281 errantes.
3215 3225 3359 3281 Nihil
3391 3229 3541 3282 enim
3575 3236 3739 3294 errat,
3769 3224 3901 3297 quod

2314 3313 2368 3370 in
2390 3314 2537 3369 omni
2558 3316 2859 3371 aeternitate
2883 3325 3165 3371 conservat
3187 3332 3506 3389 progressus
3532 3331 3587 3375 et
3612 3333 3901 3391 regressus,

2315 3406 2655 3478 reliquosque
2686 3413 2861 3463 motus
2888 3416 3194 3463 constantes
3224 3420 3279 3463 et
3306 3424 3478 3464 raros.
3528 3410 3704 3467 Porro
3731 3410 3900 3476 plane-

2313 3508 2487 3554 tarum
2523 3498 2729 3553 medius
2763 3499 2845 3554 sol
2881 3498 3049 3556 fertur
3078 3501 3409 3572 amplissima
3440 3502 3809 3575 magnitudine
3843 3511 3899 3552 ac

2314 3599 2599 3663 potestate,
2630 3606 2729 3647 nec
2757 3601 3054 3663 temporum
3085 3594 3246 3649 modo
3273 3602 3673 3667 terrarumque,
3706 3594 3797 3649 sed
3826 3590 3898 3645 si-

2314 3682 2505 3737 derum
2534 3682 2695 3738 etiam
2726 3682 2961 3753 ipsorum
2992 3683 3219 3753 coelique
3250 3694 3429 3741 rector
3457 3704 3469 3739 :
3501 3686 3591 3743 hic
3622 3687 3792 3740 lucem
3822 3695 3895 3735 τε·

2314 3775 2416 3830 bus
2443 3776 2726 3841 ministrat,
2750 3776 3030 3848 aufertque
3066 3778 3336 3849 tenebras,
3362 3779 3448 3835 hic
3486 3781 3696 3851 reliqua
3730 3776 3894 3831 sidera

2316 3868 2569 3936 occultat,
2605 3870 2691 3925 hic
2722 3870 2863 3925 vices
2908 3880 3204 3941 temporum
3236 3887 3547 3942 annumque
3578 3884 3787 3939 semper
3814 3880 3894 3919 re-

2316 3969 2623 4016 nascentem
2647 3975 2713 4016 ex
2736 3975 2835 4015 usu
2858 3972 3061 4017 natura:
3080 3973 3359 4034 temperat,
3381 3964 3467 4020 hic
3486 3965 3613 4022 caeli
3640 3954 3895 4018 tristitiam'

2314 4051 2558 4117 discutit,
2588 4061 2748 4123 atque
2783 4055 2943 4108 etiam
2980 4056 3155 4112 nubila
3194 4056 3409 4112 humani
3448 4057 3621 4112 animi
3659 4058 3891 4111 serenat:

2315 4144 2403 4201 hic
2430 4160 2584 4200 suum
2615 4133 2794 4202 lumen
2826 4149 3035 4204 caeteris
3062 4165 3276 4221 quoque
3314 4151 3584 4207 sideribus
3614 4150 3891 4205 feneratur.

2316 4238 2485 4308 Hujus
2513 4254 2719 4295 annuos
2762 4256 2950 4296 cursus
2992 4245 3181 4314 spatiis
3223 4246 3511 4322 menstruis
3558 4248 3678 4300 luna
3717 4250 3889 4295 conse<

2316 4332 2532 4402 quitur,
2596 4332 2752 4401 cujus
2798 4335 3169 4392 tenuissimum
3222 4338 3399 4392 iumcn
3452 4337 3583 4392 facit
3633 4332 3887 4405 proximus

2316 4437 2563 4479 accessus
2584 4423 2648 4478 ad
2674 4425 2868 4490 solem,
2892 4427 3163 4496 digressus
3188 4438 3363 4482 autem
3392 4425 3730 4498 longissimus
3753 4419 3884 4491 quis-

2315 4515 2418 4587 que
2445 4516 2829 4584 plenissimum.
2858 4517 3042 4589 Neque
3074 4519 3246 4574 solum
3275 4521 3392 4589 eius
3419 4520 3627 4589 Species
3648 4532 3708 4572 ac
3730 4512 3883 4567 forma

2233 4598 2571 4678 Dmutatur,
2619 4620 2729 4665 tum
2780 4613 3095 4677 crescendo,
3153 4623 3264 4668 tum
3306 4614 3601 4669 defectibus
3647 4612 3701 4665 in
3747 4600 3881 4659 initia

2315 4702 2660 4766 recurrendo,
2688 4703 2781 4758 sed
2802 4703 2961 4757 etiam
2986 4703 3151 4774 regio,
3176 4720 3295 4774 quae
3318 4713 3426 4759 tum
3450 4714 3532 4758 est
3554 4692 3880 4774 aquilonaris.

2316 4805 2425 4850 tum
2453 4794 2721 4849 australis.
2745 4794 2958 4849 Saturni
2982 4796 3158 4863 stella,
3182 4810 3297 4865 qua:
3321 4798 3504 4851 Φαίνων
3528 4809 3556 4847 a
3578 4789 3768 4851 Graecis
3793 4795 3876 4836 ηο-

2315 4888 2569 4954 minatur,
2598 4901 2629 4941 a
2655 4895 2799 4942 terra
2827 4888 2979 4943 abest
3001 4888 3306 4958 plurimum,
3338 4897 3391 4943 et
3417 4887 3630 4956 triginta
3660 4883 3764 4938 fere
3790 4888 3876 4928 an-

2316 4987 2399 5042 nis
2423 5002 2640 5042 cursum
2669 5000 2825 5040 suum
2850 4985 3086 5041 conﬁcit.
3147 4985 3284 5038 infra
3317 4993 3495 5038 autem
3525 4985 3656 5038 hanc
3680 4971 3872 5047 ρτορίιιε

2309 5095 2337 5133 a
2360 5088 2498 5135 terra
2521 5078 2669 5134 Jovis
2696 5078 2848 5134 stella
2879 5078 3067 5143 fertur,
3108 5092 3227 5145 quae
3255 5079 3445 5133 Φαέθων
3476 5075 3694 5135 dicitur,
3722 5073 3872 5131 οπαυθ

2310 5171 2555 5228 eumdem
2579 5170 2859 5226 duodecim
2885 5170 3155 5239 signorum
3179 5168 3361 5222 orbem
3385 5166 3541 5221 annis
3567 5165 3631 5219 12
3654 5152 3861 5216 conﬁcit.

2310 5267 2444 5323 illnc
2464 5275 2640 5321 autem
2659 5265 2958 5334 proximum
2981 5263 3285 5317 inferiorem
3306 5261 3489 5316 orbem
3509 5266 3647 5315 tenet
3665 5250 3864 5343 nuptiﬂ‘:

2307 5376 2427 5433 quae
2454 5362 2607 5415 stella
2630 5361 2814 5416 Martis
2840 5359 3156 5429 appellatur,
3185 5371 3354 5426 caque
3374 5362 3599 5420 quatuor
3625 5360 3676 5406 et
3696 5341 3857 5432 vigili“

2308 5453 2603 5517 mensibus,
2655 5467 2751 5507 sex
2804 5451 2885 5523 (ut
2928 5451 3180 5519 opinatur
3217 5449 3427 5517 Cicero)
3483 5445 3667 5501 diebus
3711 5434 3861 5493 minus

2309 5546 2556 5603 eumdem
2586 5546 2777 5600 lustrat
2814 5544 2997 5599 orbem
3028 5558 3186 5613 quam
3218 5558 3338 5613 quae
3369 5543 3684 5610 superiores.
3736 5523 3853 5583 Ιηίτει

2310 5643 2447 5695 hanc
2484 5646 2660 5694 autem
2700 5638 2812 5692 sole
2849 5638 3163 5705 interposito
3201 5635 3355 5690 stella
3382 5634 3606 5689 Veneris
3633 5634 3726 5688 est,
3756 5625 3855 5687 qua"

2311 5732 2578 5809 Φωσφόρος
2609 5728 2813 5795 Graece,
2859 5726 3070 5783 Lucifer
3096 5726 3286 5781 Latine
3331 5724 3549 5794 dicitur,
3593 5732 3699 5778 cum
3729 5717 3851 5765 ante-

2305 5826 2547 5891 greditur
2597 5823 2766 5881 solem
2808 5841 2821 5879 :
2872 5837 2991 5880 cum
3034 5820 3374 5893 subsequitur
3413 5832 3589 5878 autem
3612 5816 3847 5880 Ἐσπιροςο
