4290 6258
393 355 492 411 897

1317 352 1695 411 MURMELLII
1735 354 1823 411 ET
1863 351 2232 411 AGRICOLAS
2275 352 2793 414 COMMENTARIA.‘

3564 353 3667 410 898

390 473 580 529 Latine
602 487 811 540 vesper.
858 473 937 528 Ea
966 487 1106 530 anno
1134 486 1348 529 cursum
1380 473 1618 541 conﬁcit,
1649 483 1702 529 et
1731 472 1975 529 latitudi-
2006 475 2058 533 Α
2082 472 2371 542 opinantur
2425 474 2701 545 nonnulli)
2750 491 2778 529 a
2818 474 2927 530 suis
2974 474 3160 529 formis
3227 460 3667 529 substantialibus

391 581 516 622 nem
548 567 780 621 lustrans
808 566 1045 637 signiferi
1076 566 1220 622 orbis
1251 576 1302 622 et
1333 566 1724 638 longitudinem
1756 581 1770 619 :
1802 582 1976 637 neque

391 673 625 728 unquam
663 674 693 713 a
730 658 843 715 sole
876 658 1105 714 duorum
1137 659 1409 729 signorum
1451 659 1732 715 intervallo
1764 658 1975 729 longius

391 750 648 817 discedit,
700 762 811 806 tum
859 750 1218 831 antecedens,
1266 762 1376 806 tum
1420 752 1772 822 subsequens.
1839 750 1977 805 Hinc

393 842 639 897 Mercurii
667 842 821 897 stella
844 842 984 898 lunae
1013 844 1282 914 proxima.
1317 842 1391 897 Ea
1422 844 1637 899 Στίλϐων
1676 842 1975 913 appellatur

326 946 331 951 '
394 949 423 988 a
454 932 685 999 Grazcis,
712 949 831 1004 qua:
857 948 998 988 anno
1029 934 1142 990 fere
1172 942 1414 991 vertente
1441 934 1752 1005 signiferum
1785 935 1976 990 lustrat

394 1028 604 1090 orbem,
640 1039 809 1095 neque
838 1041 867 1079 a
894 1025 1008 1081 sole
1038 1026 1247 1096 longius
1276 1041 1505 1097 unquam
1540 1027 1697 1082 unius
1726 1026 1862 1097 signi
1894 1028 1976 1081 in-

395 1119 618 1172 tervallo
658 1119 900 1183 discedit,
942 1128 1053 1174 tum
1096 1129 1459 1185 antevertens,
1508 1130 1617 1175 tum
1662 1120 1971 1191 insequens.

393 1210 466 1265 De
495 1211 575 1265 his
597 1223 798 1281 septem
826 1212 1051 1281 planetis
1080 1214 1351 1283 eleganter
1373 1214 1618 1270 Lucanus
1648 1214 1700 1270 in
1729 1230 1781 1268 rx
1809 1213 1975 1270 Phar-

392 1303 540 1357 salice
560 1320 577 1357 .'

513 1394 786 1461 Sideribus,
813 1410 923 1458 qute
948 1397 1045 1461 sola
1073 1396 1232 1457 fugam
1257 1398 1570 1447 moderantur
1594 1395 1802 1461 Olympi,

517 1455 887 1521 Occurruntque
914 1459 1042 1521 polo,
1067 1455 1258 1509 diversa
1285 1461 1500 1521 potentia
1525 1455 1678 1521 prima

522 1517 682 1582 Mundi
708 1517 821 1580 lege
845 1517 957 1570 data
982 1517 1073 1579 est,
1100 1523 1170 1568 sol
1199 1517 1415 1582 tempora
1438 1517 1606 1569 dividit
1630 1523 1760 1580 anni,

517 1579 668 1644 Mutat
692 1579 833 1629 nocte
858 1584 1005 1639 diem,
1031 1584 1275 1643 radiisque
1303 1579 1583 1644 potentibus
1606 1590 1733 1631 astra

516 1641 595 1705 [re
621 1641 771 1700 vetat,
798 1656 1068 1704 cursusque
1100 1641 1242 1705 vagos
1263 1641 1473 1693 statione
1498 1653 1733 1693 moratur.

516 1701 649 1768 Enna
672 1707 773 1751 suis
798 1707 978 1753 vicibus
991 1701 1189 1768 Tethyn
1218 1713 1514 1763 terrenaque
1537 1708 1725 1753 miscet.

518 1764 712 1827 Frigida
736 1768 944 1815 Saturno
969 1764 1172 1827 glacies,
1200 1775 1251 1816 et
1271 1780 1387 1815 zona
1412 1768 1585 1815 nivalis

516 1826 694 1891 Cessit,
720 1829 869 1877 habet
894 1826 1082 1891 ventos,
1112 1826 1394 1889 iueertatjite
1422 1829 1619 1876 fulmina
1647 1827 1869 1877 Mavors:

513 1889 764 1951 Subdove
789 1889 1132 1951 teinperies'et
1158 1904 1401 1951 nunquam
1429 1891 1652 1939 turbidus
1679 1903 1781 1939 aer.

518 1950 592 1999 Ad
616 1949 820 1999 fecunda
840 1949 1009 2001 venus
1031 1949 1310 2001 cunctarum
1335 1953 1521 2000 semina
1545 1958 1711 2000 rerum

518 2012 753 2073 Possidet,
783 2015 1029 2063 imtuensze
1053 2014 1296 2076 Cyllenius
1316 2015 1503 2063 arbiter
1528 2015 1668 2063 unda:
1696 2021 1787 2063 est.

468 2094 569 2147 Per
601 2096 762 2149 varios
799 2095 962 2167 orbes]
1013 2096 1201 2151 Varios
1246 2098 1417 2150 circos
1463 2096 1663 2165 accipe.
1718 2096 1978 2152 Saturnus

397 2189 563 2255 enim,
598 2189 825 2259 Jupiter,
871 2191 1014 2245 Mars
1047 2200 1099 2244 et
1129 2190 1309 2245 Venus
1357 2199 1541 2246 ternos
1585 2191 1745 2246 orbes
1783 2190 1999 2261 habent:

396 2296 518 2336 cum
554 2282 811 2353 epicyelo,
848 2298 945 2353 per
977 2298 1111 2351 quos
1151 2299 1219 2338 ex
1266 2292 1695 2339 astronomorum
1738 2283 1979 2338 doctrina

396 2379 540 2433 varie
574 2389 889 2445 moventur;
920 2377 1219 2434 Mercurius
1256 2389 1435 2436 autem
1467 2380 1627 2436 orbes
1666 2383 1901 2450 quinque
1927 2390 1982 2435 et

395 2474 714 2544 epicyclum.
746 2474 841 2527 Est
867 2481 1043 2528 autem
1088 2473 1357 2544 epicyclus
1399 2474 1632 2530 circulus
1660 2489 1853 2542 parvus
1889 2489 1983 2542 per

395 2562 547 2631 cujus
569 2563 1050 2619 circumferentiam
1075 2564 1311 2619 defertur
1334 2579 1529 2635 corpus
1555 2566 1800 2635 planetae.
1823 2566 1983 2621 Orbis

396 2667 527 2708 vero
567 2669 761 2708 nomen
811 2662 894 2710 est
937 2655 1266 2725 ambiguum,
1310 2666 1444 2712 teste
1494 2656 1781 2712 Macrobio.
1825 2656 1984 2713 Modo

396 2745 539 2799 enim
581 2746 837 2801 circulum
884 2747 1169 2816 significat.
1217 2747 1404 2803 Cicero
1447 2767 1479 2812 ε,
1506 2749 1634 2803 Erat
1675 2759 1851 2805 autem
1897 2749 1983 2803 his

397 2837 832 2906 splendidissimo
871 2839 1106 2895 candore
1140 2841 1278 2893 inter
1299 2840 1544 2895 ﬂammas
1568 2840 1785 2896 elucens
1810 2842 1983 2895 circu-

398 2929 503 2994 lus,
529 2945 687 2999 quem
712 2946 805 2987 vos
844 2931 926 3002 (ut
954 2948 983 2985 a
1007 2931 1183 2988 Graiis
1203 2931 1506 3003 accepistis)
1542 2933 1726 2985 orbem
1752 2933 1982 2986 lacteum

398 3022 734 3093 nuncupatis.
767 3023 921 3079 Modo
949 3025 1236 3094 sphaeram.
1268 3024 1409 3080 Idem
1443 3045 1455 3080 :
1490 3024 1687 3079 Novem
1721 3024 1812 3079 tibi
1841 3024 1984 3078 orbi-

398 3116 517 3183 bus,
552 3118 635 3172 vel
662 3119 838 3189 potius
860 3118 1034 3189 globis
1063 3134 1303 3175 connexa
1325 3128 1450 3174 sunt
1478 3121 1677 3175 omnia.
1713 3120 1985 3189 Accipitur

398 3219 451 3265 et
490 3226 868 3279 nonnunquam
917 3210 1063 3266 orbis
1112 3225 1212 3281 pro
1259 3227 1505 3281 regressu
1543 3221 1596 3266 et
1632 3211 1985 3267 conversione
2012 3222 2062 3289 (ι

402 3302 469 3357 ab
506 3303 693 3358 eodem
725 3304 876 3371 loco,
900 3305 952 3359 in
981 3305 1229 3359 eumdem
1254 3314 1373 3374 post
1396 3319 1671 3358 emensum
1701 3304 1979 3357 ambitum.

402 3393 587 3450 Idem:
635 3396 765 3464 Quae
814 3397 1059 3453 rotunda
1103 3407 1158 3453 et
1212 3397 1447 3467 globosa:
1494 3397 1691 3452 divinis
1736 3399 1985 3452 animata:

402 3488 684 3557 mentibus,
708 3490 934 3545 circulos
958 3504 1084 3545 suos
1104 3489 1372 3560 orbesque
1392 3488 1686 3545 conﬁciunt
1708 3489 1987 3545 celeritate

404 3580 655 3636 mirabili.
685 3581 936 3652 Virgilius
957 3598 972 3639 :
1316 3626 1319 3627 ν

789 3672 937 3723 Redit
964 3672 1188 3736 agricolis
1208 3673 1347 3723 labor
1369 3680 1509 3724 actus
1533 3673 1583 3721 in
1609 3674 1799 3723 orbein.

483 3753 873 3827 Nonnunquam
906 3770 1003 3825 pro
1032 3770 1215 3812 mensa
1245 3757 1424 3828 figurae
1453 3756 1785 3812 orbicularis.
1830 3756 1990 3813 Juve-

410 3847 547 3903 nalis
567 3865 583 3895 :

588 3963 779 4033 Grande
806 3982 947 4032 ebur.

482 4084 621 4151 Quin
647 4086 796 4139 etiam
821 4084 1024 4157 causas]
1064 4085 1207 4141 Ordo
1247 4096 1330 4142 est
1370 4104 1383 4140 :
1433 4087 1569 4153 Quin
1608 4088 1768 4143 etiam
1806 4086 1993 4142 solitus

411 4175 592 4231 rimari
630 4191 838 4245 causas,
882 4186 1040 4247 atque
1083 4178 1307 4234 reddere
1348 4181 1521 4235 varias
1565 4194 1750 4235 causas
1790 4188 1993 4235 naturae

414 4266 649 4323 latentis.

489 4359 659 4432 Unde]
699 4361 810 4417 Hoc
837 4372 939 4428 est,
967 4362 1159 4433 quibus
1184 4365 1251 4420 de
1278 4366 1475 4421 causis.

486 4452 687 4508 Sonora
711 4455 945 4526 ﬂamina]
984 4456 1037 4510 ld
1062 4466 1162 4520 est,
1196 4458 1377 4512 sonori
1408 4465 1693 4512 ventorum
1720 4458 1897 4513 flatus.

487 4544 796 4618 Sollicitant]
835 4546 1154 4617 inquietent,
1183 4550 1474 4619 exagitent,
1507 4559 1902 4604 commoveant.

1079 3920 1222 3971 Latos
1246 3921 1335 3971 nisi
1358 3923 1567 4009 sustinet
1587 3923 1754 3983 orbes,

2091 576 2393 622 moventur.
2430 566 2651 635 Verum,
2694 577 2750 621 ut
2790 568 2876 623 alii
2922 566 3119 622 rectius
3160 565 3361 621 sentire
3399 565 3665 631 videntur,

2080 656 2473 728 intelligentiae,
2500 660 2588 730 qui
2614 669 2669 714 et
2697 660 2916 730 spiritus
2944 659 3215 724 dicuntur,
3244 659 3393 715 cmlis
3416 657 3671 714 divinitus

2080 749 2419 811 assistentes,
2447 765 2540 805 eos
2566 750 2951 819 circumagunt.
2984 747 3243 804 Platonici
3274 748 3440 803 Deum
3468 748 3669 817 Opinati

2083 850 2214 895 sunt
2250 842 2345 897 toti
2377 842 2573 897 mundo
2603 843 2938 912 perniistum,
2972 842 3327 912 omnibusque
3364 841 3480 911 ejus
3509 844 3673 912 partl-

2080 931 2181 987 bus
2238 933 2478 999 insitum,
2528 942 2727 988 tantam
2776 934 2969 989 molem
3016 936 3405 1003 circumagere,
3447 948 3673 1004 quorum

2089 1023 2399 1093 opinionem
2431 1035 2644 1081 secutus
2675 1036 2851 1095 poeta,
2876 1025 3107 1080 cecinit:

2206 1116 2451 1180 Principio
2470 1119 2669 1180 ctrlurn,
2696 1130 2752 1166 ac
2774 1126 2953 1179 terras,
2981 1130 3271 1180 camposque
3298 1117 3567 1180 liquentes,

2204 1178 2571 1241 Lucentemque
2597 1179 2797 1239 globum
2822 1178 2966 1241 lunae,
2992 1178 3284 1241 Titaniaque
3309 1178 3441 1230 astra

2205 1239 2418 1302 Spiritus
2441 1244 2569 1289 intus
2590 1242 2692 1299 alit,
2721 1239 3126 1302 totosque'inl'usa
3152 1239 3240 1302 per
3266 1249 3400 1290 artus

2204 1301 2344 1350 Mens
2370 1304 2517 1364 agitat
2541 1303 2738 1364 molem,
2766 1310 2817 1351 et
2840 1301 3015 1363 magno
3038 1317 3094 1351 se
3120 1301 3325 1365 corpore
3351 1303 3543 1353 miscet.

2078 1382 2147 1439 Et
2167 1382 2393 1437 Manlius
2427 1386 2479 1437 in
2515 1386 2687 1453 primo
2712 1385 3170 1439 AstronomiCmn:

2201 1474 2305 1523 Hoc
2326 1488 2449 1534 opus
2474 1476 2694 1524 immensi
2720 1482 3050 1525 constructum
3075 1488 3280 1537 corpore
3306 1474 3492 1536 mundi,

2209 1536 2523 1598 Membraque
2551 1545 2734 1587 natura:
2757 1539 2949 1585 diversa
2971 1536 3171 1586 condita
3192 1540 3339 1586 forma

2206 1600 2275 1661 Ae
2287 1601 2372 1659 ris,
2401 1607 2549 1659 atque
2575 1602 2718 1660 ignis,
2744 1606 2910 1659 terrae,
2938 1598 3199 1661 pelagique
3222 1601 3449 1657 jacentis,

2201 1659 2286 1721 Yis
2306 1664 2478 1707 animae
2502 1659 2663 1708 divina
2688 1662 2840 1721 regit,
2866 1674 3105 1721 sacroque
3123 1659 3295 1709 'tucatu

2204 1720 2453 1783 (_'.onspirat
2476 1722 2630 1779 Deus,
2659 1730 2711 1771 et
2736 1720 2879 1770 tacita
2907 1720 3096 1770 ratione
3121 1726 3385 1783 gubernat,

2204 1779 2267 1829 Et
2291 1779 2439 1830 inulta
2462 1784 2508 1829 in
2534 1792 2730 1830 cunctas
2754 1786 3001 1844 dispensat
3027 1779 3210 1833 foedera
3240 1794 3429 1843 partes;

2203 1844 2392 1907 Altera,
2418 1852 2471 1893 ut
2497 1845 2698 1892 alterius
2721 1847 2867 1903 vires,
2897 1845 3137 1905 faciatque
3166 1846 3416 1907 feratque,

2208 1906 2504 1968 Summaque
2530 1920 2620 1969 per
2647 1908 2799 1955 varias
2824 1915 3018 1955 maneat.
3041 1917 3249 1967 cognata
3275 1906 3469 1970 figuras.

2161 1988 2258 2041 Vel
2277 2004 2365 2041 cur
2386 1991 2527 2043 sidus
2550 2000 2724 2060 surgat
2747 1992 2807 2043 ab
2832 2000 2944 2043 ortu
2968 1992 3143 2051 rutilo,
3170 2005 3408 2043 casurum
3432 1993 3482 2041 in
3508 1989 3672 2043 undas

2084 2081 2387 2152 Hesperias]
2428 2084 2627 2138 Sensus
2661 2102 2674 2136 :
2719 2083 2954 2147 Boetius,
2987 2082 3175 2137 solitus
3206 2082 3432 2137 scrutari
3468 2091 3520 2135 et
3554 2080 3674 2135 red-

2085 2175 2214 2229 dere
2269 2190 2458 2229 causas
2512 2177 2804 2243 naturales,
2869 2191 3038 2247 quare
3091 2176 3262 2230 stellae
3318 2175 3558 2229 oriantur
3620 2176 3673 2230 in

2091 2266 2318 2327 oriente.
2346 2276 2404 2322 et
2430 2268 2480 2321 in
2511 2268 2786 2322 occidente
2813 2267 3079 2331 occidant,
3102 2267 3362 2337 juxtaque
3390 2266 3529 2336 vulgi
3561 2265 3675 2335 Opi-

2087 2359 2303 2413 nionem
2336 2358 2559 2414 occiduo
2604 2362 2984 2430 itnmergantur
3010 2359 3242 2415 Oceano.
3294 2357 3462 2427 Hujus
3490 2366 3672 2411 autem

2087 2452 2164 2505 rei
2209 2466 2373 2506 causa
2410 2463 2494 2507 est
2535 2461 2712 2506 motus
2750 2452 3027 2507 circularis
3072 2453 3225 2520 primi
3273 2452 3395 2506 caeli
3439 2450 3676 2515 mobilis,

2087 2556 2277 2597 omnes
2300 2542 2489 2598 stellas
2518 2553 2624 2597 tam
2656 2543 2910 2599 erraticas
2942 2558 3099 2613 quam
3130 2543 3260 2597 ﬁxas
3292 2556 3473 2597 secum
3506 2539 3675 2596 corri-

2087 2634 2240 2702 piens
2269 2635 2338 2689 ab
2378 2643 2497 2689 ortu
2544 2636 2597 2690 in
2641 2650 2921 2704 occasum,
2954 2646 3008 2691 et
3043 2652 3231 2692 rursus
3276 2637 3345 2692 ab
3386 2653 3577 2694 occasu
3618 2638 3672 2693 in

2089 2735 2291 2780 ortum.

2162 2820 2227 2873 In
2274 2823 2444 2875 undas
2490 2820 2792 2892 Hesperias]
2844 2821 2901 2876 ln
2946 2821 3215 2878 Oceanum
3264 2822 3669 2877 occidentalem.

2087 2914 2171 2969 Ab
2201 2915 2439 2985 llespero
2474 2918 2615 2972 enim
2656 2918 2933 2987 hesperius
2978 2918 3325 2974 occidentalis
3371 2917 3587 2981 dicitur,
3618 2923 3673 2969 et

2090 3005 2345 3075 Hesperia
2390 3008 2576 3062 ultima
2621 3007 2872 3075 Hispania
2917 3010 2972 3063 in
3018 3010 3124 3065 ﬁne
3170 3008 3503 3076 occidentis,
3550 3020 3672 3061 cum

2090 3095 2344 3166 Hesperia
2373 3099 2688 3168 simpliciter
2714 3098 3006 3168 aecipiatur
3032 3113 3126 3169 pro
3148 3098 3316 3153 Italia.

2165 3189 2292 3253 Quis
2337 3200 2573 3261 temperet
2610 3190 2842 3261 placidas
2888 3191 3037 3244 horas
3083 3188 3233 3261 veris]
3295 3188 3348 3243 ld
3399 3197 3481 3244 cat
3526 3186 3674 3243 verni

2093 3280 2373 3347 temporis.

2151 3369 2255 3441 ’Ut]
2300 3370 2655 3441 Subintellige
2684 3370 2757 3426 id.

2164 3459 2323 3515 Ornet
2349 3459 2530 3533 roseis]
2569 3461 2859 3530 Purpureis
2886 3461 3106 3518 ﬂoribus
3138 3470 3354 3517 teriam.

2164 3550 2323 3622 Deus]
2363 3551 2607 3607 Profecto
2636 3553 2686 3607 id
2716 3552 2879 3608 efﬁcit
2908 3554 3038 3608 solis
3070 3554 3385 3621 ministerio,
3421 3553 3509 3623 qui
3541 3553 3672 3609 dum

2091 3643 2157 3699 ad
2182 3644 2456 3712 superiora
2494 3645 2883 3711 conscenderit,
2910 3661 3003 3700 ver
3027 3654 3320 3715 temperat:
3354 3644 3451 3699 Ubi
3499 3654 3676 3699 autem

2092 3733 2158 3788 ad
2188 3749 2456 3789 summum
2485 3735 2607 3791 caeli
2640 3736 2879 3804 venerit,
2919 3736 3133 3790 aestivas
3164 3734 3408 3790 accendit
3437 3734 3676 3789 calori-5:

2092 3825 2429 3881 descendens
2460 3843 2645 3882 rursus
2674 3836 2957 3892 autumno,
2989 3828 3301 3897 temperiem
3334 3826 3526 3880 reddit.
3581 3825 3679 3882 Ubi

2094 3931 2222 3972 vero
2251 3918 2317 3972 ad
2349 3916 2655 3973 inferiorem
2686 3918 2822 3973 redit
2851 3917 3143 3982 circulum,
3176 3933 3244 3971 ex
3287 3916 3497 3987 glaciali
3535 3932 3680 3970 com-

2094 4022 2228 4077 page
2257 4007 2377 4063 (εωιί
2409 4008 2637 4077 rigorem
2674 4008 2828 4063 nobis
2853 4006 3060 4062 hiberni
3090 4005 3304 4077 frigoris
3338 4006 3678 4077 derelinquit.

2168 4096 2355 4170 Plena]
2402 4098 2575 4152 Variis
2603 4098 2845 4169 frugibus
2874 4100 3192 4159 abundanti.

2168 4192 2427 4265 Gravidis]
2469 4193 2637 4249 Vineo
2669 4192 2876 4261 liquore
2904 4194 3170 4252 distentis.

2170 4282 2395 4355 Rimari]
2436 4285 2732 4354 lnquirere,
2767 4284 3014 4341 scrutari.

2174 4372 2363 4446 E/feto]
2402 4373 2704 4438 Debilitato,
2736 4375 2938 4431 viribus
2969 4376 3240 4433 destituto.

2172 4464 2412 4538 Lumine]
2453 4467 2755 4523 lutellectu.

2174 4559 2389 4616 Pressus
2412 4560 2565 4632 colla]
2594 4561 2806 4617 llabens
2834 4562 3031 4617 collum
3062 4562 3395 4633 depressum.

488 4634 746 4710 Equam]
783 4639 1036 4711 qultales
1075 4649 1129 4697 el
1157 4642 1341 4710 planas
1382 4652 1506 4697 ante
1533 4652 1810 4697 velllorum
1841 4643 2000 4697 ηδιυι
2024 4609 2082 4671 D
2178 4651 2426 4707 Cravibus
2451 4609 2660 4723 catenis]
2691 4653 2888 4708 Rerum
2924 4609 3254 4709 terrenarum
3286 4651 3681 4724 cepiditatibus.

418 4730 751 4798 superﬁcies.

492 4818 667 4891 Ponti]
732 4824 912 4885 Maris.
946 4824 1168 4891 Ventus,
1197 4840 1291 4881 aer
1314 4836 1398 4881 est
1425 4836 1722 4881 commotus
1751 4836 1803 4881 et
1831 4828 2000 4897 agita-

420 4924 527 4984 tus,
565 4918 706 4973 sicut
734 4920 942 4975 flabello
974 4921 1119 4976 brevi
1153 4932 1327 4991 potest
1354 4923 1658 4992 approbari.
1714 4922 1822 4978 Nec
1853 4924 1999 4979 aliud

420 5019 607 5066 ventus
654 5012 964 5082 intelligitur
996 5028 1154 5084 quam
1196 5016 1387 5070 fluctus
1427 5016 1598 5082 aeris,
1630 5016 1720 5086 qui
1769 5017 1852 5089 (ut
1878 5015 1999 5072 Cle-

422 5117 574 5158 mens
619 5104 715 5175 ait)
764 5120 829 5160 ex
879 5106 1195 5176 quibusdam
1247 5108 1516 5163 montibus
1573 5110 1802 5169 excelsis
1858 5111 2005 5165 velut

423 5208 762 5264 compressus
795 5206 850 5250 et
878 5207 1251 5268 coangustatus
1281 5200 1615 5256 ordinatione
1645 5200 1739 5257 Dei
1768 5204 1999 5272 cogitur,

424 5294 480 5338 et
524 5286 840 5354 exprimitur
892 5289 946 5342 in
991 5300 1179 5343 ventos
1239 5292 1305 5344 ad
1362 5291 1741 5348 exercitandos
1788 5295 2001 5363 ﬁuctus,

426 5383 691 5448 aestusque
737 5380 1130 5448 temperandos.
1156 5380 1258 5436 Pro
1288 5381 1512 5439 diversis
1553 5393 1729 5441 autem
1761 5386 2003 5455 partibus

425 5469 566 5537 caeli,
599 5470 812 5525 nomina
843 5471 1057 5527 diversa
1088 5473 1328 5529 sortitur.

497 5561 623 5626 Quis
653 5564 860 5633 spiritus
886 5564 1070 5637 volvat]
1110 5565 1163 5619 Id
1191 5576 1273 5621 est
1304 5568 1645 5640 circumagat.

497 5652 704 5726 Orbem]
736 5656 1008 5720 Mttttdum,
1043 5657 1093 5711 id
1123 5668 1207 5712 est
1233 5661 1450 5716 caelum.

497 5743 767 5816 Stabilern]
816 5745 1079 5816 Perpetuo
1120 5758 1324 5820 tenore,
1371 5762 1425 5806 et
1470 5754 1764 5807 certissima
1812 5754 1999 5823 optimi

432 5835 630 5895 ordinis
655 5838 1025 5899 observatione
1063 5849 1417 5903 constantem.
1446 5844 1616 5901 Orbes
1647 5845 1892 5903 cmlestes
1920 5846 2000 5915 (ut

2178 4744 2453 4817 Declivem]
2497 4746 2752 4812 Pronum,
2780 4746 2925 4801 humi
2959 4746 3290 4802 inclinatum.

2182 4836 2440 4908 Pondere]
2478 4838 2744 4893 Terrestri
2779 4838 3159 4893 sollicitudine.

2182 4933 2458 5006 Stolidam]
2485 4933 2716 4991 Stolidos
2739 4931 3039 4990 facientem.
3067 4933 3158 4990 Sic
3184 4944 3239 4992 et
3266 4944 3378 5006 saty
3390 4934 3687 5006 rographus

2110 5025 2371 5081 exclamat
2393 5043 2403 5077 :

2231 5119 2272 5169 Ο
2295 5131 2454 5169 curvae
2479 5120 2527 5169 in
2552 5126 2709 5169 terras
2730 5120 2921 5181 animae,
2947 5125 2997 5169 et
3019 5118 3290 5169 caelestium
3316 5119 3503 5169 inanes.

2657 5202 2728 5259 lN
2766 5203 3040 5261 PROSAM
3082 5204 3150 5258 ll.
3284 5264 3287 5269 η

2183 5299 2291 5354 Hac
2320 5313 2477 5368 prosa
2504 5297 2721 5353 Boetius
2752 5298 2918 5355 refert
2945 5298 3197 5370 quidnam
3222 5295 3587 5367 Philosophia,
3621 5294 3691 5349 la«

2109 5391 2385 5445 mentabili
2414 5392 2654 5446 carmine
2677 5391 2848 5458 ﬁnito,
2877 5392 3019 5447 circa
3050 5408 3172 5447 eum
3206 5391 3511 5456 tentaverit,
3537 5400 3695 5458 utque

2110 5482 2341 5551 primum
2370 5482 2520 5537 molli
2562 5498 2811 5539 sermone
2840 5486 3175 5555 languentem
3218 5484 3381 5539 fuerit
3421 5483 3690 5537 allocuta;

2107 5572 2303 5627 deinde
2331 5581 2609 5629 contracta
2639 5574 2690 5629 in
2722 5590 2906 5645 rugam
2936 5585 3111 5644 veste,
3160 5575 3346 5632 oculos
3374 5575 3493 5644 ejus
3522 5574 3693 5645 lacry-

2108 5664 2208 5719 mis
2232 5663 2499 5720 undantes
2524 5666 2826 5723 desiccarit.

2178 5755 2501 5827 Luminibus]
2543 5758 2743 5814 Oculis.

2074 5923 2137 5937 w
2181 5845 2357 5921 Atqui]
2398 5848 2525 5919 Sed,
2556 5850 2721 5910 dictio
2751 5860 2833 5909 est
2870 5851 3055 5911 Boctio
3085 5854 3296 5913 usitata.
