4276 6260
632 289 735 347 899
1272 268 1612 345 APPENDIX
1652 289 1742 345 AD
1779 289 2021 348 LIBROS
2060 289 2148 345 DE
2178 290 2697 351 CONSOLATIONE
2740 291 3233 351 PHlLOSOPHLE.
3835 297 3933 348 960

702 406 851 461 Talia
870 405 1245 461 contuleramus
1267 406 1432 477 arma]
1461 404 1702 462 Valerius
1722 400 1982 462 Maximus
2008 407 2102 461 lib.
2125 420 2201 460 tn:
2231 409 2287 469 Α
2384 407 2527 479 Nox]
2558 409 2739 465 Noctis
2760 409 3079 465 obscuritas.

630 497 727 552 Est
756 506 811 552 et
837 496 926 551 illa
956 495 1245 552 vehemens
1273 506 1325 551 et
1352 507 1604 552 constans
1632 496 1795 552 animi
1823 498 2032 563 militia,
2065 496 2206 551 littc-
2383 500 2559 574 Hanc]
2587 502 2832 559 Noctem.

630 590 705 645 ris
728 590 956 659 pollens,
987 588 1366 644 venerabilium
1390 589 1646 645 doctrinae
1680 606 1957 647 sacrorum
1981 591 2210 648 antistes
2382 595 2619 652 Thraicio
2662 613 2727 651 ea:
2767 594 2938 667 antro]
2989 597 3121 664 Quia
3170 594 3363 651 boreas
3412 594 3579 648 Italis
3641 608 3710 646 es
3766 593 3932 646 antris

633 681 997 752 Philos0pltia,
1041 697 1161 751 quae
1190 684 1277 737 ubi
1310 697 1524 753 pectore
1553 696 1763 756 recepta
1794 695 1877 743 est
1905 685 2206 753 hominum,
2311 688 2554 744 Thraciae
2582 691 2795 747 videtur
2820 692 3013 746 emitti.
3046 690 3307 744 Thracius
3349 698 3571 755 autem,
3617 688 3929 753 Thraicius,

632 774 913 833 inhonesto
952 780 1109 841 atque
1156 772 1327 829 inutili
1375 776 1567 832 aﬂ‘ectu
1618 776 1881 845 depulso,
1933 786 2100 833 ίοιυῐη
2155 778 2206 832 in
2311 792 2366 837 et
2418 783 2699 840 Threicius
2756 786 2808 840 in
2867 785 3056 842 eodem
3102 784 3403 855 signiﬁcatu
3464 782 3769 838 dicuntur.
3827 779 3933 835 Lu-

636 866 821 923 solida:
860 871 1069 935 virtutis
1118 874 1446 929 munimento
1490 869 1788 937 conﬁrmat,
1833 870 2209 940 potentiusqtte
2311 889 2518 930 canus;

633 970 779 1017 metu
801 978 864 1018 ac
886 966 1073 1023 dolore
1098 968 1243 1023 facit.
1267 967 1613 1023 Antisthenes
1638 963 1868 1035 Cynicus
1888 963 2022 1017 dixit
2050 960 2212 1015 virtu-
2438 972 2657 1029 Quantus
2680 970 2902 1034 piniferae
2926 972 3103 1020 boreas
3126 984 3235 1019 cum
3258 969 3506 1021 Thracius
3534 966 3713 1018 033:2.

636 1058 741 1106 tem
771 1068 918 1109 arma
947 1070 1068 1112 esse
1092 1072 1213 1127 quae
1242 1057 1354 1111 tolli
1385 1072 1493 1111 non
1524 1055 1750 1125 possint.
2316 1051 2532 1108 Boetius
2564 1054 2618 1107 in
2648 1053 2806 1119 hujus
2833 1054 3013 1122 operis
3040 1053 3201 1108 tertio
3227 1070 3240 1106 :

708 1144 825 1200 Nisi
850 1149 989 1219 prior
1016 1148 1304 1223 abjecisses]
1352 1150 1525 1204 Virtus
1570 1149 1711 1202 enim
1768 1157 1822 1201 et
1872 1141 2209 1214 philosophia
2443 1143 2590 1194 Vates
2613 1145 2867 1195 Threicius
2890 1158 3118 1207 gemens.
3151 1219 3154 1223 λ

637 1239 908 1298 hominem
934 1259 1041 1299 non
1059 1244 1259 1301 deserit
1282 1261 1295 1298 :
1319 1244 1420 1300 nisi
1450 1242 1595 1313 prior
1624 1241 1738 1311 ipse
1765 1254 1883 1295 eam
1910 1236 2212 1294 voluntario
2318 1230 2567 1292 Horatius
2598 1235 2650 1286 in
2683 1232 2856 1301 primo
2880 1232 3178 1286 carminum
3204 1247 3218 1283 :

636 1345 859 1403 peccato
885 1338 1118 1407 abjiciat.
2441 1346 2579 1405 Quod
2601 1346 2643 1395 si
2666 1345 2892 1395 Threicio
2912 1343 3136 1394 blandius
3158 1341 3376 1405 Orpheo.

711 1428 943 1501 Pudore]
966 1429 1145 1485 Pudor
1165 1430 1422 1487 esttimor
1437 1429 1594 1499 iusta:
1620 1424 2071 1496 reprehensionis.
2096 1421 2216 1477 Stu-
2390 1428 2615 1501 ηειενει]
2647 1430 2883 1498 Aperiat,
2916 1427 3213 1499 patefaciet.

642 1534 739 1588 por
764 1535 892 1575 vero
916 1531 998 1577 est
1026 1521 1268 1593 quaedam
1300 1536 1550 1577 sensuum
1581 1518 1848 1574 alienatio.
2393 1519 2559 1592 Diem]
2592 1520 2808 1575 Lucem.

712 1610 1046 1683 Lethargum]
1068 1612 1383 1683 Lethargus,
1410 1611 1594 1667 Grzuce
1612 1612 1879 1686 λήθαργος,
1899 1615 1982 1661 est
2006 1620 2217 1661 marcor

2396 1613 2616 1685 Emicat]
2649 1617 2904 1684 Apparet.

639 1711 692 1757 et
720 1703 1144 1775 ineXpugnabilis
1166 1719 1300 1775 pene
1329 1705 1499 1759 somni
1529 1702 1842 1767 necessitas,
1866 1716 1985 1755 cum
2018 1699 2219 1755 aliena-
2397 1707 2600 1779 Subito]
2632 1708 2954 1775 Repentino.

643 1796 787 1853 tione
811 1800 1026 1865 mentis,
1059 1801 1112 1853 in
1139 1816 1245 1870 quo
1273 1814 1303 1853 a
1334 1797 1655 1867 phrenitide,
1683 1812 1788 1850 non
1822 1796 1959 1859 loco,
1993 1792 2087 1848 sed
2110 1807 2220 1846 ma-
2246 1785 2299 1846 B
2402 1801 2660 1873 Vim-ams]
2694 1803 2885 1866 Μοωε,
2917 1802 3164 1872 agitatus,

642 1892 777 1944 teria
798 1890 979 1946 distat.
1022 1891 1315 1947 Phreuitim
1344 1891 1579 1961 sanguis,
1611 1900 1699 1944 aut
1730 1888 1850 1943 bilis
1882 1888 2011 1940 ﬂava
2044 1883 2220 1940 conci-
2396 1893 2561 1967 ιῖενει]
2593 1896 2850 1951 perculit,

641 1982 759 2049 liat.
792 1986 1089 2056 lethargum
1121 1989 1307 2057 pituita
1341 1987 1608 2041 humidior
1640 1995 1692 2040 et
1720 1983 1978 2053 frigidior,
2003 1994 2103 2051 qua
2131 1994 2220 2033 οε·
2395 1988 2642 2042 Mirantes
2657 1985 2853 2059 oculos]
2883 1986 2935 2041 Id
2958 1985 3267 2054 est,oculos
3282 1981 3575 2038 hominum
3611 1980 3924 2037 mirantium

642 2075 858 2131 rehrum
882 2078 1119 2133 diluitur.
1148 2080 1358 2135 Accidit
1390 2079 1443 2132 in
1473 2092 1539 2133 eo
1562 2076 1748 2133 morbo
1774 2091 1950 2129 rerum
1982 2071 2218 2126 omnium

2322 2083 2654 2151 repentinam
2683 2083 3047 2136 serenitatem.
3086 2078 3306 2134 Brevior
3330 2092 3449 2132 sum
3487 2078 3643 2132 circa
3680 2075 3787 2129 hoc
3817 2088 3929 2128 car-

641 2167 859 2224 oblivio.
2324 2191 2445 2230 men
2477 2172 2856 2238 enarrandum,
2901 2172 3042 2242 quod
3075 2172 3245 2225 visum
3275 2170 3480 2224 sitnon
3516 2169 3590 2223 ab
3622 2184 3686 2222 re
3714 2167 3852 2230 lore,
3882 2162 3925 2218 si

1162 2262 1227 2317 IN
1267 2261 1559 2318 METRUM
1600 2259 1685 2315 ΙΙΙ·
2323 2266 2601 2337 Augustini
2634 2265 2787 2319 Dnthi
2819 2264 3043 2333 epistola
3082 2256 3325 2333 quaedam
3354 2262 3485 2332 (qua
3515 2259 3670 2316 idem
3698 2274 3808 2313 non
3832 2256 3925 2309 mi-

712 2355 938 2411 Carmen
986 2365 1068 2411 est
1120 2357 1348 2422 dicolon,
1394 2355 1720 2425 distraplton,
1768 2360 2022 2407 constans
2051 2349 2222 2402 altero
2326 2373 2422 2413 nus
2453 2357 2660 2412 erudite
2677 2370 2832 2422 quam
2853 2355 3125 2425 eleganter
3144 2353 3454 2422 exponitur)
3486 2354 3597 2407 hoc
3625 2352 3749 2406 loco
3770 2346 3924 2403 fuerit

644 2462 803 2505 versu
836 2443 1087 2517 heroico;
1117 2449 1290 2505 altero
1318 2449 1616 2516 Alcmanio,
1653 2446 1937 2517 dactylico,
1969 2452 2221 2504 tetrame-
2326 2451 2589 2521 apposita,
2620 2450 2779 2516 idque
2810 2449 2948 2503 illius
2979 2448 3153 2513 titulo,
3184 2462 3307 2501 cum
3350 2446 3480 2517 (qua
3514 2462 3641 2501 sum
3687 2440 3924 2513 ingenui-

642 2546 747 2605 tro,
775 2540 1068 2595 acatalecto
1096 2558 1107 2593 :
1141 2542 1231 2610 qui
1255 2541 1595 2610 componitur
1616 2548 1842 2610 quatuor
1871 2538 2117 2607 dactylis,
2142 2536 2224 2589 in-
2328 2543 2456 2611 me)
2485 2542 2655 2597 aliena
2689 2540 2819 2594 mihi
2846 2540 3012 2594 nolim
3043 2554 3294 2607 arrogare
3319 2555 3332 2592 :

646 2631 850 2685 terdum
885 2641 1063 2686 tamen
1093 2642 1447 2702 praeterquam
1489 2632 1541 2687 in
1581 2640 1769 2701 quarta
1799 2631 2039 2699 regione,
2061 2643 2225 2697 spon-

2446 2654 2522 2704 Ne
2546 2656 2587 2702 si
2612 2652 2735 2702 forte
2759 2665 2870 2701 suas
2896 2653 3159 2712 repetitum
3182 2650 3374 2698 venerit
3395 2648 3519 2712 olim

645 2722 802 2777 deum
831 2725 1083 2779 admittit.
1126 2724 1238 2780 Hoc
1290 2732 1471 2780 autem
1508 2724 1725 2779 Boetius
1756 2722 1990 2777 ostendit
2014 2735 2072 2776 se
2098 2735 2222 2776 mox
2449 2718 2579 2780 GN!
2608 2710 2989 2780 ενίυωριυηιθρς
3012 2719 3206 2780 Ψονρθι
3230 2710 3478 2761 cornicula
3508 2710 3668 2759 Γίευηι

641 2816 869 2872 detersis
904 2817 972 2872 ab
1014 2832 1076 2873 ea
1120 2818 1232 2873 suis
1280 2819 1473 2887 oculis,
1519 2817 1909 2888 philosophiam
1959 2814 2223 2870 nutricem
2328 2885 2369 2896 ﬁ
2447 2777 2859 2896 F'fuwif‘mfa
2880 2775 3142 2896 θοιονῖδξηξ

641 2921 791 2963 suam
840 2908 1070 2965 libenter
1112 2912 1417 2982 agnovisse,
1456 2879 1622 2977 ’ρίιοα
1662 2879 1880 2981 ηυῖάθηι
1923 2909 2225 2965 rectissime
2328 2885 2421 2940 Est
2447 2884 2604 2951 igitur
2634 2882 2778 2936 illius
2809 2883 2921 2936 huic
2950 2879 3197 2948 epistola.

642 3001 843 3057 dictum
871 2990 974 3058 est.
1007 3003 1176 3059 Nemo
1218 3006 1361 3059 enim
1392 3004 1788 3074 philosophiam
1828 3002 2020 3073 ipsam,
2062 3001 2115 3056 id
2142 3010 2227 3057 est

643 3096 979 3165 sapientiam,
1013 3112 1117 3169 qua
1159 3099 1464 3155 intellectus
1498 3102 1776 3156 veritatem
1807 3086 2249 3167 contemplatur,’

646 3187 744 3243 nisi
762 3188 981 3259 depulsa
1013 3192 1160 3260 prius
1182 3192 1646 3261 perturbationum
1666 3193 1893 3261 caligine
1913 3200 1969 3247 et
1992 3188 2228 3260 purgatis

644 3281 804 3336 animi
837 3282 1004 3336 oculis
1036 3291 1210 3351 potest
1230 3284 1443 3338 intueri.

720 3372 887 3443 Tunc]
919 3373 1016 3429 Ubi
1047 3374 1397 3445 Philosophia
1441 3381 1589 3430 veste
1617 3390 1713 3429 sua
1740 3374 1926 3429 oculos
1957 3386 2104 3428 tneos
2135 3370 2230 3426 de-

648 3468 820 3519 tersit.

725 3557 985 3629 Discussa]
1011 3557 1259 3628 Disjecta,
1288 3559 1563 3629 dissipata.
1842 3622 1851 3629 κ

716 3650 901 3722 Nocte]
933 3650 1060 3705 Veri
1102 3650 1457 3721 ignoratione,
1488 3662 1542 3707 et
1573 3663 1855 3721 pravarum
1886 3648 2227 3705 aifectionum

647 3740 895 3819 caligine.

719 3830 980 3904 Tenebrae]
1009 3832 1189 3888 Animi
1219 3834 1431 3889 caecitas
1454 3845 1504 3889 et
1532 3834 1727 3889 mentis
1755 3833 2149 3891 obtenebratio.

2400 3041 2710 3112 Augustinus
2745 3037 2943 3092 Dalhus
2971 3035 3291 3090 Bernardino
3319 3033 3575 3088 salutem.

2254 3161 2302 3228 ο
2402 3134 2579 3203 Cupis.
2604 3131 2919 3186 Bernardine
2950 3132 3031 3197 (ut
3053 3129 3161 3197 ipse
3189 3126 3307 3197 ais),
3341 3129 3523 3179 eorum
3554 3121 3917 3228 expasitionem

2332 3243 2583 3291 versuum,
2617 3242 2740 3294 quos
2775 3224 3043 3279 Severinus
3075 3219 3286 3273 Boetius
3312 3217 3440 3271 libro
3461 3219 3532 3272 de
3566 3209 3916 3279 PhilosOphitz

2332 3318 2691 3374 Consolatione
2718 3314 3012 3368 modulatus
3038 3323 3132 3378 est,
3165 3328 3264 3366 non
3295 3310 3452 3363 multo
3484 3319 3607 3379 post
3637 3305 3804 3375 operis
3825 3300 3916 3354 ini~

2332 3410 2478 3476 tium,
2504 3424 2619 3463 cum
2638 3408 2710 3461 ait
2740 3423 2758 3460 :
2786 3406 2930 3459 Tunc
2955 3422 3036 3460 me
3066 3406 3295 3457 discussa
3321 3402 3585 3471 liquerunt
3618 3408 3764 3455 nocte
3784 3406 3917 3449 tene-

2332 3504 2452 3557 brw.
2485 3501 2551 3555 Et
2582 3501 2832 3570 reliquum
2859 3499 3093 3567 deinceps
3135 3511 3312 3564 poema
3336 3509 3355 3548 :
3386 3493 3575 3547 Laudo
3606 3505 3653 3546 te
3674 3500 3820 3558 atque
3843 3487 3915 3540 in-

2331 3593 2533 3665 genium
2584 3601 2749 3655 tuum,
2791 3598 2837 3643 et
2882 3589 3018 3662 quod
3059 3587 3290 3642 Severini
3319 3584 3548 3656 legendis
3574 3583 3819 3657 gaudeas,
3851 3586 3913 3643 te,

2337 3686 2686 3749 Bernardine,
2737 3684 3053 3737 vehementer
3095 3680 3270 3750 probo.
3319 3676 3439 3731 Fuit
3485 3678 3629 3733 enim
3661 3694 3687 3730 e
3715 3670 3911 3733 nostris,

2332 3779 2583 3848 singulari
2608 3777 2683 3829 vir
2712 3774 2962 3837 doctrina,
2996 3788 3056 3825 ac
3084 3772 3275 3825 nullius
3302 3769 3596 3839 disciplina:
3627 3767 3792 3831 rudis,
3814 3760 3912 3815 La-

2333 3872 2491 3923 tinum
2522 3867 2777 3937 eloquium
2808 3880 2909 3917 non
2949 3863 3112 3917 solum
3145 3863 3433 3931 percalluit,
3464 3863 3558 3915 sed
3580 3861 3730 3914 etiam
3758 3851 3908 3926 pluric

2333 3976 2468 4013 mum
2496 3959 2787 4012 illustravit.
2823 3953 2974 4019 Quod
3005 3948 3229 4006 indicant
3254 3969 3367 4006 cum
3389 3951 3483 4005 alii
3505 3950 3627 4005 libri
3647 3951 3758 4017 ejus
3782 3955 3908 3997 com«

719 4016 909 4123 fifth-“.1
938 4018 1198 4123 {iiddi‘f’s
1229 4026 1332 4123 8.5"
1357 4033 1419 4073 ac
1447 4018 1742 4122 reslilums'
1849 4111 1881 4123 η
2333 4056 2524 4123 plures,
2549 4061 2653 4104 tum
2686 4048 2763 4103 vel
2796 4016 3105 4114 is'maxime,
3137 4048 3222 4115 qui
3252 4047 3314 4099 de
3345 4044 3701 4114 PliilosOpltiaz
3727 4037 3906 4094 Conso-

726 4108 904 4181 γίθθν]
938 4109 1031 4164 Vis
1055 4119 1109 4165 εί
1137 4111 1363 4166 facultas
1390 4114 1503 4167 veri
1527 4111 1903 4183 cognoscendi'
2332 4108 2523 4198 latione
2557 4142 2872 4195 inscribitur.
2909 4138 3022 4202 Quo
3062 4108 3195 4191 certe
3226 4140 3281 4190 in
3317 4139 3426 4191 loco
3466 4108 3720 4189 summam
3756 4126 3906 4199 ipsi”

722 4202 789 4257 U‘
824 4220 937 4303 εαηξ
963 4204 1409 4303 Ρτιεείρίτί]ξ³ηέ
1428 4222 1589 4303 (ἰξηῐη
1621 4208 1853 4303 ei???”
1882 4221 2229 4303 Cpngrfiaque
2334 4234 2667 4303 pltilosOpltia:
2696 4234 2793 4284 vim
2823 4244 2867 4284 et
2909 4231 3115 4283 laudem
3150 4230 3407 4298 patefacit,
3439 4230 3646 4296 quando
3676 4224 3765 4277 illa
3784 4230 3901 4272 auc-

649 4297 1047 4395 comcparatione
1072 4296 1308 4352 ostendit
1336 4299 1611 4395 pristinam
1632 4299 1733 4395 sibi
1764 4299 2227 4395 intelligendi‘vim
2334 4296 2473 4390 ξομ,
2518 4296 2818 4395 ίῄηοναηιίω
2870 4321 3087 4375 “uel,”
3140 4296 3530 4391 ῥνυρειιηηιυν,
3594 4330 3642 4372 ει
3696 4306 3901 4368 ueritatis

650 4385 947 4441 restitutam
978 4402 1117 4453 esse,
1167 4388 1619 4458 quemadmodum
1666 4392 1955 4445 obscurato
1999 4390 2228 4445 nubibus
2332 4385 2574 4487 δρξωλάοζ.
2602 4427 2648 4468 ει
2676 4414 2886 4467 dum“
2918 4385 3172 4467 emaci].
3216 4385 3354 4465 Nam
3394 4385 3695 4464 cum'Immo
3715 4410 3899 4475 μενων..

649 4493 795 4542 aere,
820 4480 977 4534 sitiet
1002 4480 1206 4549 aquilo,
1233 4488 1288 4535 et
1312 4482 1679 4550 propellantur
1705 4483 1896 4549 nubes,
1915 4482 2055 4538 aeris
2079 4495 2227 4538 sere—

649 4568 804 4635 nitas,
834 4571 1073 4641 solisque
1102 4571 1564 4629 lumen-continuo
1594 4574 1887 4631 reducitur.

725 4658 813 4730 Ut]
848 4661 1019 4716 Velut.

719 4750 871 4826 Cum]
902 4755 1146 4821 Quando.

721 3923 1038 3997 Luminibus]
1063 3923 1243 3981 Oculis
1268 3927 1453 3981 animi.

2335 4513 2592 4566 bationum
2614 4520 2831 4564 emeatus
2851 4509 3069 4578 caligine
3094 4508 3291 4579 magnis
3320 4506 3610 4576 implicetur
3634 4495 3895 4556 erroribus.

2339 4604 2661 4675 philosOphia
2690 4605 2801 4673 ipsa
2826 4601 3117 4663 accedente,
3144 4596 3520 4667 quodammodo
3561 4589 3824 4662 resipiscit,
3854 4587 3897 4633 ει

2339 4697 2404 4748 ad
2435 4698 2674 4747 humana?
2694 4701 2887 4745 natura:
2913 4690 3174 4743 revertitur
3192 4688 3508 4758 dignitatem.
3537 4685 3737 4752 Duplex
3762 4686 3897 4728 ηαηι·

2336 4803 2431 4855 que
2457 4796 2529 4839 est
2567 4799 2696 4837 vera:
2731 4782 2997 4852 sapientiae
3022 4780 3231 4851 gradus,
3263 4795 3322 4833 ac
3352 4780 3551 4847 primus
3576 4774 3773 4846 quidem
3803 4766 3891 4818 im-

720 4846 1006 4921 Prcecipiti]
1038 4850 1265 4921 Rapido.

2336 4846 2623 4945 pedimenta
2650 4871 2779 4925 tollit
2793 4846 2820 4923 ἐ
2849 4846 3101 4924 secundus
3130 4846 3359 4923 veritatis
3393 4869 3725 4938 cognitionem
3750 4855 3891 4912 indu-

718 4934 1098 5012 Glomerantur]
1144 4941 1519 5010 lnvolvuutur,
1569 4942 1931 5015 obducuntur,
1981 4955 2036 5002 et
2076 4947 2231 5017 quasi

2336 4934 2425 5029 cit,
2457 4981 2554 5034 qua
2576 4962 2721 5017 trulla
2750 4971 2823 5015 est
2846 4960 3040 5014 homini
3068 4960 3273 5013 suavior
3300 4959 3564 5013 alimonia.
3595 4954 3728 5010 Bene
3750 4947 3890 5017 595m"

649 5028 1061 5097 conglobantur.

2333 5056 2421 5124 qui
2445 5062 2598 5108 antea
2625 5054 2681 5106 in
2715 5052 2954 5105 maximis
2984 5052 3316 5121 ignorationis
3345 5050 3565 5105 tenebris
3602 5048 3882 5100 versaretur:

721 5120 874 5217 garo]
900 5122 1078 5217 Vento
1101 5125 1324 5183 occiduo
1349 5126 1608 5186 adversus
1633 5132 1938 5204 aquilonem
1966 5130 2135 5185 ﬂanti.
2330 5120 2670 5217 ῥὴξιοεοριιὶω
2691 5144 2843 5214 (qua:
2871 5143 3133 5210 sapientia:
3160 5143 3387 5196 studium
3412 5136 3707 5213 proﬁtetur)
3739 5131 3883 5217 clate-

723 5210 910 5286 Polus]
939 5214 1169 5271 Ctnlum.

2329 5210 2498 5292 scente
2519 5210 2648 5302 luce,
2676 5210 2768 5288 illa
2794 5234 2939 5303 dicit,
2970 5216 3083 5304 qua:
3108 5235 3161 5287 in
3189 5210 3448 5304 praposito
3491 5237 3713 5305 poemate
3737 5216 3882 5277 conti-

722 5302 898 5376 Stetit]
930 5306 1085 5362 Stare
1110 5307 1319 5365 videtur
1347 5312 1675 5383 prseteritum
1718 5324 1927 5384 tempus
1954 5327 2050 5384 pro
2079 5326 2223 5383 prte-
2328 5338 2555 5383 "enim;

650 5407 787 5506 561:1]
2462 5437 2593 5506 Tunc
2616 5435 2931 5506 me'gliscussa
2951 5435 3344 5506 liquemntnocte
3370 5436 3591 5494 tenebrtl.

720 5486 815 5543 Sol
835 5488 979 5559 latet]
996 5492 1110 5547 Non
1135 5506 1373 5565 apparet.
2507 5486 2883 5560 Dardaniusque
2908 5486 3043 5560 prior
3068 5497 3213 5549 rediit
3236 5498 3390 5561 vigor.

723 5582 971 5639 Nondum
1009 5589 1132 5642 caelo
1171 5590 1479 5647 venientibus
1526 5593 1699 5663 astris]
1731 5592 1788 5647 lu
1807 5602 1908 5661 est,
1939 5580 2065 5651 ante
2094 5593 2226 5665 1θεί-
2332 5605 2542 5660 Primus
2587 5605 2850 5673 sapientia:
2893 5603 3085 5674 gradus
3131 5613 3229 5672 est,
3274 5599 3617 5672 impedimenti
3643 5584 3867 5648 mantia:

649 5684 835 5728 ttmum
864 5679 1038 5734 noctis
1067 5690 1293 5751 tempus.

2332 5698 2449 5752 hinc
2476 5699 2683 5752 dicitur.
2716 5694 2860 5750 Tunc
2906 5696 3137 5750 discussa
3184 5705 3345 5761 nocte,
3388 5696 3443 5750 id
3487 5704 3557 5749 est
3597 5680 3867 5775 obscuritate

723 5765 1259 5847 ”““P"15“9°|'n°-
2332 5789 2559 5859 sublato,
2588 5787 2843 5858 liquerunt
2866 5800 2963 5863 me
3008 5786 3246 5861 tenebrae,
3290 5786 3429 5858 quod
3472 5794 3567 5859 est,
3598 5765 3863 5854 ignorantia
