4290 6258
313 342 413 400 901

1209 329 1591 389 MURMELLII
1627 327 1717 383 ΕΤ
1758 325 2124 383 Αῦιὶιοοω
2161 326 2675 386 COMMENTABIA.

3480 323 3585 379 902

312 465 539 529 cacitas,
564 476 624 514 ac
648 458 828 514 mentis
849 456 1033 527 caligo.
1060 430 1325 511 Secundus
1354 452 1542 522 gradus
1568 449 1784 519 infertur
1811 463 1899 501 sa-
1924 450 1981 508 Δ
2002 448 2161 515 brari,
2193 458 2300 502 tum
2327 449 2479 503 etiam
2522 449 2693 518 ferire.
2737 444 2919 510 Itaque
2945 462 3048 502 non
3092 447 3252 519 gtaaii
3278 424 3466 511 solum,
3496 447 3587 499 sed

312 554 539 629 pientia,
572 567 685 605 cum
718 549 925 601 additur
948 562 965 600 :

500 636 872 701 Luminibusque
893 636 1029 700 prior
1050 633 1195 686 rediit
1218 634 1374 699 vigor.

314 729 544 788 Lumina
580 735 698 780 sunt
740 726 836 777 hoc
882 722 1016 786 loco,
1060 721 1215 775 animi
1251 735 1313 772 ac
1339 717 1518 771 mentis
1546 715 1697 769 acies.
1743 710 1903 780 Vigor

319 830 395 875 est
422 816 651 871 veritatis
671 814 913 883 cognitio,
943 827 1032 882 per
1062 826 1215 877 quam
1242 810 1372 878 viget
1401 808 1623 868 animus,
1654 819 1747 858 nec
1771 804 1903 872 viget

321 906 511 973 solum,
535 906 625 960 sed
653 903 805 958 etiam
830 902 1009 967 alitur,
1039 900 1239 964 crescit,
1269 915 1329 951 ac
1354 894 1781 951 vehementissim
1811 909 1901 945 ro-

323 1000 557 1054 boratur.
588 993 852 1066 Siquidem
871 990 1042 1046 nullus
1062 991 1232 1043 animo
1253 989 1454 1042 suavior
1479 985 1621 1039 cibus
1643 990 1738 1049 est,
1752 999 1904 1051 quant

322 1089 548 1145 veritatis
577 1087 818 1157 cognitio.
864 1082 1013 1149 Quod
1049 1090 1215 1135 autent
1255 1079 1413 1132 animi
1457 1087 1553 1142 est,
1582 1082 1627 1129 et
1659 1074 1712 1126 id
1749 1074 1909 1125 latens

324 1190 474 1249 atque
499 1174 771 1242 invisibile,
798 1172 987 1226 visibili
1013 1178 1060 1226 et
1089 1168 1432 1241 pulcherrima
1458 1163 1796 1220 similitudine
1819 1163 1907 1215 de-

326 1275 552 1326 claratur
575 1283 595 1321 :
682 1314 685 1317 λ

452 1360 514 1411 Ut
534 1369 645 1409 cunt
668 1352 903 1419 pracipiti
926 1351 1253 1417 glomerantur
1280 1347 1447 1399 sidera
1473 1357 1606 1396 coro.

330 1445 469 1500 Nam
499 1444 846 1513 glomerantur
874 1447 1014 1491 astra
1041 1452 1128 1507 per
1167 1433 1378 1487 nubium
1414 1430 1749 1490 coactionem,
1782 1439 1913 1495 pra—

331 1537 475 1604 cipue
498 1549 616 1586 coro
638 1529 847 1585 occiduo
878 1528 1125 1596 spirante,
1157 1532 1304 1576 vento
1331 1536 1479 1591 quem
1506 1531 1720 1571 caurum
1746 1513 1921 1583 appel-

336 1603 409 1681 lat
448 1623 663 1689 Gellius,
706 1622 965 1689 solentque
1012 1623 1259 1688 argestem
1301 1612 1567 1666 nominare
1609 1603 1799 1669 Graci,
1831 1603 1918 1670 qui

334 1718 577 1770 adversus
620 1711 910 1783 aquilonem
951 1709 1156 1777 perﬂat,
1198 1713 1349 1773 atque
1390 1702 1525 1755 idem
1570 1699 1647 1767 (ut
1678 1692 1919 1749 nonnulli

2003 544 2157 599 etiam
2196 542 2459 597 oculorum
2496 543 2630 595 acies
2670 541 2808 595 dicta
2838 550 2930 594 est.
2982 539 3177 595 Nostra
3214 555 3332 595 vero
3362 539 3496 593 acies
3527 537 3589 590 ab

2006 637 2189 706 objecti
2232 636 2355 689 solis
2396 636 2508 689 luce
2553 625 2996 705 circumfunditur,
3030 645 3087 688 ut
3132 636 3290 688 solem
3336 634 3590 687 intuentes

2005 727 2220 793 diutius,
2251 726 2421 780 lumen
2461 728 2726 780 oculorum
2772 727 2896 779 amit
2920 735 2967 779 et
2993 736 3119 788 tant,
3142 725 3203 779 ab
3230 724 3589 779 excellentiore

2008 819 2123 874 luce
2146 820 2347 891 penitus
2375 818 2677 873 obruantur.
2724 817 2830 873 Sed
2859 821 2946 889 (ut
2970 818 3145 872 redeat
3179 820 3247 871 ad
3273 832 3379 871 rem
3410 832 3593 885 propo-

2010 911 2161 965 sitam
2188 908 2386 979 sermo)
2412 918 2517 963 tota
2555 909 2780 964 auctoris
2806 909 2861 962 in
2889 924 2947 963 eo
2978 917 3206 977 poemate
3245 909 3381 962 circa
3422 907 3595 975 dupli~

2012 1018 2117 1057 cem
2164 1003 2426 1072 sapientia
2462 1002 2679 1071 gradum
2728 1010 2958 1055 versatur
3000 1002 3233 1067 intentio,
3282 1010 3337 1055 ut
3374 1003 3595 1069 primum

2012 1092 2375 1162 impedimenta
2406 1097 2682 1163 facessant,
2709 1109 2821 1162 qua
2848 1102 2964 1146 sunt
2986 1095 3143 1147 animi
3170 1093 3590 1164 perturbationes,

2015 1193 2063 1241 et
2087 1186 2307 1256 fortuna
2348 1186 2575 1256 ferientis
2594 1186 2773 1254 jacula
2798 1185 3021 1240 :deinde
3042 1175 3329 1255 perspicua
3367 1188 3598 1240 succedat

2015 1278 2241 1331 veritatis
2284 1277 2527 1349 cognitio,
2552 1294 2708 1348 quam
2749 1276 3071 1348 philosophia
3116 1288 3163 1331 et
3207 1279 3469 1345 sapientia
3492 1287 3600 1331 stu-

2017 1372 2160 1424 dium
2198 1371 2385 1425 invehit
2410 1386 2565 1425 :cum
2607 1372 2673 1425 sit
2712 1369 2806 1423 illa
2852 1369 3057 1439 quidem
3090 1386 3258 1422 rerum
3299 1370 3527 1423 omnium
3553 1379 3601 1423 et

2020 1462 2309 1514 divinarum
2344 1470 2388 1514 et
2422 1462 2762 1514 humanarum
2804 1460 3043 1530 cognitio,
3068 1461 3160 1513 lux
3186 1461 3428 1524 veritatis,
3452 1471 3601 1527 atque

2020 1552 2211 1606 idcirco
2238 1552 2342 1606 dux
2365 1553 2500 1617 vita,
2524 1554 2767 1605 virtutum
2788 1551 3037 1619 venatrix,
3061 1552 3300 1604 vitiorum
3325 1552 3597 1620 expultrix.

2024 1643 2238 1697 Animus
2280 1653 2449 1697 noster
2492 1643 2618 1697 calo
2655 1651 3014 1711 comparatur,
3040 1643 3177 1709 quod
3222 1658 3355 1694 nunc
3389 1641 3601 1695 nubibus
3671 1676 3675 1680 ~

2027 1734 2352 1800 tenebrescit,
2386 1750 2523 1787 nunc
2568 1749 2744 1787 serena
2782 1742 3074 1803 tempestate
3112 1724 3251 1786 nitet.
3299 1731 3366 1787 Et
3407 1736 3604 1787 animus

335 1807 565 1875 "adma
596 1804 740 1875 iapix
767 1802 975 1855 didm"
1016 1797 1156 1853 Nam
1192 1796 1324 1851 venti
1353 1793 1446 1847 am
1472 1800 1652 1866 agum’
1678 1787 1769 1843 am
1798 1803 1915 1858 pm-
1944 1821 1997 1886 B
2021 1834 2192 1879 noster
2238 1787 2373 1878 nunc
2418 1787 2894 1895 perturbationibus.
2922 1826 3275 1893 confunditur,
3313 1836 3362 1878 et
3408 1827 3607 1895 magnis

337 1897 532 1968 pellunt
563 1896 720 1949 nubes
745 1909 763 1947 :

460 1983 798 2099 £33103qu
820 1981 959 2046 polus
981 1977 1107 2032 stetit
1128 1974 1380 2037 imbribus,

343 2134 507 2191 Polus
535 2146 655 2203 pars
693 2130 802 2184 cali
840 2136 934 2193 est,
974 2135 1020 2181 et
1058 2142 1150 2195 pro
1178 2122 1305 2179 calo
1335 2119 1575 2190 usurpari
1612 2117 1760 2183 solet,
1792 2129 1926 2185 pra-

344 2224 519 2278 sertim
542 2236 632 2293 pro
652 2236 712 2275 ea
734 2227 1021 2289 parte,qua
1034 2220 1193 2291 juxta
1216 2214 1461 2269 arcticum
1484 2209 1562 2265 vel
1585 2211 1925 2263 antarcticum

346 2314 525 2383 polum
553 2312 780 2365 vertitur.
815 2307 1010 2363 Caelum
1052 2318 1223 2361 autem
1261 2312 1397 2359 stare
1423 2320 1526 2357 non
1555 2301 1763 2365 dicitur,
1788 2300 1926 2369 quod

345 2401 673 2475 rapidissimo
699 2415 894 2469 semper
915 2398 1077 2451 cietur
1095 2404 1240 2450 motu
1263 2410 1282 2449 :
1310 2394 1397 2449 sed
1427 2393 1575 2446 illum
1608 2404 1929 2458 nequaquam

348 2494 593 2559 sentiunt,
624 2508 716 2546 nec
758 2489 1043 2561 percipiunt
1086 2488 1338 2549 homines,
1384 2483 1484 2537 nisi
1535 2496 1625 2549 per
1671 2489 1931 2532 astrorum

350 2604 575 2654 cursum,
604 2599 822 2655 quorum
847 2592 1013 2637 motus
1043 2580 1194 2652 facile
1222 2580 1467 2636 cernitur.
1501 2574 1683 2644 Itaque
1728 2572 1936 2627 latenti-

352 2678 444 2732 bus
471 2676 749 2740 sideribus,
788 2682 836 2728 et
876 2673 1191 2741 interpositis
1235 2669 1472 2732 nubibus,
1505 2682 1567 2721 ac
1594 2663 1935 2736 defluentibus

354 2771 408 2823 in
438 2780 627 2824 terram
652 2765 920 2830 imbribus,
950 2766 1131 2819 calum
1158 2773 1292 2815 stare
1319 2761 1541 2823 videtur,
1572 2756 1649 2811 sol
1677 2756 1855 2820 latere,
1889 2759 1939 2807 et

356 2869 473 2915 ante
498 2861 653 2916 etiam
678 2874 828 2927 quam
856 2856 979 2910 calo
1020 2865 1161 2910 astra
1202 2853 1424 2917 veniant,
1468 2850 1601 2918 eripi
1632 2849 1760 2913 dies,
1791 2860 1940 2913 quem

358 2955 507 3025 efﬁcit
534 2954 658 3009 solis
688 2950 975 3021 prasentia,
1011 2957 1055 3001 et
1096 2962 1201 3000 nox
1226 2947 1442 3015 desuper
1468 2944 1524 2996 in
1554 2951 1740 2995 terram
1768 2936 1936 3007 fundi.

362 3045 532 3114 Quale
559 3054 611 3099 et
638 3043 766 3115 illud
788 3041 945 3112 apud'
959 3039 1223 3093 Maronem
1246 3045 1318 3089 est
1338 3051 1356 3088 :

484 3134 706 3199 Eripiunt
726 3133 880 3186 subito
900 3133 1048 3183 nubes
1067 3130 1332 3192 calumque
1353 3126 1593 3191 diemque.

2028 1912 2323 1984 implicatur
2366 1915 2643 1977 erroribus,
2682 1932 2816 1968 nunc
2855 1916 3052 1969 sincera
3098 1926 3143 1970 et
3194 1918 3459 1986 perspicua
3506 1916 3610 1971 veri

2026 2008 2313 2078 cognitione
2337 2010 2511 2063 claret.
2549 2010 2743 2076 Quibus
2788 2011 3056 2064 contrariis
3082 2026 3144 2063 ex
3170 2012 3319 2063 rebus
3348 2011 3609 2063 contraria

2027 2115 2227 2169 quoque
2254 2100 2473 2154 miseria
2498 2110 2543 2154 et
2571 2101 2831 2171 felicitatis
2855 2103 3017 2154 oritur
3045 2102 3195 2154 ratio.
3228 2100 3376 2165 Quod
3399 2103 3440 2153 si
3468 2117 3611 2170 qua-

2029 2196 2101 2247 ris
2132 2194 2253 2263 quid
2293 2196 2357 2247 sit
2397 2193 2676 2249 luminibus
2706 2194 2925 2263 priorem
2954 2194 3120 2247 redire
3148 2194 3402 2265 vigorem,
3436 2193 3489 2245 id
3513 2209 3613 2247 non

2032 2286 2311 2341 absurdum
2344 2287 2409 2340 sit
2448 2287 2775 2354 interpretari
2816 2286 3096 2340 secundum
3143 2284 3379 2338 Platonis
3414 2294 3616 2337 senten-

2034 2382 2179 2447 tiam,
2208 2382 2298 2451 qui
2325 2380 2551 2434 animum
2593 2380 2821 2433 divinum
2864 2387 2911 2433 et
2948 2388 3195 2433 aternum
3230 2381 3429 2440 asserit,
3462 2388 3510 2430 et
3540 2394 3618 2431 re-

2034 2485 2149 2523 rum
2168 2472 2392 2524 omnium
2412 2471 2695 2538 cognitione
2716 2471 3013 2541 perfectum,
3032 2486 3231 2524 carcere
3249 2486 3366 2523 vero
3387 2470 3619 2538 corporis

2037 2576 2085 2618 et
2112 2566 2278 2619 carnis
2294 2563 2549 2637 ergastulo
2568 2569 2690 2637 conf
2690 2566 2832 2625 undi,
2851 2578 2999 2636 atque
3018 2566 3356 2618 immemorem
3379 2564 3513 2632 ﬁeri,
3532 2565 3619 2618 sed

2039 2659 2209 2712 studio
2238 2668 2285 2711 et
2313 2659 2669 2712 exercitatione
2716 2658 2982 2722 pristinam
3030 2673 3329 2724 recuperare
3366 2658 3617 2708 notitiam.

2041 2749 2141 2803 Aut
2184 2750 2249 2818 (si
2271 2750 2325 2802 id
2350 2734 2453 2801 non
2483 2749 2751 2819 probatur)
2779 2748 3032 2802 hominem
3071 2749 3307 2818 intelligit
3353 2747 3623 2803 Severinus

2043 2851 2194 2894 antea
2218 2842 2269 2893 in
2298 2840 2636 2909 philosophia
2680 2851 2930 2894 versatum
2973 2842 3175 2902 studiis,
3212 2850 3259 2893 et
3300 2841 3485 2892 idcirco
3517 2842 3626 2892 luce

2045 2934 2272 2987 veritatis
2315 2933 2666 2997 illustratum,
2714 2934 2805 2987 sed
2853 2950 2943 3000 per
2988 2933 3148 2986 animi
3200 2931 3626 3001 perturlationem

2048 3034 2198 3095 atque
2219 3040 2481 3078 maerorem
2511 3024 2723 3078 oblitum
2762 3025 2949 3094 prioris
2988 3025 3253 3079 claritatis.
3283 3039 3485 3076 rursum
3513 3023 3628 3091 phi-

2051 3117 2299 3186 los0phia
2319 3118 2489 3171 studia
2504 3127 2824 3186 repetentem,
2839 3118 3106 3186 pristinam
3122 3133 3317 3187 quoque
3339 3118 3443 3170 veri
3456 3118 3630 3185 cogni-

365 3217 461 3274 Sol
501 3217 760 3289 signiﬁcat
786 3214 1000 3269 rationis
1024 3213 1210 3277 lucem,
1240 3220 1388 3280 atque
1414 3205 1764 3280 intelligentia
1792 3203 1947 3257 clari-
1972 3200 2023 3267 ς
2052 3229 2059 3266 ι

1935 3230 1947 3243 ·
1972 3200 2023 3267 C
2052 3216 2239 3266 tionem
2281 3215 2522 3282 recipere.
2579 3211 2766 3266 Utrum
2805 3212 2870 3265 sit
2912 3211 3239 3279 probabilius,
3270 3220 3355 3263 tuo
3400 3212 3629 3280 relinquo

364 3317 537 3362 tatem.
589 3306 753 3363 Corus
804 3305 1061 3358 nimbosus
1109 3311 1309 3365 verum.
1358 3298 1673 3353 adversantis
1725 3296 1949 3367 [ονηιηω
2042 3305 2267 3378 judicio.
2290 3306 2353 3357 At
2376 3321 2487 3359 mea
2517 3306 2763 3358 sententia
2790 3313 3055 3371 utrumque
3084 3320 3185 3356 non
3207 3303 3400 3372 injuria
3427 3304 3633 3373 probari

364 3398 609 3466 impetum
655 3412 718 3450 ac
756 3395 1039 3450 savissima
1068 3396 1188 3448 tela.
1220 3389 1402 3447 Nubes
1441 3400 1610 3443 atram
1638 3400 1834 3441 noctem
1861 3389 1952 3440 ob-

366 3490 576 3555 ducens,
602 3488 888 3559 graviorem
916 3487 1075 3540 animi
1110 3481 1564 3555 perturbationem,
1602 3488 1753 3549 atque
1797 3477 1954 3547 agri-

368 3578 620 3643 tudinem,
652 3593 766 3646 qua
795 3577 1026 3631 obductis
1059 3574 1274 3629 tenebris
1302 3572 1631 3642 quibusdam,
1664 3570 1846 3625 mentis
1872 3569 1955 3639 ip—

371 3671 477 3724 sius
507 3670 680 3724 lunsen
708 3684 770 3721 ac
790 3668 1040 3721 rationem
1067 3666 1318 3719 obscurat.

497 3761 634 3870 gigni:
656 3755 958 3870 si’Thraicia
976 3756 1146 3807 boreas
1169 3753 1367 3805 emissus
1387 3752 1450 3803 ab
1470 3756 1606 3803 arcto

576 3835 599 3870 r
632 3834 683 3870 er
741 3858 752 3870 .

576 3834 752 3871 roeret.

378 3903 511 3958 Nunt
543 3903 718 3958 boreas
745 3902 841 3976 (ita
870 3900 1036 3958 Graci
1062 3900 1347 3970 appellant,
1379 3912 1528 3966 quem
1555 3894 1728 3949 Latini
1757 3892 1960 3963 aquilo—

374 4014 488 4052 nem
526 3996 727 4067 dicunt)
770 3999 906 4066 flans
949 3994 1103 4049 nubes
1131 3993 1298 4061 solvit,
1331 4001 1378 4046 et
1411 3990 1613 4045 easdem
1652 3986 1961 4043 verberando

374 4090 623 4160 dispellit,
663 4100 811 4159 atque
854 4090 925 4143 ita
970 4086 1202 4141 clausum
1238 4095 1427 4140 reserat
1468 4085 1618 4139 diem.
1651 4083 1757 4136 Alii
1788 4083 1964 4152 legunt

376 4191 523 4233 antro
562 4179 823 4243 Thraicio,
859 4179 995 4247 quod
1039 4181 1091 4231 in
1118 4179 1281 4232 antris
1321 4188 1368 4231 et
1411 4177 1542 4231 cavis
1588 4178 1696 4247 ejus
1743 4173 1965 4243 regionis

379 4272 632 4339 speluncis
669 4272 800 4325 venti
829 4272 1004 4333 creati,
1029 4269 1227 4340 spirant
1251 4267 1433 4322 exinde
1461 4268 1871 4329 vehementiores,
1904 4279 1966 4317 ac

381 4363 534 4416 nubes
564 4362 779 4431 pellunt.
808 4361 911 4415 Alii
932 4361 993 4415 ab
1018 4371 1161 4415 arcto
1182 4362 1353 4431 legunt
1377 4361 1562 4429 potius.
1590 4350 1774 4412 Arctus
1798 4365 1968 4411 autem

382 4456 794 4520 septentrionalis
848 4453 1005 4525 plaga
1054 4461 1161 4521 est,
1212 4462 1267 4505 ut
1320 4452 1453 4506 illud
1496 4452 1549 4505 in
1596 4460 1738 4506 sexto
1785 4448 1969 4504 xEnei-

384 4548 476 4600 dos
502 4564 521 4601 :

508 4638 702 4690 Gelidas
724 4636 880 4689 enavit
902 4636 969 4688 ad
991 4643 1167 4688 arctos.

386 4722 553 4777 (ἐτωσὶ
593 4724 724 4777 enim
765 4724 1009 4781 ἀνατολήν
1037 4722 1296 4785 orientem,
1327 4717 1475 4775 δύσιν
1504 4718 1835 4785 occidentem,
1866 4733 1969 4770 me-

384 4817 569 4870 ridiem
591 4817 935 4891 μισημϐρίαν,
952 4816 1343 4885 septentrionem
1366 4812 1546 4890 ἄρκτον
1574 4822 1774 4867 vocant.
1800 4808 1970 4885 Igitur

386 4912 589 4981 rejectis
617 4927 677 4965 ac
708 4911 931 4983 depulsis
958 4911 1020 4965 ab
1047 4911 1282 4979 aquilone
1315 4912 1559 4979 nubibus,

517 5000 715 5059 Emicat,
741 5012 785 5053 et
809 5001 958 5064 subito
982 5004 1190 5054 vibratus
1214 5001 1391 5053 lumine
1417 5004 1641 5064 Phabus,

577 5064 808 5115 Mirantes
830 5062 993 5117 oculos
1017 5068 1173 5116 radiis
1197 5064 1321 5128 ferit.

392 5145 639 5215 Phabus,
663 5148 799 5203 idem
819 5148 906 5216 qui
931 5161 978 5203 et
998 5148 1116 5218 Sel,
1143 5149 1565 5219 quemadmodum
1591 5148 1739 5203 Luna
1763 5146 1974 5204 Phoebe.

399 5240 492 5297 Sol
519 5251 686 5297 autem
715 5245 831 5312 fons
855 5243 1063 5297 luminis
1092 5252 1186 5308 est,
1216 5250 1272 5296 ut
1296 5241 1469 5295 Cicero
1508 5243 1696 5312 inquit,
1725 5259 1786 5296 ac
1810 5244 1975 5296 subito

395 5335 597 5399 emicat,
630 5351 733 5389 non
759 5333 928 5389 solum
957 5351 1069 5388 cum
1094 5350 1283 5388 aurora
1310 5344 1569 5404 praeunte
1594 5346 1804 5391 cunctas
1837 5349 1976 5388 com-

396 5428 546 5498 plevit
584 5429 771 5483 lumine
806 5442 988 5495 terras,
1015 5428 1105 5483 sed
1128 5440 1175 5482 et
1205 5444 1322 5481 cum
1365 5428 1599 5483 abscessu
1643 5430 1851 5482 nubium
1890 5444 1977 5482 re-

398 5528 545 5587 pente
568 5519 896 5586 diﬂunditur,
921 5529 965 5575 et
985 5518 1158 5573 orbem
1182 5520 1469 5573 universum
1491 5535 1585 5571 sua
1603 5522 1711 5572 luce
1737 5518 1973 5589 complet.

407 5607 663 5676 Vibratus,
693 5616 943 5683 crispatus
994 5612 1199 5675 dicitur,
1223 5620 1270 5664 et
1316 5622 1418 5664 tam
1460 5611 1681 5665 vibratus
1727 5627 1876 5679 quam
1904 5611 1983 5675 fe-

399 5704 531 5757 riens
581 5706 752 5759 oculos
802 5707 1021 5769 dicitur,
1058 5722 1087 5757 a
1140 5706 1239 5758 telo
1289 5705 1623 5759 translatione
1668 5713 1982 5769 sumpta;et

402 5792 613 5867 fulgenti
656 5797 827 5869 gladio
872 5798 1020 5868 cujus
1048 5806 1317 5866 utrumque
1357 5796 1619 5867 proprium
1648 5804 1745 5867 est,
1776 5807 1879 5853 tum
1903 5796 1981 5851 vi-

2052 3398 2230 3467 possit,
2253 3404 2299 3449 et
2327 3397 2634 3464 pracipuam
2660 3396 3065 3467 philosophantis
3090 3394 3360 3450 utilitatem
3390 3396 3633 3450 ostendit.

2055 3488 2170 3543 Nos
2196 3488 2422 3543 divinum
2448 3488 2670 3556 fatemur
2689 3490 2936 3552 animum,
2958 3498 3006 3541 et
3031 3488 3085 3541 id
3111 3487 3255 3542 nobis
3277 3504 3391 3541 cum
3419 3487 3635 3542 Platone

2054 3582 2300 3635 convenit.
2334 3580 2439 3637 Sed
2466 3581 2713 3643 divinum,
2743 3583 2836 3634 hoc
2863 3589 2936 3633 est
2954 3596 2987 3632 a
3010 3578 3117 3634 Deo
3146 3588 3371 3633 creatum
3392 3580 3637 3651 intelligi-

2058 3690 2170 3728 mus
2192 3682 2340 3743 atque
2360 3674 2586 3744 infusum
2606 3674 2825 3739 corpori,
2844 3689 3037 3743 semper
3058 3688 3173 3726 vero
3198 3672 3356 3742 fuisse
3370 3688 3634 3743 negamus,

2059 3768 2293 3834 futurum
2332 3782 2527 3836 semper
2552 3780 2652 3818 non
2681 3765 2993 3829 inﬁciamur.
3027 3758 3315 3826 Postremo,
3349 3771 3402 3816 ut
3444 3764 3641 3817 brevius

2060 3872 2172 3926 qua
2198 3858 2334 3910 dicta
2361 3867 2477 3911 sunt
2523 3857 2694 3911 omnia
2722 3856 3159 3926 prastringamus,
3190 3855 3317 3909 scito
3354 3870 3473 3924 ergo
3499 3853 3637 3922 quod

2062 3952 2305 4007 dividitur
2330 3949 2426 4005 hoc
2455 3966 2632 4017 poema
2663 3949 2715 4002 in
2742 3948 2874 4002 duas
2900 3956 3091 4017 partes.
3122 3944 3189 4000 In
3224 3946 3392 4014 prima
3414 3946 3644 3999 declarat

2062 4043 2268 4099 Boetius
2307 4042 2641 4112 philosophia
2689 4040 2974 4094 accedentis
3017 4037 3287 4104 effectum,
3322 4038 3375 4090 in
3414 4037 3641 4091 secunda

2064 4136 2292 4191 eumdem
2320 4152 2408 4205 per
2429 4132 2810 4187 similitudinem
2835 4131 3095 4201 patefacit.
3122 4128 3349 4196 Effectus
3375 4128 3645 4182 advenien-

2066 4230 2130 4281 tis
2172 4226 2509 4298 philosophia
2556 4224 2749 4293 duplex
2796 4231 2899 4289 est,
2943 4222 3242 4293 ignorantia
3290 4223 3520 4274 tenebras
3560 4220 3647 4273 de-

2066 4320 2271 4391 pellere,
2302 4328 2347 4373 et
2387 4320 2551 4372 lucem
2573 4318 2810 4372 inducere
2854 4316 3100 4371 veritatis.
3128 4312 3207 4368 De
3235 4314 3399 4382 primo
3424 4314 3608 4366 dicitur
3629 4328 3648 4367 :

2072 4412 2212 4467 Tunc
2260 4411 2588 4483 philosophia
2628 4411 3009 4472 interveniente,
3044 4410 3258 4462 tenebra
3283 4408 3471 4460 scilicet
3500 4406 3649 4477 igno-

2069 4507 2252 4560 rantia
2276 4506 2529 4572 liquerunt
2551 4518 2651 4570 me,
2671 4503 2897 4556 discussa
2919 4512 3080 4564 nocte,
3101 4499 3407 4552 obscuritate
3425 4499 3646 4551 sublata.

1992 4572 2049 4636 Ῑ)
2077 4598 2154 4652 De
2180 4598 2401 4653 secundo
2431 4598 2616 4650 dicitur
2640 4612 2658 4650 :
2686 4595 2753 4649 Et
2784 4595 2921 4662 prior
2946 4594 3108 4664 vigor,
3136 4592 3191 4645 id
3216 4600 3287 4645 est
3312 4598 3450 4644 certa
3477 4601 3522 4643 et
3550 4590 3653 4643 veri

2074 4692 2277 4752 notitia,
2324 4690 2508 4755 rediit,
2551 4697 2877 4755 recuperatas
2928 4695 3001 4739 est
3048 4682 3354 4747 luminibus,
3393 4682 3529 4748 quod
3576 4690 3647 4735 est

2075 4783 2255 4837 mentis
2282 4781 2461 4835 oculis.
2489 4779 2685 4833 Deinde
2704 4779 2912 4831 additur
2932 4776 3233 4830 similitudo.
3252 4774 3464 4829 Animus
3485 4784 3656 4827 noster

2076 4877 2200 4932 calo
2230 4881 2576 4943 comparatur.
2600 4870 2794 4927 Caelum
2824 4884 2959 4925 nunc
2990 4867 3276 4922 tenebrescit
3304 4865 3502 4930 nubilo,
3524 4881 3659 4919 nunc
3684 4904 3687 4905 ν

2079 4984 2260 5025 sereno
2290 4968 2430 5021 nitet.
2474 4964 2541 5020 Et
2584 4965 2784 5019 animus
2820 4973 2988 5017 noster
3016 4976 3151 5015 nunc
3193 4959 3660 5031 perturbationibus

2079 5070 2125 5116 et
2153 5062 2407 5115 erroribus
2454 5058 2746 5129 implicatur
2794 5064 2946 5125 atque
2984 5054 3353 5125 confunditur,
3385 5070 3520 5107 nunc
3560 5053 3662 5107 veri

2082 5153 2368 5224 cognitione
2393 5152 2609 5206 nitescit.
2646 5148 2747 5215 υτ,
2778 5148 2831 5202 id
2859 5155 2933 5202 est
2957 5148 3091 5203 velut
3115 5163 3230 5201 cum
3250 5147 3419 5201 sidera
3446 5146 3660 5217 conglo-

2082 5244 2287 5311 bantur,
2320 5244 2602 5314 praecipiti,
2640 5241 2841 5310 rapitb.
2888 5238 3065 5307 Cono,
3111 5248 3257 5293 vento
3298 5237 3362 5291 ab
3404 5238 3664 5291 occidente

2082 5339 2240 5407 flante
2262 5344 2342 5390 :et
2368 5336 2563 5400 Pows,
2588 5334 2642 5387 id
2672 5344 2743 5389 est
2764 5333 2945 5387 calum
2975 5332 3069 5385 hac
3094 5330 3151 5384 in
3180 5340 3325 5402 parte
3350 5328 3507 5394 stetit,
3530 5337 3666 5382 stare

2083 5429 2221 5482 visus
2261 5437 2374 5481 est:
2393 5444 2509 5481 cum
2547 5436 2803 5481 astrorum
2830 5441 3013 5480 cursus
3049 5423 3267 5477 maxime
3292 5421 3527 5476 ostendat
3556 5420 3667 5474 cali

2088 5531 2298 5587 motum,
2332 5530 2385 5573 ut
2410 5520 2680 5574 latentibus
2703 5518 2853 5573 astris
2878 5526 3012 5571 stare
3039 5516 3219 5570 calum
3249 5514 3499 5569 videatur.
3533 5513 3668 5568 Nin-

2089 5628 2227 5668 BnSlS
2278 5628 2555 5678 insulsus,
2598 5611 2653 5666 id
2696 5608 3254 5681 est,impetuosioribus
3299 5607 3504 5677 pluviis.
3554 5607 3665 5663 Son

2093 5722 2283 5770 ιΑτΕτ,
2312 5708 2641 5759 absconditur
2663 5747 2675 5769 ,
2708 5705 2934 5760 nondum
2973 5704 3098 5758 calo
3139 5698 3449 5755 venientibus
3492 5700 3669 5769 astris,

2090 5800 2225 5867 quod
2254 5795 2369 5867 fieri
2387 5796 2515 5853 solet
2540 5804 2652 5869 post
2691 5796 2817 5853 solis
2854 5808 3111 5853 occasum.
3143 5791 3287 5861 Nox,
3317 5791 3373 5848 id
3407 5800 3481 5849 est
3510 5792 3667 5860 nocti,
