4290 6258
685 329 789 387 905

1323 328 1662 387 APPENDIX
1703 326 1793 383 AD
1825 325 2066 382 LIBROS
2109 323 2196 379 DE
2234 320 2750 379 CONSOLATIONE
2791 318 3281 379 PlllLOSOPleE.

3822 331 3922 386 90-1

681 448 958 504 obscuritas
986 418 1199 518 desuper
1239 446 1291 500 in
1331 458 1514 502 terram
1558 447 1813 517 funditur,
1848 443 2114 508 emittitur,
2138 449 2255 495 ante
2278 440 2331 502 Δ
2358 438 2505 507 probi
2537 439 2776 493 Boetium
2805 448 2858 494 et
2879 439 3032 493 exosi
3062 447 3187 493 sunt
3205 447 3260 492 et
3284 437 3567 510 criminati,
3590 440 3731 510 quod
3756 441 3924 512 philo-

684 550 878 611 tempus
900 555 1001 595 non:
1020 540 1167 594 terris
1194 539 1421 592 incubat.
1447 538 1549 605 A'r,
1580 537 1669 591 sed
1688 537 2052 601 econtrario,si
2079 534 2253 588 boreas
2293 572 2299 589 ,

684 634 894 690 emissus
920 633 982 687 ab
1007 641 1175 698 arcto,
1217 648 1250 685 a
1287 630 1671 701 septentrionali
1711 632 1883 703 plaga,
1913 629 1989 683 uel
2032 627 2253 682 Thracio

682 734 860 789 antro,
891 724 1027 795 quod
1056 740 1119 778 ea:
1143 722 1275 777 cavis
1302 724 1463 777 antris
1493 723 1622 776 venti
1663 720 2072 793 proficiscantur.
2104 720 2251 774 Vun-

683 832 873 879 neus'r,
902 816 1091 869 scilicet
1128 799 1308 870 ctelum
1346 824 1391 870 et
1436 815 1593 870 nubes
1621 824 1707 869 :et
1736 814 2004 881 Rnsznsr,
2031 814 2250 882 aperiat,

682 908 934 973 clausum,
965 906 1155 960 scilicet
1194 923 1283 979 per
1327 906 1535 961 nubium
1569 906 1940 973 obscuritatem,
1972 906 2122 968 diem,
2152 905 2253 959 diei

680 997 989 1053 claritatem.
1031 997 1284 1062 PHtEBUS,
1311 1000 1408 1053 sol.
1458 997 1684 1063 EMICAT,
1715 996 2052 1066 splendescit;
2093 1004 2136 1049 et
2165 994 2252 1049 Vt-

679 1105 900 1157 nnt'rus,
928 1089 1175 1161 crispatus
1198 1106 1216 1156 ;
1251 1089 1466 1155 Sum-ro,
1499 1090 1758 1158 repentino
1786 1088 1992 1151 lumine,
2018 1087 2252 1157 fulgore;

680 1180 869 1248 FERIT,
887 1182 1141 1247 verberat;
1167 1181 1466 1248 MIRANTES,
1485 1188 1797 1250 aspectantes
1819 1178 2022 1241 oculos;
2044 1176 2249 1240 Rsous,

678 1289 785 1328 sua
809 1273 919 1327 luce
941 1272 1207 1327 claritatis.
1257 1271 1360 1327 Sed
1382 1272 1487 1325 hate
1508 1270 1801 1325 delibavisse
1826 1270 1950 1322 satis
1981 1269 2046 1321 sit
2083 1268 2255 1321 hacte-

678 1386 795 1423 nus.
842 1367 938 1432 Tu,
968 1368 1100 1434 vale,
1143 1375 1190 1420 et
1237 1365 1419 1419 studiis
1444 1364 1695 1431 incumbe,
1728 1373 1774 1417 et
1814 1374 1859 1418 te
1904 1360 2253 1433 hujuscemodi

678 1462 1118 1517 exercitationibus
1142 1459 1448 1514 vehementer
1471 1456 1682 1512 oblecta.

1211 1550 1277 1605 ΙΝ
1312 1548 1585 1605 PROSAM
1626 1548 1710 1603 Ill.

749 1645 940 1700 Narrat
967 1658 1108 1699 nunc
1147 1642 1365 1698 Boetius
1394 1638 1844 1712 quemadmodum
1879 1638 2107 1708 pristino
2150 1637 2251 1692 sibi

678 1736 860 1806 vigore
888 1737 1150 1800 restituto,
1181 1733 1413 1804 agnitam
1440 1730 1841 1799 Philosophiam
1874 1729 1944 1784 sit
1964 1728 2247 1793 allocutus,

2354 532 2555 601 sophus
2584 541 2726 587 esset
2751 540 2806 586 et
2829 531 3050 602 justitiaa
3076 532 3267 587 cultor.

2426 624 2653 697 Scilicet]
2685 627 2749 692 ρ.
2779 626 2833 680 d.
2864 627 3100 682 Minime.

2424 716 2629 789 Censes]
2655 718 2905 790 Nunquid
2930 720 3155 775 censes?
3184 720 3298 776 haec
3326 720 3467 778 enim
3500 736 3595 795 per
3623 725 3924 796 interroga-

2354 809 2553 865 tionem
2582 819 2705 866 sunt
2729 810 2974 880 legenda.

2423 900 2750 973 Lacessitam]
2780 902 3142 969 Provocatam,
3176 903 3495 974 impetitam.

2426 992 2607 1049 Nostri
2630 993 2887 1066 Platonis]
2916 994 3360 1066 Philosophorum
3391 996 3666 1068 principis,
3693 1008 3749 1055 et
3768 1015 3929 1070 quem

2355 1094 2411 1141 tu
2446 1100 2658 1156 quoque
2686 1085 2741 1143 in
2782 1087 2888 1143 isto
2931 1103 3092 1157 opere
3129 1088 3461 1157 potissimum
3493 1091 3737 1147 imitaris.
3779 1092 3930 1149 Plato

2354 1179 2699 1235 Atheniensis
2742 1179 3181 1249 philosophorum
3234 1182 3507 1250 gentilium
3553 1188 3930 1253 praestantissi-

2354 1285 2493 1337 mus,
2527 1271 2765 1326 Socratis
2796 1272 3109 1341 discipulus,
3152 1273 3454 1329 Aristotelis
3489 1285 3805 1346 praeceptor,
3834 1286 3933 1333 eu-

2355 1365 2442 1435 jus
2495 1364 2655 1420 vitam
2718 1365 2989 1420 memorias
3045 1364 3279 1434 prodidit
3334 1365 3595 1435 Diogenes
3648 1368 3931 1437 Laertius,

2354 1454 2550 1511 deinde
2590 1455 2857 1511 Guarinus
2903 1455 3242 1522 Veronensis,
3294 1467 3347 1512 et
3388 1458 3651 1514 Marsilius
3692 1460 3933 1517 Ficiuus.

2356 1546 2507 1600 Plato
2536 1555 2590 1600 et
2620 1548 2732 1615 ipse
2761 1546 2813 1601 in
2847 1547 3093 1601 maximis
3126 1548 3397 1616 periculis,
3441 1564 3507 1605 eo
3534 1552 3671 1620 quod
3696 1552 3939 1622 philoso-

2357 1635 2493 1706 phus
2542 1646 2708 1702 esset,
2756 1648 2996 1692 versatus
3032 1649 3136 1705 est,
3180 1654 3342 1708 super
3389 1657 3499 1710 quo
3547 1642 3616 1696 Μ.
3649 1643 3851 1699 Tullius
3877 1646 3942 1699 in

2357 1728 2598 1782 oratione
2628 1742 2723 1797 pro
2745 1728 2808 1785 (Σ.
2843 1728 3080 1784 Rabirio.
3124 1730 3327 1798 Virum,
3359 1731 3550 1801 inquit,
3580 1749 3743 1788 unum
3775 1737 3943 1792 totius

677 1845 845 1899 eaque
906 1829 1407 1886 benevolentissimi;
1467 1827 1804 1896 responderit
1825 1867 1840 1891 ν
1902 1825 2253 1894 (ιοωθι-ῑιψιθ
2284 1815 2332 1876 Β
2360 1815 2579 1872 Graecia
2604 1819 2760 1873 facile
2785 1820 3149 1875 doctissimum
3181 1819 3478 1890 Platonem,
3505 1825 3786 1894 iniquitate
3812 1829 3943 1884 Dio-

677 1919 804 1973 olim
837 1919 910 1975 ita
939 1928 1303 1989 comparatum
1334 1934 1471 1983 esse,
1504 1928 1565 1973 ut
1591 1917 1849 1985 improbis
1878 1915 2003 1969 odio
2031 1916 2139 1971 sint
2160 1916 2258 1969 vir-

680 2020 849 2065 tutum
879 2026 941 2066 ac
982 2012 1254 2082 sapientia:
1286 2010 1539 2077 studiosi;
1575 2008 1799 2079 proinde
1827 2008 1994 2078 magis
2020 2007 2256 2077 gauden-

677 2104 802 2157 dum
833 2104 907 2159 illi
933 2120 1087 2175 quam
1116 2105 1400 2161 dolendum
1430 2119 1571 2170 esse,
1614 2104 1659 2158 si
1688 2105 1756 2157 ob
1784 2118 1992 2157 morum
2024 2102 2257 2156 dissimi-

678 2192 957 2249 litudinem
1004 2197 1235 2265 pessimo
1277 2196 1467 2266 cuique
1522 2194 1826 2264 displiceat.
1872 2202 1928 2248 et
1979 2194 2255 2262 sapientiae

677 2286 816 2341 vallo
862 2289 1101 2343 munitus
1129 2289 1395 2343 incassum
1426 2285 1664 2356 profante
1694 2284 2051 2339 multitudinis
2091 2284 2256 2338 armis

677 2379 984 2449 impetatur.
1741 2398 1750 2406 ·
1926 2430 1932 2435 ,

752 2470 913 2525 Haud
937 2468 1106 2541 aliter]
1139 2469 1254 2526 Non
1296 2471 1400 2525 alio
1440 2469 1620 2539 modo,
1662 2484 1821 2541 quam
1851 2469 2143 2526 serenitate
2170 2482 2255 2523 re-

677 2562 834 2618 ducta
857 2563 987 2618 solis
1007 2571 1258 2632 aspectus
1279 2563 1540 2619 redditur.

753 2653 942 2726 Hausi]
974 2655 1205 2725 Inspexi.

754 2745 1088 2817 Medicantis]
1130 2747 1433 2803 'Oculorum
1491 2748 1705 2819 caligini
1765 2746 2061 2805 remedium
2125 2746 2257 2804 ade-

678 2844 868 2898 rentis.

712 2990 715 2991 ν
750 2933 966 3007 Diduxi]
1004 2933 1224 3003 Aperui.
1257 2933 1517 2991 Diducere
1553 2936 1694 2990 enim
1735 2934 1973 2991 dividere
2021 2942 2125 3001 est,
2164 2941 2255 2987 aut

678 3026 906 3095 aperire.
952 3024 1228 3081 Deducere
1270 3041 1420 3094 vero,
1452 3026 1699 3082 deorsum
1747 3027 1963 3081 ducere.
2006 3026 2145 3080 Cave
2187 3040 2256 3078 ne

679 3121 765 3177 hic
794 3120 989 3177 deduxi
1019 3122 1182 3191 legas,
1228 3121 1331 3176 nisi
1360 3121 1627 3191 intelligas
1659 3121 1900 3176 Boetium
1942 3121 1993 3174 in
2025 3118 2254 3174 editiore

2358 1913 2497 1983 nysii
2552 1913 2747 1969 Siciliae
2798 1916 3032 1985 tyranni,
3088 1916 3176 1971 cui
3225 1932 3284 1971 se
3329 1918 3422 1973 ille
3469 1922 3832 1989 commiserat,
3880 1928 3941 1979 in

2357 2006 2606 2060 maximis
2638 2006 2895 2075 periculis
2928 2009 3240 2079 insidiisque
3270 2026 3391 2066 esse
3422 2024 3689 2069 versatum
3721 2031 3909 2087 accept

2356 2112 2499 2153 mus.
2532 2099 2890 2155 Calisthenem
2918 2101 3136 2156 doctum
3161 2104 3455 2172 hominem,
3481 2108 3729 2163 comitem
3760 2110 3945 2179 Magni

2357 2189 2675 2256 Alexandri,
2707 2191 2776 2244 ab
2802 2192 3108 2248 Alexandro
3136 2204 3403 2251 necatum.
3434 2198 3758 2255 Demetrium
3786 2212 3842 2258 et
3868 2218 3947 2260 ex

2352 2281 2628 2349 republica
2678 2282 2923 2348 Athenis,
2970 2300 3127 2353 quam
3172 2287 3375 2356 optime
3419 2290 3733 2361 digesserat,
3774 2303 3828 2348 et
3867 2310 3948 2351 ex

2356 2369 2597 2426 doctrina
2626 2371 2858 2428 nobilem
2886 2386 2932 2428 et
2968 2376 3194 2445 clarum,
3225 2379 3316 2448 qui
3343 2379 3635 2437 Phalereus
3672 2385 3945 2441 vocitatus

2357 2472 2460 2533 est,
2491 2464 2541 2518 in
2586 2466 2777 2522 eodem
2811 2467 2951 2532 loco,
2981 2467 3237 2541 Egyptio
3278 2488 3466 2544 regno,
3509 2475 3694 2546 aSpide
3723 2476 3789 2531 ad
3814 2491 3948 2532 eor—

2357 2568 2456 2622 pus
2482 2555 2718 2627 admota,
2746 2558 2852 2613 vita
2883 2574 3004 2616 esse
3035 2561 3319 2631 privatum.
3352 2564 3620 2621 Haetenus
3653 2567 3861 2623 Cicero.

2429 2647 2697 2705 Certamen
2738 2652 3058 2725 certavimus]
3104 2655 3335 2727 Elegaus
3382 2659 3600 2729 locutio,
3633 2662 3805 2731 qualis
3835 2663 3939 2718 illa

2358 2747 2554 2804 Lucilii
2585 2766 2596 2801 :

2481 2840 2699 2902 Puguam
2724 2844 3047 2905 pugnavimus
3071 2859 3314 2907 magnam.

2428 2920 2647 2992 Eodem]
2676 2925 2915 2979 Platone.

2433 3012 2740 3087 Superstite]
2773 3016 2963 3073 Adhuc
2994 3018 3229 3075 vivente.

2430 3105 2694 3177 Socrates]
2719 3106 2814 3162 Hic
2836 3108 3178 3166 Atheniensis
3199 3110 3551 3181 philosophus
3580 3090 3938 3184 clarissimus,

679 3213 860 3269 lectuli
891 3220 1039 3283 parte
1064 3189 1370 3279 éubamem,
1415 3189 1698 3269 deﬁxisse
1721 3213 1847 3283 (hoc
1879 3222 1962 3269 εει
1998 3214 2247 3268 deorsum
2277 3189 2325 3255 C
2355 3195 2494 3252 ﬁlius
2521 3197 2869 3268 SOphrouisci
2908 3204 3243 3257 marmorarii
3268 3215 3321 3259 et
3342 3205 3656 3261 Phanaretae
3691 3208 3945 3263 obstetri-

677 3304 923 3376 duxisse)
948 3305 1134 3360 oculos
1168 3303 1220 3358 in
1253 3304 1651 3372 Phi1030phiam
1678 3305 1918 3375 ejusdem
1948 3304 2133 3361 lectuli
2159 3320 2255 3361 ex-

679 3405 848 3452 trema
875 3396 930 3450 in
958 3406 1107 3466 parte
1132 3394 1518 3451 considentem.

675 3517 694 3541 .~
748 3490 823 3544 Ab
850 3486 1215 3558 adolescentia]
1255 3487 1330 3542 Ea
1362 3502 1593 3558 namque
1619 3496 1752 3544 astas
1790 3488 2109 3545 inchoandis
2134 3487 2253 3557 phi-

679 3582 939 3653 losophiae
960 3581 1152 3649 studiis
1175 3590 1256 3636 est
1284 3583 1494 3637 idonea.

755 3674 800 3729 0
825 3674 1054 3727 omnium
1098 3674 1343 3744 magistra
1370 3674 1634 3746 virtutum]
1676 3674 1860 3731 Cicero
1890 3676 1942 3730 in
1971 3678 2155 3746 quinto
2186 3678 2254 3733 lio

677 3769 776 3825 bro
803 3766 1223 3823 Tusculanarum
1254 3765 1618 3831 Quaestionum
1651 3784 1663 3818 :
1693 3767 1738 3821 0
1768 3767 1889 3822 vitae
1914 3767 2252 3839 philosophia

680 3860 808 3926 dux,
858 3874 892 3914 o
942 3856 1151 3912 virtutis
1195 3856 1524 3927 indagatrix,
1561 3858 1935 3929 expultrixque
1984 3859 2251 3927 vitiorum,

679 3953 805 4023 quid
832 3967 938 4006 non
969 3950 1127 4005 modo
1146 3964 1265 4017 nos,
1297 3950 1391 4005 sed
1432 3950 1652 4005 omnino
1681 3955 1789 4005 vita
1822 3952 2095 4006 hominum
2135 3954 2253 4006 sine

678 4051 732 4096 te
770 4054 890 4096 esse
932 4039 1229 4110 potuisset?
1254 4040 1334 4095 Tu
1364 4041 1526 4097 urbes
1554 4041 1832 4111 peperisti,
1869 4050 1923 4098 tu
1969 4041 2253 4112 dissipatos

681 4133 925 4187 homines
952 4133 1005 4186 in
1038 4132 1348 4187 societatem
1381 4134 1501 4188 vita:
1529 4135 1854 4203 convocasti,
1906 4144 1959 4189 tu
1990 4148 2084 4189 eos
2114 4138 2253 4190 inter

677 4240 736 4282 se
763 4227 936 4296 primo
954 4225 1257 4291 domiciliis,
1284 4225 1477 4281 deinde
1501 4228 1781 4297 eonjugiis,
1812 4239 1922 4282 tum
1955 4229 2251 4284 litterarum

676 4330 732 4373 et
757 4332 948 4372 vocum
975 4318 1353 4373 communione
1377 4317 1643 4386 iunxisti;
1670 4330 1724 4374 tu
1756 4319 2019 4374 inventrix
2050 4320 2249 4390 legum,

677 4420 733 4465 tu
771 4409 1017 4480 magistra
1052 4424 1258 4464 morum
1283 4421 1337 4465 et
1365 4410 1643 4481 disciplina
1669 4412 1836 4467 fuisti.
1867 4412 1947 4466 Ad
1975 4423 2027 4469 te
2058 4414 2246 4469 conlu-

678 4510 874 4580 gimus,
902 4523 930 4562 a
960 4517 1014 4564 te
1042 4523 1196 4578 opem
1226 4507 1471 4577 petimus.
1499 4508 1617 4562 Tibi
1647 4523 1744 4563 nos
1770 4517 1824 4562 ut
1872 4519 2029 4565 antea
2058 4524 2250 4580 magna

2356 3290 2457 3358 eis,
2507 3290 2767 3347 moralem
2824 3291 3214 3364 philosophiam
3254 3296 3465 3351 abunde
3518 3300 3782 3353 tractavit.
3836 3300 3941 3355 Hic

2359 3392 2483 3431 cum
2511 3377 2799 3448 aliquando
2825 3381 3058 3450 Anytum
3089 3382 3474 3439 Atheniensem
3494 3384 3670 3439 virum
3699 3386 3945 3455 locuple-

2358 3480 2464 3526 tem
2512 3480 2569 3526 et
2616 3473 2892 3528 lactiosum
2941 3473 3143 3530 rideret
3181 3477 3251 3531 ob
3292 3476 3409 3545 ejus
3439 3477 3685 3547 ineptias,
3728 3479 3947 3534 AriSto-

2357 3563 2561 3632 phanes
2607 3566 2846 3620 comicus
2889 3566 3079 3621 doctus
3127 3568 3363 3639 quidem,
3416 3569 3508 3625 sed
3551 3572 3710 3625 homo
3750 3585 3943 3639 parum

2357 3656 2633 3727 probatus,
2674 3668 2892 3729 accepta
2936 3661 3129 3731 grandi
3177 3664 3399 3732 pecunia
3429 3664 3497 3717 ab
3521 3665 3717 3735 Anyto,
3748 3673 3943 3720 contra

2356 3745 2636 3803 Socratem
2680 3750 2999 3806 comoediam
3057 3753 3289 3823 scripsit,
3333 3755 3484 3824 cujus
3531 3756 3808 3827 inscriptio
3857 3768 3944 3813 est

2356 3838 2584 3910 Νεφέλαι,
2614 3838 2668 3893 id
2693 3848 2776 3895 est
2805 3840 2974 3895 nubes
3017 3857 3109 3897 seu
3142 3844 3349 3899 nebulae
3379 3863 3391 3897 :
3420 3860 3522 3916 qua
3546 3848 3761 3916 quidem
3798 3847 3945 3903 inter

2360 3940 2585 3986 caeteras
2610 3931 3016 3990 criminationes
3060 3936 3189 3991 illud
3229 3938 3509 4007 conﬁnxit,
3556 3941 3623 3995 ab
3666 3956 3731 3996 eo
3764 3943 3940 3995 nebu-

2356 4019 2436 4075 las
2474 4022 2604 4091 coli,
2646 4034 2701 4078 et
2744 4024 3151 4082 Atheniensium
3202 4028 3488 4099 religiones
3524 4030 3835 4094 obtrectari,
3884 4040 3942 4087 et

2354 4122 2551 4182 praeter
2574 4114 2675 4170 hoc
2698 4115 2954 4184 juvenum
2985 4130 3190 4175 mentes
3216 4119 3294 4175 sic
3320 4120 3511 4187 imbui,
3538 4132 3595 4176 ut
3623 4124 3940 4192 parentibus

2356 4220 2547 4261 minus
2571 4206 2768 4263 inferre
2799 4209 2885 4277 pie
2907 4220 2959 4264 et
2981 4210 3221 4266 ofﬁciose
3247 4223 3487 4281 possent.
3520 4213 3650 4281 Qua:
3673 4229 3758 4269 res
3788 4228 3942 4269 accu-

2355 4295 2598 4353 santibus
2618 4299 2813 4370 Anyto,
2838 4300 3072 4371 Lycone,
3094 4312 3147 4359 et
3170 4304 3350 4360 Melito
3371 4303 3456 4375 (ut
3478 4304 3629 4360 Plato
3656 4308 3709 4362 iu
3733 4310 3941 4378 Apolo-

2356 4389 2439 4457 gia
2472 4406 2567 4460 pro
2598 4391 2818 4448 Socrate
2846 4394 3057 4467 scribit)
3089 4411 3209 4451 cum
3242 4397 3553 4454 universum
3588 4402 3842 4471 populum
3882 4402 3939 4459 in

2357 4481 2627 4537 Socratem
2654 4485 3004 4553 concitasset,
3037 4487 3215 4545 furore
3252 4492 3483 4560 quodam
3520 4501 3575 4547 et
3601 4493 3717 4557 ira,
3754 4506 3932 4551 morte

675 4562 741 4656 ex
772 4562 939 4670 parte,
987 4562 1255 4657 sic‘uunc
1282 4601 1491 4670 penitus
1522 4609 1767 4672 totosque
1800 4602 2080 4658 tradimus.
2114 4603 2253 4659 llae-
2277 4562 2369 4672 D‘,

2243 4562 2332 4643 '_D
2357 4572 2639 4630 damnatus
2667 4586 2770 4643 est,
2803 4579 2893 4648 qui
2925 4590 3163 4650 pateram
3200 4585 3394 4641 cicutae
3450 4587 3733 4658 publicitus
3758 4591 3937 4672 datam

678 4705 833 4751 tenus
859 4694 1066 4751 Cicero.

748 4786 916 4855 Super
944 4785 1175 4858 cardine]
1205 4786 1280 4843 De
1303 4788 1460 4843 cmlo.

746 4875 848 4949 An]
870 4878 1106 4935 Subaudi
1138 4879 1259 4935 ideo
1293 4879 1346 4934 in
1377 4878 1474 4934 has
1503 4878 1681 4935 exsilii
1711 4883 1883 4939 nostri
1926 4883 2242 4939 solitudines

677 4971 891 5026 venisti.
1529 4959 1532 4962 ’

755 5061 987 5134 Quoque]
1014 5064 1211 5119 Etiam.

752 5152 857 5207 Rea
900 5152 1130 5225 agiteris]
1176 5155 1479 5212 Accuseris.
1526 5158 1695 5214 Reum
1743 5174 1924 5232 agere,
1969 5174 2051 5220 est
2094 5179 2253 5221 accu—

678 5258 819 5300 sare.
852 5243 1116 5315 Peragere
1144 5260 1272 5301 vero
1298 5262 1471 5317 reum,
1503 5251 1884 5312 condemnare.

753 5335 881 5408 Illa]
911 5338 1279 5409 Philosophia.

750 5431 987 5505 Alumna]
1020 5432 1191 5501 Boeti,
1223 5448 1382 5503 quem
1408 5436 1535 5494 alui.

750 5523 1041 5595 Sarcinam]
1073 5526 1241 5581 Onus.

752 5616 1003 5690 Partirer]
1053 5619 1308 5675 Partitam
1357 5623 1707 5694 susciperem,
1751 5639 1846 5685 aut
1892 5630 2026 5687 ultro
2074 5631 2251 5702 petius

680 5706 794 5775 ejus
825 5716 1029 5775 partem
1052 5708 1309 5766 subirem.

754 5797 919 5862 Quam
944 5802 1041 5863 mei
1077 5804 1295 5859 nominis
1327 5804 1519 5862 invidia
1558 5812 1831 5886 sustulisti]
1875 5815 1949 5873 Eo
1974 5817 2115 5874 enim
2150 5818 2252 5877 im-

2362 4666 2629 4737 intrepide
2676 4669 2891 4740 hausit,
2947 4683 3258 4747 tantumque
3299 4679 3502 4748 abfuit,
3567 4690 3624 4736 ut
3681 4666 3938 4741 ultionem

2360 4769 2644 4829 quaereret,
2692 4773 2750 4817 ut
2778 4767 3117 4823 contenderit
3154 4784 3372 4841 semper
3408 4773 3560 4829 illum
3602 4775 3939 4835 miseriorem

2362 4866 2482 4907 esse
2519 4853 2613 4923 qui
2648 4852 2810 4909 faciat
2847 4872 3006 4926 quam
3045 4863 3135 4928 qui
3179 4862 3409 4918 afﬁcitur
3447 4864 3661 4934 injuria.
3704 4867 3942 4938 Populus

2362 4951 2539 4997 autem
2579 4944 2921 5003 Atheniensis
2950 4958 3181 5005 mortem
3222 4954 3338 5022 ejus
3381 4970 3507 5010 mox
3556 4956 3631 5011 ita
3662 4957 3855 5025 doluit,
3885 4970 3941 5016 ut

2362 5044 2703 5092 accusatores
2742 5039 2886 5095 illius
2923 5041 3006 5097 vel
3034 5053 3207 5099 morte
3235 5046 3319 5100 vel
3347 5048 3539 5104 exsilio
3570 5050 3848 5121 plecteret,
3888 5064 3940 5108 et

2361 5124 2464 5195 ipsi
2492 5127 2701 5185 Socrati
2721 5138 2954 5187 statuam
2979 5148 3174 5189 azream
3202 5136 3495 5195 dedicaret.
3527 5140 3716 5197 Grtece
3746 5143 3938 5199 scribi-

2363 5226 2449 5271 tur
2494 5222 2938 5296 Σωκράτηςεὺὴιο
2987 5225 3158 5294 prima
3197 5241 3408 5299 semper
3447 5240 3531 5287 est
3571 5234 3936 5302 producenda.

2363 5307 2537 5373 Quare
2583 5312 2759 5367 obiter
2811 5315 3105 5372 studiosum
3156 5318 3405 5376 lectorem
3450 5323 3800 5381 admonemus
3826 5367 3840 5389 ,
3882 5335 3934 5381 ut

2364 5403 2615 5459 emendet
2646 5409 2965 5464 versiculum
2996 5411 3049 5465 in
3077 5412 3215 5468 libro
3237 5424 3424 5471 nostro
3446 5416 3801 5487 Epistolarum
3825 5433 3932 5477 mo-

2364 5495 2576 5564 ralium,
2611 5497 2690 5553 sic
2720 5499 3037 5568 impressum
3069 5505 3293 5574 epistola
3322 5506 3566 5563 decima:

2486 5612 2707 5662 Mortuus
2732 5623 2808 5665 est
2830 5616 3074 5680 Socrates,
3105 5626 3325 5671 mortuus
3350 5629 3525 5686 estque
3549 5623 3708 5679 Plato.

2365 5716 2453 5774 Sic
2477 5718 2617 5775 enim
2648 5718 2931 5789 legendum
2959 5723 3301 5795 scripsimus:

2488 5830 2703 5886 Mortuus
2724 5829 2965 5887 Isocrates
3008 5844 3167 5891 mortu
3250 5844 3427 5899 estque
3450 5841 3607 5898 Plato.
