4276 6260
382 397 490 456 903

1403 398 1776 454 MURMELLII
1818 399 1900 452 ET
1939 397 2303 455 ACRICOL£
2341 399 2846 456 COMMENTARIA.

387 514 582 570 Imitati
604 515 746 570 enim
771 530 953 570 sumus
973 515 1228 570 Catonem
1262 513 1841 584 Majorem'Ciceronis,
1871 513 1959 568 ubi
1990 517 2036 572 Α
2069 514 2303 584 losophia
2334 516 2503 570 divisa
2527 527 2628 570 est.

382 618 439 659 et.
487 606 734 659 Isocratis
782 616 837 659 et
877 605 1109 660 Platonis
1159 606 1418 668 meminit,
1460 621 1684 674 quorum
1728 615 1950 673 uterque

385 698 659 765 longaevus
699 695 816 748 fuit.
849 696 901 749 In
941 698 1124 750 eadem
1155 697 1379 764 epistola
1407 711 1686 766 perperam
1718 696 1948 765 legitur:

504 785 669 834 Valida
689 786 834 833 solvit
857 787 905 834 in
929 788 1048 834 orbe
1073 800 1233 846 manu,

387 880 487 935 pro
525 869 694 920 saevit.
746 868 873 920 Item
919 868 970 920 in
1015 868 1244 921 secunda
1283 866 1529 934 epistola,
1561 865 1817 933 Quamvis
1861 879 1948 934 pa-

390 971 536 1016 rum,
590 969 684 1023 pro
713 971 976 1024 quamque
1013 971 1216 1024 parum.
1259 957 1362 1010 Sed
1393 972 1531 1010 nunc
1571 972 1675 1010 non
1721 964 1836 1010 erat
1866 955 1952 1010 hic

390 1047 576 1100 locus:
609 1063 772 1116 quare
803 1049 916 1102 hcce
948 1048 1106 1102 missa
1141 1048 1410 1111 faciamus,
1442 1048 1506 1102 ad
1538 1049 1838 1102 institutum
1868 1063 1958 1101 re-

387 1139 688 1191 vortentcs.‘

458 1227 752 1281 Promeruit
772 1228 1025 1281 victoriam
1050 1229 1256 1300 injustte
1277 1228 1453 1280 mortis
1476 1243 1553 1280 me
1577 1225 1793 1299 astante]
1822 1225 1951 1280 Nam

391 1321 772 1387 plIIIOSOIIIIiCIS
825 1321 1268 1388 diSpmationihus
1318 1322 1608 1388 approbata
1655 1321 1953 1373 animorum

386 1413 808 1475 immortalitate,
850 1413 1110 1480 intrepide
1141 1429 1402 1466 venenum
1430 1414 1586 1477 bibit,
1627 1423 1959 1481 mortemque

388 1503 637 1568 injustam
677 1503 822 1566 vicit,
870 1514 924 1557 et
961 1504 1261 1556 innocentia
1301 1519 1396 1558 sua
1433 1503 1664 1572 iniquam
1707 1505 1787 1557 sui
1833 1519 1961 1556 con-

389 1593 782 1647 demnationem
810 1593 862 1647 in
901 1605 1245 1648 accusatores
1276 1596 1492 1648 retorsit
1521 1593 1663 1662 juste
1705 1593 1961 1647 condem-

374 1675 564 1738 'natos.

460 1773 616 1845 Cujus
648 1775 986 1828 hereditatem
1022 1791 1136 1827 cum
1176 1775 1409 1840 deinceps
1447 1775 1748 1845 Epicureum
1779 1775 1961 1844 vulgus

2135 603 2458 675 Panniculis]
2496 605 2778 669 Fluctulis,
2814 605 3105 672 particulis.

2134 695 2314 751 Nostri
2337 693 2556 765 habitus]
2591 697 2643 750 Id
2674 708 2755 751 est
2782 699 2945 752 veStis
2974 709 3191 751 nostrae.

2134 785 2380 857 Vestigia]
2413 787 2592 853 Signa.

2131 875 2523 948 Imprudentia]
2580 875 2811 930 Stultitia
2854 893 2972 947 qiue
3017 877 3369 948 phibiSOphire
3416 895 3629 949 semper

2060 967 2387 1022 adversatur.

2133 1059 2425 1112 Nonnultos
2443 1057 2636 1128 corum]
2667 1059 2796 1113 Puta
2844 1059 3186 1130 Cyrenaicos,
3223 1062 3533 1132 Epicureos,
3575 1072 3628 1115 et

2063 1155 2112 1208 id
2141 1169 2308 1222 genus
2333 1156 2589 1223 reliquos.

2131 1244 2396 1316 Profunda]
2428 1247 2657 1300 Indoctus
2701 1254 2754 1300 et
2794 1243 3148 1317 phiiosophite
3186 1247 3360 1301 sacris
3389 1262 3493 1302 non
3530 1245 3631 1301 ini-

2063 1339 2226 1392 tiatze.

2135 1428 2344 1500 Errare]
2375 1428 2527 1483 Falsa
2568 1430 2898 1498 Opinatione,
2929 1431 3070 1499 quod
3105 1430 3352 1499 voluptas
3389 1430 3458 1484 sit
3483 1445 3630 1484 sum-

2063 1537 2204 1575 mum
2235 1521 2431 1574 bonum
2459 1532 2512 1574 et
2539 1521 2678 1591 quod
2701 1521 2879 1575 divina
2911 1524 3243 1592 providentia
3271 1522 3496 1576 mundus
3523 1538 3628 1577 non

2061 1611 2402 1679 gubernetur.

2136 1699 2417 1772 Pcrrertit]
2471 1701 2831 1768 Depravavit,
2884 1709 2938 1755 et
2989 1719 3015 1754 a
3072 1703 3299 1756 veritate
3356 1701 3624 1757 alienavit.

2139 1791 2285 1856 Quod
2311 1793 2355 1844 si
2382 1809 2472 1844 nec
2493 1794 2813 1863 Anaxagora:
2844 1792 3036 1864 fugam]
3063 1793 3332 1862 Exemplis
3359 1793 3630 1851 convincit

382 1883 450 1919 ac
483 1869 731 1931 Stoicum,
761 1867 1045 1940 ctcterique]
1080 1870 1258 1937 Magna
1303 1869 1419 1923 Inus
1462 1869 1718 1931 Socratis,
1757 1871 1846 1938 qui
1871 1886 1960 1923 vc-
1991 1866 2071 1935 Βε

1938 1899 1960 1909 ·
1991 1866 2038 1925 Β
2063 1897 2275 1950 semper
2302 1883 2645 1950 philosophos
2671 1882 2896 1937 indocta:
2928 1884 3247 1936 multitudini
3299 1883 3461 1937 fuisse
3495 1883 3627 1936 invi-

391 1957 510 2012 τειιῆ
532 1959 875 2027 philosopher:
895 1963 1283 2028 possessionem
1305 1962 1552 2015 habuisse
1575 1961 1790 2025 dicitur,
1818 1963 1959 2016 unde

393 2050 634 2115 plerique
663 2049 1042 2117 discipulorum
1066 2053 1179 2116 ejus
1202 2063 1402 2105 tantum
1428 2053 1526 2104 sibi
1561 2054 1845 2120 partietilas
1874 2053 1959 2106 di-

385 2139 692 2204 ripuerunt.
731 2140 978 2194 Socrates
1014 2142 1157 2194 enim
1202 2144 1404 2209 primus
1449 2143 1685 2196 omnium
1729 2143 1962 2212 philoso-

393 2232 619 2298 phorum
649 2233 714 2285 de
743 2231 845 2284 vita
877 2242 927 2284 et
957 2234 1192 2286 moribus
1216 2234 1522 2302 disputavit,
1556 2235 1648 2286 sed
1673 2235 1804 2286 mira
1827 2247 1960 2302 qua-

392 2321 514 2373 dam
551 2322 738 2385 ironia,
788 2331 842 2376 et
878 2323 1098 2391 singulis
1128 2323 1194 2377 de
1234 2327 1393 2378 rebus
1424 2326 1494 2378 ita
1539 2327 1879 2379 vehementer
1911 2327 1962 2378 in

389 2420 672 2478 utramque
713 2421 936 2480 partem,
973 2421 1030 2465 ut
1065 2414 1257 2482 singuli
1300 2430 1431 2482 pene
1458 2414 1574 2484 ejus
1609 2416 1851 2485 discipuli
1885 2417 1965 2486 (ut

392 2513 517 2554 sunt
563 2501 761 2554 diversi
801 2501 1151 2555 Immanornm
1193 2503 1522 2571 ingeniorum
1568 2507 1802 2573 captus),
1856 2521 1960 2558 non

391 2590 536 2658 quiod
568 2591 658 2644 ille
684 2591 928 2657 sentiret,
963 2592 1058 2645 sed
1095 2593 1236 2660 quod
1270 2593 1368 2648 sibi
1411 2593 1644 2648 maxime
1683 2604 1966 2647 mosenta-

399 2696 559 2734 neum
591 2681 880 2742 \ideretur,
921 2695 985 2735 ex
1029 2681 1330 2749 hujusmodi
1374 2682 1823 2750 disputationibus
1863 2683 1963 2736 sibi

399 2772 720 2839 arriperent.
756 2772 890 2825 Ilinc
917 2782 1122 2826 exortae
1147 2782 1269 2825 sunt
1295 2773 1456 2826 varia:
1486 2773 1816 2841 diversaque
1847 2773 1966 2842 phi-

397 2859 739 2929 Iosophorum
791 2873 968 2915 sectae.
1016 2862 1311 2929 DiSputavit
1353 2863 1672 2932 quandoque
1719 2864 1965 2918 Socrates

389 2955 464 3008 de
491 2956 734 3021 corporis
764 2954 1051 3024 voluptate,
1100 2956 1196 3008 sed
1229 2957 1282 3008 in
1322 2965 1596 3022 utramque
1625 2964 1825 3022 partem
1856 2955 1965 3009 dis-

397 3047 618 3114 putavit.
675 3046 734 3098 Ili
784 3047 978 3116 igitur,
1030 3062 1253 3115 quorum
1306 3045 1572 3114 ingenium
1625 3048 1675 3098 in
1713 3060 1830 3099 eam
1871 3046 1969 3098 fuit

399 3137 736 3207 prepensius,
772 3154 874 3190 non
902 3154 1015 3206 quae
1038 3139 1130 3192 ille
1152 3147 1440 3201 assereret,
1468 3138 1559 3192 sed
1584 3153 1700 3206 qua)
1727 3137 1827 3190 sibi
1855 3153 1968 3189 ma—

2063 1987 2152 2027 sos
2181 1982 2336 2039 atque
2362 1987 2571 2025 exesos.

2135 2061 2470 2134 Anaxagora]
2505 2064 2598 2116 llic
2626 2062 2996 2118 Clazomenius
3037 2077 3253 2131 genere,
3286 2062 3630 2132 philosophus

2069 2156 2292 2223 insignis
2321 2156 2437 2208 fuit.
2462 2156 2561 2222 Qui
2594 2153 2820 2209 Athenis
2852 2155 3136 2223 impietatis
3157 2154 3454 2218 accusatus,
3488 2153 3627 2222 quod

2067 2245 2230 2299 solem
2265 2244 2578 2298 candentem
2621 2244 2818 2298 dixerit
2849 2244 3121 2312 laminam,
3165 2258 3226 2297 ac
3256 2244 3467 2313 penitus
3499 2243 3630 2313 igni-

2067 2346 2194 2400 tam,
2242 2335 2358 2405 fugi
2388 2336 2588 2404 judicio
2627 2349 2685 2389 se
2721 2336 3004 2400 subtraxit,
3049 2343 3105 2388 ut
3143 2334 3354 2402 quidam
3394 2334 3628 2388 tradunt.

2067 2425 2199 2478 Sunt
2240 2436 2416 2479 tamen
2449 2427 2537 2493 qui
2576 2425 2756 2478 dicunt
2784 2441 2904 2479 eum
2950 2424 3276 2493 injndicium
3313 2425 3550 2485 venisse.
3579 2431 3628 2478 et

2073 2514 2439 2568 misericordia
2469 2513 2708 2583 judicnm
2742 2513 2904 2568 fuisse
2935 2515 3246 2567 relaxatum.
3280 2513 3628 2582 Lampsacum

2070 2615 2251 2674 postea
2283 2606 2568 2674 protectus,
2601 2605 2708 2659 illic.
2732 2604 2871 2658 diem
2901 2620 3054 2659 suum
3085 2605 3237 2667 obiit,
3276 2604 3362 2657 ubi
3402 2605 3631 2672 reganti-

2068 2697 2164 2750 bus
2183 2712 2304 2750 eum
2329 2695 2658 2763 principibus
2679 2695 2904 2748 civitatis
2936 2695 3169 2757 I’tunqttid
3197 2693 3306 2747 lteri
3333 2693 3629 2756 mandaret,

2063 2788 2289 2856 jussisse
2315 2788 2514 2849 ferunt,
2547 2796 2604 2838 ut
2640 2786 2787 2851 pueri
2817 2786 3103 2851 quotannis
3132 2799 3237 2851 quo
3281 2798 3462 2836 mense
3488 2783 3632 2836 deie-

2069 2879 2229 2931 cisset
2281 2878 2466 2930 ludere
2512 2878 2962 2943 permitterentur,
3018 2874 3324 2941 servarique
3378 2873 3632 2926 hactenus

2068 2985 2186 3022 cam
2215 2968 2671 3021 consuetudinem.
2705 2971 2900 3021 Auctor
2923 2965 3182 3018 Laertius.

2137 3058 2380 3130 Zenonis]
2409 3060 2650 3114 Zenones
2680 3068 2798 3110 octo
2833 3057 2993 3110 fuisse
3027 3058 3188 3110 tradit
3219 3054 3462 3110 Laertius
3488 3072 3501 3107 :
3533 3054 3631 3106 ho-

2072 3168 2186 3204 rum
2215 3152 2320 3204 duo
2352 3151 2582 3203 illudi-e3
2623 3148 2948 3216 pliilosOphi,
2988 3148 3122 3200 alter
3153 3145 3220 3199 de
3262 3160 3370 3212 quo
3403 3145 3633 3198 diximus

391 3229 476 3296 gis
519 3229 810 3296 placerent,
856 3230 978 3282 inde
1016 3240 1308 3297 sumentes,
1362 3245 1578 3283 suavem
1626 3229 1677 3281 in
1721 3229 1963 3281 sensibus
1990 3221 2080 3294 C5

1944 3243 1963 3281 ε
1990 3221 2037 3281 C
2070 3243 2264 3296 Stoica:
2311 3240 2606 3308 disciplinze
2645 3247 2829 3292 auctor
2867 3238 3010 3292 Zeno
3046 3237 3296 3298 Cittiens;
3338 3237 3470 3288 alter
3509 3249 3633 3286 vero

401 3330 635 3382 motum,
685 3321 734 3372 id
773 3331 856 3373 est
891 3322 1249 3388 voluptatem,
1309 3334 1574 3372 summum
1614 3319 1806 3372 bonum
1848 3334 1968 3373 esse

398 3409 664 3464 dixerunt.
711 3411 856 3464 Zeno
900 3423 1077 3465 autem
1122 3411 1366 3472 Citticus,
1411 3420 1465 3465 et
1506 3412 1593 3480 qui
1636 3411 1704 3464 ab
1743 3427 1809 3464 eo
1844 3417 1969 3464 sunt

395 3502 567 3553 exorti
615 3500 800 3564 Stoici,
848 3503 896 3554 in
929 3503 1042 3555 sola
1076 3503 1268 3555 xii-tute
1312 3501 1614 3555 felicitatem
1655 3508 1964 3568 posuerunt.

400 3591 500 3643 Abi
527 3607 656 3645 vero
685 3594 785 3645 alia
824 3606 1064 3658 sensere,
1100 3603 1155 3645 ut
1182 3593 1389 3646 erudite
1415 3591 1703 3645 Beroaldus
1733 3591 1967 3660 explicat

397 3682 450 3734 in
479 3698 544 3736 eo
570 3700 724 3750 quem
748 3684 814 3736 de
837 3684 1110 3738 Felicitate
1137 3685 1472 3751 c0nscripsit,
1501 3684 1680 3736 libello

473 3773 780 3842 Epicureum
820 3773 1020 3846 vulgus]
1057 3775 1313 3840 Epicurus
1361 3775 1699 3828 Atheniensis
1731 3773 1966 3841 philoso-

399 3865 558 3932 phus,
603 3867 898 3918 dialectica}
951 3874 1307 3932 contemptor,
1353 3868 1593 3933 corporis
1637 3867 1964 3932 Voluptatem

392 3953 531 4006 dixit
572 3969 693 4007 esse
731 3968 998 4007 smnmnm
1040 3955 1257 4007 bonum.
1298 3954 1429 4008 IIinc
1463 3954 1703 4020 Epicurei
1729 3957 1844 4020 eQus
1874 3969 1964 4008 se-

398 4054 647 4098 ctatores.
685 4044 824 4098 Bene
863 4055 1038 4097 autem
1063 4046 1194 4098 dixit
1232 4046 1548 4113 Epicureum
1590 4047 1805 4112 vulgus,
1843 4047 1964 4112 quia

396 4139 606 4206 plurimi
651 4150 790 4192 sunt.
831 4140 980 4193 Unde
1013 4139 1313 4192 L-rctantiiis
1352 4141 1401 4191 in
1433 4141 1566 4192 libro
1597 4139 1662 4192 de
1702 4139 1828 4190 falsa
1867 4139 1963 4191 Sa-

398 4232 616 4296 pientia,
649 4245 768 4297 cap.
803 4233 904 4283 I7:
936 4231 1145 4292 Epicuri
1184 4229 1466 4297 disciplina
1509 4231 1674 4281 multo
1702 4229 1966 4282 celebrior

396 4334 608 4387 si-mper
638 4322 728 4374 fuit
759 4338 914 4391 quam
943 4332 1253 4375 caeterurnm
1281 4337 1294 4375 :
1325 4337 1432 4374 non
1470 4323 1589 4390 quia
1622 4322 1732 4375 veri
1762 4321 1962 4389 aliquid

395 4411 599 4476 alii-rat,
633 4414 724 4467 sed
754 4413 873 4481 quia
899 4415 1092 4467 multos
1117 4414 1182 4466 ad
1215 4415 1470 4482 populare
1501 4429 1693 4466 nomen
1721 4415 1964 4482 voIUpta-

399 4505 465 4556 tis
494 4506 694 4558 imitat.
731 4507 894 4559 Nemo
920 4509 1059 4560 enim
1092 4522 1194 4559 non
1229 4507 1278 4558 in
1313 4506 1435 4558 vitia
1467 4521 1665 4573 pronus
1690 4518 1792 4559 est.

2077 3332 2166 3401 (de
2203 3347 2308 3401 quo
2341 3346 2484 3384 nunc
2522 3328 2829 3397 dicendurm)
2863 3329 3069 3382 Eleates
3107 3325 3414 3380 dialectices
3460 3326 3633 3377 invene

2074 3433 2174 3484 tor,
2209 3433 2263 3476 ut
2292 3433 2345 3474 et
2383 3437 2538 3490 supra
2573 3421 2821 3474 diximus.
2872 3420 2920 3472 Is
2957 3422 3076 3474 eum
3108 3416 3405 3471 Nearchum
3453 3424 3633 3486 tyran-

2073 3531 2196 3568 num
2234 3519 2346 3568 sive
2376 3514 2800 3578 Diomedonti-tn,
2847 3514 2931 3567 vel
2958 3513 3036 3580 (ut
3067 3511 3152 3564 alii
3184 3508 3416 3576 tradunt)
3450 3509 3635 3561 I’hala-

2073 3607 2169 3659 riui
2199 3606 2432 3671 dejicere
2476 3620 2539 3658 ac
2576 3604 2855 3672 proﬂigare
2896 3603 3172 3664 voluisset,
3218 3600 3634 3668 comprehensus

2069 3706 2174 3751 est.
2205 3698 2320 3761 Quo
2347 3707 2584 3764 tempore
2611 3711 2728 3748 cum
2754 3695 2820 3748 de
2847 3695 3078 3746 consciis
3107 3693 3485 3761 inquireretnr,
3517 3705 3634 3742 om-

2074 3805 2169 3842 nes
2213 3791 2351 3841 illius
2379 3791 2574 3841 amicos
2619 3787 3004 3854 coniurationis
3042 3802 3162 3840 esse
3207 3786 3450 3838 conscios
3480 3781 3634 3834 dixit.

2075 3879 2273 3932 Deinde
2306 3894 2423 3930 eum
2457 3878 2726 3946 quidpiam
2754 3891 2812 3930 se
2843 3878 2892 3929 in
2935 3893 3116 3930 aurem
3163 3877 3368 3945 tyranni
3401 3875 3536 3927 clam
3571 3876 3636 3929 lo-

2070 3973 2158 4040 qui
2188 3971 2324 4022 velle
2348 3969 2717 4036 significasset,
2747 3983 2860 4020 eam
2895 3966 3161 4019 mordicus
3191 3981 3219 4018 c
3259 3973 3487 4032 rreptam
3533 3983 3636 4020 non

2071 4072 2196 4116 ante
2227 4061 2449 4124 dimisit,
2483 4076 2637 4128 quam
2673 4068 2818 4124 rapta
2849 4073 2974 4110 aure
3001 4057 3304 4126 pepulatum
3335 4065 3492 4122 caput
3519 4057 3637 4109 reli-

2071 4154 2294 4222 quisset.
2329 4151 2565 4204 Valerius
2598 4149 2857 4202 Maximus
2889 4166 2900 4200 ε
2931 4149 3196 4214 patientia:
3223 4149 3464 4214 exempla
3509 4152 3638 4199 dno-

2073 4244 2169 4296 bus
2199 4242 2504 4296 Zeuon‘ilms
2535 4240 2785 4309 assignat.
2819 4239 3064 4294 Laertius
3095 4248 3149 4292 et
3184 4238 3290 4300 alii,
3325 4239 3412 4292 uni
3438 4238 3638 4291 Zenoni

2074 4337 2296 4394 Eleatm.
2335 4334 2524 4390 Cicero
2555 4336 2604 4388 in
2638 4335 2871 4389 sociindu
2915 4333 3339 4389 Tusculanarum)
3379 4332 3640 4397 Questio-

2073 4425 2406 4480 num:'l.eno
2446 4433 2774 4492 proponatur
2817 4421 3053 4486 E'eates,
3104 4423 3194 4490 qni
3231 4439 3511 4490 perpessus
3557 4433 3640 4476 est

2071 4518 2248 4570 omnia
2277 4516 2451 4585 potius
2486 4532 2641 4584 quam
2681 4516 2927 4568 conscios
2957 4515 3196 4567 delendzc
3227 4514 3525 4583 tyrannidis
3559 4515 3638 4565 in-

468 4593 721 4665 Stoicum]
744 4596 908 4651 SIDICi
936 4613 1124 4649 [IOIIIBII
1153 4598 1324 4649 SOI‘lili
1352 4608 1472 4650 Slllll
1496 4613 1522 4648 a
1551 4599 1760 4649 PUNICI!
1788 4597 1960 4650 Athe-
1991 4587 2046 4648 υ
2158 4614 2291 4659 δῖοι,
2336 4607 2477 4658 Idem
2530 4607 2580 4656 in
2627 4605 2785 4656 ιιξῐιιίο
2839 4603 2905 4656 de
2943 4602 3135 4656 Nalura
3178 4603 3396 4655 deorum
3429 4621 3439 4652 ;
3474 4603 3638 4654 Am".

397 4683 587 4749 niensi,
623 4685 672 4738 in
705 4703 802 4752 qua
844 4687 985 4740 Zeno
1013 4687 1256 4751 Cittiens,
1283 4690 1349 4739 ab
1382 4688 1578 4755 Oppido
1607 4688 1767 4756 Cypri
1793 4686 1961 4742 Cittio

397 4775 588 4839 tliClllS,
618 4775 928 4844 disputavit.
974 4779 1097 4831 Στοά
1131 4777 1270 4830 enim
1305 4776 1514 4839 (ἔναιρε,
1545 4777 1731 4830 Latine
1763 4777 1960 4830 dicitur

396 4878 656 4934 portcus.
689 4869 881 4932 fornix,
925 4870 1152 4924 testudo.
1198 4871 1328 4924 llinc
1367 4871 1601 4937 στωῑκός,
1647 4893 1673 4924 ο
1707 4887 1867 4941 parvo
1913 4874 1964 4927 in

398 4973 642 5023 magnum
677 4969 898 5022 mutato,
931 4961 1163 5014 Stoicus.

468 5047 570 5102 Pro
593 5067 684 5102 sua
714 5051 876 5122 parte]
901 5053 1200 5106 Secundum
1234 5055 1374 5108 vires
1403 5069 1548 5108 suas.

469 5137 723 5210 Quisquis]
758 5141 1002 5208 Figurate
1027 5145 1446 5198 subaudiendum
1472 5145 1772 5200 moliretur.

467 5231 691 5302 Ruptum
721 5229 812 5300 ire]
844 5233 1076 5301 Incipere
1110 5250 1327 5301 rapere.

465 5320 789 5394 Mulir-emitr]
818 5322 1122 5388 Tentarent,
1152 5328 1478 5381 niterentur.

469 5410 867 5481 Reclamautem]
921 5416 1300 5485 ltecusantem,
1345 5418 1702 5488 reiragantem
1743 5430 1960 5474 contra-

397 5517 498 5572 que
524 5517 617 5556 e-is
647 5506 989 5558 clamantem.
1559 5574 1572 5578 _

474 5592 689 5666 Vestem]
722 5595 1024 5665 Philosophi
1052 5612 1169 5652 eam
1209 5597 1631 5666 disputationem
1681 5601 1846 5654 solida
1880 5615 1971 5655 ve-

397 5686 553 5742 ritate
577 5690 956 5751 colnerentem,
991 5690 1056 5743 de
1091 5706 1190 5758 qua
1220 5706 1379 5758 supra
1416 5693 1469 5746 in
1503 5693 1669 5762 prima
1705 5707 1886 5759 prosa.

469 5777 647 5831 Discid
678 5775 815 5847 runt]
849 5779 955 5832 lloc
988 5780 1108 5832 id--o
1133 5781 1273 5850 quod
1305 5783 1356 5836 in
1388 5783 1580 5836 multis
1625 5793 1800 5837 sectas
1837 5782 1963 5853 phi-

636 5868 905 5932 PATROL.
938 5869 1159 5931 LXIII.

2071 4696 2227 4750 chum
2257 4692 2647 4747 Democriteum
2677 4706 2705 4744 a
2735 4691 2928 4760 Cyprio
2959 4701 3182 4761 tyranno
3209 4691 3640 4744 excarniﬁcatum

2072 4788 2399 4852 accepimus,
2447 4783 2718 4836 Zenonem
2768 4783 2909 4835 Elea:
2953 4782 3004 4834 in
3047 4781 3325 4834 tormentis
3375 4790 3638 4834 necatum.

2071 4876 2436 4932 Tertullianus
2469 4875 2518 4927 in
2548 4874 2930 4941 Apologetico:
2961 4872 3106 4926 Zeno
3139 4872 3345 4924 Eleates
3368 4871 3642 4925 consultus

2073 4986 2101 5021 τι
2133 4970 2400 5038 Dionysio,
2431 4967 2683 5036 quidnam
2720 4964 3053 5034 philosophia
3083 4971 3380 5032 praestaret,
3408 4978 3526 5017 cum
3559 4979 3643 5016 rc-

2077 5061 2386 5128 Spoiulisset
2421 5068 2817 5126 :contemptum
2853 5055 3064 5118 mortis,
3107 5051 3524 5122 impassibililms
3552 5054 3642 5106 ila-

2076 5152 2231 5220 gellis
2261 5153 2466 5223 tyranni
2493 5151 2757 5218 objectus,
2790 5148 3105 5202 sent-ntiam
3139 5163 3287 5199 suam
3319 5146 3382 5198 ad
3416 5154 3642 5198 mortem

2077 5262 2246 5315 usque
2289 5248 2540 5300 servavit.
2574 5244 2726 5311 Apud
2756 5242 2970 5297 Suidam
3017 5240 3094 5293 sic
3121 5250 3205 5295 est
3238 5239 3421 5293 :Zeno
3453 5237 3643 5289 Τριυιι-

2080 5346 2278 5404 tagorze
2325 5337 2487 5400 titius,
2523 5336 2756 5397 Eleates,
2796 5342 3088 5386 assectator
3117 5341 3170 5386 et
3198 5331 3414 5399 :equa!is
3460 5329 3644 5399 Pytha-

2076 5440 2224 5492 gorae
2269 5425 2659 5490 Demorritique
2700 5422 2844 5493 (nam
2879 5421 3054 5476 ﬂoruit
3091 5419 3393 5488 olympiade
3421 5421 3512 5484 78)
3556 5418 3643 5470 Zc~

2080 5515 2342 5582 nephanis
2370 5514 2577 5566 auditor
2617 5513 2733 5566 fuit.
2769 5515 2815 5566 Is
2845 5528 2965 5566 cum
3006 5519 3264 5566 tentasset
3304 5525 3332 5562 a
3365 5510 3644 5580 tyrannide

2083 5605 2329 5674 Nearchi,
2387 5604 2472 5658 vel
2502 5605 2581 5672 (ut
2623 5605 2736 5674 alii)
2784 5605 3149 5657 Diomedontis
3192 5605 3374 5658 Eleam
3423 5605 3644 5672 patriam

2082 5700 2330 5764 liberare,
2366 5697 2806 5766 comprehensus,
2833 5707 2883 5750 et
2915 5696 3149 5750 imlicare
3171 5698 3415 5763 conscios
3441 5695 3642 5762 jussus,

2081 5791 2309 5859 linguam
2353 5804 2500 5844 suam
2536 5787 2804 5846 mordicus
2835 5786 3125 5856 amputavit
3153 5799 3312 5853 atque
3342 5785 3394 5840 in
3428 5786 3640 5863 tt'r'smii

3141 5875 3220 5943 93
