4290 6258
648 366 751 421 907

1298 365 1633 420 APPENDIX
1674 365 1764 419 AD
1804 361 2044 419 LIBROS
2090 364 2173 417 DE
2212 362 2722 419 CONSULA'I‘IOAE
2763 356 3244 413 I’IIILOSOI’IIIAE.

3786 353 3889 407 908

656 479 848 534 faciem
870 479 1335 550 exspu1t.Demum
1358 478 1632 543 conjectus
1663 478 1713 531 itt
1749 476 2078 539 mortarium,
2104 490 2217 528 cre-
2250 480 2295 536 Α
2324 476 2652 541 metaphora.
2678 474 2810 539 Quid
2838 473 2977 551 enim
2999 472 3139 525 aliud
3162 472 3260 525 hoc
3288 484 3536 524 εωειιιυιιι
3566 483 3721 537 quam
3743 482 3887 521 mare

650 567 759 621 bris
788 568 977 622 ictibus
1001 576 1271 625 contusus,
1303 564 1579 632 expiravit.

719 651 1019 725 Peregrina]
1048 652 1296 705 Externa.

717 743 801 813 At]
831 745 957 805 Sed,
992 744 1073 797 vel
1104 744 1313 796 saltem.
1348 742 1443 794 Est
1471 750 1647 795 autem
1681 741 1794 796 haec
1825 741 2084 809 particula
2115 741 2211 793 hoc

646 835 762 888 loco
812 843 893 888 ter
923 832 1163 900 legenda,
1204 847 1300 900 pro
1345 848 1446 899 qua
1488 830 1686 884 indocti
1740 831 1920 899 legunt
1961 840 2069 882 aut.
2121 830 2211 883 Sic

645 923 786 977 enim
812 923 1057 992 repetita,
1091 922 1208 990 plus
1232 922 1480 988 ponderis
1506 920 1688 990 adjicit
1717 922 1966 974 orationi.

711 1015 921 1087 Curtios]
953 1016 1145 1071 Plurali
1187 1030 1409 1069 numero
1438 1015 1651 1082 propria
1685 1014 1902 1066 nomina
1932 1027 2208 1079 expressa,

642 1106 899 1173 majorem
930 1107 980 1160 in
1009 1107 1249 1160 oratione
1276 1108 1381 1157 vim
1418 1104 1630 1157 habent.
1665 1104 1868 1171 Quippe
1900 1118 2003 1155 non
2036 1104 2069 1156 ii
2106 1113 2213 1155 tan-

643 1209 752 1252 tum
797 1196 1161 1266 signiﬁcantur
1216 1210 1441 1265 quorum
1496 1195 1586 1248 illa
1638 1195 1849 1248 nomina
1904 1205 2065 1259 sunt,
2116 1195 2209 1249 sed

641 1289 799 1344 etiam
829 1290 916 1343 alii
950 1291 1040 1359 qui
1072 1290 1275 1343 similes
1307 1289 1522 1341 illorum
1568 1286 1733 1340 fuere.
1770 1286 1967 1340 Canius
2002 1284 2214 1338 Gadita-

640 1394 742 1433 nus
783 1389 935 1448 poeta
965 1380 1080 1446 fuit,
1126 1378 1387 1432 facundia:
1430 1376 1565 1429 lenis
1611 1386 1663 1429 et
1700 1374 1972 1443 jucunda},
2002 1373 2069 1428 de
2098 1386 2210 1442 quo

640 1473 890 1528 Martialis
919 1473 1054 1526 libro
1085 1474 1254 1540 primo
1286 1470 1741 1536 Epigrammatum
1771 1485 1782 1519 :

736 1590 785 1627 ,ί
810 1624 811 1627 η
883 1561 1107 1611 Gaudent
1126 1562 1290 1623 jocose
1317 1561 1465 1609 Canio
1488 1571 1575 1606 suo
1601 1558 1776 1606 Gades.

709 1620 858 1697 Hunc
884 1642 1099 1696 tradunt
1127 1620 1343 1710 quidam
1383 1646 1763 1712 reprehensum
1797 1658 1826 1695 a
1854 1644 2001 1697 Livio
2048 1641 2208 1696 Pata-

637 1732 781 1797 viuo,
810 1734 956 1802 gravi
979 1741 1033 1786 et
1062 1733 1229 1785 nobili
1264 1733 1708 1803 historiograpbo,
1750 1735 1890 1802 quod
1922 1734 2207 1787 multarum

2321 565 2714 632 procellosum?
2748 563 2905 614 Divus
2946 561 3255 614 Ambrosius
3306 559 3359 611 in
3390 557 3613 625 epistola
3658 556 3723 609 ad
3748 554 3886 609 Con-

2321 655 2571 707 stantium
2605 651 2932 719 :Susccpisti
2976 663 3166 703 munus
3205 647 3509 709 sacerdotii,
3540 656 3593 700 et
3618 647 3669 700 in
3710 662 3885 715 puppe

2321 742 2573 796 Ecclesia:
2617 742 2831 805 sedens,
2869 741 3050 793 navim
3081 739 3338 792 adversus
3380 736 3569 790 ﬂuctus
3595 737 3879 805 gubernas.

2317 832 2461 886 Tene
2482 834 2686 886 clavum
2712 832 2853 895 ﬁdei,
2889 840 2943 884 ut
2970 840 3021 885 te
3048 845 3235 899 graves
3262 830 3419 896 hujus
3454 829 3634 883 saeculi
3669 828 3883 882 turbare

2320 937 2421 976 uon
2454 924 2655 991 possint
2677 924 2944 991 procellae.
2974 923 3117 976 Mare
3144 922 3355 990 quidem
3396 936 3643 989 maguum
3675 932 3728 975 et
3757 935 3882 988 spa-

2317 1013 2532 1080 tiosum,
2556 1013 2650 1067 sed
2674 1013 2783 1066 noli
2806 1014 2974 1067 vereri
2996 1029 3009 1066 :
3028 1013 3148 1081 quia
3171 1014 3283 1081 ipse
3320 1028 3481 1081 super
3507 1013 3673 1066 maria
3698 1011 3881 1066 funda-

2315 1107 2390 1160 vit
2410 1122 2551 1171 eam,
2573 1116 2627 1160 et
2650 1122 2811 1175 super
2835 1106 3048 1160 ﬂumina
3071 1106 3383 1174 praeparavit
3410 1121 3547 1159 eam.
3574 1105 3753 1173 Itaque
3773 1120 3880 1159 non

2316 1198 2580 1252 immerito
2611 1198 2751 1251 inter
2779 1207 2855 1251 tot
2882 1198 3061 1251 mundi
3087 1197 3219 1251 freta
3255 1197 3492 1251 Ecclesia
3525 1197 3734 1249 Domini
3764 1207 3882 1250 tan-

2314 1303 2472 1356 quam
2502 1303 2662 1356 supra
2690 1289 3037 1355 apostolicam
3070 1288 3383 1341 aediﬁcatam
3409 1297 3612 1357 petram
3639 1286 3883 1340 immobi-

2316 1378 2380 1431 lis
2427 1391 2626 1445 manet,
2659 1389 2714 1433 et
2742 1383 3056 1435 inconcusso
3086 1380 3366 1434 adversum
3401 1382 3627 1447 impetus
3661 1380 3883 1432 saevien-

2316 1468 2383 1522 tis
2421 1469 2519 1523 sali
2561 1482 2863 1536 perseverat
2904 1472 3231 1524 fundamine.
3275 1472 3505 1524 Alluitur
3543 1470 3722 1536 undis,
3772 1484 3881 1523 non

2314 1564 2561 1629 quatitur.
2598 1564 2776 1618 Salum
2804 1564 2997 1618 dicitur
3026 1579 3169 1617 mare
3198 1579 3226 1615 a
3259 1578 3448 1630 sapore
3476 1562 3623 1618 salis.
3652 1562 3873 1631 Virgil.:

2558 1655 2753 1717 Perque
2776 1656 2927 1703 undas
2949 1664 3214 1716 superante
3239 1656 3355 1704 salo.

2385 1734 2638 1804 Quorum]
2669 1738 3047 1791 Pessimornm.

637 1822 890 1888 gauderet
938 1821 1228 1887 amoribus,
1282 1821 1366 1874 his
1407 1826 1585 1878 verbis
1628 1843 1637 1875 :
1675 1824 1917 1877 Nostram
1973 1824 2209 1891 philoso-
2242 1840 2287 1897 Β
2385 1825 2724 1897 Numerosus]
2748 1829 3039 1896 Frequens.

635 1914 812 1982 phiam
850 1914 1169 1982 participare
1199 1929 1306 1968 non
1339 1917 1561 1983 poteris,
1594 1916 1720 1969 dum
1752 1932 1779 1967 a
1817 1925 1892 1968 tot
1922 1916 2207 1984 participa-

638 2006 728 2059 ris.
769 2004 882 2059 Non
912 2006 1051 2059 enim
1079 2022 1142 2060 eo
1170 2006 1350 2074 jecore
1377 2007 1631 2061 Latonam
1656 2016 1798 2059 amat
1823 2006 2029 2076 Tityus,
2060 2006 2205 2074 quod

639 2094 789 2148 multi
837 2095 1073 2149 vultures
1122 2095 1347 2148 multum
1401 2095 1685 2149 divellunt.
1732 2092 1828 2147 Cui
1881 2092 2118 2147 Canius:
2154 2094 2208 2149 Si

639 2184 852 2253 quando
886 2184 1057 2249 labor,
1098 2198 1314 2252 resurgo
1357 2186 1598 2238 cautius:
1648 2185 1694 2235 si
1729 2184 1999 2250 paululum
2031 2182 2210 2250 oppri-

636 2291 773 2338 mor,
821 2275 1051 2328 alacrius
1110 2289 1323 2328 resumo
1368 2290 1570 2328 aerem.
1614 2274 1771 2327 Vices
1811 2272 2047 2326 noctium
2096 2272 2210 2325 dies

628 2362 866 2416 reddunt
897 2362 1145 2416 leniores.
1196 2361 1300 2416 Sed
1355 2362 1692 2416 tenebrarum
1740 2360 2089 2429 perpetuitas,
2124 2359 2208 2411 in-

634 2467 746 2510 star
774 2455 966 2510 inferni
995 2465 1096 2510 est.
1129 2457 1219 2511 Sic
1252 2456 1359 2510 lilia
1408 2459 1681 2523 primzeva,
1727 2456 1875 2510 verni
1915 2455 2047 2509 solis
2076 2454 2209 2508 deli-

635 2555 749 2600 cata
788 2547 1113 2613 temporibus
1142 2547 1401 2601 varietate
1448 2558 1557 2601 tum
1596 2550 1732 2605 euri.
1787 2557 1895 2601 tum
1929 2546 2065 2609 noti,
2100 2555 2207 2600 tum

634 2635 854 2704 zephyri
887 2635 1069 2689 laititia
1102 2634 1351 2690 effusiore
1392 2636 1696 2699 lasciuiunt,
1733 2632 1931 2705 quibus
1962 2652 2069 2689 uno
2103 2637 2210 2704 spi—

636 2723 738 2776 ritu
781 2723 1066 2779 fulminans
1097 2723 1237 2793 Lybs
1270 2724 1602 2787 incumbens,
1646 2739 1895 2779 occasum
1937 2724 2079 2778 facit.
2122 2724 2210 2779 Sic

636 2811 775 2864 Mars
823 2812 991 2879 ruptis
1039 2811 1322 2866 tendiculis
1372 2813 1423 2865 in
1477 2829 1658 2866 mensa
1705 2812 1909 2867 ccelesti
1950 2811 2211 2867 recumbit

635 2900 856 2953 conviva
900 2916 1174 2969 superum,
1203 2916 1231 2953 a
1265 2917 1367 2970 qua
1402 2902 1617 2956 uxorius
1658 2903 1911 2957 Mulciber
1952 2917 2049 2956 suo
2082 2901 2206 2956 fure

634 2987 789 3056 longe
830 2989 1103 3059 religatur.
1149 2990 1241 3043 Sic
1280 2990 1449 3043 levius
1492 2991 1654 3058 ligant
1701 2992 1862 3045 multa
1896 2991 2006 3055 ﬁla,
2045 3007 2203 3059 quant

634 3077 743 3130 sola
775 3088 980 3131 catena.
1010 3077 1100 3133 Sic
1130 3078 1259 3131 mihi
1282 3079 1373 3143 sit,
1399 3095 1424 3130 a
1452 3079 1784 3148 philosophia
1816 3080 1907 3134 tibi
1936 3083 2204 3133 Solatium.

632 3164 782 3220 Hunc
813 3166 969 3235 igitur
1014 3169 1065 3220 in
1114 3167 1331 3221 modum
1358 3168 1543 3235 jocose
1583 3168 1757 3221 ferunt
1804 3168 2024 3237 Canium
2057 3168 2207 3221 Livio
2238 3190 2281 3251 ρ

636 3256 995 3324 respondisse.
1048 3255 1241 3310 Verum
1289 3271 1429 3309 nunc
1460 3256 1600 3325 quod
1648 3257 1712 3310 ad
1767 3271 1878 3310 rem
1912 3258 2204 3310 institutam

633 3353 879 3419 pertinet,
911 3351 1226 3405 referamus.
1255 3350 1450 3404 Canius
1481 3365 1544 3404 eo
1568 3351 1707 3419 quod
1739 3351 1804 3404 ab
1836 3352 2204 3419 improborum

634 3442 871 3495 moribus
894 3442 1225 3505 dissentiret,
1271 3456 1299 3493 a
1331 3442 1458 3494 Caio
1487 3442 1699 3495 Caesare
1740 3441 2039 3495 Germanici
2074 3443 2201 3511 lilio,

633 3532 881 3585 conscius
928 3539 1115 3584 contra
1145 3547 1204 3586 se
1259 3531 1410 3585 facta:
1454 3531 1835 3599 conjurationis
1881 3532 2052 3585 dictus
2099 3543 2201 3586 cst.

634 3621 726 3676 Cui
754 3623 831 3675 sic
863 3622 1137 3689 respondit
1166 3639 1178 3673 :
1203 3623 1258 3677 Si
1302 3639 1398 3691 ego
1429 3625 1671 3686 scissem,
1714 3634 1766 3675 tu
1800 3626 2082 3678 nescisses.
2114 3626 2203 3679 Ni—

638 3712 746 3765 hilo
788 3721 960 3764 tamcn
991 3713 1166 3765 secius
1193 3711 1259 3764 ab
1292 3712 1383 3764 illo
1417 3714 1700 3765 crudeliter
1742 3724 1823 3766 est
1862 3724 2096 3767 necatus.
2135 3716 2206 3770 De

640 3802 738 3855 hoc
766 3802 952 3855 eodem
985 3802 1036 3855 in
1070 3802 1310 3869 proxima
1346 3818 1519 3869 prosa.

702 3895 764 3944 At
804 3891 1048 3963 Senecas]
1093 3892 1159 3945 Μ.
1197 3892 1411 3945 Anncus
1444 3892 1644 3947 Seneca
1686 3892 2064 3957 Cordubensis,
2095 3893 2202 3945 Ru-

631 3999 770 4037 mam
804 3984 950 4038 venit
978 3984 1308 4038 declamator
1330 3984 1594 4053 egregius,
1626 3987 1870 4054 quamvis
1897 4000 2056 4053 opera
2088 3986 2203 4054 ejus

629 4075 695 4129 ad
728 4085 969 4143 posteros
1012 4090 1117 4129 non
1166 4077 1525 4143 pervenerint.
1562 4076 1656 4130 Hic
1703 4078 1881 4131 statim
1916 4093 2078 4146 eques
2128 4079 2204 4131 fa-

632 4166 1049 4232 ctus,‘hdnores
1102 4169 1313 4232 meruit,
1365 4168 1652 4236 habuitque
1701 4170 1920 4235 liberos,
1968 4186 2099 4240 quos
2150 4173 2199 4224 in

631 4258 878 4327 Hispania
910 4269 1218 4329 susceperat
1246 4276 1306 4314 ex
1343 4260 1490 4314 Elbia
1518 4276 1706 4325 uxore,
1739 4261 1802 4317 I...
1834 4267 2077 4316 Anneum
2104 4262 2201 4316 Se-

633 4364 849 4412 necam,
900 4349 1113 4404 Iunium
1173 4352 1414 4404 Anueum
1465 4352 1797 4417 Gallionem,
1850 4362 1904 4405 et
1959 4352 2200 4407 Anneum

631 4441 890 4497 Meleam:
922 4441 1122 4496 Seneca
1164 4441 1510 4511 philosophus
1547 4441 1701 4495 simul
1744 4450 1797 4494 et
1849 4442 2197 4506 declamator,

629 4544 682 4589 et
723 4545 874 4602 poeta
926 4535 1144 4603 insignis
1182 4535 1369 4588 evasit.
1416 4535 1523 4588 Sub
1560 4534 1768 4587 Nerone
1812 4546 2048 4587 mortuus
2098 4547 2198 4593 est,

629 4626 815 4679 solutis
844 4627 1015 4679 venis.
1050 4624 1122 4677 De
1153 4626 1251 4678 hoc
1281 4627 1427 4693 plura
1451 4625 1694 4679 dicentur
1727 4626 1880 4679 iufra.
1918 4628 1995 4679 An
2021 4637 2195 4680 autem

629 4718 715 4770 hic
742 4717 879 4770 idem
918 4716 1076 4769 fuerit
1101 4716 1188 4784 qui
1223 4717 1507 4785 tragmdias
1536 4732 1654 4785 qua:
1695 4726 1925 4781 exstant,
1959 4719 2191 4785 scripsit,

628 4822 815 4871 necne,
842 4806 979 4861 inter
1008 4806 1343 4860 doctissimos
1384 4807 1619 4859 nondum
1654 4807 1905 4859 convenit
1939 4823 1950 4856 :
1986 4808 2195 4860 tametsi

627 4896 750 4963 quid
780 4911 940 4963 super
983 4896 1082 4949 hoc
1120 4895 1371 4950 Sidonius
1413 4895 1730 4963 Apollinaris
1778 4899 2033 4963 scriptum
2067 4898 2195 4949 reli-

625 4988 819 5055 querit,
850 5002 954 5039 non
987 4986 1242 5054 ignorem.

694 5077 759 5129 At
797 5073 1044 5144 Soranos]
1084 5075 1325 5129 Valerius
1367 5074 1604 5128 Soranus
1657 5084 1809 5145 poeta
1856 5090 2193 5143 summopere

628 5166 965 5237 famigeratus
1010 5164 1123 5219 fuit.
1162 5165 1259 5232 Qui
1306 5168 1509 5233 primus
1549 5167 1614 5218 de
1654 5166 1760 5219 Deo
1800 5169 2031 5219 maximo
2075 5182 2195 5219 vera

624 5263 1009 5310 commentatus
1036 5265 1138 5323 est,
1170 5264 1327 5325 atque
1356 5255 1424 5306 ob
1462 5255 1511 5307 id
1542 5255 1777 5309 creditur
1804 5257 1867 5308 ab
1901 5256 2190 5323 impiorum

626 5347 866 5400 manibus
900 5346 952 5399 in
980 5359 1194 5400 crucem
1225 5345 1486 5398 sublatus.

695 5438 1009 5510 Pervetusta]
1039 5436 1204 5492 Nimis
1236 5438 1475 5505 antiqua.

694 5529 986 5599 Ineelebris]
1019 5528 1344 5598 qut'equens,
1374 5544 1478 5581 non
1501 5528 1751 5581 celebris.

695 5622 759 5675 In
789 5622 1007 5695 cladem]
1034 5623 1093 5677 In
1124 5623 1431 5689 perniciem.

694 5709 762 5766 1r.
790 5713 888 5768 hoc
916 5714 1035 5767 vita?
1057 5709 1187 5776 salo]
1218 5712 1268 5762 lti
1313 5722 1392 5765 est
1426 5711 1573 5763 mari.
1610 5712 1747 5765 Sane
1778 5726 1929 5777 quam
1967 5713 2189 5779 elegans

2388 1916 2611 1987 Temere]
2661 1917 2997 1984 lncousulte,
3045 1920 3159 1973 sine
3200 1919 3456 1983 consilio,
3498 1917 3697 1985 absque
3751 1933 3879 1985 pru-

2315 2007 2510 2062 denﬂa.

2383 2093 2607 2165 Passim]
2645 2096 2803 2151 Modo
2849 2098 2969 2164 huc,
3013 2099 3169 2151 modo
3213 2099 3356 2161 illuc,
3406 2099 3549 2151 nullo
3590 2105 3734 2152 certe
3774 2095 3880 2151 ﬁna

2317 2186 2612 2253 proposito.

2387 2254 2729 2325 Lympltante]
2766 2256 2963 2310 Furore
2994 2266 3238 2311 vexante.

2386 2348 2634 2419 Lympho]
2663 2349 2865 2403 Furore
2892 2366 3053 2416 vexo,
3089 2350 3237 2403 Vale.
3270 2350 3383 2404 Sta.
3408 2349 3658 2403 Flaccus.-

3076 2441 3429 2504 Lympbaverat
3456 2443 3643 2490 urbem.

2436 2502 2477 2551 lt
2502 2502 2780 2565 lymphante
2808 2502 2927 2551 Deo.

2315 2584 2464 2639 Uude
2490 2586 2742 2655 lymphati
2772 2587 2885 2638 sive
2928 2585 3230 2653 lymphatici
3264 2582 3513 2639 dicuntur
3551 2584 3756 2650 furiosi,
3790 2600 3875 2639 ve-

2311 2675 2448 2740 sani,
2501 2674 2883 2731 baccbabundi.
2931 2676 3020 2743 qui
3070 2676 3255 2729 vitium
3309 2690 3373 2729 ex
3412 2690 3546 2744 aqua
3592 2683 3875 2729 contraxe-

2313 2776 2457 2828 runt,
2483 2768 2622 2834 quod
2651 2778 2730 2819 est
2764 2768 2864 2821 huc
2888 2777 3047 2835 atque
3081 2768 3203 2821 illuc
3229 2767 3550 2821 discurrere.

2388 2854 2511 2925 Qui]
2545 2857 2823 2913 Exercitus
2851 2859 3224 2926 pessimorum.

2384 2946 2574 3017 Aciem]
2629 2948 2880 3002 Ordinem
2926 2960 2979 3004 et
3038 2950 3435 3004 instructionem
3483 2950 3764 3005 militarem
3802 2950 3871 3005 ad

2308 3039 2415 3106 jam
2439 3039 2821 3093 dimicandum.

2386 3130 2622 3199 Slruens]
2652 3131 2945 3185 Instrueus.

2384 3222 2578 3277 Nostra
2597 3224 2723 3293 dum]
2758 3225 2917 3278 Recta
2940 3226 3074 3278 ratio
3098 3244 3111 3279 :
3141 3240 3202 3280 ea
3233 3227 3375 3280 enim
3404 3227 3509 3279 dux
3532 3236 3613 3280 est
3640 3226 3871 3294 philoso-

2319 3314 2565 3380 phorum.

2384 3406 2568 3475 Copias
2597 3406 2736 3477 suas]
2782 3406 3081 3459 Exercitum
3115 3421 3266 3459 suum
3295 3422 3360 3461 ex
3393 3407 3671 3461 virtutibus
3706 3405 3871 3460 scieno

2314 3494 2502 3563 tiisque
2530 3497 2904 3561 compositum.

2381 3584 2445 3638 In
2475 3585 2661 3655 arcem]
2693 3586 2745 3639 lu
2778 3587 2940 3639 animi
2976 3588 3327 3650 intellectum,
3352 3600 3507 3654 quem
3540 3586 3796 3640 Platonici
3820 3586 3870 3639 in

2309 3678 2529 3732 cerebro
2555 3690 2803 3747 tanquam
2836 3679 2887 3731 in
2911 3694 3035 3732 arce
3065 3679 3415 3733 constituunt.
3448 3678 3675 3732 Pulchre
3701 3686 3872 3733 autem

2310 3779 2511 3835 perstat
2538 3770 2587 3822 in
2617 3771 2949 3837 metaphora.

2377 3862 2665 3932 Contra/tit]
2695 3863 2923 3931 Colligit,
2953 3872 3259 3932 congregat.

2378 3951 2490 4023 Illi]
2524 3954 2744 4007 Pessimi
2774 3952 3208 4021 philosophorum
3242 3954 3444 4007 hostes.

2378 4042 2599 4095 Inutiles
2629 4042 2933 4113 sarcinulas]
2968 4044 3108 4097 Bona
3137 4056 3357 4097 externa
3389 4054 3440 4097 et
3466 4045 3727 4113 corporis.

2380 4132 2627 4271 $9523.]
2651 4204 2721 4255 Ex
2754 4218 2877 4256 arce
2905 4203 3389 4271 contemplationis.

2387 4293 2648 4346 Vilissima
2666 4310 2874 4362 qumque
2896 4294 3084 4362 rerum]
3114 4295 3362 4359 Corporis
3386 4304 3439 4348 et
3466 4294 3688 4347 fortuna:
3712 4294 3870 4353 bona.

2306 4399 2423 4453 qua:
2450 4398 2558 4451 prm
2589 4385 2745 4437 bonis
2773 4385 2935 4436 animi
2965 4384 3329 4439 sordidissima
3360 4394 3504 4437 sunt.

2378 4476 2576 4545 Securi]
2636 4476 2843 4529 Nullam
2892 4491 3072 4529 curam
3127 4477 3410 4538 habentes,
3454 4484 3871 4541 contemptui-es.

2234 4556 2284 4613 D
2310 4567 2559 4629 Securus,
2606 4566 2946 4634 tranquillus,
2986 4565 3073 4632 qui
3112 4566 3226 4619 sine
3265 4580 3387 4618 cura
3412 4575 3511 4627 est,
3550 4565 3697 4633 quasi
3726 4579 3874 4616 senta

2308 4674 2421 4712 sum
2449 4674 2475 4709 a
2508 4674 2653 4710 cura.
2689 4657 2955 4713 Interdum
2982 4668 3338 4727 contemptor.
3371 4658 3550 4710 Maro:

3173 4748 3385 4796 Securus
3411 4759 3622 4794 amorum

2426 4809 2696 4856 Germanae.

2382 4888 2555 4958 Vallo]
2582 4890 2903 4943 Munimento
2927 4889 3199 4942 virtutum.

2377 4984 2510 5055 Quo]
2539 4984 2615 5037 Ad
2648 4984 2787 5053 quod
2814 4984 3028 5038 vallum.

2374 5072 2659 5141 Grassanti]
2688 5073 2988 5129 Gradiendo
3012 5075 3248 5129 szevienti

2374 5163 2630 5233 Aspirare]
2658 5164 2809 5216 Juxta
2835 5166 3107 5228 accedere,
3128 5166 3295 5219 adire.

2373 5253 2477 5307 Fas
2508 5272 2607 5307 non
2639 5254 2724 5323 sit|
2768 5256 2819 5308 Id
2845 5265 2925 5309 est
2955 5271 3059 5308 nun
3109 5256 3283 5310 liceat.
3320 5256 3561 5309 Valerius
3589 5254 3869 5309 Maximus.

2304 5348 2460 5400 Bontr
2512 5350 2703 5401 tncutis
2757 5349 3050 5417 usurpatio,
3085 5350 3282 5402 nullum
3336 5348 3585 5403 tristioris
3644 5347 3870 5399 fortuna-

2302 5438 2488 5506 recipit
2516 5439 2800 5490 incursum.

2825 5528 2886 5581 IN
2927 5528 3214 5584 METRUM
3249 5529 3328 5582 IV.

2368 5620 2498 5673 Cum
2522 5619 2832 5687 vigesimum
2872 5623 3043 5675 aetatis
3080 5636 3273 5675 annum
3298 5636 3481 5689 agens,
3528 5622 3579 5673 in
3611 5619 3865 5688 frequenti

2298 5714 2587 5773 eademque
2616 5714 2951 5766 ornatissima
2987 5714 3258 5768 Saxonum
3294 5714 3424 5767 urbe
3458 5716 3560 5777 (cui
3610 5713 3861 5766 Monastev
