  <div class='ocr_page' id='page_1' title='image "/cluster/home/n/w/nwhite01/storage/ocr_20150623/63/hvd.32044073498792/460.png"; bbox 0 0 4290 6258; ppageno 0'>
   <div class='ocr_carea' id='block_1_1' title="bbox 399 363 499 417">
    <p class='ocr_par' dir='ltr' id='par_1_1' title="bbox 399 363 499 417">
     <span class='ocr_line' id='line_1_1' title="bbox 399 363 499 417; baseline 0 0"><span class='ocrx_word' id='word_1_1' title='bbox 399 363 499 417; x_wconf 77' lang='grc'><strong>909</strong></span> 
     </span>
    </p>
   </div>
   <div class='ocr_carea' id='block_1_2' title="bbox 1303 356 2754 417">
    <p class='ocr_par' dir='ltr' id='par_1_2' title="bbox 1303 356 2754 417">
     <span class='ocr_line' id='line_1_2' title="bbox 1303 356 2754 417; baseline -0.004 -2"><span class='ocrx_word' id='word_1_2' title='bbox 1303 360 1675 417; x_wconf 76' lang='lat' dir='ltr'><strong>MURMELLII</strong></span> <span class='ocrx_word' id='word_1_3' title='bbox 1716 361 1801 413; x_wconf 81' lang='lat' dir='ltr'><strong>ET</strong></span> <span class='ocrx_word' id='word_1_4' title='bbox 1842 357 2205 413; x_wconf 60' lang='lat' dir='ltr'><strong>AGliICOLAS</strong></span> <span class='ocrx_word' id='word_1_5' title='bbox 2241 356 2754 411; x_wconf 78' lang='lat' dir='ltr'><strong>COMMENTARIA.</strong></span> 
     </span>
    </p>
   </div>
   <div class='ocr_carea' id='block_1_3' title="bbox 3553 362 3653 417">
    <p class='ocr_par' dir='ltr' id='par_1_3' title="bbox 3553 362 3653 417">
     <span class='ocr_line' id='line_1_3' title="bbox 3553 362 3653 417; baseline -0.02 0"><span class='ocrx_word' id='word_1_6' title='bbox 3553 362 3653 417; x_wconf 79' lang='lat'><strong>910</strong></span> 
     </span>
    </p>
   </div>
   <div class='ocr_carea' id='block_1_4' title="bbox 400 469 3653 543">
    <p class='ocr_par' dir='ltr' id='par_1_4' title="bbox 400 469 3653 543">
     <span class='ocr_line' id='line_1_4' title="bbox 400 469 3653 543; baseline 0.002 -18"><span class='ocrx_word' id='word_1_7' title='bbox 400 475 479 527; x_wconf 76' lang='lat' dir='ltr'><strong>rio</strong></span> <span class='ocrx_word' id='word_1_8' title='bbox 505 490 697 529; x_wconf 87' lang='lat' dir='ltr'><strong>nomen</strong></span> <span class='ocrx_word' id='word_1_9' title='bbox 724 476 831 539; x_wconf 92' lang='lat' dir='ltr'><strong>est)</strong></span> <span class='ocrx_word' id='word_1_10' title='bbox 883 476 1049 529; x_wconf 90' lang='lat' dir='ltr'><strong>bonas</strong></span> <span class='ocrx_word' id='word_1_11' title='bbox 1087 477 1232 528; x_wconf 82' lang='lat' dir='ltr'><strong>artes</strong></span> <span class='ocrx_word' id='word_1_12' title='bbox 1264 473 1450 527; x_wconf 84' lang='lat' dir='ltr'><strong>audaci</strong></span> <span class='ocrx_word' id='word_1_13' title='bbox 1477 474 1554 543; x_wconf 90' lang='lat' dir='ltr'><strong>(ut</strong></span> <span class='ocrx_word' id='word_1_14' title='bbox 1596 473 1767 542; x_wconf 89' lang='lat' dir='ltr'><strong>inquit</strong></span> <span class='ocrx_word' id='word_1_15' title='bbox 1810 471 1974 524; x_wconf 84' lang='lat' dir='ltr'><strong>llora-</strong></span> <span class='ocrx_word' id='word_1_16' title='bbox 2011 474 2055 529; x_wconf 74' lang='grc' dir='ltr'>Α</span> <span class='ocrx_word' id='word_1_17' title='bbox 2086 469 2240 536; x_wconf 78' lang='lat' dir='ltr'><strong>hujus</strong></span> <span class='ocrx_word' id='word_1_18' title='bbox 2288 472 2521 536; x_wconf 69' lang='lat' dir='ltr'><strong>generiS.</strong></span> <span class='ocrx_word' id='word_1_19' title='bbox 2579 469 2772 522; x_wconf 70' lang='lat' dir='ltr'><strong>laedere</strong></span> <span class='ocrx_word' id='word_1_20' title='bbox 2829 478 3078 535; x_wconf 64' lang='lat' dir='ltr'><strong>P055!!le</strong></span> <span class='ocrx_word' id='word_1_21' title='bbox 3114 484 3211 523; x_wconf 79' lang='lat' dir='ltr'><strong>n05</strong></span> <span class='ocrx_word' id='word_1_22' title='bbox 3252 486 3407 537; x_wconf 75' lang='grc' dir='ltr'><strong>νετο,</strong></span> <span class='ocrx_word' id='word_1_23' title='bbox 3444 474 3546 528; x_wconf 85' lang='lat' dir='ltr'><strong>hoc</strong></span> <span class='ocrx_word' id='word_1_24' title='bbox 3573 484 3653 527; x_wconf 87' lang='lat' dir='ltr'><strong>est</strong></span> 
     </span>
    </p>
   </div>
   <div class='ocr_carea' id='block_1_5' title="bbox 398 562 1973 634">
    <p class='ocr_par' dir='ltr' id='par_1_5' title="bbox 398 562 1973 634">
     <span class='ocr_line' id='line_1_5' title="bbox 398 562 1973 634; baseline -0.003 -16"><span class='ocrx_word' id='word_1_25' title='bbox 398 564 524 634; x_wconf 89' lang='lat' dir='ltr'><strong>tius)</strong></span> <span class='ocrx_word' id='word_1_26' title='bbox 566 573 878 633; x_wconf 80' lang='lat' dir='ltr'><strong>paupertate</strong></span> <span class='ocrx_word' id='word_1_27' title='bbox 942 564 1229 632; x_wconf 90' lang='lat' dir='ltr'><strong>impulsus,</strong></span> <span class='ocrx_word' id='word_1_28' title='bbox 1266 578 1371 616; x_wconf 91' lang='lat' dir='ltr'><strong>non</strong></span> <span class='ocrx_word' id='word_1_29' title='bbox 1418 562 1698 615; x_wconf 73' lang='lat' dir='ltr'><strong>infeliciter</strong></span> <span class='ocrx_word' id='word_1_30' title='bbox 1740 562 1973 630; x_wconf 87' lang='lat' dir='ltr'><strong>profiteri</strong></span> 
     </span>
    </p>
   </div>
   <div class='ocr_carea' id='block_1_6' title="bbox 394 652 1969 725">
    <p class='ocr_par' dir='ltr' id='par_1_6' title="bbox 394 652 1969 725">
     <span class='ocr_line' id='line_1_6' title="bbox 394 652 1969 725; baseline -0.003 -17"><span class='ocrx_word' id='word_1_31' title='bbox 394 656 679 725; x_wconf 68' lang='lat' dir='ltr'><strong>coepissem</strong></span> <span class='ocrx_word' id='word_1_32' title='bbox 726 654 988 709; x_wconf 82' lang='lat' dir='ltr'><strong>beneﬁcio</strong></span> <span class='ocrx_word' id='word_1_33' title='bbox 1032 654 1253 709; x_wconf 76' lang='lat' dir='ltr'><strong>Joannis</strong></span> <span class='ocrx_word' id='word_1_34' title='bbox 1281 654 1485 716; x_wconf 88' lang='lat' dir='ltr'><strong>Grovii,</strong></span> <span class='ocrx_word' id='word_1_35' title='bbox 1517 652 1969 715; x_wconf 86' lang='lat' dir='ltr'><strong>Monasteriensis,</strong></span> 
     </span>
    </p>
   </div>
   <div class='ocr_carea' id='block_1_7' title="bbox 397 742 1971 812">
    <p class='ocr_par' dir='ltr' id='par_1_7' title="bbox 397 742 1971 812">
     <span class='ocr_line' id='line_1_7' title="bbox 397 742 1971 812; baseline -0.001 -15"><span class='ocrx_word' id='word_1_36' title='bbox 397 746 498 799; x_wconf 90' lang='lat' dir='ltr'><strong>viri</strong></span> <span class='ocrx_word' id='word_1_37' title='bbox 546 760 676 798; x_wconf 85' lang='lat' dir='ltr'><strong>sane</strong></span> <span class='ocrx_word' id='word_1_38' title='bbox 723 760 881 812; x_wconf 90' lang='lat' dir='ltr'><strong>quam</strong></span> <span class='ocrx_word' id='word_1_39' title='bbox 938 744 1197 808; x_wconf 89' lang='lat' dir='ltr'><strong>litterati,</strong></span> <span class='ocrx_word' id='word_1_40' title='bbox 1251 753 1305 797; x_wconf 92' lang='lat' dir='ltr'><strong>et</strong></span> <span class='ocrx_word' id='word_1_41' title='bbox 1357 744 1607 797; x_wconf 91' lang='lat' dir='ltr'><strong>omnibus</strong></span> <span class='ocrx_word' id='word_1_42' title='bbox 1661 742 1971 797; x_wconf 81' lang='lat' dir='ltr'><strong>liberalibus</strong></span> 
     </span>
    </p>
   </div>
   <div class='ocr_carea' id='block_1_8' title="bbox 395 833 1971 904">
    <p class='ocr_par' dir='ltr' id='par_1_8' title="bbox 395 833 1971 904">
     <span class='ocr_line' id='line_1_8' title="bbox 395 833 1971 904; baseline -0.002 -16"><span class='ocrx_word' id='word_1_43' title='bbox 395 837 635 904; x_wconf 87' lang='lat' dir='ltr'><strong>apprime</strong></span> <span class='ocrx_word' id='word_1_44' title='bbox 662 833 956 902; x_wconf 86' lang='lat' dir='ltr'><strong>disciplinis</strong></span> <span class='ocrx_word' id='word_1_45' title='bbox 1003 834 1216 898; x_wconf 84' lang='lat' dir='ltr'><strong>eruditi,</strong></span> <span class='ocrx_word' id='word_1_46' title='bbox 1247 836 1704 904; x_wconf 87' lang='lat' dir='ltr'><strong>plurimorumque</strong></span> <span class='ocrx_word' id='word_1_47' title='bbox 1735 833 1971 887; x_wconf 91' lang='lat' dir='ltr'><strong>doctoris</strong></span> 
     </span>
    </p>
   </div>
   <div class='ocr_carea' id='block_1_9' title="bbox 397 923 1973 993">
    <p class='ocr_par' dir='ltr' id='par_1_9' title="bbox 397 923 1973 993">
     <span class='ocr_line' id='line_1_9' title="bbox 397 923 1973 993; baseline -0.003 -14"><span class='ocrx_word' id='word_1_48' title='bbox 397 924 775 989; x_wconf 87' lang='lat' dir='ltr'><strong>laudatissimi,</strong></span> <span class='ocrx_word' id='word_1_49' title='bbox 809 938 870 978; x_wconf 86' lang='lat' dir='ltr'><strong>ac</strong></span> <span class='ocrx_word' id='word_1_50' title='bbox 900 925 982 978; x_wconf 94' lang='lat' dir='ltr'><strong>vel</strong></span> <span class='ocrx_word' id='word_1_51' title='bbox 1014 925 1255 993; x_wconf 82' lang='lat' dir='ltr'><strong>longiore</strong></span> <span class='ocrx_word' id='word_1_52' title='bbox 1284 926 1412 988; x_wconf 85' lang='lat' dir='ltr'><strong>vita,</strong></span> <span class='ocrx_word' id='word_1_53' title='bbox 1446 925 1529 977; x_wconf 85' lang='lat' dir='ltr'><strong>vel</strong></span> <span class='ocrx_word' id='word_1_54' title='bbox 1556 925 1731 977; x_wconf 89' lang='lat' dir='ltr'><strong>minus</strong></span> <span class='ocrx_word' id='word_1_55' title='bbox 1754 923 1973 976; x_wconf 88' lang='lat' dir='ltr'><strong>misera-</strong></span> 
     </span>
    </p>
   </div>
   <div class='ocr_carea' id='block_1_10' title="bbox 399 1015 1972 1084">
    <p class='ocr_par' dir='ltr' id='par_1_10' title="bbox 399 1015 1972 1084">
     <span class='ocr_line' id='line_1_10' title="bbox 399 1015 1972 1084; baseline -0.001 -14"><span class='ocrx_word' id='word_1_56' title='bbox 399 1018 490 1070; x_wconf 87' lang='lat' dir='ltr'><strong>bili</strong></span> <span class='ocrx_word' id='word_1_57' title='bbox 519 1016 702 1070; x_wconf 89' lang='lat' dir='ltr'><strong>mortis</strong></span> <span class='ocrx_word' id='word_1_58' title='bbox 730 1030 923 1083; x_wconf 80' lang='lat' dir='ltr'><strong>genere</strong></span> <span class='ocrx_word' id='word_1_59' title='bbox 938 1015 1102 1084; x_wconf 89' lang='lat' dir='ltr'><strong>digni,</strong></span> <span class='ocrx_word' id='word_1_60' title='bbox 1134 1024 1488 1083; x_wconf 89' lang='lat' dir='ltr'><strong>pervenerunt</strong></span> <span class='ocrx_word' id='word_1_61' title='bbox 1518 1016 1570 1069; x_wconf 92' lang='lat' dir='ltr'><strong>in</strong></span> <span class='ocrx_word' id='word_1_62' title='bbox 1603 1030 1793 1069; x_wconf 88' lang='lat' dir='ltr'><strong>manus</strong></span> <span class='ocrx_word' id='word_1_63' title='bbox 1826 1029 1972 1069; x_wconf 89' lang='lat' dir='ltr'><strong>meas</strong></span> 
     </span>
    </p>
   </div>
   <div class='ocr_carea' id='block_1_11' title="bbox 398 1103 1971 1174">
    <p class='ocr_par' dir='ltr' id='par_1_11' title="bbox 398 1103 1971 1174">
     <span class='ocr_line' id='line_1_11' title="bbox 398 1103 1971 1174; baseline -0.001 -15"><span class='ocrx_word' id='word_1_64' title='bbox 398 1106 601 1174; x_wconf 87' lang='lat' dir='ltr'><strong>aliquot</strong></span> <span class='ocrx_word' id='word_1_65' title='bbox 655 1106 855 1173; x_wconf 73' lang='lat' dir='ltr'><strong>pagina:</strong></span> <span class='ocrx_word' id='word_1_66' title='bbox 901 1104 1142 1173; x_wconf 78' lang='lat' dir='ltr'><strong>Rodophi</strong></span> <span class='ocrx_word' id='word_1_67' title='bbox 1187 1104 1445 1171; x_wconf 69' lang='lat' dir='ltr'><strong>Agricolae</strong></span> <span class='ocrx_word' id='word_1_68' title='bbox 1488 1104 1677 1167; x_wconf 87' lang='lat' dir='ltr'><strong>Frisii,</strong></span> <span class='ocrx_word' id='word_1_69' title='bbox 1708 1103 1810 1158; x_wconf 88' lang='lat' dir='ltr'><strong>viri</strong></span> <span class='ocrx_word' id='word_1_70' title='bbox 1861 1114 1971 1158; x_wconf 92' lang='lat' dir='ltr'><strong>tum</strong></span> 
     </span>
    </p>
   </div>
   <div class='ocr_carea' id='block_1_12' title="bbox 399 1196 1969 1265">
    <p class='ocr_par' dir='ltr' id='par_1_12' title="bbox 399 1196 1969 1265">
     <span class='ocr_line' id='line_1_12' title="bbox 399 1196 1969 1265; baseline -0.001 -15"><span class='ocrx_word' id='word_1_71' title='bbox 399 1196 736 1262; x_wconf 85' lang='lat' dir='ltr'><strong>doctissimi,</strong></span> <span class='ocrx_word' id='word_1_72' title='bbox 780 1204 889 1249; x_wconf 91' lang='lat' dir='ltr'><strong>tum</strong></span> <span class='ocrx_word' id='word_1_73' title='bbox 934 1196 1404 1264; x_wconf 89' lang='lat' dir='ltr'><strong>eloquentissimi,</strong></span> <span class='ocrx_word' id='word_1_74' title='bbox 1458 1197 1511 1250; x_wconf 91' lang='lat' dir='ltr'><strong>in</strong></span> <span class='ocrx_word' id='word_1_75' title='bbox 1556 1198 1969 1265; x_wconf 88' lang='lat' dir='ltr'><strong>subsequentem</strong></span> 
     </span>
    </p>
   </div>
   <div class='ocr_carea' id='block_1_13' title="bbox 397 1287 1970 1358">
    <p class='ocr_par' dir='ltr' id='par_1_13' title="bbox 397 1287 1970 1358">
     <span class='ocr_line' id='line_1_13' title="bbox 397 1287 1970 1358; baseline 0 -17"><span class='ocrx_word' id='word_1_76' title='bbox 397 1288 551 1356; x_wconf 89' lang='lat' dir='ltr'><strong>primi</strong></span> <span class='ocrx_word' id='word_1_77' title='bbox 584 1289 743 1357; x_wconf 87' lang='lat' dir='ltr'><strong>hujus</strong></span> <span class='ocrx_word' id='word_1_78' title='bbox 774 1288 894 1342; x_wconf 91' lang='lat' dir='ltr'><strong>libri</strong></span> <span class='ocrx_word' id='word_1_79' title='bbox 929 1290 1147 1356; x_wconf 86' lang='lat' dir='ltr'><strong>partem</strong></span> <span class='ocrx_word' id='word_1_80' title='bbox 1179 1289 1408 1358; x_wconf 88' lang='lat' dir='ltr'><strong>(ultimo</strong></span> <span class='ocrx_word' id='word_1_81' title='bbox 1438 1290 1672 1343; x_wconf 85' lang='lat' dir='ltr'><strong>carmine</strong></span> <span class='ocrx_word' id='word_1_82' title='bbox 1705 1287 1970 1357; x_wconf 79' lang='lat' dir='ltr'><strong>excepto)</strong></span> 
     </span>
    </p>
   </div>
   <div class='ocr_carea' id='block_1_14' title="bbox 397 1379 1972 1448">
    <p class='ocr_par' dir='ltr' id='par_1_14' title="bbox 397 1379 1972 1448">
     <span class='ocr_line' id='line_1_14' title="bbox 397 1379 1972 1448; baseline -0.001 -18"><span class='ocrx_word' id='word_1_83' title='bbox 397 1380 765 1432; x_wconf 88' lang='lat' dir='ltr'><strong>enarrationes</strong></span> <span class='ocrx_word' id='word_1_84' title='bbox 789 1380 1146 1447; x_wconf 87' lang='lat' dir='ltr'><strong>autographas</strong></span> <span class='ocrx_word' id='word_1_85' title='bbox 1164 1380 1670 1448; x_wconf 87' lang='lat' dir='ltr'><strong>continentes,qnas</strong></span> <span class='ocrx_word' id='word_1_86' title='bbox 1692 1379 1779 1433; x_wconf 86' lang='lat' dir='ltr'><strong>ille</strong></span> <span class='ocrx_word' id='word_1_87' title='bbox 1805 1393 1972 1448; x_wconf 82' lang='lat' dir='ltr'><strong>quou-</strong></span> 
     </span>
    </p>
   </div>
   <div class='ocr_carea' id='block_1_15' title="bbox 398 1468 1971 1539">
    <p class='ocr_par' dir='ltr' id='par_1_15' title="bbox 398 1468 1971 1539">
     <span class='ocr_line' id='line_1_15' title="bbox 398 1468 1971 1539; baseline 0 -16"><span class='ocrx_word' id='word_1_88' title='bbox 398 1470 520 1523; x_wconf 87' lang='lat' dir='ltr'><strong>dam</strong></span> <span class='ocrx_word' id='word_1_89' title='bbox 549 1468 834 1538; x_wconf 76' lang='lat' dir='ltr'><strong>Groninga:</strong></span> <span class='ocrx_word' id='word_1_90' title='bbox 886 1470 1175 1538; x_wconf 87' lang='lat' dir='ltr'><strong>scripserat</strong></span> <span class='ocrx_word' id='word_1_91' title='bbox 1214 1480 1396 1539; x_wconf 88' lang='lat' dir='ltr'><strong>rogatu</strong></span> <span class='ocrx_word' id='word_1_92' title='bbox 1439 1471 1706 1523; x_wconf 87' lang='lat' dir='ltr'><strong>Lamberti</strong></span> <span class='ocrx_word' id='word_1_93' title='bbox 1740 1469 1971 1523; x_wconf 87' lang='lat' dir='ltr'><strong>Gronin-</strong></span> 
     </span>
    </p>
   </div>
   <div class='ocr_carea' id='block_1_16' title="bbox 398 1560 1968 1630">
    <p class='ocr_par' dir='ltr' id='par_1_16' title="bbox 398 1560 1968 1630">
     <span class='ocr_line' id='line_1_16' title="bbox 398 1560 1968 1630; baseline 0 -17"><span class='ocrx_word' id='word_1_94' title='bbox 398 1560 597 1630; x_wconf 89' lang='lat' dir='ltr'><strong>gensis,</strong></span> <span class='ocrx_word' id='word_1_95' title='bbox 630 1560 905 1613; x_wconf 73' lang='lat' dir='ltr'><strong>medicina:</strong></span> <span class='ocrx_word' id='word_1_96' title='bbox 927 1560 1181 1625; x_wconf 89' lang='lat' dir='ltr'><strong>doctoris,</strong></span> <span class='ocrx_word' id='word_1_97' title='bbox 1210 1561 1459 1629; x_wconf 81' lang='lat' dir='ltr'><strong>singulari</strong></span> <span class='ocrx_word' id='word_1_98' title='bbox 1487 1572 1536 1613; x_wconf 90' lang='lat' dir='ltr'><strong>et</strong></span> <span class='ocrx_word' id='word_1_99' title='bbox 1566 1561 1807 1613; x_wconf 75' lang='lat' dir='ltr'><strong>doctrina</strong></span> <span class='ocrx_word' id='word_1_100' title='bbox 1832 1576 1968 1627; x_wconf 72' lang='lat' dir='ltr'><strong>prte-</strong></span> 
     </span>
    </p>
   </div>
   <div class='ocr_carea' id='block_1_17' title="bbox 398 1649 1970 1718">
    <p class='ocr_par' dir='ltr' id='par_1_17' title="bbox 398 1649 1970 1718">
     <span class='ocr_line' id='line_1_17' title="bbox 398 1649 1970 1718; baseline 0.001 -16"><span class='ocrx_word' id='word_1_101' title='bbox 398 1649 493 1703; x_wconf 84' lang='lat' dir='ltr'><strong>diti</strong></span> <span class='ocrx_word' id='word_1_102' title='bbox 515 1658 570 1704; x_wconf 92' lang='lat' dir='ltr'><strong>et</strong></span> <span class='ocrx_word' id='word_1_103' title='bbox 594 1650 963 1717; x_wconf 79' lang='lat' dir='ltr'><strong>experientia,</strong></span> <span class='ocrx_word' id='word_1_104' title='bbox 991 1664 1110 1703; x_wconf 88' lang='lat' dir='ltr'><strong>cum</strong></span> <span class='ocrx_word' id='word_1_105' title='bbox 1140 1651 1219 1718; x_wconf 92' lang='lat' dir='ltr'><strong>(ut</strong></span> <span class='ocrx_word' id='word_1_106' title='bbox 1249 1667 1311 1703; x_wconf 84' lang='lat' dir='ltr'><strong>ex</strong></span> <span class='ocrx_word' id='word_1_107' title='bbox 1355 1667 1419 1703; x_wconf 90' lang='lat' dir='ltr'><strong>eo</strong></span> <span class='ocrx_word' id='word_1_108' title='bbox 1451 1651 1609 1704; x_wconf 86' lang='lat' dir='ltr'><strong>fando</strong></span> <span class='ocrx_word' id='word_1_109' title='bbox 1644 1651 1970 1704; x_wconf 80' lang='lat' dir='ltr'><strong>familiariter</strong></span> 
     </span>
    </p>
   </div>
   <div class='ocr_carea' id='block_1_18' title="bbox 398 1739 1968 1810">
    <p class='ocr_par' dir='ltr' id='par_1_18' title="bbox 398 1739 1968 1810">
     <span class='ocr_line' id='line_1_18' title="bbox 398 1739 1968 1810; baseline -0.001 -15"><span class='ocrx_word' id='word_1_110' title='bbox 398 1739 613 1810; x_wconf 85' lang='lat' dir='ltr'><strong>accepi)</strong></span> <span class='ocrx_word' id='word_1_111' title='bbox 635 1742 687 1794; x_wconf 93' lang='lat' dir='ltr'><strong>in</strong></span> <span class='ocrx_word' id='word_1_112' title='bbox 713 1742 882 1810; x_wconf 89' lang='lat' dir='ltr'><strong>patria</strong></span> <span class='ocrx_word' id='word_1_113' title='bbox 910 1756 1003 1794; x_wconf 88' lang='lat' dir='ltr'><strong>sua</strong></span> <span class='ocrx_word' id='word_1_114' title='bbox 1037 1742 1290 1795; x_wconf 91' lang='lat' dir='ltr'><strong>librorum</strong></span> <span class='ocrx_word' id='word_1_115' title='bbox 1322 1741 1388 1795; x_wconf 89' lang='lat' dir='ltr'><strong>de</strong></span> <span class='ocrx_word' id='word_1_116' title='bbox 1446 1741 1805 1809; x_wconf 77' lang='lat' dir='ltr'><strong>Phil050pbizn</strong></span> <span class='ocrx_word' id='word_1_117' title='bbox 1832 1740 1968 1794; x_wconf 53' lang='lat' dir='ltr'><strong>Con.</strong></span> 
     </span>
    </p>
   </div>
   <div class='ocr_carea' id='block_1_19' title="bbox 2082 562 3652 631">
    <p class='ocr_par' dir='ltr' id='par_1_19' title="bbox 2082 562 3652 631">
     <span class='ocr_line' id='line_1_19' title="bbox 2082 562 3652 631; baseline 0.003 -20"><span class='ocrx_word' id='word_1_118' title='bbox 2082 570 2311 613; x_wconf 75' lang='lat' dir='ltr'><strong>tuentem</strong></span> <span class='ocrx_word' id='word_1_119' title='bbox 2381 570 2645 617; x_wconf 82' lang='lat' dir='ltr'><strong>nostram.</strong></span> <span class='ocrx_word' id='word_1_120' title='bbox 2688 574 2845 627; x_wconf 82' lang='lat' dir='ltr'><strong>quem</strong></span> <span class='ocrx_word' id='word_1_121' title='bbox 2908 570 2987 611; x_wconf 92' lang='lat' dir='ltr'><strong>est</strong></span> <span class='ocrx_word' id='word_1_122' title='bbox 3039 562 3475 626; x_wconf 71' lang='lat' dir='ltr'><strong>prtestantissima</strong></span> <span class='ocrx_word' id='word_1_123' title='bbox 3530 578 3652 631; x_wconf 87' lang='lat' dir='ltr'><strong>pars</strong></span> 
     </span>
    </p>
   </div>
   <div class='ocr_carea' id='block_1_20' title="bbox 2082 649 3223 718">
    <p class='ocr_par' dir='ltr' id='par_1_20' title="bbox 2082 649 3223 718">
     <span class='ocr_line' id='line_1_20' title="bbox 2082 649 3223 718; baseline 0.001 -17"><span class='ocrx_word' id='word_1_124' title='bbox 2082 651 2272 714; x_wconf 84' lang='lat' dir='ltr'><strong>nostri,</strong></span> <span class='ocrx_word' id='word_1_125' title='bbox 2302 650 2501 703; x_wconf 73' lang='lat' dir='ltr'><strong>la-dere</strong></span> <span class='ocrx_word' id='word_1_126' title='bbox 2534 666 2636 701; x_wconf 92' lang='lat' dir='ltr'><strong>nou</strong></span> <span class='ocrx_word' id='word_1_127' title='bbox 2662 659 2903 718; x_wconf 81' lang='lat' dir='ltr'><strong>possunt.</strong></span> <span class='ocrx_word' id='word_1_128' title='bbox 2934 649 3223 703; x_wconf 68' lang='lat' dir='ltr'><strong>Acatcou.</strong></span> 
     </span>
    </p>
   </div>
   <div class='ocr_carea' id='block_1_21' title="bbox 2151 739 3653 809">
    <p class='ocr_par' dir='ltr' id='par_1_21' title="bbox 2151 739 3653 809">
     <span class='ocr_line' id='line_1_21' title="bbox 2151 739 3653 809; baseline 0.004 -18"><span class='ocrx_word' id='word_1_129' title='bbox 2151 739 2415 809; x_wconf 79' lang='lat' dir='ltr'><strong>Quisquis]</strong></span> <span class='ocrx_word' id='word_1_130' title='bbox 2440 740 2490 792; x_wconf 92' lang='lat' dir='ltr'><strong>ld</strong></span> <span class='ocrx_word' id='word_1_131' title='bbox 2515 750 2595 792; x_wconf 89' lang='lat' dir='ltr'><strong>est</strong></span> <span class='ocrx_word' id='word_1_132' title='bbox 2619 742 2921 807; x_wconf 82' lang='lat' dir='ltr'><strong>quicunque</strong></span> <span class='ocrx_word' id='word_1_133' title='bbox 2944 756 2956 801; x_wconf 89' lang='lat'>;</span> <span class='ocrx_word' id='word_1_134' title='bbox 2990 739 3288 807; x_wconf 90' lang='lat' dir='ltr'><strong>hujusmodi</strong></span> <span class='ocrx_word' id='word_1_135' title='bbox 3307 741 3448 795; x_wconf 91' lang='lat' dir='ltr'><strong>enim</strong></span> <span class='ocrx_word' id='word_1_136' title='bbox 3466 741 3653 797; x_wconf 88' lang='lat' dir='ltr'><strong>dictio-</strong></span> 
     </span>
    </p>
   </div>
   <div class='ocr_carea' id='block_1_22' title="bbox 2080 828 3653 897">
    <p class='ocr_par' dir='ltr' id='par_1_22' title="bbox 2080 828 3653 897">
     <span class='ocr_line' id='line_1_22' title="bbox 2080 828 3653 897; baseline 0.004 -15"><span class='ocrx_word' id='word_1_137' title='bbox 2080 846 2176 883; x_wconf 90' lang='lat' dir='ltr'><strong>nes</strong></span> <span class='ocrx_word' id='word_1_138' title='bbox 2202 829 2485 897; x_wconf 74' lang='lat' dir='ltr'><strong>geminata:</strong></span> <span class='ocrx_word' id='word_1_139' title='bbox 2536 830 2637 883; x_wconf 89' lang='lat' dir='ltr'><strong>hoc</strong></span> <span class='ocrx_word' id='word_1_140' title='bbox 2676 830 2846 897; x_wconf 89' lang='lat' dir='ltr'><strong>ipsum</strong></span> <span class='ocrx_word' id='word_1_141' title='bbox 2890 828 3211 896; x_wconf 74' lang='lat' dir='ltr'><strong>significant,</strong></span> <span class='ocrx_word' id='word_1_142' title='bbox 3238 832 3375 896; x_wconf 88' lang='lat' dir='ltr'><strong>quod</strong></span> <span class='ocrx_word' id='word_1_143' title='bbox 3404 848 3522 885; x_wconf 90' lang='lat' dir='ltr'><strong>cum</strong></span> <span class='ocrx_word' id='word_1_144' title='bbox 3555 834 3653 890; x_wconf 90' lang='lat' dir='ltr'><strong>hac</strong></span> 
     </span>
    </p>
   </div>
   <div class='ocr_carea' id='block_1_23' title="bbox 2077 918 3653 987">
    <p class='ocr_par' dir='ltr' id='par_1_23' title="bbox 2077 918 3653 987">
     <span class='ocr_line' id='line_1_23' title="bbox 2077 918 3653 987; baseline 0.005 -17"><span class='ocrx_word' id='word_1_145' title='bbox 2077 919 2329 987; x_wconf 88' lang='lat' dir='ltr'><strong>particula</strong></span> <span class='ocrx_word' id='word_1_146' title='bbox 2388 933 2597 987; x_wconf 91' lang='lat' dir='ltr'><strong>cunque</strong></span> <span class='ocrx_word' id='word_1_147' title='bbox 2647 918 2967 987; x_wconf 67' lang='lat' dir='ltr'><strong>conjunctae.</strong></span> <span class='ocrx_word' id='word_1_148' title='bbox 3016 919 3082 973; x_wconf 89' lang='lat' dir='ltr'><strong>Ut</strong></span> <span class='ocrx_word' id='word_1_149' title='bbox 3128 919 3408 975; x_wconf 88' lang='lat' dir='ltr'><strong>Terentius</strong></span> <span class='ocrx_word' id='word_1_150' title='bbox 3454 923 3505 975; x_wconf 91' lang='lat' dir='ltr'><strong>iu</strong></span> <span class='ocrx_word' id='word_1_151' title='bbox 3547 925 3653 978; x_wconf 87' lang='lat' dir='ltr'><strong>Eu-</strong></span> 
     </span>
    </p>
   </div>
   <div class='ocr_carea' id='block_1_24' title="bbox 2077 1010 3653 1081">
    <p class='ocr_par' dir='ltr' id='par_1_24' title="bbox 2077 1010 3653 1081">
     <span class='ocr_line' id='line_1_24' title="bbox 2077 1010 3653 1081; baseline 0.005 -18"><span class='ocrx_word' id='word_1_152' title='bbox 2077 1011 2238 1065; x_wconf 88' lang='lat' dir='ltr'><strong>nuch.</strong></span> <span class='ocrx_word' id='word_1_153' title='bbox 2276 1027 2288 1061; x_wconf 93' lang='lat'>:</span> <span class='ocrx_word' id='word_1_154' title='bbox 2320 1010 2401 1063; x_wconf 88' lang='lat' dir='ltr'><strong>Tu</strong></span> <span class='ocrx_word' id='word_1_155' title='bbox 2445 1020 2677 1079; x_wconf 92' lang='lat' dir='ltr'><strong>quantus</strong></span> <span class='ocrx_word' id='word_1_156' title='bbox 2713 1020 2943 1078; x_wconf 87' lang='lat' dir='ltr'><strong>quantus</strong></span> <span class='ocrx_word' id='word_1_157' title='bbox 2978 1026 3057 1075; x_wconf 89' lang='lat' dir='ltr'><strong>es,</strong></span> <span class='ocrx_word' id='word_1_158' title='bbox 3104 1012 3154 1064; x_wconf 95' lang='lat' dir='ltr'><strong>id</strong></span> <span class='ocrx_word' id='word_1_159' title='bbox 3183 1024 3265 1066; x_wconf 89' lang='lat' dir='ltr'><strong>est</strong></span> <span class='ocrx_word' id='word_1_160' title='bbox 3295 1024 3653 1081; x_wconf 88' lang='lat' dir='ltr'><strong>quantuscun-</strong></span> 
     </span>
    </p>
   </div>
   <div class='ocr_carea' id='block_1_25' title="bbox 2074 1102 3653 1170">
    <p class='ocr_par' dir='ltr' id='par_1_25' title="bbox 2074 1102 3653 1170">
     <span class='ocr_line' id='line_1_25' title="bbox 2074 1102 3653 1170; baseline 0.006 -16"><span class='ocrx_word' id='word_1_161' title='bbox 2074 1118 2176 1170; x_wconf 90' lang='lat' dir='ltr'><strong>que</strong></span> <span class='ocrx_word' id='word_1_162' title='bbox 2200 1116 2258 1156; x_wconf 91' lang='lat' dir='ltr'><strong>es</strong></span> <span class='ocrx_word' id='word_1_163' title='bbox 2286 1120 2297 1153; x_wconf 89' lang='lat'><strong>:</strong></span> <span class='ocrx_word' id='word_1_164' title='bbox 2330 1112 2385 1156; x_wconf 92' lang='lat' dir='ltr'><strong>et</strong></span> <span class='ocrx_word' id='word_1_165' title='bbox 2419 1102 2469 1155; x_wconf 92' lang='lat' dir='ltr'><strong>in</strong></span> <span class='ocrx_word' id='word_1_166' title='bbox 2511 1104 2697 1156; x_wconf 84' lang='lat' dir='ltr'><strong>eadem</strong></span> <span class='ocrx_word' id='word_1_167' title='bbox 2737 1103 2999 1157; x_wconf 66' lang='lat' dir='ltr'><strong>comoedia</strong></span> <span class='ocrx_word' id='word_1_168' title='bbox 3023 1146 3036 1167; x_wconf 93' lang='lat'><strong>,</strong></span> <span class='ocrx_word' id='word_1_169' title='bbox 3076 1103 3175 1158; x_wconf 86' lang='lat' dir='ltr'><strong>Ubi</strong></span> <span class='ocrx_word' id='word_1_170' title='bbox 3211 1106 3295 1157; x_wconf 90' lang='lat' dir='ltr'><strong>ubi</strong></span> <span class='ocrx_word' id='word_1_171' title='bbox 3343 1116 3441 1169; x_wconf 82' lang='lat' dir='ltr'><strong>est,</strong></span> <span class='ocrx_word' id='word_1_172' title='bbox 3490 1108 3538 1160; x_wconf 93' lang='lat' dir='ltr'><strong>id</strong></span> <span class='ocrx_word' id='word_1_173' title='bbox 3572 1121 3653 1163; x_wconf 93' lang='lat' dir='ltr'><strong>est</strong></span> 
     </span>
    </p>
   </div>
   <div class='ocr_carea' id='block_1_26' title="bbox 2076 1194 2836 1261">
    <p class='ocr_par' dir='ltr' id='par_1_26' title="bbox 2076 1194 2836 1261">
     <span class='ocr_line' id='line_1_26' title="bbox 2076 1194 2836 1261; baseline 0.003 -16"><span class='ocrx_word' id='word_1_174' title='bbox 2076 1194 2379 1261; x_wconf 87' lang='lat' dir='ltr'><strong>ubicunque</strong></span> <span class='ocrx_word' id='word_1_175' title='bbox 2411 1202 2513 1246; x_wconf 90' lang='lat' dir='ltr'><strong>est.</strong></span> <span class='ocrx_word' id='word_1_176' title='bbox 2548 1197 2836 1247; x_wconf 77' lang='lat' dir='ltr'><strong>AGRICOLA.</strong></span> 
     </span>
    </p>
   </div>
   <div class='ocr_carea' id='block_1_27' title="bbox 2144 1287 3651 1359">
    <p class='ocr_par' dir='ltr' id='par_1_27' title="bbox 2144 1287 3651 1359">
     <span class='ocr_line' id='line_1_27' title="bbox 2144 1287 3651 1359; baseline 0.003 -17"><span class='ocrx_word' id='word_1_177' title='bbox 2144 1287 2469 1359; x_wconf 85' lang='lat' dir='ltr'><strong>Composito]</strong></span> <span class='ocrx_word' id='word_1_178' title='bbox 2511 1288 2845 1357; x_wconf 87' lang='lat' dir='ltr'><strong>Componere</strong></span> <span class='ocrx_word' id='word_1_179' title='bbox 2898 1289 3180 1355; x_wconf 61' lang='lat' dir='ltr'><strong>aliquando</strong></span> <span class='ocrx_word' id='word_1_180' title='bbox 3240 1288 3523 1355; x_wconf 87' lang='lat' dir='ltr'><strong>ordinare,</strong></span> <span class='ocrx_word' id='word_1_181' title='bbox 3567 1293 3651 1346; x_wconf 81' lang='lat' dir='ltr'><strong>vel</strong></span> 
     </span>
    </p>
   </div>
   <div class='ocr_carea' id='block_1_28' title="bbox 2074 1382 3649 1454">
    <p class='ocr_par' dir='ltr' id='par_1_28' title="bbox 2074 1382 3649 1454">
     <span class='ocr_line' id='line_1_28' title="bbox 2074 1382 3649 1454; baseline 0.003 -19"><span class='ocrx_word' id='word_1_182' title='bbox 2074 1393 2219 1437; x_wconf 89' lang='lat' dir='ltr'><strong>recte</strong></span> <span class='ocrx_word' id='word_1_183' title='bbox 2246 1383 2523 1437; x_wconf 88' lang='lat' dir='ltr'><strong>instituere</strong></span> <span class='ocrx_word' id='word_1_184' title='bbox 2565 1382 2845 1451; x_wconf 86' lang='lat' dir='ltr'><strong>significat,</strong></span> <span class='ocrx_word' id='word_1_185' title='bbox 2879 1394 2933 1434; x_wconf 90' lang='lat' dir='ltr'><strong>ut</strong></span> <span class='ocrx_word' id='word_1_186' title='bbox 2972 1384 3071 1436; x_wconf 92' lang='lat' dir='ltr'><strong>hoc</strong></span> <span class='ocrx_word' id='word_1_187' title='bbox 3104 1385 3218 1435; x_wconf 84' lang='lat' dir='ltr'><strong>loco</strong></span> <span class='ocrx_word' id='word_1_188' title='bbox 3259 1401 3269 1433; x_wconf 91' lang='lat'>:</span> <span class='ocrx_word' id='word_1_189' title='bbox 3314 1394 3367 1437; x_wconf 91' lang='lat' dir='ltr'><strong>et</strong></span> <span class='ocrx_word' id='word_1_190' title='bbox 3398 1384 3649 1454; x_wconf 87' lang='lat' dir='ltr'><strong>Virgilius</strong></span> 
     </span>
    </p>
   </div>
   <div class='ocr_carea' id='block_1_29' title="bbox 2074 1473 2646 1542">
    <p class='ocr_par' dir='ltr' id='par_1_29' title="bbox 2074 1473 2646 1542">
     <span class='ocr_line' id='line_1_29' title="bbox 2074 1473 2646 1542; baseline -0.009 -16"><span class='ocrx_word' id='word_1_191' title='bbox 2074 1474 2125 1526; x_wconf 92' lang='lat' dir='ltr'><strong>in</strong></span> <span class='ocrx_word' id='word_1_192' title='bbox 2152 1475 2323 1542; x_wconf 88' lang='lat' dir='ltr'><strong>primo</strong></span> <span class='ocrx_word' id='word_1_193' title='bbox 2358 1473 2608 1526; x_wconf 62' lang='lat' dir='ltr'><strong>Eneidos</strong></span> <span class='ocrx_word' id='word_1_194' title='bbox 2638 1491 2646 1521; x_wconf 91' lang='lat'>:</span> 
     </span>
    </p>
   </div>
   <div class='ocr_carea' id='block_1_30' title="bbox 2258 1582 3422 1645">
    <p class='ocr_par' dir='ltr' id='par_1_30' title="bbox 2258 1582 3422 1645">
     <span class='ocr_line' id='line_1_30' title="bbox 2258 1582 3422 1645; baseline -0.002 -13"><span class='ocrx_word' id='word_1_195' title='bbox 2258 1584 2315 1632; x_wconf 88' lang='lat' dir='ltr'><strong>Et</strong></span> <span class='ocrx_word' id='word_1_196' title='bbox 2341 1584 2533 1631; x_wconf 82' lang='lat' dir='ltr'><strong>tandem</strong></span> <span class='ocrx_word' id='word_1_197' title='bbox 2556 1582 2737 1643; x_wconf 82' lang='lat' dir='ltr'><strong>placida</strong></span> <span class='ocrx_word' id='word_1_198' title='bbox 2762 1592 3034 1643; x_wconf 80' lang='lat' dir='ltr'><strong>eumpostus</strong></span> <span class='ocrx_word' id='word_1_199' title='bbox 3058 1598 3173 1644; x_wconf 85' lang='lat' dir='ltr'><strong>pace</strong></span> <span class='ocrx_word' id='word_1_200' title='bbox 3199 1587 3422 1645; x_wconf 84' lang='lat' dir='ltr'><strong>quiescit.</strong></span> 
     </span>
    </p>
   </div>
   <div class='ocr_carea' id='block_1_31' title="bbox 2077 1666 3507 1736">
    <p class='ocr_par' dir='ltr' id='par_1_31' title="bbox 2077 1666 3507 1736">
     <span class='ocr_line' id='line_1_31' title="bbox 2077 1666 3507 1736; baseline -0.003 -15"><span class='ocrx_word' id='word_1_201' title='bbox 2077 1667 2377 1736; x_wconf 84' lang='lat' dir='ltr'><strong>Aliquando</strong></span> <span class='ocrx_word' id='word_1_202' title='bbox 2406 1666 2667 1734; x_wconf 88' lang='lat' dir='ltr'><strong>significat</strong></span> <span class='ocrx_word' id='word_1_203' title='bbox 2693 1681 2903 1734; x_wconf 88' lang='lat' dir='ltr'><strong>pacare.</strong></span> <span class='ocrx_word' id='word_1_204' title='bbox 2938 1666 3185 1734; x_wconf 75' lang='lat' dir='ltr'><strong>Virgilius</strong></span> <span class='ocrx_word' id='word_1_205' title='bbox 3218 1668 3267 1718; x_wconf 92' lang='lat' dir='ltr'><strong>in</strong></span> <span class='ocrx_word' id='word_1_206' title='bbox 3294 1666 3507 1719; x_wconf 89' lang='lat' dir='ltr'><strong>Bucol.:</strong></span> 
     </span>
    </p>
   </div>
   <div class='ocr_carea' id='block_1_32' title="bbox 2257 1756 3520 1818">
    <p class='ocr_par' dir='ltr' id='par_1_32' title="bbox 2257 1756 3520 1818">
     <span class='ocr_line' id='line_1_32' title="bbox 2257 1756 3520 1818; baseline 0.003 -15"><span class='ocrx_word' id='word_1_207' title='bbox 2257 1756 2361 1804; x_wconf 88' lang='lat' dir='ltr'><strong>Non</strong></span> <span class='ocrx_word' id='word_1_208' title='bbox 2389 1762 2603 1804; x_wconf 89' lang='lat' dir='ltr'><strong>nostrum</strong></span> <span class='ocrx_word' id='word_1_209' title='bbox 2630 1759 2759 1805; x_wconf 90' lang='lat' dir='ltr'><strong>inter</strong></span> <span class='ocrx_word' id='word_1_210' title='bbox 2784 1770 2867 1804; x_wconf 84' lang='lat' dir='ltr'><strong>vos</strong></span> <span class='ocrx_word' id='word_1_211' title='bbox 2892 1764 3049 1805; x_wconf 86' lang='lat' dir='ltr'><strong>tantas</strong></span> <span class='ocrx_word' id='word_1_212' title='bbox 3073 1770 3367 1818; x_wconf 87' lang='lat' dir='ltr'><strong>componere</strong></span> <span class='ocrx_word' id='word_1_213' title='bbox 3396 1758 3520 1807; x_wconf 78' lang='lat' dir='ltr'><strong>lites.</strong></span> 
     </span>
    </p>
   </div>
   <div class='ocr_carea' id='block_1_33' title="bbox 399 1825 3235 1909">
    <p class='ocr_par' dir='ltr' id='par_1_33' title="bbox 399 1825 3235 1909">
     <span class='ocr_line' id='line_1_33' title="bbox 399 1825 3235 1909; baseline 0 -24"><span class='ocrx_word' id='word_1_214' title='bbox 399 1832 662 1886; x_wconf 84' lang='lat' dir='ltr'><strong>solatione</strong></span> <span class='ocrx_word' id='word_1_215' title='bbox 691 1832 1119 1899; x_wconf 82' lang='lat' dir='ltr'><strong>explanationem</strong></span> <span class='ocrx_word' id='word_1_216' title='bbox 1160 1831 1483 1900; x_wconf 88' lang='lat' dir='ltr'><strong>auspicatus,</strong></span> <span class='ocrx_word' id='word_1_217' title='bbox 1518 1832 1581 1883; x_wconf 90' lang='lat' dir='ltr'><strong>ad</strong></span> <span class='ocrx_word' id='word_1_218' title='bbox 1630 1833 1730 1884; x_wconf 92' lang='lat' dir='ltr'><strong>hoc</strong></span> <span class='ocrx_word' id='word_1_219' title='bbox 1756 1846 1968 1884; x_wconf 88' lang='lat' dir='ltr'><strong>carmen</strong></span> <span class='ocrx_word' id='word_1_220' title='bbox 2005 1825 2049 1881; x_wconf 91' lang='lat' dir='ltr'><strong>B</strong></span> <span class='ocrx_word' id='word_1_221' title='bbox 2078 1841 2373 1909; x_wconf 70' lang='lat' dir='ltr'><strong>Aliquando</strong></span> <span class='ocrx_word' id='word_1_222' title='bbox 2399 1853 2733 1907; x_wconf 67' lang='lat' dir='ltr'><strong>comparare.</strong></span> <span class='ocrx_word' id='word_1_223' title='bbox 2767 1840 2907 1893; x_wconf 63' lang='lat' dir='ltr'><strong>me&quot;.</strong></span> <span class='ocrx_word' id='word_1_224' title='bbox 2941 1843 2990 1891; x_wconf 66' lang='lat' dir='ltr'><strong>in</strong></span> <span class='ocrx_word' id='word_1_225' title='bbox 3025 1843 3235 1894; x_wconf 65' lang='lat' dir='ltr'><strong>Bucol.:</strong></span> 
     </span>
    </p>
   </div>
   <div class='ocr_carea' id='block_1_34' title="bbox 408 1923 1974 1992">
    <p class='ocr_par' dir='ltr' id='par_1_34' title="bbox 408 1923 1974 1992">
     <span class='ocr_line' id='line_1_34' title="bbox 408 1923 1974 1992; baseline -0.004 -13"><span class='ocrx_word' id='word_1_226' title='bbox 408 1925 767 1991; x_wconf 80' lang='lat' dir='ltr'><strong>pervenisset.</strong></span> <span class='ocrx_word' id='word_1_227' title='bbox 806 1924 1054 1992; x_wconf 81' lang='lat' dir='ltr'><strong>Quisquis</strong></span> <span class='ocrx_word' id='word_1_228' title='bbox 1082 1924 1377 1990; x_wconf 88' lang='lat' dir='ltr'><strong>composito</strong></span> <span class='ocrx_word' id='word_1_229' title='bbox 1429 1939 1650 1977; x_wconf 88' lang='lat' dir='ltr'><strong>serenus</strong></span> <span class='ocrx_word' id='word_1_230' title='bbox 1697 1938 1831 1978; x_wconf 64' lang='lat' dir='ltr'><strong>aevo.</strong></span> <span class='ocrx_word' id='word_1_231' title='bbox 1860 1923 1974 1990; x_wconf 86' lang='lat' dir='ltr'><strong>Quo</strong></span> 
     </span>
    </p>
   </div>
   <div class='ocr_carea' id='block_1_35' title="bbox 401 2013 1968 2083">
    <p class='ocr_par' dir='ltr' id='par_1_35' title="bbox 401 2013 1968 2083">
     <span class='ocr_line' id='line_1_35' title="bbox 401 2013 1968 2083; baseline -0.001 -14"><span class='ocrx_word' id='word_1_232' title='bbox 401 2015 595 2069; x_wconf 83' lang='lat' dir='ltr'><strong>factum</strong></span> <span class='ocrx_word' id='word_1_233' title='bbox 643 2023 744 2078; x_wconf 91' lang='lat' dir='ltr'><strong>est,</strong></span> <span class='ocrx_word' id='word_1_234' title='bbox 787 2024 839 2067; x_wconf 91' lang='lat' dir='ltr'><strong>ut</strong></span> <span class='ocrx_word' id='word_1_235' title='bbox 872 2013 995 2067; x_wconf 91' lang='lat' dir='ltr'><strong>hinc</strong></span> <span class='ocrx_word' id='word_1_236' title='bbox 1024 2014 1415 2068; x_wconf 89' lang='lat' dir='ltr'><strong>eruditissimus</strong></span> <span class='ocrx_word' id='word_1_237' title='bbox 1449 2015 1693 2083; x_wconf 86' lang='lat' dir='ltr'><strong>Agricola</strong></span> <span class='ocrx_word' id='word_1_238' title='bbox 1723 2029 1968 2082; x_wconf 89' lang='lat' dir='ltr'><strong>sumpse-</strong></span> 
     </span>
    </p>
   </div>
   <div class='ocr_carea' id='block_1_36' title="bbox 401 2102 1970 2173">
    <p class='ocr_par' dir='ltr' id='par_1_36' title="bbox 401 2102 1970 2173">
     <span class='ocr_line' id='line_1_36' title="bbox 401 2102 1970 2173; baseline 0 -16"><span class='ocrx_word' id='word_1_239' title='bbox 401 2104 472 2157; x_wconf 86' lang='lat' dir='ltr'><strong>rit</strong></span> <span class='ocrx_word' id='word_1_240' title='bbox 500 2103 730 2165; x_wconf 90' lang='lat' dir='ltr'><strong>initium,</strong></span> <span class='ocrx_word' id='word_1_241' title='bbox 759 2102 958 2171; x_wconf 89' lang='lat' dir='ltr'><strong>reliqua</strong></span> <span class='ocrx_word' id='word_1_242' title='bbox 984 2112 1303 2157; x_wconf 90' lang='lat' dir='ltr'><strong>tractaturus</strong></span> <span class='ocrx_word' id='word_1_243' title='bbox 1319 2105 1685 2171; x_wconf 86' lang='lat' dir='ltr'><strong>opportuniori</strong></span> <span class='ocrx_word' id='word_1_244' title='bbox 1712 2113 1970 2173; x_wconf 88' lang='lat' dir='ltr'><strong>tempore,</strong></span> 
     </span>
    </p>
   </div>
   <div class='ocr_carea' id='block_1_37' title="bbox 404 2194 1972 2263">
    <p class='ocr_par' dir='ltr' id='par_1_37' title="bbox 404 2194 1972 2263">
     <span class='ocr_line' id='line_1_37' title="bbox 404 2194 1972 2263; baseline -0.001 -15"><span class='ocrx_word' id='word_1_245' title='bbox 404 2196 452 2248; x_wconf 72' lang='lat' dir='ltr'><strong>si</strong></span> <span class='ocrx_word' id='word_1_246' title='bbox 504 2210 597 2263; x_wconf 76' lang='lat' dir='ltr'><strong>per</strong></span> <span class='ocrx_word' id='word_1_247' title='bbox 643 2195 772 2247; x_wconf 89' lang='lat' dir='ltr'><strong>alias</strong></span> <span class='ocrx_word' id='word_1_248' title='bbox 819 2194 1213 2263; x_wconf 78' lang='lat' dir='ltr'><strong>occupationes,</strong></span> <span class='ocrx_word' id='word_1_249' title='bbox 1259 2205 1314 2249; x_wconf 89' lang='lat' dir='ltr'><strong>et</strong></span> <span class='ocrx_word' id='word_1_250' title='bbox 1360 2195 1693 2248; x_wconf 88' lang='lat' dir='ltr'><strong>immaturam</strong></span> <span class='ocrx_word' id='word_1_251' title='bbox 1749 2206 1972 2249; x_wconf 91' lang='lat' dir='ltr'><strong>mortem</strong></span> 
     </span>
    </p>
   </div>
   <div class='ocr_carea' id='block_1_38' title="bbox 404 2285 1972 2355">
    <p class='ocr_par' dir='ltr' id='par_1_38' title="bbox 404 2285 1972 2355">
     <span class='ocr_line' id='line_1_38' title="bbox 404 2285 1972 2355; baseline 0.001 -16"><span class='ocrx_word' id='word_1_252' title='bbox 404 2286 659 2340; x_wconf 90' lang='lat' dir='ltr'><strong>licuisset.</strong></span> <span class='ocrx_word' id='word_1_253' title='bbox 687 2285 911 2355; x_wconf 89' lang='lat' dir='ltr'><strong>Scripsit</strong></span> <span class='ocrx_word' id='word_1_254' title='bbox 938 2285 1211 2354; x_wconf 87' lang='lat' dir='ltr'><strong>aliquanto</strong></span> <span class='ocrx_word' id='word_1_255' title='bbox 1260 2286 1409 2355; x_wconf 91' lang='lat' dir='ltr'><strong>plura</strong></span> <span class='ocrx_word' id='word_1_256' title='bbox 1441 2287 1489 2340; x_wconf 93' lang='lat' dir='ltr'><strong>in</strong></span> <span class='ocrx_word' id='word_1_257' title='bbox 1523 2288 1784 2349; x_wconf 90' lang='lat' dir='ltr'><strong>Boetium,</strong></span> <span class='ocrx_word' id='word_1_258' title='bbox 1814 2302 1972 2350; x_wconf 91' lang='lat' dir='ltr'><strong>quam</strong></span> 
     </span>
    </p>
   </div>
   <div class='ocr_carea' id='block_1_39' title="bbox 403 2378 1975 2447">
    <p class='ocr_par' dir='ltr' id='par_1_39' title="bbox 403 2378 1975 2447">
     <span class='ocr_line' id='line_1_39' title="bbox 403 2378 1975 2447; baseline 0.001 -17"><span class='ocrx_word' id='word_1_259' title='bbox 403 2378 470 2431; x_wconf 90' lang='lat' dir='ltr'><strong>ad</strong></span> <span class='ocrx_word' id='word_1_260' title='bbox 494 2393 579 2433; x_wconf 89' lang='lat' dir='ltr'><strong>me</strong></span> <span class='ocrx_word' id='word_1_261' title='bbox 625 2388 1002 2446; x_wconf 87' lang='lat' dir='ltr'><strong>pervenerunt,</strong></span> <span class='ocrx_word' id='word_1_262' title='bbox 1030 2394 1147 2447; x_wconf 73' lang='lat' dir='ltr'><strong>qua:</strong></span> <span class='ocrx_word' id='word_1_263' title='bbox 1176 2390 1447 2447; x_wconf 87' lang='lat' dir='ltr'><strong>receperat</strong></span> <span class='ocrx_word' id='word_1_264' title='bbox 1500 2379 1629 2432; x_wconf 90' lang='lat' dir='ltr'><strong>mihi</strong></span> <span class='ocrx_word' id='word_1_265' title='bbox 1662 2379 1975 2433; x_wconf 86' lang='lat' dir='ltr'><strong>Lambertus</strong></span> 
     </span>
    </p>
   </div>
   <div class='ocr_carea' id='block_1_40' title="bbox 403 2468 1979 2539">
    <p class='ocr_par' dir='ltr' id='par_1_40' title="bbox 403 2468 1979 2539">
     <span class='ocr_line' id='line_1_40' title="bbox 403 2468 1979 2539; baseline -0.003 -14"><span class='ocrx_word' id='word_1_266' title='bbox 403 2471 566 2535; x_wconf 90' lang='lat' dir='ltr'><strong>idem,</strong></span> <span class='ocrx_word' id='word_1_267' title='bbox 599 2472 749 2539; x_wconf 87' lang='lat' dir='ltr'><strong>cujus</strong></span> <span class='ocrx_word' id='word_1_268' title='bbox 802 2469 960 2523; x_wconf 90' lang='lat' dir='ltr'><strong>modo</strong></span> <span class='ocrx_word' id='word_1_269' title='bbox 1016 2468 1255 2532; x_wconf 91' lang='lat' dir='ltr'><strong>memini,</strong></span> <span class='ocrx_word' id='word_1_270' title='bbox 1295 2485 1353 2523; x_wconf 92' lang='lat' dir='ltr'><strong>se</strong></span> <span class='ocrx_word' id='word_1_271' title='bbox 1400 2468 1885 2533; x_wconf 87' lang='lat' dir='ltr'><strong>commodaturum,</strong></span> <span class='ocrx_word' id='word_1_272' title='bbox 1920 2478 1979 2520; x_wconf 92' lang='lat' dir='ltr'><strong>ut</strong></span> 
     </span>
    </p>
   </div>
   <div class='ocr_carea' id='block_1_41' title="bbox 402 2558 1973 2632">
    <p class='ocr_par' dir='ltr' id='par_1_41' title="bbox 402 2558 1973 2632">
     <span class='ocr_line' id='line_1_41' title="bbox 402 2558 1973 2632; baseline -0.006 -15"><span class='ocrx_word' id='word_1_273' title='bbox 402 2576 465 2617; x_wconf 87' lang='lat' dir='ltr'><strong>ea</strong></span> <span class='ocrx_word' id='word_1_274' title='bbox 487 2576 699 2632; x_wconf 90' lang='lat' dir='ltr'><strong>quoque</strong></span> <span class='ocrx_word' id='word_1_275' title='bbox 729 2560 858 2615; x_wconf 90' lang='lat' dir='ltr'><strong>mihi</strong></span> <span class='ocrx_word' id='word_1_276' title='bbox 900 2559 1259 2628; x_wconf 88' lang='lat' dir='ltr'><strong>studiosisque</strong></span> <span class='ocrx_word' id='word_1_277' title='bbox 1293 2558 1652 2614; x_wconf 79' lang='lat' dir='ltr'><strong>exscriberem</strong></span> <span class='ocrx_word' id='word_1_278' title='bbox 1690 2577 1700 2609; x_wconf 96' lang='lat'>:</span> <span class='ocrx_word' id='word_1_279' title='bbox 1734 2572 1973 2612; x_wconf 74' lang='lat' dir='ltr'><strong>commo-</strong></span> 
     </span>
    </p>
   </div>
   <div class='ocr_carea' id='block_1_42' title="bbox 402 2649 1976 2722">
    <p class='ocr_par' dir='ltr' id='par_1_42' title="bbox 402 2649 1976 2722">
     <span class='ocr_line' id='line_1_42' title="bbox 402 2649 1976 2722; baseline -0.004 -15"><span class='ocrx_word' id='word_1_280' title='bbox 402 2653 687 2722; x_wconf 88' lang='lat' dir='ltr'><strong>dassetque</strong></span> <span class='ocrx_word' id='word_1_281' title='bbox 704 2666 833 2707; x_wconf 91' lang='lat' dir='ltr'><strong>sane</strong></span> <span class='ocrx_word' id='word_1_282' title='bbox 858 2666 1014 2719; x_wconf 85' lang='lat' dir='ltr'><strong>quam</strong></span> <span class='ocrx_word' id='word_1_283' title='bbox 1038 2651 1231 2713; x_wconf 91' lang='lat' dir='ltr'><strong>libens,</strong></span> <span class='ocrx_word' id='word_1_284' title='bbox 1252 2651 1351 2704; x_wconf 91' lang='lat' dir='ltr'><strong>nisi</strong></span> <span class='ocrx_word' id='word_1_285' title='bbox 1375 2651 1649 2720; x_wconf 86' lang='lat' dir='ltr'><strong>repentina</strong></span> <span class='ocrx_word' id='word_1_286' title='bbox 1666 2649 1783 2718; x_wconf 90' lang='lat' dir='ltr'><strong>ejus</strong></span> <span class='ocrx_word' id='word_1_287' title='bbox 1800 2658 1976 2701; x_wconf 84' lang='lat' dir='ltr'><strong>trans-</strong></span> 
     </span>
    </p>
   </div>
   <div class='ocr_carea' id='block_1_43' title="bbox 404 2740 1975 2812">
    <p class='ocr_par' dir='ltr' id='par_1_43' title="bbox 404 2740 1975 2812">
     <span class='ocr_line' id='line_1_43' title="bbox 404 2740 1975 2812; baseline -0.003 -17"><span class='ocrx_word' id='word_1_288' title='bbox 404 2743 650 2812; x_wconf 87' lang='lat' dir='ltr'><strong>migratio</strong></span> <span class='ocrx_word' id='word_1_289' title='bbox 690 2742 970 2810; x_wconf 87' lang='lat' dir='ltr'><strong>quominus</strong></span> <span class='ocrx_word' id='word_1_290' title='bbox 1000 2741 1050 2793; x_wconf 92' lang='lat' dir='ltr'><strong>id</strong></span> <span class='ocrx_word' id='word_1_291' title='bbox 1081 2740 1250 2803; x_wconf 90' lang='lat' dir='ltr'><strong>fieret,</strong></span> <span class='ocrx_word' id='word_1_292' title='bbox 1271 2742 1581 2795; x_wconf 88' lang='lat' dir='ltr'><strong>obstitisset.</strong></span> <span class='ocrx_word' id='word_1_293' title='bbox 1613 2742 1743 2793; x_wconf 87' lang='lat' dir='ltr'><strong>Cum</strong></span> <span class='ocrx_word' id='word_1_294' title='bbox 1800 2747 1975 2795; x_wconf 86' lang='lat' dir='ltr'><strong>autem</strong></span> 
     </span>
    </p>
   </div>
   <div class='ocr_carea' id='block_1_44' title="bbox 405 2831 1978 2901">
    <p class='ocr_par' dir='ltr' id='par_1_44' title="bbox 405 2831 1978 2901">
     <span class='ocr_line' id='line_1_44' title="bbox 405 2831 1978 2901; baseline -0.003 -15"><span class='ocrx_word' id='word_1_295' title='bbox 405 2834 520 2887; x_wconf 57' lang='lat' dir='ltr'><strong>hac</strong></span> <span class='ocrx_word' id='word_1_296' title='bbox 541 2849 661 2901; x_wconf 65' lang='lat' dir='ltr'><strong>qua:</strong></span> <span class='ocrx_word' id='word_1_297' title='bbox 711 2834 1026 2900; x_wconf 85' lang='lat' dir='ltr'><strong>transcripta</strong></span> <span class='ocrx_word' id='word_1_298' title='bbox 1062 2842 1205 2891; x_wconf 87' lang='lat' dir='ltr'><strong>sunt,</strong></span> <span class='ocrx_word' id='word_1_299' title='bbox 1257 2832 1380 2884; x_wconf 87' lang='lat' dir='ltr'><strong>talia</strong></span> <span class='ocrx_word' id='word_1_300' title='bbox 1423 2831 1549 2884; x_wconf 91' lang='lat' dir='ltr'><strong>mihi</strong></span> <span class='ocrx_word' id='word_1_301' title='bbox 1592 2831 1891 2895; x_wconf 88' lang='lat' dir='ltr'><strong>videantur,</strong></span> <span class='ocrx_word' id='word_1_302' title='bbox 1920 2843 1978 2882; x_wconf 90' lang='lat' dir='ltr'><strong>ut</strong></span> 
     </span>
    </p>
   </div>
   <div class='ocr_carea' id='block_1_45' title="bbox 406 2922 1977 2991">
    <p class='ocr_par' dir='ltr' id='par_1_45' title="bbox 406 2922 1977 2991">
     <span class='ocr_line' id='line_1_45' title="bbox 406 2922 1977 2991; baseline -0.006 -9"><span class='ocrx_word' id='word_1_303' title='bbox 406 2928 762 2983; x_wconf 85' lang='lat' dir='ltr'><strong>studiosorum</strong></span> <span class='ocrx_word' id='word_1_304' title='bbox 796 2928 962 2981; x_wconf 85' lang='lat' dir='ltr'><strong>Boetii</strong></span> <span class='ocrx_word' id='word_1_305' title='bbox 992 2926 1219 2981; x_wconf 88' lang='lat' dir='ltr'><strong>lectione</strong></span> <span class='ocrx_word' id='word_1_306' title='bbox 1244 2925 1351 2977; x_wconf 89' lang='lat' dir='ltr'><strong>sint</strong></span> <span class='ocrx_word' id='word_1_307' title='bbox 1377 2922 1707 2991; x_wconf 86' lang='lat' dir='ltr'><strong>dignissima,</strong></span> <span class='ocrx_word' id='word_1_308' title='bbox 1729 2938 1830 2974; x_wconf 88' lang='lat' dir='ltr'><strong>non</strong></span> <span class='ocrx_word' id='word_1_309' title='bbox 1856 2936 1977 2989; x_wconf 88' lang='lat' dir='ltr'><strong>pos-</strong></span> 
     </span>
    </p>
   </div>
   <div class='ocr_carea' id='block_1_46' title="bbox 407 3012 1974 3083">
    <p class='ocr_par' dir='ltr' id='par_1_46' title="bbox 407 3012 1974 3083">
     <span class='ocr_line' id='line_1_46' title="bbox 407 3012 1974 3083; baseline -0.006 -10"><span class='ocrx_word' id='word_1_310' title='bbox 407 3034 522 3073; x_wconf 86' lang='lat' dir='ltr'><strong>sum</strong></span> <span class='ocrx_word' id='word_1_311' title='bbox 552 3033 613 3073; x_wconf 93' lang='lat' dir='ltr'><strong>ea</strong></span> <span class='ocrx_word' id='word_1_312' title='bbox 637 3032 739 3071; x_wconf 92' lang='lat' dir='ltr'><strong>nou</strong></span> <span class='ocrx_word' id='word_1_313' title='bbox 776 3018 877 3071; x_wconf 77' lang='lat' dir='ltr'><strong>lu-c</strong></span> <span class='ocrx_word' id='word_1_314' title='bbox 904 3018 1021 3071; x_wconf 92' lang='lat' dir='ltr'><strong>loco</strong></span> <span class='ocrx_word' id='word_1_315' title='bbox 1062 3016 1347 3083; x_wconf 89' lang='lat' dir='ltr'><strong>subjicere,</strong></span> <span class='ocrx_word' id='word_1_316' title='bbox 1376 3029 1444 3067; x_wconf 91' lang='lat' dir='ltr'><strong>ne</strong></span> <span class='ocrx_word' id='word_1_317' title='bbox 1471 3014 1596 3082; x_wconf 88' lang='lat' dir='ltr'><strong>quid</strong></span> <span class='ocrx_word' id='word_1_318' title='bbox 1636 3012 1818 3081; x_wconf 67' lang='lat' dir='ltr'><strong>gloria:</strong></span> <span class='ocrx_word' id='word_1_319' title='bbox 1847 3013 1974 3065; x_wconf 89' lang='lat' dir='ltr'><strong>mihi</strong></span> 
     </span>
    </p>
   </div>
   <div class='ocr_carea' id='block_1_47' title="bbox 407 3103 1975 3165">
    <p class='ocr_par' dir='ltr' id='par_1_47' title="bbox 407 3103 1975 3165">
     <span class='ocr_line' id='line_1_47' title="bbox 407 3103 1975 3165; baseline -0.005 -3"><span class='ocrx_word' id='word_1_320' title='bbox 407 3110 651 3163; x_wconf 88' lang='lat' dir='ltr'><strong>credulus</strong></span> <span class='ocrx_word' id='word_1_321' title='bbox 683 3109 849 3163; x_wconf 87' lang='lat' dir='ltr'><strong>lector</strong></span> <span class='ocrx_word' id='word_1_322' title='bbox 876 3124 941 3162; x_wconf 81' lang='lat' dir='ltr'><strong>ex</strong></span> <span class='ocrx_word' id='word_1_323' title='bbox 968 3108 1145 3161; x_wconf 90' lang='lat' dir='ltr'><strong>alieno</strong></span> <span class='ocrx_word' id='word_1_324' title='bbox 1168 3106 1368 3160; x_wconf 83' lang='lat' dir='ltr'><strong>tribuat</strong></span> <span class='ocrx_word' id='word_1_325' title='bbox 1393 3104 1598 3165; x_wconf 91' lang='lat' dir='ltr'><strong>labore,</strong></span> <span class='ocrx_word' id='word_1_326' title='bbox 1629 3118 1762 3157; x_wconf 88' lang='lat' dir='ltr'><strong>neve</strong></span> <span class='ocrx_word' id='word_1_327' title='bbox 1789 3103 1975 3157; x_wconf 91' lang='lat' dir='ltr'><strong>candi-</strong></span> 
     </span>
    </p>
   </div>
   <div class='ocr_carea' id='block_1_48' title="bbox 2260 1931 3296 1992">
    <p class='ocr_par' dir='ltr' id='par_1_48' title="bbox 2260 1931 3296 1992">
     <span class='ocr_line' id='line_1_48' title="bbox 2260 1931 3296 1992; baseline -0.001 -12"><span class='ocrx_word' id='word_1_328' title='bbox 2260 1931 2340 1980; x_wconf 89' lang='lat' dir='ltr'><strong>Sic</strong></span> <span class='ocrx_word' id='word_1_329' title='bbox 2366 1931 2527 1992; x_wconf 86' lang='lat' dir='ltr'><strong>parvis</strong></span> <span class='ocrx_word' id='word_1_330' title='bbox 2550 1942 2842 1989; x_wconf 88' lang='lat' dir='ltr'><strong>componere</strong></span> <span class='ocrx_word' id='word_1_331' title='bbox 2868 1944 3039 1989; x_wconf 84' lang='lat' dir='ltr'><strong>magna</strong></span> <span class='ocrx_word' id='word_1_332' title='bbox 3065 1932 3296 1979; x_wconf 74' lang='lat' dir='ltr'><strong>solebam.</strong></span> 
     </span>
    </p>
   </div>
   <div class='ocr_carea' id='block_1_49' title="bbox 2076 2012 3019 2083">
    <p class='ocr_par' dir='ltr' id='par_1_49' title="bbox 2076 2012 3019 2083">
     <span class='ocr_line' id='line_1_49' title="bbox 2076 2012 3019 2083; baseline -0.006 -16"><span class='ocrx_word' id='word_1_333' title='bbox 2076 2013 2375 2083; x_wconf 79' lang='lat' dir='ltr'><strong>Aliquando</strong></span> <span class='ocrx_word' id='word_1_334' title='bbox 2397 2014 2740 2081; x_wconf 88' lang='lat' dir='ltr'><strong>conjungere.</strong></span> <span class='ocrx_word' id='word_1_335' title='bbox 2778 2012 3019 2065; x_wconf 83' lang='lat' dir='ltr'><strong>Persius:</strong></span> 
     </span>
    </p>
   </div>
   <div class='ocr_carea' id='block_1_50' title="bbox 2259 2104 3053 2167">
    <p class='ocr_par' dir='ltr' id='par_1_50' title="bbox 2259 2104 3053 2167">
     <span class='ocr_line' id='line_1_50' title="bbox 2259 2104 3053 2167; baseline -0.005 -16"><span class='ocrx_word' id='word_1_336' title='bbox 2259 2106 2353 2154; x_wconf 75' lang='grc' dir='ltr'>Γοιι</span> <span class='ocrx_word' id='word_1_337' title='bbox 2374 2108 2579 2167; x_wconf 90' lang='lat' dir='ltr'><strong>positum</strong></span> <span class='ocrx_word' id='word_1_338' title='bbox 2600 2104 2676 2164; x_wconf 90' lang='lat' dir='ltr'><strong>jus</strong></span> <span class='ocrx_word' id='word_1_339' title='bbox 2700 2104 2871 2163; x_wconf 88' lang='lat' dir='ltr'><strong>fasque</strong></span> <span class='ocrx_word' id='word_1_340' title='bbox 2895 2105 3053 2150; x_wconf 91' lang='lat' dir='ltr'><strong>animi.</strong></span> 
     </span>
    </p>
   </div>
   <div class='ocr_carea' id='block_1_51' title="bbox 2076 2178 3643 2255">
    <p class='ocr_par' dir='ltr' id='par_1_51' title="bbox 2076 2178 3643 2255">
     <span class='ocr_line' id='line_1_51' title="bbox 2076 2178 3643 2255; baseline -0.001 -14"><span class='ocrx_word' id='word_1_341' title='bbox 2076 2187 2166 2242; x_wconf 92' lang='lat' dir='ltr'><strong>Sic</strong></span> <span class='ocrx_word' id='word_1_342' title='bbox 2194 2189 2424 2241; x_wconf 92' lang='lat' dir='ltr'><strong>dicimus</strong></span> <span class='ocrx_word' id='word_1_343' title='bbox 2446 2202 2769 2255; x_wconf 60' lang='lat' dir='ltr'><strong>componere</strong></span> <span class='ocrx_word' id='word_1_344' title='bbox 2793 2186 3007 2247; x_wconf 90' lang='lat' dir='ltr'><strong>librum,</strong></span> <span class='ocrx_word' id='word_1_345' title='bbox 3035 2196 3087 2238; x_wconf 92' lang='lat' dir='ltr'><strong>et</strong></span> <span class='ocrx_word' id='word_1_346' title='bbox 3105 2178 3432 2253; x_wconf 88' lang='lat' dir='ltr'><strong>componere</strong></span> <span class='ocrx_word' id='word_1_347' title='bbox 3454 2187 3643 2254; x_wconf 75' lang='lat' dir='ltr'><strong>ignem.</strong></span> 
     </span>
    </p>
   </div>
   <div class='ocr_carea' id='block_1_52' title="bbox 2078 2284 2367 2334">
    <p class='ocr_par' dir='ltr' id='par_1_52' title="bbox 2078 2284 2367 2334">
     <span class='ocr_line' id='line_1_52' title="bbox 2078 2284 2367 2334; baseline -0.003 -2"><span class='ocrx_word' id='word_1_348' title='bbox 2078 2284 2367 2334; x_wconf 71' lang='lat' dir='ltr'><strong>Acmcou.</strong></span> 
     </span>
    </p>
   </div>
   <div class='ocr_carea' id='block_1_53' title="bbox 2150 2368 3647 2439">
    <p class='ocr_par' dir='ltr' id='par_1_53' title="bbox 2150 2368 3647 2439">
     <span class='ocr_line' id='line_1_53' title="bbox 2150 2368 3647 2439; baseline -0.001 -16"><span class='ocrx_word' id='word_1_349' title='bbox 2150 2368 2394 2439; x_wconf 83' lang='lat' dir='ltr'><strong>Serenus]</strong></span> <span class='ocrx_word' id='word_1_350' title='bbox 2424 2371 2464 2422; x_wconf 88' lang='lat' dir='ltr'><strong>A</strong></span> <span class='ocrx_word' id='word_1_351' title='bbox 2514 2370 2747 2423; x_wconf 72' lang='lat' dir='ltr'><strong>serendo</strong></span> <span class='ocrx_word' id='word_1_352' title='bbox 2774 2368 2972 2420; x_wconf 85' lang='lat' dir='ltr'><strong>dictum</strong></span> <span class='ocrx_word' id='word_1_353' title='bbox 3007 2378 3117 2433; x_wconf 76' lang='lat' dir='ltr'><strong>est,</strong></span> <span class='ocrx_word' id='word_1_354' title='bbox 3147 2370 3300 2436; x_wconf 82' lang='lat' dir='ltr'><strong>quasi</strong></span> <span class='ocrx_word' id='word_1_355' title='bbox 3330 2378 3536 2437; x_wconf 91' lang='lat' dir='ltr'><strong>tempus</strong></span> <span class='ocrx_word' id='word_1_356' title='bbox 3561 2383 3647 2421; x_wconf 70' lang='lat' dir='ltr'><strong>ac~</strong></span> 
     </span>
    </p>
   </div>
   <div class='ocr_carea' id='block_1_54' title="bbox 2077 2458 3649 2527">
    <p class='ocr_par' dir='ltr' id='par_1_54' title="bbox 2077 2458 3649 2527">
     <span class='ocr_line' id='line_1_54' title="bbox 2077 2458 3649 2527; baseline -0.001 -14"><span class='ocrx_word' id='word_1_357' title='bbox 2077 2460 2473 2513; x_wconf 86' lang='lat' dir='ltr'><strong>commodatum</strong></span> <span class='ocrx_word' id='word_1_358' title='bbox 2502 2460 2716 2513; x_wconf 88' lang='lat' dir='ltr'><strong>sationi.</strong></span> <span class='ocrx_word' id='word_1_359' title='bbox 2754 2459 2881 2513; x_wconf 78' lang='lat' dir='ltr'><strong>Nam</strong></span> <span class='ocrx_word' id='word_1_360' title='bbox 2913 2460 2980 2512; x_wconf 90' lang='lat' dir='ltr'><strong>de</strong></span> <span class='ocrx_word' id='word_1_361' title='bbox 3014 2469 3251 2527; x_wconf 86' lang='lat' dir='ltr'><strong>tempore</strong></span> <span class='ocrx_word' id='word_1_362' title='bbox 3278 2458 3490 2526; x_wconf 87' lang='lat' dir='ltr'><strong>proprie</strong></span> <span class='ocrx_word' id='word_1_363' title='bbox 3517 2458 3649 2512; x_wconf 90' lang='lat' dir='ltr'><strong>dici-</strong></span> 
     </span>
    </p>
   </div>
   <div class='ocr_carea' id='block_1_55' title="bbox 2079 2550 3651 2621">
    <p class='ocr_par' dir='ltr' id='par_1_55' title="bbox 2079 2550 3651 2621">
     <span class='ocr_line' id='line_1_55' title="bbox 2079 2550 3651 2621; baseline 0 -18"><span class='ocrx_word' id='word_1_364' title='bbox 2079 2558 2165 2603; x_wconf 87' lang='lat' dir='ltr'><strong>tur</strong></span> <span class='ocrx_word' id='word_1_365' title='bbox 2193 2566 2468 2613; x_wconf 90' lang='lat' dir='ltr'><strong>serenutn,</strong></span> <span class='ocrx_word' id='word_1_366' title='bbox 2498 2553 2637 2604; x_wconf 83' lang='lat' dir='ltr'><strong>sicut</strong></span> <span class='ocrx_word' id='word_1_367' title='bbox 2668 2566 2936 2605; x_wconf 78' lang='lat' dir='ltr'><strong>amoenum</strong></span> <span class='ocrx_word' id='word_1_368' title='bbox 2968 2553 3107 2621; x_wconf 90' lang='lat' dir='ltr'><strong>quod</strong></span> <span class='ocrx_word' id='word_1_369' title='bbox 3155 2560 3336 2618; x_wconf 89' lang='lat' dir='ltr'><strong>aptum</strong></span> <span class='ocrx_word' id='word_1_370' title='bbox 3386 2550 3574 2613; x_wconf 90' lang='lat' dir='ltr'><strong>amari,</strong></span> <span class='ocrx_word' id='word_1_371' title='bbox 3601 2560 3651 2603; x_wconf 92' lang='lat' dir='ltr'><strong>et</strong></span> 
     </span>
    </p>
   </div>
   <div class='ocr_carea' id='block_1_56' title="bbox 2079 2641 3654 2711">
    <p class='ocr_par' dir='ltr' id='par_1_56' title="bbox 2079 2641 3654 2711">
     <span class='ocr_line' id='line_1_56' title="bbox 2079 2641 3654 2711; baseline 0.001 -16"><span class='ocrx_word' id='word_1_372' title='bbox 2079 2656 2305 2709; x_wconf 89' lang='lat' dir='ltr'><strong>egenum</strong></span> <span class='ocrx_word' id='word_1_373' title='bbox 2330 2642 2397 2694; x_wconf 90' lang='lat' dir='ltr'><strong>ab</strong></span> <span class='ocrx_word' id='word_1_374' title='bbox 2414 2641 2641 2710; x_wconf 88' lang='lat' dir='ltr'><strong>egendo,</strong></span> <span class='ocrx_word' id='word_1_375' title='bbox 2673 2650 2725 2695; x_wconf 81' lang='lat' dir='ltr'><strong>ct</strong></span> <span class='ocrx_word' id='word_1_376' title='bbox 2755 2643 2968 2711; x_wconf 90' lang='lat' dir='ltr'><strong>plenum</strong></span> <span class='ocrx_word' id='word_1_377' title='bbox 2998 2658 3025 2695; x_wconf 89' lang='lat' dir='ltr'><strong>a</strong></span> <span class='ocrx_word' id='word_1_378' title='bbox 3042 2644 3191 2711; x_wconf 90' lang='lat' dir='ltr'><strong>plere</strong></span> <span class='ocrx_word' id='word_1_379' title='bbox 3219 2644 3468 2696; x_wconf 90' lang='lat' dir='ltr'><strong>inusitato</strong></span> <span class='ocrx_word' id='word_1_380' title='bbox 3492 2642 3654 2697; x_wconf 83' lang='lat' dir='ltr'><strong>verba</strong></span> 
     </span>
    </p>
   </div>
   <div class='ocr_carea' id='block_1_57' title="bbox 2078 2732 2600 2786">
    <p class='ocr_par' dir='ltr' id='par_1_57' title="bbox 2078 2732 2600 2786">
     <span class='ocr_line' id='line_1_57' title="bbox 2078 2732 2600 2786; baseline -0.002 -2"><span class='ocrx_word' id='word_1_381' title='bbox 2078 2732 2293 2785; x_wconf 89' lang='lat' dir='ltr'><strong>dicitur.</strong></span> <span class='ocrx_word' id='word_1_382' title='bbox 2314 2732 2600 2786; x_wconf 78' lang='lat' dir='ltr'><strong>Acntcout.</strong></span> 
     </span>
    </p>
   </div>
   <div class='ocr_carea' id='block_1_58' title="bbox 2076 2822 3649 2892">
    <p class='ocr_par' dir='ltr' id='par_1_58' title="bbox 2076 2822 3649 2892">
     <span class='ocr_line' id='line_1_58' title="bbox 2076 2822 3649 2892; baseline 0.001 -16"><span class='ocrx_word' id='word_1_383' title='bbox 2076 2863 2094 2876; x_wconf 94' lang='lat'><strong>.</strong></span> <span class='ocrx_word' id='word_1_384' title='bbox 2146 2822 2364 2892; x_wconf 68' lang='lat' dir='ltr'><strong>Afvum]</strong></span> <span class='ocrx_word' id='word_1_385' title='bbox 2394 2825 2439 2876; x_wconf 86' lang='lat' dir='ltr'><strong>A</strong></span> <span class='ocrx_word' id='word_1_386' title='bbox 2470 2822 2655 2877; x_wconf 75' lang='lat' dir='ltr'><strong>Grzeco</strong></span> <span class='ocrx_word' id='word_1_387' title='bbox 2686 2829 2805 2878; x_wconf 81' lang='grc' dir='ltr'><strong>αἰὼν</strong></span> <span class='ocrx_word' id='word_1_388' title='bbox 2832 2824 3049 2885; x_wconf 58' lang='lat' dir='ltr'><strong>dici&#39;ur,</strong></span> <span class='ocrx_word' id='word_1_389' title='bbox 3092 2825 3231 2891; x_wconf 92' lang='lat' dir='ltr'><strong>quod</strong></span> <span class='ocrx_word' id='word_1_390' title='bbox 3261 2825 3448 2879; x_wconf 88' lang='lat' dir='ltr'><strong>Latine</strong></span> <span class='ocrx_word' id='word_1_391' title='bbox 3476 2840 3649 2879; x_wconf 72' lang='lat' dir='ltr'><strong>sarcu—</strong></span> 
     </span>
    </p>
   </div>
   <div class='ocr_carea' id='block_1_59' title="bbox 2081 2911 3654 2983">
    <p class='ocr_par' dir='ltr' id='par_1_59' title="bbox 2081 2911 3654 2983">
     <span class='ocr_line' id='line_1_59' title="bbox 2081 2911 3654 2983; baseline 0.004 -19"><span class='ocrx_word' id='word_1_392' title='bbox 2081 2913 2190 2965; x_wconf 92' lang='lat' dir='ltr'><strong>lum</strong></span> <span class='ocrx_word' id='word_1_393' title='bbox 2217 2911 2481 2981; x_wconf 77' lang='lat' dir='ltr'><strong>significat</strong></span> <span class='ocrx_word' id='word_1_394' title='bbox 2513 2931 2523 2963; x_wconf 89' lang='lat'>:</span> <span class='ocrx_word' id='word_1_395' title='bbox 2559 2912 2611 2965; x_wconf 91' lang='lat' dir='ltr'><strong>id</strong></span> <span class='ocrx_word' id='word_1_396' title='bbox 2644 2913 2736 2965; x_wconf 88' lang='lat' dir='ltr'><strong>alii</strong></span> <span class='ocrx_word' id='word_1_397' title='bbox 2762 2923 2968 2981; x_wconf 87' lang='lat' dir='ltr'><strong>tempus</strong></span> <span class='ocrx_word' id='word_1_398' title='bbox 2998 2914 3398 2983; x_wconf 86' lang='lat' dir='ltr'><strong>quinquaginta,</strong></span> <span class='ocrx_word' id='word_1_399' title='bbox 3424 2916 3654 2970; x_wconf 88' lang='lat' dir='ltr'><strong>aliiceu-</strong></span> 
     </span>
    </p>
   </div>
   <div class='ocr_carea' id='block_1_60' title="bbox 2083 3006 3655 3076">
    <p class='ocr_par' dir='ltr' id='par_1_60' title="bbox 2083 3006 3655 3076">
     <span class='ocr_line' id='line_1_60' title="bbox 2083 3006 3655 3076; baseline 0.001 -18"><span class='ocrx_word' id='word_1_400' title='bbox 2083 3016 2191 3058; x_wconf 89' lang='lat' dir='ltr'><strong>tum</strong></span> <span class='ocrx_word' id='word_1_401' title='bbox 2214 3020 2473 3058; x_wconf 92' lang='lat' dir='ltr'><strong>annorum</strong></span> <span class='ocrx_word' id='word_1_402' title='bbox 2507 3019 2625 3059; x_wconf 91' lang='lat' dir='ltr'><strong>esse</strong></span> <span class='ocrx_word' id='word_1_403' title='bbox 2656 3006 2859 3058; x_wconf 80' lang='lat' dir='ltr'><strong>volunt.</strong></span> <span class='ocrx_word' id='word_1_404' title='bbox 2893 3006 3111 3073; x_wconf 76' lang='lat' dir='ltr'><strong>Capitur</strong></span> <span class='ocrx_word' id='word_1_405' title='bbox 3142 3006 3226 3059; x_wconf 94' lang='lat' dir='ltr'><strong>hic</strong></span> <span class='ocrx_word' id='word_1_406' title='bbox 3252 3021 3344 3074; x_wconf 89' lang='lat' dir='ltr'><strong>per</strong></span> <span class='ocrx_word' id='word_1_407' title='bbox 3394 3009 3655 3076; x_wconf 86' lang='lat' dir='ltr'><strong>synecdo-</strong></span> 
     </span>
    </p>
   </div>
   <div class='ocr_carea' id='block_1_61' title="bbox 2080 3095 3457 3164">
    <p class='ocr_par' dir='ltr' id='par_1_61' title="bbox 2080 3095 3457 3164">
     <span class='ocr_line' id='line_1_61' title="bbox 2080 3095 3457 3164; baseline 0.001 -14"><span class='ocrx_word' id='word_1_408' title='bbox 2080 3098 2216 3152; x_wconf 91' lang='lat' dir='ltr'><strong>chen</strong></span> <span class='ocrx_word' id='word_1_409' title='bbox 2247 3110 2342 3164; x_wconf 90' lang='lat' dir='ltr'><strong>pro</strong></span> <span class='ocrx_word' id='word_1_410' title='bbox 2370 3095 2498 3159; x_wconf 87' lang='lat' dir='ltr'><strong>vita,</strong></span> <span class='ocrx_word' id='word_1_411' title='bbox 2530 3110 2685 3162; x_wconf 91' lang='lat' dir='ltr'><strong>quam</strong></span> <span class='ocrx_word' id='word_1_412' title='bbox 2713 3096 2797 3149; x_wconf 90' lang='lat' dir='ltr'><strong>hic</strong></span> <span class='ocrx_word' id='word_1_413' title='bbox 2821 3096 3138 3164; x_wconf 88' lang='lat' dir='ltr'><strong>peragimus.</strong></span> <span class='ocrx_word' id='word_1_414' title='bbox 3172 3098 3457 3151; x_wconf 75' lang='lat' dir='ltr'><strong>AGRICOLA.</strong></span> 
     </span>
    </p>
   </div>
   <div class='ocr_carea' id='block_1_62' title="bbox 407 3182 3654 3267">
    <p class='ocr_par' dir='ltr' id='par_1_62' title="bbox 407 3182 3654 3267">
     <span class='ocr_line' id='line_1_62' title="bbox 407 3182 3654 3267; baseline 0 -24"><span class='ocrx_word' id='word_1_415' title='bbox 407 3200 646 3253; x_wconf 60' lang='lat' dir='ltr'><strong>dissimm</strong></span> <span class='ocrx_word' id='word_1_416' title='bbox 669 3201 971 3267; x_wconf 63' lang='lat' dir='ltr'><strong>margaritae</strong></span> <span class='ocrx_word' id='word_1_417' title='bbox 1001 3199 1198 3252; x_wconf 71' lang='lat' dir='ltr'><strong>diutius</strong></span> <span class='ocrx_word' id='word_1_418' title='bbox 1229 3198 1279 3251; x_wconf 85' lang='lat' dir='ltr'><strong>in</strong></span> <span class='ocrx_word' id='word_1_419' title='bbox 1323 3210 1443 3250; x_wconf 82' lang='lat' dir='ltr'><strong>mea</strong></span> <span class='ocrx_word' id='word_1_420' title='bbox 1465 3194 1833 3264; x_wconf 83' lang='lat' dir='ltr'><strong>dactylotheca</strong></span> <span class='ocrx_word' id='word_1_421' title='bbox 1862 3196 1975 3248; x_wconf 89' lang='lat' dir='ltr'><strong>sine</strong></span> <span class='ocrx_word' id='word_1_422' title='bbox 2006 3182 2049 3241; x_wconf 86' lang='lat' dir='ltr'>C</span> <span class='ocrx_word' id='word_1_423' title='bbox 2154 3185 2361 3258; x_wconf 82' lang='lat' dir='ltr'><strong>Fatum]</strong></span> <span class='ocrx_word' id='word_1_424' title='bbox 2395 3186 2602 3241; x_wconf 89' lang='lat' dir='ltr'><strong>Dictum</strong></span> <span class='ocrx_word' id='word_1_425' title='bbox 2647 3196 2725 3240; x_wconf 91' lang='lat' dir='ltr'><strong>est</strong></span> <span class='ocrx_word' id='word_1_426' title='bbox 2758 3187 2878 3254; x_wconf 86' lang='lat' dir='ltr'><strong>quia</strong></span> <span class='ocrx_word' id='word_1_427' title='bbox 2926 3187 3061 3241; x_wconf 87' lang='lat' dir='ltr'><strong>Deus</strong></span> <span class='ocrx_word' id='word_1_428' title='bbox 3093 3188 3143 3241; x_wconf 92' lang='lat' dir='ltr'><strong>id</strong></span> <span class='ocrx_word' id='word_1_429' title='bbox 3186 3190 3322 3241; x_wconf 89' lang='lat' dir='ltr'><strong>fatus</strong></span> <span class='ocrx_word' id='word_1_430' title='bbox 3352 3200 3454 3252; x_wconf 84' lang='lat' dir='ltr'><strong>est,</strong></span> <span class='ocrx_word' id='word_1_431' title='bbox 3494 3192 3542 3243; x_wconf 91' lang='lat' dir='ltr'><strong>id</strong></span> <span class='ocrx_word' id='word_1_432' title='bbox 3573 3200 3654 3244; x_wconf 90' lang='lat' dir='ltr'><strong>est</strong></span> 
     </span>
    </p>
   </div>
   <div class='ocr_carea' id='block_1_63' title="bbox 410 3285 1979 3353">
    <p class='ocr_par' dir='ltr' id='par_1_63' title="bbox 410 3285 1979 3353">
     <span class='ocr_line' id='line_1_63' title="bbox 410 3285 1979 3353; baseline -0.003 -11"><span class='ocrx_word' id='word_1_433' title='bbox 410 3290 613 3344; x_wconf 86' lang='lat' dir='ltr'><strong>honore</strong></span> <span class='ocrx_word' id='word_1_434' title='bbox 640 3290 960 3343; x_wconf 78' lang='lat' dir='ltr'><strong>dilitrscaut.</strong></span> <span class='ocrx_word' id='word_1_435' title='bbox 1021 3290 1223 3342; x_wconf 84' lang='lat' dir='ltr'><strong>Addam</strong></span> <span class='ocrx_word' id='word_1_436' title='bbox 1260 3298 1435 3342; x_wconf 89' lang='lat' dir='ltr'><strong>autem</strong></span> <span class='ocrx_word' id='word_1_437' title='bbox 1483 3285 1796 3353; x_wconf 88' lang='lat' dir='ltr'><strong>quibusdam</strong></span> <span class='ocrx_word' id='word_1_438' title='bbox 1846 3286 1979 3339; x_wconf 89' lang='lat' dir='ltr'><strong>locis</strong></span> 
     </span>
    </p>
   </div>
   <div class='ocr_carea' id='block_1_64' title="bbox 409 3378 1976 3449">
    <p class='ocr_par' dir='ltr' id='par_1_64' title="bbox 409 3378 1976 3449">
     <span class='ocr_line' id='line_1_64' title="bbox 409 3378 1976 3449; baseline -0.003 -16"><span class='ocrx_word' id='word_1_439' title='bbox 409 3396 526 3433; x_wconf 88' lang='lat' dir='ltr'><strong>mea</strong></span> <span class='ocrx_word' id='word_1_440' title='bbox 576 3382 965 3449; x_wconf 82' lang='lat' dir='ltr'><strong>qualiacunque</strong></span> <span class='ocrx_word' id='word_1_441' title='bbox 995 3396 1162 3447; x_wconf 85' lang='lat' dir='ltr'><strong>eaque</strong></span> <span class='ocrx_word' id='word_1_442' title='bbox 1218 3380 1395 3448; x_wconf 88' lang='lat' dir='ltr'><strong>paucis</strong></span> <span class='ocrx_word' id='word_1_443' title='bbox 1443 3378 1740 3446; x_wconf 86' lang='lat' dir='ltr'><strong>perSIricta,</strong></span> <span class='ocrx_word' id='word_1_444' title='bbox 1773 3393 1839 3431; x_wconf 92' lang='lat' dir='ltr'><strong>ne</strong></span> <span class='ocrx_word' id='word_1_445' title='bbox 1868 3378 1976 3430; x_wconf 84' lang='lat' dir='ltr'><strong>fur-</strong></span> 
     </span>
    </p>
   </div>
   <div class='ocr_carea' id='block_1_65' title="bbox 410 3468 1978 3539">
    <p class='ocr_par' dir='ltr' id='par_1_65' title="bbox 410 3468 1978 3539">
     <span class='ocr_line' id='line_1_65' title="bbox 410 3468 1978 3539; baseline -0.003 -14"><span class='ocrx_word' id='word_1_446' title='bbox 410 3482 551 3526; x_wconf 78' lang='lat' dir='ltr'><strong>tasse</strong></span> <span class='ocrx_word' id='word_1_447' title='bbox 583 3473 855 3538; x_wconf 75' lang='lat' dir='ltr'><strong>prolixitas</strong></span> <span class='ocrx_word' id='word_1_448' title='bbox 900 3472 1113 3524; x_wconf 81' lang='lat' dir='ltr'><strong>ta-dium</strong></span> <span class='ocrx_word' id='word_1_449' title='bbox 1165 3472 1354 3539; x_wconf 88' lang='lat' dir='ltr'><strong>pariat,</strong></span> <span class='ocrx_word' id='word_1_450' title='bbox 1393 3484 1751 3538; x_wconf 88' lang='lat' dir='ltr'><strong>nauseamque</strong></span> <span class='ocrx_word' id='word_1_451' title='bbox 1792 3468 1978 3523; x_wconf 85' lang='lat' dir='ltr'><strong>lectori</strong></span> 
     </span>
    </p>
   </div>
   <div class='ocr_carea' id='block_1_66' title="bbox 408 3564 657 3618">
    <p class='ocr_par' dir='ltr' id='par_1_66' title="bbox 408 3564 657 3618">
     <span class='ocr_line' id='line_1_66' title="bbox 408 3564 657 3618; baseline 0 -2"><span class='ocrx_word' id='word_1_452' title='bbox 408 3564 657 3618; x_wconf 83' lang='lat' dir='ltr'><strong>delicato.</strong></span> 
     </span>
    </p>
   </div>
   <div class='ocr_carea' id='block_1_67' title="bbox 482 3652 1972 3723">
    <p class='ocr_par' dir='ltr' id='par_1_67' title="bbox 482 3652 1972 3723">
     <span class='ocr_line' id='line_1_67' title="bbox 482 3652 1972 3723; baseline -0.001 -17"><span class='ocrx_word' id='word_1_453' title='bbox 482 3654 724 3723; x_wconf 78' lang='lat' dir='ltr'><strong>Quisquis</strong></span> <span class='ocrx_word' id='word_1_454' title='bbox 751 3654 1063 3723; x_wconf 78' lang='lat' dir='ltr'><strong>composito]</strong></span> <span class='ocrx_word' id='word_1_455' title='bbox 1088 3655 1308 3707; x_wconf 84' lang='lat' dir='ltr'><strong>Melrum</strong></span> <span class='ocrx_word' id='word_1_456' title='bbox 1352 3663 1431 3706; x_wconf 89' lang='lat' dir='ltr'><strong>est</strong></span> <span class='ocrx_word' id='word_1_457' title='bbox 1456 3652 1972 3720; x_wconf 76' lang='lat' dir='ltr'><strong>hendecasyllabum,</strong></span> 
     </span>
    </p>
   </div>
   <div class='ocr_carea' id='block_1_68' title="bbox 409 3741 1977 3813">
    <p class='ocr_par' dir='ltr' id='par_1_68' title="bbox 409 3741 1977 3813">
     <span class='ocr_line' id='line_1_68' title="bbox 409 3741 1977 3813; baseline -0.001 -18"><span class='ocrx_word' id='word_1_458' title='bbox 409 3741 462 3796; x_wconf 84' lang='lat' dir='ltr'><strong>td</strong></span> <span class='ocrx_word' id='word_1_459' title='bbox 492 3752 573 3797; x_wconf 92' lang='lat' dir='ltr'><strong>est</strong></span> <span class='ocrx_word' id='word_1_460' title='bbox 600 3743 846 3797; x_wconf 90' lang='lat' dir='ltr'><strong>undecim</strong></span> <span class='ocrx_word' id='word_1_461' title='bbox 902 3743 1250 3813; x_wconf 82' lang='lat' dir='ltr'><strong>syllabarum.</strong></span> <span class='ocrx_word' id='word_1_462' title='bbox 1300 3741 1663 3804; x_wconf 86' lang='lat' dir='ltr'><strong>Phaleucium,</strong></span> <span class='ocrx_word' id='word_1_463' title='bbox 1715 3741 1917 3795; x_wconf 90' lang='lat' dir='ltr'><strong>dictum</strong></span> <span class='ocrx_word' id='word_1_464' title='bbox 1950 3758 1977 3793; x_wconf 91' lang='lat' dir='ltr'><strong>a</strong></span> 
     </span>
    </p>
   </div>
   <div class='ocr_carea' id='block_1_69' title="bbox 411 3830 1982 3901">
    <p class='ocr_par' dir='ltr' id='par_1_69' title="bbox 411 3830 1982 3901">
     <span class='ocr_line' id='line_1_69' title="bbox 411 3830 1982 3901; baseline 0.003 -19"><span class='ocrx_word' id='word_1_465' title='bbox 411 3830 677 3885; x_wconf 79' lang='lat' dir='ltr'><strong>Phaleuco</strong></span> <span class='ocrx_word' id='word_1_466' title='bbox 704 3842 922 3887; x_wconf 88' lang='lat' dir='ltr'><strong>auctore</strong></span> <span class='ocrx_word' id='word_1_467' title='bbox 951 3832 1089 3901; x_wconf 89' lang='lat' dir='ltr'><strong>ejus,</strong></span> <span class='ocrx_word' id='word_1_468' title='bbox 1118 3843 1525 3901; x_wconf 87' lang='lat' dir='ltr'><strong>pentametrum,</strong></span> <span class='ocrx_word' id='word_1_469' title='bbox 1544 3842 1796 3886; x_wconf 73' lang='lat' dir='ltr'><strong>con~tans</strong></span> <span class='ocrx_word' id='word_1_470' title='bbox 1823 3848 1982 3900; x_wconf 87' lang='lat' dir='ltr'><strong>spon-</strong></span> 
     </span>
    </p>
   </div>
   <div class='ocr_carea' id='block_1_70' title="bbox 411 3920 1981 3992">
    <p class='ocr_par' dir='ltr' id='par_1_70' title="bbox 411 3920 1981 3992">
     <span class='ocr_line' id='line_1_70' title="bbox 411 3920 1981 3992; baseline 0.001 -19"><span class='ocrx_word' id='word_1_471' title='bbox 411 3920 535 3984; x_wconf 52' lang='lat' dir='ltr'><strong>de-t,</strong></span> <span class='ocrx_word' id='word_1_472' title='bbox 566 3922 798 3992; x_wconf 83' lang='lat' dir='ltr'><strong>dactylo,</strong></span> <span class='ocrx_word' id='word_1_473' title='bbox 835 3922 1005 3976; x_wconf 89' lang='lat' dir='ltr'><strong>tribus</strong></span> <span class='ocrx_word' id='word_1_474' title='bbox 1035 3923 1305 3975; x_wconf 74' lang='lat' dir='ltr'><strong>trochzeis.</strong></span> <span class='ocrx_word' id='word_1_475' title='bbox 1340 3922 1616 3977; x_wconf 87' lang='lat' dir='ltr'><strong>Sententia</strong></span> <span class='ocrx_word' id='word_1_476' title='bbox 1641 3924 1756 3991; x_wconf 82' lang='lat' dir='ltr'><strong>ejus</strong></span> <span class='ocrx_word' id='word_1_477' title='bbox 1779 3924 1981 3991; x_wconf 84' lang='lat' dir='ltr'><strong>depen-</strong></span> 
     </span>
    </p>
   </div>
   <div class='ocr_carea' id='block_1_71' title="bbox 411 4009 1981 4081">
    <p class='ocr_par' dir='ltr' id='par_1_71' title="bbox 411 4009 1981 4081">
     <span class='ocr_line' id='line_1_71' title="bbox 411 4009 1981 4081; baseline 0.003 -19"><span class='ocrx_word' id='word_1_478' title='bbox 411 4009 504 4064; x_wconf 91' lang='lat' dir='ltr'><strong>det</strong></span> <span class='ocrx_word' id='word_1_479' title='bbox 533 4025 593 4063; x_wconf 73' lang='grc' dir='ltr'><strong>εκ</strong></span> <span class='ocrx_word' id='word_1_480' title='bbox 620 4025 685 4064; x_wconf 92' lang='lat' dir='ltr'><strong>eo</strong></span> <span class='ocrx_word' id='word_1_481' title='bbox 729 4011 867 4079; x_wconf 88' lang='lat' dir='ltr'><strong>quod</strong></span> <span class='ocrx_word' id='word_1_482' title='bbox 920 4011 1169 4078; x_wconf 64' lang='lat' dir='ltr'><strong>praedixit</strong></span> <span class='ocrx_word' id='word_1_483' title='bbox 1216 4013 1314 4065; x_wconf 91' lang='lat' dir='ltr'><strong>sub</strong></span> <span class='ocrx_word' id='word_1_484' title='bbox 1345 4027 1568 4080; x_wconf 81' lang='lat' dir='ltr'><strong>persona</strong></span> <span class='ocrx_word' id='word_1_485' title='bbox 1623 4011 1981 4081; x_wconf 74' lang='lat' dir='ltr'><strong>Philosophia:</strong></span> 
     </span>
    </p>
   </div>
   <div class='ocr_carea' id='block_1_72' title="bbox 410 4100 1982 4169">
    <p class='ocr_par' dir='ltr' id='par_1_72' title="bbox 410 4100 1982 4169">
     <span class='ocr_line' id='line_1_72' title="bbox 410 4100 1982 4169; baseline 0.002 -16"><span class='ocrx_word' id='word_1_486' title='bbox 410 4104 704 4169; x_wconf 87' lang='lat' dir='ltr'><strong>sapientem</strong></span> <span class='ocrx_word' id='word_1_487' title='bbox 734 4116 799 4154; x_wconf 92' lang='lat' dir='ltr'><strong>eo</strong></span> <span class='ocrx_word' id='word_1_488' title='bbox 838 4100 1089 4153; x_wconf 91' lang='lat' dir='ltr'><strong>virtutum</strong></span> <span class='ocrx_word' id='word_1_489' title='bbox 1121 4103 1452 4156; x_wconf 91' lang='lat' dir='ltr'><strong>munimento</strong></span> <span class='ocrx_word' id='word_1_490' title='bbox 1486 4115 1650 4157; x_wconf 91' lang='lat' dir='ltr'><strong>tutum</strong></span> <span class='ocrx_word' id='word_1_491' title='bbox 1700 4116 1753 4157; x_wconf 91' lang='lat' dir='ltr'><strong>et</strong></span> <span class='ocrx_word' id='word_1_492' title='bbox 1797 4103 1982 4157; x_wconf 89' lang='lat' dir='ltr'><strong>defen-</strong></span> 
     </span>
    </p>
   </div>
   <div class='ocr_carea' id='block_1_73' title="bbox 413 4192 1978 4259">
    <p class='ocr_par' dir='ltr' id='par_1_73' title="bbox 413 4192 1978 4259">
     <span class='ocr_line' id='line_1_73' title="bbox 413 4192 1978 4259; baseline -0.001 -12"><span class='ocrx_word' id='word_1_493' title='bbox 413 4207 528 4247; x_wconf 88' lang='lat' dir='ltr'><strong>sum</strong></span> <span class='ocrx_word' id='word_1_494' title='bbox 560 4207 700 4256; x_wconf 62' lang='lat' dir='ltr'><strong>esse,</strong></span> <span class='ocrx_word' id='word_1_495' title='bbox 739 4192 878 4259; x_wconf 92' lang='lat' dir='ltr'><strong>quod</strong></span> <span class='ocrx_word' id='word_1_496' title='bbox 935 4192 1077 4245; x_wconf 88' lang='lat' dir='ltr'><strong>nulla</strong></span> <span class='ocrx_word' id='word_1_497' title='bbox 1135 4193 1416 4245; x_wconf 84' lang='lat' dir='ltr'><strong>stultorum</strong></span> <span class='ocrx_word' id='word_1_498' title='bbox 1471 4204 1561 4246; x_wconf 91' lang='lat' dir='ltr'><strong>aut</strong></span> <span class='ocrx_word' id='word_1_499' title='bbox 1618 4193 1978 4259; x_wconf 87' lang='lat' dir='ltr'><strong>improborum</strong></span> 
     </span>
    </p>
   </div>
   <div class='ocr_carea' id='block_1_74' title="bbox 413 4283 1980 4351">
    <p class='ocr_par' dir='ltr' id='par_1_74' title="bbox 413 4283 1980 4351">
     <span class='ocr_line' id='line_1_74' title="bbox 413 4283 1980 4351; baseline 0.001 -15"><span class='ocrx_word' id='word_1_500' title='bbox 413 4283 684 4337; x_wconf 89' lang='lat' dir='ltr'><strong>hominum</strong></span> <span class='ocrx_word' id='word_1_501' title='bbox 724 4284 799 4337; x_wconf 78' lang='lat' dir='ltr'><strong>vis</strong></span> <span class='ocrx_word' id='word_1_502' title='bbox 851 4293 904 4337; x_wconf 90' lang='lat' dir='ltr'><strong>et</strong></span> <span class='ocrx_word' id='word_1_503' title='bbox 955 4283 1141 4351; x_wconf 83' lang='lat' dir='ltr'><strong>injuria</strong></span> <span class='ocrx_word' id='word_1_504' title='bbox 1177 4284 1343 4351; x_wconf 88' lang='lat' dir='ltr'><strong>possit</strong></span> <span class='ocrx_word' id='word_1_505' title='bbox 1394 4298 1755 4350; x_wconf 78' lang='lat' dir='ltr'><strong>perrumpere.</strong></span> <span class='ocrx_word' id='word_1_506' title='bbox 1791 4286 1980 4339; x_wconf 88' lang='lat' dir='ltr'><strong>Sttbdit</strong></span> 
     </span>
    </p>
   </div>
   <div class='ocr_carea' id='block_1_75' title="bbox 413 4374 1980 4444">
    <p class='ocr_par' dir='ltr' id='par_1_75' title="bbox 413 4374 1980 4444">
     <span class='ocr_line' id='line_1_75' title="bbox 413 4374 1980 4444; baseline 0 -16"><span class='ocrx_word' id='word_1_507' title='bbox 413 4388 541 4443; x_wconf 78' lang='lat' dir='ltr'><strong>ergo</strong></span> <span class='ocrx_word' id='word_1_508' title='bbox 573 4393 583 4425; x_wconf 90' lang='lat'>:</span> <span class='ocrx_word' id='word_1_509' title='bbox 617 4375 867 4444; x_wconf 85' lang='lat' dir='ltr'><strong>Quisquis</strong></span> <span class='ocrx_word' id='word_1_510' title='bbox 901 4374 1134 4428; x_wconf 90' lang='lat' dir='ltr'><strong>animum</strong></span> <span class='ocrx_word' id='word_1_511' title='bbox 1182 4390 1336 4430; x_wconf 90' lang='lat' dir='ltr'><strong>suum</strong></span> <span class='ocrx_word' id='word_1_512' title='bbox 1380 4385 1526 4430; x_wconf 90' lang='lat' dir='ltr'><strong>recte</strong></span> <span class='ocrx_word' id='word_1_513' title='bbox 1575 4378 1893 4444; x_wconf 89' lang='lat' dir='ltr'><strong>composuit,</strong></span> <span class='ocrx_word' id='word_1_514' title='bbox 1926 4388 1980 4429; x_wconf 88' lang='lat' dir='ltr'><strong>et</strong></span> 
     </span>
    </p>
   </div>
   <div class='ocr_carea' id='block_1_76' title="bbox 412 4466 1979 4535">
    <p class='ocr_par' dir='ltr' id='par_1_76' title="bbox 412 4466 1979 4535">
     <span class='ocr_line' id='line_1_76' title="bbox 412 4466 1979 4535; baseline 0 -15"><span class='ocrx_word' id='word_1_515' title='bbox 412 4480 568 4520; x_wconf 89' lang='lat' dir='ltr'><strong>casus</strong></span> <span class='ocrx_word' id='word_1_516' title='bbox 597 4482 772 4519; x_wconf 77' lang='lat' dir='ltr'><strong>rerum</strong></span> <span class='ocrx_word' id='word_1_517' title='bbox 807 4466 1155 4519; x_wconf 88' lang='lat' dir='ltr'><strong>humanarum</strong></span> <span class='ocrx_word' id='word_1_518' title='bbox 1186 4468 1524 4535; x_wconf 88' lang='lat' dir='ltr'><strong>contempsit,</strong></span> <span class='ocrx_word' id='word_1_519' title='bbox 1551 4468 1698 4521; x_wconf 92' lang='lat' dir='ltr'><strong>illum</strong></span> <span class='ocrx_word' id='word_1_520' title='bbox 1726 4468 1855 4520; x_wconf 91' lang='lat' dir='ltr'><strong>nihil</strong></span> <span class='ocrx_word' id='word_1_521' title='bbox 1890 4484 1979 4534; x_wconf 88' lang='lat' dir='ltr'><strong>po-</strong></span> 
     </span>
    </p>
   </div>
   <div class='ocr_carea' id='block_1_77' title="bbox 2082 3279 3248 3346">
    <p class='ocr_par' dir='ltr' id='par_1_77' title="bbox 2082 3279 3248 3346">
     <span class='ocr_line' id='line_1_77' title="bbox 2082 3279 3248 3346; baseline 0.001 -14"><span class='ocrx_word' id='word_1_522' title='bbox 2082 3279 2237 3340; x_wconf 77' lang='lat' dir='ltr'><strong>dixit,</strong></span> <span class='ocrx_word' id='word_1_523' title='bbox 2274 3281 2371 3332; x_wconf 91' lang='lat' dir='ltr'><strong>hoc</strong></span> <span class='ocrx_word' id='word_1_524' title='bbox 2396 3287 2478 3332; x_wconf 91' lang='lat' dir='ltr'><strong>est</strong></span> <span class='ocrx_word' id='word_1_525' title='bbox 2498 3279 2655 3346; x_wconf 86' lang='lat' dir='ltr'><strong>jussit</strong></span> <span class='ocrx_word' id='word_1_526' title='bbox 2685 3290 2740 3331; x_wconf 95' lang='lat' dir='ltr'><strong>ut</strong></span> <span class='ocrx_word' id='word_1_527' title='bbox 2767 3280 2937 3333; x_wconf 89' lang='lat' dir='ltr'><strong>fieret.</strong></span> <span class='ocrx_word' id='word_1_528' title='bbox 2960 3280 3248 3333; x_wconf 76' lang='lat' dir='ltr'><strong>AGRICOLA.</strong></span> 
     </span>
    </p>
   </div>
   <div class='ocr_carea' id='block_1_78' title="bbox 2154 3370 3656 3443">
    <p class='ocr_par' dir='ltr' id='par_1_78' title="bbox 2154 3370 3656 3443">
     <span class='ocr_line' id='line_1_78' title="bbox 2154 3370 3656 3443; baseline 0.002 -19"><span class='ocrx_word' id='word_1_529' title='bbox 2154 3371 2259 3425; x_wconf 87' lang='lat' dir='ltr'><strong>Sub</strong></span> <span class='ocrx_word' id='word_1_530' title='bbox 2279 3371 2489 3437; x_wconf 81' lang='lat' dir='ltr'><strong>pedidus</strong></span> <span class='ocrx_word' id='word_1_531' title='bbox 2536 3370 2692 3439; x_wconf 82' lang='lat' dir='ltr'><strong>dedit]</strong></span> <span class='ocrx_word' id='word_1_532' title='bbox 2734 3371 3039 3439; x_wconf 85' lang='lat' dir='ltr'><strong>Legendum</strong></span> <span class='ocrx_word' id='word_1_533' title='bbox 3070 3382 3153 3425; x_wconf 77' lang='lat' dir='ltr'><strong>est</strong></span> <span class='ocrx_word' id='word_1_534' title='bbox 3204 3388 3308 3426; x_wconf 91' lang='lat' dir='ltr'><strong>non</strong></span> <span class='ocrx_word' id='word_1_535' title='bbox 3349 3374 3485 3443; x_wconf 80' lang='lat' dir='ltr'><strong>egit,</strong></span> <span class='ocrx_word' id='word_1_536' title='bbox 3517 3373 3656 3427; x_wconf 90' lang='lat' dir='ltr'><strong>sicut</strong></span> 
     </span>
    </p>
   </div>
   <div class='ocr_carea' id='block_1_79' title="bbox 2084 3462 3657 3530">
    <p class='ocr_par' dir='ltr' id='par_1_79' title="bbox 2084 3462 3657 3530">
     <span class='ocr_line' id='line_1_79' title="bbox 2084 3462 3657 3530; baseline 0.003 -17"><span class='ocrx_word' id='word_1_537' title='bbox 2084 3463 2299 3530; x_wconf 83' lang='lat' dir='ltr'><strong>pltnimi</strong></span> <span class='ocrx_word' id='word_1_538' title='bbox 2352 3462 2475 3516; x_wconf 90' lang='lat' dir='ltr'><strong>libri</strong></span> <span class='ocrx_word' id='word_1_539' title='bbox 2524 3462 2740 3515; x_wconf 91' lang='lat' dir='ltr'><strong>habent.</strong></span> <span class='ocrx_word' id='word_1_540' title='bbox 2776 3463 2956 3530; x_wconf 85' lang='lat' dir='ltr'><strong>Neque</strong></span> <span class='ocrx_word' id='word_1_541' title='bbox 2988 3464 3129 3516; x_wconf 84' lang='lat' dir='ltr'><strong>enim</strong></span> <span class='ocrx_word' id='word_1_542' title='bbox 3171 3466 3323 3517; x_wconf 79' lang='lat' dir='ltr'><strong>aliter</strong></span> <span class='ocrx_word' id='word_1_543' title='bbox 3353 3466 3513 3517; x_wconf 88' lang='lat' dir='ltr'><strong>stabit</strong></span> <span class='ocrx_word' id='word_1_544' title='bbox 3542 3481 3657 3519; x_wconf 76' lang='lat' dir='ltr'><strong>ver~</strong></span> 
     </span>
    </p>
   </div>
   <div class='ocr_carea' id='block_1_80' title="bbox 2083 3554 3655 3626">
    <p class='ocr_par' dir='ltr' id='par_1_80' title="bbox 2083 3554 3655 3626">
     <span class='ocr_line' id='line_1_80' title="bbox 2083 3554 3655 3626; baseline 0.003 -19"><span class='ocrx_word' id='word_1_545' title='bbox 2083 3569 2195 3617; x_wconf 88' lang='lat' dir='ltr'><strong>sus,</strong></span> <span class='ocrx_word' id='word_1_546' title='bbox 2238 3554 2393 3621; x_wconf 90' lang='lat' dir='ltr'><strong>cujus</strong></span> <span class='ocrx_word' id='word_1_547' title='bbox 2422 3554 2635 3608; x_wconf 89' lang='lat' dir='ltr'><strong>tertium</strong></span> <span class='ocrx_word' id='word_1_548' title='bbox 2670 3554 2859 3622; x_wconf 89' lang='lat' dir='ltr'><strong>pedem</strong></span> <span class='ocrx_word' id='word_1_549' title='bbox 2918 3560 3208 3609; x_wconf 72' lang='lat' dir='ltr'><strong>trochmum</strong></span> <span class='ocrx_word' id='word_1_550' title='bbox 3261 3572 3379 3610; x_wconf 88' lang='lat' dir='ltr'><strong>esse</strong></span> <span class='ocrx_word' id='word_1_551' title='bbox 3408 3568 3655 3626; x_wconf 87' lang='lat' dir='ltr'><strong>oportet:</strong></span> 
     </span>
    </p>
   </div>
   <div class='ocr_carea' id='block_1_81' title="bbox 2083 3643 3657 3713">
    <p class='ocr_par' dir='ltr' id='par_1_81' title="bbox 2083 3643 3657 3713">
     <span class='ocr_line' id='line_1_81' title="bbox 2083 3643 3657 3713; baseline 0.006 -17"><span class='ocrx_word' id='word_1_552' title='bbox 2083 3644 2174 3711; x_wconf 92' lang='lat' dir='ltr'><strong>qui</strong></span> <span class='ocrx_word' id='word_1_553' title='bbox 2202 3645 2247 3696; x_wconf 92' lang='lat' dir='ltr'><strong>si</strong></span> <span class='ocrx_word' id='word_1_554' title='bbox 2299 3644 2426 3712; x_wconf 87' lang='lat' dir='ltr'><strong>egit,</strong></span> <span class='ocrx_word' id='word_1_555' title='bbox 2455 3654 2509 3696; x_wconf 92' lang='lat' dir='ltr'><strong>et</strong></span> <span class='ocrx_word' id='word_1_556' title='bbox 2562 3659 2663 3697; x_wconf 90' lang='lat' dir='ltr'><strong>non</strong></span> <span class='ocrx_word' id='word_1_557' title='bbox 2695 3643 2843 3698; x_wconf 92' lang='lat' dir='ltr'><strong>dedit</strong></span> <span class='ocrx_word' id='word_1_558' title='bbox 2891 3645 3118 3713; x_wconf 89' lang='lat' dir='ltr'><strong>dicatur,</strong></span> <span class='ocrx_word' id='word_1_559' title='bbox 3163 3646 3366 3700; x_wconf 89' lang='lat' dir='ltr'><strong>iambus</strong></span> <span class='ocrx_word' id='word_1_560' title='bbox 3398 3649 3504 3701; x_wconf 90' lang='lat' dir='ltr'><strong>fiet.</strong></span> <span class='ocrx_word' id='word_1_561' title='bbox 3541 3649 3657 3705; x_wconf 84' lang='lat' dir='ltr'><strong>Fuit</strong></span> 
     </span>
    </p>
   </div>
   <div class='ocr_carea' id='block_1_82' title="bbox 2086 3736 3655 3804">
    <p class='ocr_par' dir='ltr' id='par_1_82' title="bbox 2086 3736 3655 3804">
     <span class='ocr_line' id='line_1_82' title="bbox 2086 3736 3655 3804; baseline 0.003 -17"><span class='ocrx_word' id='word_1_562' title='bbox 2086 3746 2261 3790; x_wconf 88' lang='lat' dir='ltr'><strong>autem</strong></span> <span class='ocrx_word' id='word_1_563' title='bbox 2309 3736 2595 3791; x_wconf 89' lang='lat' dir='ltr'><strong>dicendum</strong></span> <span class='ocrx_word' id='word_1_564' title='bbox 2657 3738 2860 3799; x_wconf 72' lang='lat' dir='ltr'><strong>Baetin,</strong></span> <span class='ocrx_word' id='word_1_565' title='bbox 2916 3738 3012 3790; x_wconf 86' lang='lat' dir='ltr'><strong>snb</strong></span> <span class='ocrx_word' id='word_1_566' title='bbox 3068 3739 3227 3804; x_wconf 87' lang='lat' dir='ltr'><strong>pedes</strong></span> <span class='ocrx_word' id='word_1_567' title='bbox 3259 3740 3426 3797; x_wconf 85' lang='lat' dir='ltr'><strong>dedit.</strong></span> <span class='ocrx_word' id='word_1_568' title='bbox 3456 3750 3509 3792; x_wconf 87' lang='lat' dir='ltr'><strong>ct</strong></span> <span class='ocrx_word' id='word_1_569' title='bbox 3553 3757 3655 3792; x_wconf 91' lang='lat' dir='ltr'><strong>non</strong></span> 
     </span>
    </p>
   </div>
   <div class='ocr_carea' id='block_1_83' title="bbox 2086 3828 3654 3897">
    <p class='ocr_par' dir='ltr' id='par_1_83' title="bbox 2086 3828 3654 3897">
     <span class='ocr_line' id='line_1_83' title="bbox 2086 3828 3654 3897; baseline 0 -14"><span class='ocrx_word' id='word_1_570' title='bbox 2086 3829 2329 3897; x_wconf 88' lang='lat' dir='ltr'><strong>pedibus,</strong></span> <span class='ocrx_word' id='word_1_571' title='bbox 2385 3844 2452 3882; x_wconf 84' lang='lat' dir='ltr'><strong>ex</strong></span> <span class='ocrx_word' id='word_1_572' title='bbox 2496 3839 2680 3882; x_wconf 79' lang='lat' dir='ltr'><strong>natura</strong></span> <span class='ocrx_word' id='word_1_573' title='bbox 2738 3828 3136 3897; x_wconf 69' lang='lat' dir='ltr'><strong>prcepositionis</strong></span> <span class='ocrx_word' id='word_1_574' title='bbox 3192 3831 3488 3897; x_wconf 70' lang='lat' dir='ltr'><strong>subjntnctre</strong></span> <span class='ocrx_word' id='word_1_575' title='bbox 3534 3847 3654 3883; x_wconf 81' lang='grc' dir='ltr'>ςιιιί</span> 
     </span>
    </p>
   </div>
   <div class='ocr_carea' id='block_1_84' title="bbox 2086 3919 3655 3989">
    <p class='ocr_par' dir='ltr' id='par_1_84' title="bbox 2086 3919 3655 3989">
     <span class='ocr_line' id='line_1_84' title="bbox 2086 3919 3655 3989; baseline 0.001 -19"><span class='ocrx_word' id='word_1_576' title='bbox 2086 3921 2251 3973; x_wconf 89' lang='lat' dir='ltr'><strong>verbo</strong></span> <span class='ocrx_word' id='word_1_577' title='bbox 2280 3919 2420 3986; x_wconf 92' lang='lat' dir='ltr'><strong>quod</strong></span> <span class='ocrx_word' id='word_1_578' title='bbox 2463 3929 2665 3970; x_wconf 87' lang='lat' dir='ltr'><strong>motum</strong></span> <span class='ocrx_word' id='word_1_579' title='bbox 2695 3920 2760 3971; x_wconf 91' lang='lat' dir='ltr'><strong>ad</strong></span> <span class='ocrx_word' id='word_1_580' title='bbox 2817 3920 2988 3972; x_wconf 86' lang='lat' dir='ltr'><strong>locum</strong></span> <span class='ocrx_word' id='word_1_581' title='bbox 3032 3919 3314 3987; x_wconf 83' lang='lat' dir='ltr'><strong>significat.</strong></span> <span class='ocrx_word' id='word_1_582' title='bbox 3350 3920 3655 3989; x_wconf 75' lang='lat' dir='ltr'><strong>cheudum</strong></span> 
     </span>
    </p>
   </div>
   <div class='ocr_carea' id='block_1_85' title="bbox 2086 4010 3657 4079">
    <p class='ocr_par' dir='ltr' id='par_1_85' title="bbox 2086 4010 3657 4079">
     <span class='ocr_line' id='line_1_85' title="bbox 2086 4010 3657 4079; baseline 0.002 -16"><span class='ocrx_word' id='word_1_583' title='bbox 2086 4025 2213 4079; x_wconf 89' lang='lat' dir='ltr'><strong>ergo</strong></span> <span class='ocrx_word' id='word_1_584' title='bbox 2243 4018 2325 4064; x_wconf 87' lang='lat' dir='ltr'><strong>est</strong></span> <span class='ocrx_word' id='word_1_585' title='bbox 2368 4010 2607 4078; x_wconf 83' lang='lat' dir='ltr'><strong>ﬁgurate.</strong></span> <span class='ocrx_word' id='word_1_586' title='bbox 2640 4022 2695 4062; x_wconf 93' lang='lat' dir='ltr'><strong>ut</strong></span> <span class='ocrx_word' id='word_1_587' title='bbox 2738 4012 2806 4062; x_wconf 83' lang='lat' dir='ltr'><strong>sit</strong></span> <span class='ocrx_word' id='word_1_588' title='bbox 2851 4026 2950 4063; x_wconf 91' lang='lat' dir='ltr'><strong>una</strong></span> <span class='ocrx_word' id='word_1_589' title='bbox 2975 4010 3138 4063; x_wconf 82' lang='lat' dir='ltr'><strong>dictio</strong></span> <span class='ocrx_word' id='word_1_590' title='bbox 3166 4013 3264 4063; x_wconf 91' lang='lat' dir='ltr'><strong>sub</strong></span> <span class='ocrx_word' id='word_1_591' title='bbox 3312 4022 3363 4064; x_wconf 92' lang='lat' dir='ltr'><strong>ct</strong></span> <span class='ocrx_word' id='word_1_592' title='bbox 3411 4012 3577 4078; x_wconf 86' lang='lat' dir='ltr'><strong>dedit,</strong></span> <span class='ocrx_word' id='word_1_593' title='bbox 3606 4022 3657 4066; x_wconf 91' lang='lat' dir='ltr'><strong>et</strong></span> 
     </span>
    </p>
   </div>
   <div class='ocr_carea' id='block_1_86' title="bbox 2088 4102 3658 4174">
    <p class='ocr_par' dir='ltr' id='par_1_86' title="bbox 2088 4102 3658 4174">
     <span class='ocr_line' id='line_1_86' title="bbox 2088 4102 3658 4174; baseline -0.001 -16"><span class='ocrx_word' id='word_1_594' title='bbox 2088 4120 2181 4170; x_wconf 85' lang='lat' dir='ltr'><strong>per</strong></span> <span class='ocrx_word' id='word_1_595' title='bbox 2227 4103 2440 4155; x_wconf 86' lang='lat' dir='ltr'><strong>tmesim</strong></span> <span class='ocrx_word' id='word_1_596' title='bbox 2472 4102 2693 4170; x_wconf 83' lang='lat' dir='ltr'><strong>ﬁguram</strong></span> <span class='ocrx_word' id='word_1_597' title='bbox 2726 4119 2843 4170; x_wconf 77' lang='lat' dir='ltr'><strong>qure</strong></span> <span class='ocrx_word' id='word_1_598' title='bbox 2884 4105 3051 4156; x_wconf 80' lang='lat' dir='ltr'><strong>sectio</strong></span> <span class='ocrx_word' id='word_1_599' title='bbox 3100 4104 3285 4156; x_wconf 83' lang='lat' dir='ltr'><strong>Latine</strong></span> <span class='ocrx_word' id='word_1_600' title='bbox 3328 4105 3658 4174; x_wconf 82' lang='lat' dir='ltr'><strong>intelligitur.</strong></span> 
     </span>
    </p>
   </div>
   <div class='ocr_carea' id='block_1_87' title="bbox 2089 4196 3658 4264">
    <p class='ocr_par' dir='ltr' id='par_1_87' title="bbox 2089 4196 3658 4264">
     <span class='ocr_line' id='line_1_87' title="bbox 2089 4196 3658 4264; baseline 0.002 -16"><span class='ocrx_word' id='word_1_601' title='bbox 2089 4197 2462 4264; x_wconf 89' lang='lat' dir='ltr'><strong>interpositum</strong></span> <span class='ocrx_word' id='word_1_602' title='bbox 2496 4196 2565 4247; x_wconf 77' lang='lat' dir='ltr'><strong>sit</strong></span> <span class='ocrx_word' id='word_1_603' title='bbox 2594 4196 2836 4264; x_wconf 79' lang='lat' dir='ltr'><strong>pedibus,</strong></span> <span class='ocrx_word' id='word_1_604' title='bbox 2867 4205 2925 4248; x_wconf 91' lang='lat' dir='ltr'><strong>ut</strong></span> <span class='ocrx_word' id='word_1_605' title='bbox 2952 4196 3016 4247; x_wconf 90' lang='lat' dir='ltr'><strong>sit</strong></span> <span class='ocrx_word' id='word_1_606' title='bbox 3042 4198 3141 4248; x_wconf 87' lang='lat' dir='ltr'><strong>sub</strong></span> <span class='ocrx_word' id='word_1_607' title='bbox 3168 4198 3387 4263; x_wconf 80' lang='lat' dir='ltr'><strong>pedibus</strong></span> <span class='ocrx_word' id='word_1_608' title='bbox 3414 4198 3579 4259; x_wconf 88' lang='lat' dir='ltr'><strong>dedit,</strong></span> <span class='ocrx_word' id='word_1_609' title='bbox 3608 4198 3658 4251; x_wconf 88' lang='lat' dir='ltr'><strong>id</strong></span> 
     </span>
    </p>
   </div>
   <div class='ocr_carea' id='block_1_88' title="bbox 2086 4288 3013 4353">
    <p class='ocr_par' dir='ltr' id='par_1_88' title="bbox 2086 4288 3013 4353">
     <span class='ocr_line' id='line_1_88' title="bbox 2086 4288 3013 4353; baseline -0.004 -12"><span class='ocrx_word' id='word_1_610' title='bbox 2086 4303 2168 4342; x_wconf 67' lang='grc' dir='ltr'><strong>(εει</strong></span> <span class='ocrx_word' id='word_1_611' title='bbox 2199 4288 2427 4341; x_wconf 87' lang='lat' dir='ltr'><strong>subdidit</strong></span> <span class='ocrx_word' id='word_1_612' title='bbox 2461 4288 2701 4353; x_wconf 86' lang='lat' dir='ltr'><strong>pedibus.</strong></span> <span class='ocrx_word' id='word_1_613' title='bbox 2731 4290 3013 4342; x_wconf 73' lang='lat' dir='ltr'><strong>AGRICOLA.</strong></span> 
     </span>
    </p>
   </div>
   <div class='ocr_carea' id='block_1_89' title="bbox 2163 4379 3658 4451">
    <p class='ocr_par' dir='ltr' id='par_1_89' title="bbox 2163 4379 3658 4451">
     <span class='ocr_line' id='line_1_89' title="bbox 2163 4379 3658 4451; baseline 0.001 -21"><span class='ocrx_word' id='word_1_614' title='bbox 2163 4380 2469 4451; x_wconf 83' lang='lat' dir='ltr'><strong>Fortunam]</strong></span> <span class='ocrx_word' id='word_1_615' title='bbox 2504 4379 2734 4432; x_wconf 85' lang='lat' dir='ltr'><strong>Fortuna</strong></span> <span class='ocrx_word' id='word_1_616' title='bbox 2761 4396 2788 4431; x_wconf 92' lang='lat' dir='ltr'><strong>a</strong></span> <span class='ocrx_word' id='word_1_617' title='bbox 2816 4381 2923 4431; x_wconf 88' lang='lat' dir='ltr'><strong>fors</strong></span> <span class='ocrx_word' id='word_1_618' title='bbox 2943 4380 3154 4441; x_wconf 89' lang='lat' dir='ltr'><strong>dicitur,</strong></span> <span class='ocrx_word' id='word_1_619' title='bbox 3191 4398 3346 4448; x_wconf 90' lang='lat' dir='ltr'><strong>quem</strong></span> <span class='ocrx_word' id='word_1_620' title='bbox 3370 4398 3396 4432; x_wconf 90' lang='lat' dir='ltr'><strong>a</strong></span> <span class='ocrx_word' id='word_1_621' title='bbox 3441 4382 3658 4433; x_wconf 70' lang='grc' dir='ltr'>[ιιι-ιιιιιιιι</span> 
     </span>
    </p>
   </div>
   <div class='ocr_carea' id='block_1_90' title="bbox 2087 4467 3661 4538">
    <p class='ocr_par' dir='ltr' id='par_1_90' title="bbox 2087 4467 3661 4538">
     <span class='ocr_line' id='line_1_90' title="bbox 2087 4467 3661 4538; baseline 0.001 -17"><span class='ocrx_word' id='word_1_622' title='bbox 2087 4470 2229 4523; x_wconf 87' lang='lat' dir='ltr'><strong>dicta</strong></span> <span class='ocrx_word' id='word_1_623' title='bbox 2257 4477 2372 4522; x_wconf 86' lang='lat' dir='ltr'><strong>est:</strong></span> <span class='ocrx_word' id='word_1_624' title='bbox 2406 4470 2527 4538; x_wconf 89' lang='lat' dir='ltr'><strong>quia</strong></span> <span class='ocrx_word' id='word_1_625' title='bbox 2564 4484 2649 4522; x_wconf 92' lang='lat' dir='ltr'><strong>res</strong></span> <span class='ocrx_word' id='word_1_626' title='bbox 2690 4467 2945 4522; x_wconf 76' lang='lat' dir='ltr'><strong>humanas</strong></span> <span class='ocrx_word' id='word_1_627' title='bbox 2970 4468 3133 4529; x_wconf 83' lang='lat' dir='ltr'><strong>ferat,</strong></span> <span class='ocrx_word' id='word_1_628' title='bbox 3168 4468 3267 4521; x_wconf 91' lang='lat' dir='ltr'><strong>hoc</strong></span> <span class='ocrx_word' id='word_1_629' title='bbox 3307 4479 3388 4521; x_wconf 91' lang='lat' dir='ltr'><strong>est</strong></span> <span class='ocrx_word' id='word_1_630' title='bbox 3422 4471 3584 4536; x_wconf 81' lang='lat' dir='ltr'><strong>agitet</strong></span> <span class='ocrx_word' id='word_1_631' title='bbox 3607 4486 3661 4524; x_wconf 84' lang='lat' dir='ltr'><strong>et</strong></span> 
     </span>
    </p>
   </div>
   <div class='ocr_carea' id='block_1_91' title="bbox 413 4544 3656 4627">
    <p class='ocr_par' dir='ltr' id='par_1_91' title="bbox 413 4544 3656 4627">
     <span class='ocr_line' id='line_1_91' title="bbox 413 4544 3656 4627; baseline -0.001 -16"><span class='ocrx_word' id='word_1_632' title='bbox 413 4566 518 4612; x_wconf 88' lang='lat' dir='ltr'><strong>test</strong></span> <span class='ocrx_word' id='word_1_633' title='bbox 544 4558 735 4612; x_wconf 89' lang='lat' dir='ltr'><strong>deinde</strong></span> <span class='ocrx_word' id='word_1_634' title='bbox 767 4558 1075 4626; x_wconf 89' lang='lat' dir='ltr'><strong>perturbare</strong></span> <span class='ocrx_word' id='word_1_635' title='bbox 1096 4558 1295 4623; x_wconf 90' lang='lat' dir='ltr'><strong>animo,</strong></span> <span class='ocrx_word' id='word_1_636' title='bbox 1322 4570 1413 4612; x_wconf 88' lang='lat' dir='ltr'><strong>aut</strong></span> <span class='ocrx_word' id='word_1_637' title='bbox 1443 4571 1673 4612; x_wconf 88' lang='lat' dir='ltr'><strong>mentem</strong></span> <span class='ocrx_word' id='word_1_638' title='bbox 1700 4562 1813 4626; x_wconf 86' lang='lat' dir='ltr'><strong>ejus</strong></span> <span class='ocrx_word' id='word_1_639' title='bbox 1840 4574 1977 4612; x_wconf 83' lang='lat' dir='ltr'><strong>com-</strong></span> <span class='ocrx_word' id='word_1_640' title='bbox 2012 4544 2062 4601; x_wconf 82' lang='lat' dir='ltr'><strong>D</strong></span> <span class='ocrx_word' id='word_1_641' title='bbox 2090 4567 2256 4627; x_wconf 86' lang='lat' dir='ltr'><strong>regat.</strong></span> <span class='ocrx_word' id='word_1_642' title='bbox 2275 4558 2511 4611; x_wconf 90' lang='lat' dir='ltr'><strong>Dicimus</strong></span> <span class='ocrx_word' id='word_1_643' title='bbox 2537 4567 2712 4611; x_wconf 88' lang='lat' dir='ltr'><strong>autem</strong></span> <span class='ocrx_word' id='word_1_644' title='bbox 2738 4557 3077 4626; x_wconf 79' lang='lat' dir='ltr'><strong>singulariter</strong></span> <span class='ocrx_word' id='word_1_645' title='bbox 3102 4556 3364 4610; x_wconf 84' lang='lat' dir='ltr'><strong>fortunam</strong></span> <span class='ocrx_word' id='word_1_646' title='bbox 3394 4559 3474 4609; x_wconf 84' lang='lat' dir='ltr'><strong>vel</strong></span> <span class='ocrx_word' id='word_1_647' title='bbox 3506 4560 3656 4611; x_wconf 84' lang='lat' dir='ltr'><strong>deam</strong></span> 
     </span>
    </p>
   </div>
   <div class='ocr_carea' id='block_1_92' title="bbox 409 4648 1981 4719">
    <p class='ocr_par' dir='ltr' id='par_1_92' title="bbox 409 4648 1981 4719">
     <span class='ocr_line' id='line_1_92' title="bbox 409 4648 1981 4719; baseline -0.001 -16"><span class='ocrx_word' id='word_1_648' title='bbox 409 4666 625 4705; x_wconf 86' lang='lat' dir='ltr'><strong>movere</strong></span> <span class='ocrx_word' id='word_1_649' title='bbox 670 4666 683 4702; x_wconf 92' lang='lat'>:</span> <span class='ocrx_word' id='word_1_650' title='bbox 728 4664 832 4704; x_wconf 88' lang='lat' dir='ltr'><strong>non</strong></span> <span class='ocrx_word' id='word_1_651' title='bbox 865 4648 1099 4719; x_wconf 90' lang='lat' dir='ltr'><strong>pericula</strong></span> <span class='ocrx_word' id='word_1_652' title='bbox 1131 4652 1314 4715; x_wconf 85' lang='lat' dir='ltr'><strong>maris,</strong></span> <span class='ocrx_word' id='word_1_653' title='bbox 1347 4665 1452 4704; x_wconf 92' lang='lat' dir='ltr'><strong>non</strong></span> <span class='ocrx_word' id='word_1_654' title='bbox 1494 4660 1750 4704; x_wconf 84' lang='lat' dir='ltr'><strong>terrarum</strong></span> <span class='ocrx_word' id='word_1_655' title='bbox 1807 4661 1981 4704; x_wconf 91' lang='lat' dir='ltr'><strong>motus</strong></span> 
     </span>
    </p>
   </div>
   <div class='ocr_carea' id='block_1_93' title="bbox 411 4741 1977 4809">
    <p class='ocr_par' dir='ltr' id='par_1_93' title="bbox 411 4741 1977 4809">
     <span class='ocr_line' id='line_1_93' title="bbox 411 4741 1977 4809; baseline 0.001 -15"><span class='ocrx_word' id='word_1_656' title='bbox 411 4752 502 4794; x_wconf 79' lang='lat' dir='ltr'><strong>aut</strong></span> <span class='ocrx_word' id='word_1_657' title='bbox 524 4741 789 4808; x_wconf 83' lang='lat' dir='ltr'><strong>incendia,</strong></span> <span class='ocrx_word' id='word_1_658' title='bbox 822 4756 925 4796; x_wconf 91' lang='lat' dir='ltr'><strong>non</strong></span> <span class='ocrx_word' id='word_1_659' title='bbox 954 4743 1095 4798; x_wconf 88' lang='lat' dir='ltr'><strong>aeris</strong></span> <span class='ocrx_word' id='word_1_660' title='bbox 1135 4743 1373 4797; x_wconf 88' lang='lat' dir='ltr'><strong>turbines</strong></span> <span class='ocrx_word' id='word_1_661' title='bbox 1406 4752 1496 4794; x_wconf 88' lang='lat' dir='ltr'><strong>aut</strong></span> <span class='ocrx_word' id='word_1_662' title='bbox 1529 4742 1977 4809; x_wconf 84' lang='lat' dir='ltr'><strong>perturbationes,</strong></span> 
     </span>
    </p>
   </div>
   <div class='ocr_carea' id='block_1_94' title="bbox 412 4830 1980 4892">
    <p class='ocr_par' dir='ltr' id='par_1_94' title="bbox 412 4830 1980 4892">
     <span class='ocr_line' id='line_1_94' title="bbox 412 4830 1980 4892; baseline 0 -9"><span class='ocrx_word' id='word_1_663' title='bbox 412 4846 511 4885; x_wconf 92' lang='lat' dir='ltr'><strong>nec</strong></span> <span class='ocrx_word' id='word_1_664' title='bbox 539 4830 697 4884; x_wconf 90' lang='lat' dir='ltr'><strong>etiam</strong></span> <span class='ocrx_word' id='word_1_665' title='bbox 729 4832 927 4885; x_wconf 64' lang='lat' dir='ltr'><strong>saavitia</strong></span> <span class='ocrx_word' id='word_1_666' title='bbox 958 4842 1045 4885; x_wconf 89' lang='lat' dir='ltr'><strong>aut</strong></span> <span class='ocrx_word' id='word_1_667' title='bbox 1075 4831 1323 4886; x_wconf 86' lang='lat' dir='ltr'><strong>violentia</strong></span> <span class='ocrx_word' id='word_1_668' title='bbox 1380 4831 1631 4892; x_wconf 88' lang='lat' dir='ltr'><strong>humana,</strong></span> <span class='ocrx_word' id='word_1_669' title='bbox 1662 4831 1756 4885; x_wconf 90' lang='lat' dir='ltr'><strong>sed</strong></span> <span class='ocrx_word' id='word_1_670' title='bbox 1803 4831 1980 4883; x_wconf 89' lang='lat' dir='ltr'><strong>omnia</strong></span> 
     </span>
    </p>
   </div>
   <div class='ocr_carea' id='block_1_95' title="bbox 412 4922 1978 4992">
    <p class='ocr_par' dir='ltr' id='par_1_95' title="bbox 412 4922 1978 4992">
     <span class='ocr_line' id='line_1_95' title="bbox 412 4922 1978 4992; baseline -0.001 -15"><span class='ocrx_word' id='word_1_671' title='bbox 412 4922 645 4992; x_wconf 88' lang='lat' dir='ltr'><strong>negligit,</strong></span> <span class='ocrx_word' id='word_1_672' title='bbox 674 4931 728 4978; x_wconf 90' lang='lat' dir='ltr'><strong>et</strong></span> <span class='ocrx_word' id='word_1_673' title='bbox 766 4939 861 4991; x_wconf 88' lang='lat' dir='ltr'><strong>pro</strong></span> <span class='ocrx_word' id='word_1_674' title='bbox 891 4925 1060 4978; x_wconf 90' lang='lat' dir='ltr'><strong>nihilo</strong></span> <span class='ocrx_word' id='word_1_675' title='bbox 1108 4925 1273 4979; x_wconf 92' lang='lat' dir='ltr'><strong>ducit.</strong></span> <span class='ocrx_word' id='word_1_676' title='bbox 1324 4922 1517 4977; x_wconf 86' lang='lat' dir='ltr'><strong>Contra</strong></span> <span class='ocrx_word' id='word_1_677' title='bbox 1560 4939 1708 4985; x_wconf 88' lang='lat' dir='ltr'><strong>vero,</strong></span> <span class='ocrx_word' id='word_1_678' title='bbox 1740 4924 1827 4991; x_wconf 90' lang='lat' dir='ltr'><strong>qui</strong></span> <span class='ocrx_word' id='word_1_679' title='bbox 1871 4939 1978 4976; x_wconf 92' lang='lat' dir='ltr'><strong>non</strong></span> 
     </span>
    </p>
   </div>
   <div class='ocr_carea' id='block_1_96' title="bbox 410 5013 1976 5083">
    <p class='ocr_par' dir='ltr' id='par_1_96' title="bbox 410 5013 1976 5083">
     <span class='ocr_line' id='line_1_96' title="bbox 410 5013 1976 5083; baseline -0.001 -17"><span class='ocrx_word' id='word_1_680' title='bbox 410 5023 490 5066; x_wconf 91' lang='lat' dir='ltr'><strong>est</strong></span> <span class='ocrx_word' id='word_1_681' title='bbox 520 5016 815 5083; x_wconf 92' lang='lat' dir='ltr'><strong>composito</strong></span> <span class='ocrx_word' id='word_1_682' title='bbox 853 5025 906 5068; x_wconf 93' lang='lat' dir='ltr'><strong>et</strong></span> <span class='ocrx_word' id='word_1_683' title='bbox 934 5016 1089 5069; x_wconf 90' lang='lat' dir='ltr'><strong>firmo</strong></span> <span class='ocrx_word' id='word_1_684' title='bbox 1119 5016 1321 5078; x_wconf 90' lang='lat' dir='ltr'><strong>animo,</strong></span> <span class='ocrx_word' id='word_1_685' title='bbox 1352 5014 1444 5067; x_wconf 90' lang='lat' dir='ltr'><strong>sed</strong></span> <span class='ocrx_word' id='word_1_686' title='bbox 1472 5013 1623 5067; x_wconf 88' lang='lat' dir='ltr'><strong>timet</strong></span> <span class='ocrx_word' id='word_1_687' title='bbox 1667 5013 1862 5082; x_wconf 91' lang='lat' dir='ltr'><strong>aliquid</strong></span> <span class='ocrx_word' id='word_1_688' title='bbox 1894 5014 1976 5066; x_wconf 89' lang='lat' dir='ltr'><strong>vel</strong></span> 
     </span>
    </p>
   </div>
   <div class='ocr_carea' id='block_1_97' title="bbox 410 5105 1978 5176">
    <p class='ocr_par' dir='ltr' id='par_1_97' title="bbox 410 5105 1978 5176">
     <span class='ocr_line' id='line_1_97' title="bbox 410 5105 1978 5176; baseline -0.002 -18"><span class='ocrx_word' id='word_1_689' title='bbox 410 5115 577 5174; x_wconf 87' lang='lat' dir='ltr'><strong>optat,</strong></span> <span class='ocrx_word' id='word_1_690' title='bbox 603 5106 713 5172; x_wconf 86' lang='lat' dir='ltr'><strong>ille,</strong></span> <span class='ocrx_word' id='word_1_691' title='bbox 736 5110 855 5176; x_wconf 87' lang='lat' dir='ltr'><strong>quia</strong></span> <span class='ocrx_word' id='word_1_692' title='bbox 886 5122 988 5161; x_wconf 90' lang='lat' dir='ltr'><strong>non</strong></span> <span class='ocrx_word' id='word_1_693' title='bbox 1019 5118 1099 5161; x_wconf 86' lang='lat' dir='ltr'><strong>est</strong></span> <span class='ocrx_word' id='word_1_694' title='bbox 1133 5107 1214 5159; x_wconf 91' lang='lat' dir='ltr'><strong>sui</strong></span> <span class='ocrx_word' id='word_1_695' title='bbox 1240 5107 1391 5172; x_wconf 67' lang='lat' dir='ltr'><strong>juris,</strong></span> <span class='ocrx_word' id='word_1_696' title='bbox 1426 5105 1517 5157; x_wconf 79' lang='lat' dir='ltr'><strong>sed</strong></span> <span class='ocrx_word' id='word_1_697' title='bbox 1544 5120 1609 5159; x_wconf 81' lang='lat' dir='ltr'><strong>ex</strong></span> <span class='ocrx_word' id='word_1_698' title='bbox 1640 5116 1780 5159; x_wconf 92' lang='lat' dir='ltr'><strong>metu</strong></span> <span class='ocrx_word' id='word_1_699' title='bbox 1819 5106 1978 5159; x_wconf 88' lang='lat' dir='ltr'><strong>alieni</strong></span> 
     </span>
    </p>
   </div>
   <div class='ocr_carea' id='block_1_98' title="bbox 410 5196 1976 5267">
    <p class='ocr_par' dir='ltr' id='par_1_98' title="bbox 410 5196 1976 5267">
     <span class='ocr_line' id='line_1_98' title="bbox 410 5196 1976 5267; baseline -0.001 -17"><span class='ocrx_word' id='word_1_700' title='bbox 410 5198 556 5264; x_wconf 80' lang='lat' dir='ltr'><strong>ntali,</strong></span> <span class='ocrx_word' id='word_1_701' title='bbox 580 5198 667 5252; x_wconf 85' lang='lat' dir='ltr'><strong>vel</strong></span> <span class='ocrx_word' id='word_1_702' title='bbox 694 5214 788 5267; x_wconf 90' lang='lat' dir='ltr'><strong>spe</strong></span> <span class='ocrx_word' id='word_1_703' title='bbox 809 5198 966 5252; x_wconf 77' lang='lat' dir='ltr'><strong>alieni</strong></span> <span class='ocrx_word' id='word_1_704' title='bbox 996 5200 1120 5251; x_wconf 88' lang='lat' dir='ltr'><strong>boui</strong></span> <span class='ocrx_word' id='word_1_705' title='bbox 1151 5198 1365 5266; x_wconf 89' lang='lat' dir='ltr'><strong>pendet,</strong></span> <span class='ocrx_word' id='word_1_706' title='bbox 1405 5196 1601 5263; x_wconf 88' lang='lat' dir='ltr'><strong>abjecit</strong></span> <span class='ocrx_word' id='word_1_707' title='bbox 1628 5197 1895 5266; x_wconf 85' lang='lat' dir='ltr'><strong>clypeum,</strong></span> <span class='ocrx_word' id='word_1_708' title='bbox 1926 5198 1976 5255; x_wconf 91' lang='lat' dir='ltr'><strong>id</strong></span> 
     </span>
    </p>
   </div>
   <div class='ocr_carea' id='block_1_99' title="bbox 411 5287 1980 5356">
    <p class='ocr_par' dir='ltr' id='par_1_99' title="bbox 411 5287 1980 5356">
     <span class='ocr_line' id='line_1_99' title="bbox 411 5287 1980 5356; baseline -0.001 -15"><span class='ocrx_word' id='word_1_709' title='bbox 411 5298 492 5341; x_wconf 90' lang='lat' dir='ltr'><strong>est</strong></span> <span class='ocrx_word' id='word_1_710' title='bbox 516 5290 902 5343; x_wconf 88' lang='lat' dir='ltr'><strong>munimentum</strong></span> <span class='ocrx_word' id='word_1_711' title='bbox 935 5290 1145 5342; x_wconf 89' lang='lat' dir='ltr'><strong>virtutis</strong></span> <span class='ocrx_word' id='word_1_712' title='bbox 1176 5304 1305 5351; x_wconf 78' lang='lat' dir='ltr'><strong>sure,</strong></span> <span class='ocrx_word' id='word_1_713' title='bbox 1330 5287 1649 5356; x_wconf 84' lang='lat' dir='ltr'><strong>etdepulsus</strong></span> <span class='ocrx_word' id='word_1_714' title='bbox 1680 5305 1707 5339; x_wconf 88' lang='lat' dir='ltr'><strong>a</strong></span> <span class='ocrx_word' id='word_1_715' title='bbox 1738 5288 1855 5342; x_wconf 91' lang='lat' dir='ltr'><strong>loco</strong></span> <span class='ocrx_word' id='word_1_716' title='bbox 1882 5304 1980 5342; x_wconf 92' lang='lat' dir='ltr'><strong>suo</strong></span> 
     </span>
    </p>
   </div>
   <div class='ocr_carea' id='block_1_100' title="bbox 410 5381 1983 5450">
    <p class='ocr_par' dir='ltr' id='par_1_100' title="bbox 410 5381 1983 5450">
     <span class='ocr_line' id='line_1_100' title="bbox 410 5381 1983 5450; baseline 0.003 -18"><span class='ocrx_word' id='word_1_717' title='bbox 410 5396 463 5433; x_wconf 77' lang='lat' dir='ltr'><strong>in</strong></span> <span class='ocrx_word' id='word_1_718' title='bbox 518 5395 623 5450; x_wconf 91' lang='lat' dir='ltr'><strong>quo</strong></span> <span class='ocrx_word' id='word_1_719' title='bbox 679 5381 871 5442; x_wconf 82' lang='lat' dir='ltr'><strong>stabat,</strong></span> <span class='ocrx_word' id='word_1_720' title='bbox 899 5390 956 5436; x_wconf 89' lang='lat' dir='ltr'><strong>et</strong></span> <span class='ocrx_word' id='word_1_721' title='bbox 998 5398 1152 5449; x_wconf 87' lang='lat' dir='ltr'><strong>quem</strong></span> <span class='ocrx_word' id='word_1_722' title='bbox 1192 5382 1480 5435; x_wconf 78' lang='lat' dir='ltr'><strong>defendere</strong></span> <span class='ocrx_word' id='word_1_723' title='bbox 1534 5381 1782 5447; x_wconf 69' lang='lat' dir='ltr'><strong>debebat,</strong></span> <span class='ocrx_word' id='word_1_724' title='bbox 1818 5384 1983 5437; x_wconf 91' lang='lat' dir='ltr'><strong>nectit</strong></span> 
     </span>
    </p>
   </div>
   <div class='ocr_carea' id='block_1_101' title="bbox 410 5472 1981 5543">
    <p class='ocr_par' dir='ltr' id='par_1_101' title="bbox 410 5472 1981 5543">
     <span class='ocr_line' id='line_1_101' title="bbox 410 5472 1981 5543; baseline 0.003 -20"><span class='ocrx_word' id='word_1_725' title='bbox 410 5480 674 5538; x_wconf 88' lang='lat' dir='ltr'><strong>catenam,</strong></span> <span class='ocrx_word' id='word_1_726' title='bbox 699 5488 800 5541; x_wconf 91' lang='lat' dir='ltr'><strong>qua</strong></span> <span class='ocrx_word' id='word_1_727' title='bbox 825 5472 996 5526; x_wconf 85' lang='lat' dir='ltr'><strong>valeat</strong></span> <span class='ocrx_word' id='word_1_728' title='bbox 1015 5473 1175 5534; x_wconf 74' lang='lat' dir='ltr'><strong>trahi,</strong></span> <span class='ocrx_word' id='word_1_729' title='bbox 1202 5474 1250 5524; x_wconf 89' lang='lat' dir='ltr'><strong>id</strong></span> <span class='ocrx_word' id='word_1_730' title='bbox 1276 5483 1376 5537; x_wconf 87' lang='lat' dir='ltr'><strong>est,</strong></span> <span class='ocrx_word' id='word_1_731' title='bbox 1402 5474 1483 5527; x_wconf 88' lang='lat' dir='ltr'><strong>via</strong></span> <span class='ocrx_word' id='word_1_732' title='bbox 1512 5474 1713 5541; x_wconf 74' lang='lat' dir='ltr'><strong>prrcbet</strong></span> <span class='ocrx_word' id='word_1_733' title='bbox 1731 5489 1829 5543; x_wconf 90' lang='lat' dir='ltr'><strong>qua</strong></span> <span class='ocrx_word' id='word_1_734' title='bbox 1861 5489 1981 5543; x_wconf 83' lang='lat' dir='ltr'><strong>pos-</strong></span> 
     </span>
    </p>
   </div>
   <div class='ocr_carea' id='block_1_102' title="bbox 410 5562 1981 5618">
    <p class='ocr_par' dir='ltr' id='par_1_102' title="bbox 410 5562 1981 5618">
     <span class='ocr_line' id='line_1_102' title="bbox 410 5562 1981 5618; baseline -0.003 -2"><span class='ocrx_word' id='word_1_735' title='bbox 410 5562 481 5616; x_wconf 89' lang='lat' dir='ltr'><strong>sit</strong></span> <span class='ocrx_word' id='word_1_736' title='bbox 516 5562 616 5615; x_wconf 91' lang='lat' dir='ltr'><strong>sibi</strong></span> <span class='ocrx_word' id='word_1_737' title='bbox 660 5564 837 5617; x_wconf 90' lang='lat' dir='ltr'><strong>noceri</strong></span> <span class='ocrx_word' id='word_1_738' title='bbox 870 5580 881 5615; x_wconf 92' lang='lat'>:</span> <span class='ocrx_word' id='word_1_739' title='bbox 912 5562 1200 5615; x_wconf 88' lang='lat' dir='ltr'><strong>secundum</strong></span> <span class='ocrx_word' id='word_1_740' title='bbox 1234 5566 1552 5618; x_wconf 86' lang='lat' dir='ltr'><strong>sententiam</strong></span> <span class='ocrx_word' id='word_1_741' title='bbox 1592 5566 1732 5617; x_wconf 89' lang='lat' dir='ltr'><strong>enim</strong></span> <span class='ocrx_word' id='word_1_742' title='bbox 1772 5564 1981 5618; x_wconf 83' lang='lat' dir='ltr'><strong>Stoico-</strong></span> 
     </span>
    </p>
   </div>
   <div class='ocr_carea' id='block_1_103' title="bbox 410 5655 1973 5723">
    <p class='ocr_par' dir='ltr' id='par_1_103' title="bbox 410 5655 1973 5723">
     <span class='ocr_line' id='line_1_103' title="bbox 410 5655 1973 5723; baseline 0.001 -16"><span class='ocrx_word' id='word_1_743' title='bbox 410 5670 547 5718; x_wconf 89' lang='lat' dir='ltr'><strong>rum,</strong></span> <span class='ocrx_word' id='word_1_744' title='bbox 570 5670 726 5709; x_wconf 91' lang='lat' dir='ltr'><strong>nemo</strong></span> <span class='ocrx_word' id='word_1_745' title='bbox 743 5655 951 5708; x_wconf 73' lang='lat' dir='ltr'><strong>lrrditur</strong></span> <span class='ocrx_word' id='word_1_746' title='bbox 970 5656 1071 5708; x_wconf 89' lang='lat' dir='ltr'><strong>nisi</strong></span> <span class='ocrx_word' id='word_1_747' title='bbox 1086 5672 1112 5706; x_wconf 59' lang='grc' dir='ltr'>ξι</span> <span class='ocrx_word' id='word_1_748' title='bbox 1129 5656 1324 5723; x_wconf 71' lang='grc' dir='ltr'><strong>διοίρεο.</strong></span> <span class='ocrx_word' id='word_1_749' title='bbox 1350 5656 1449 5708; x_wconf 77' lang='grc' dir='ltr'>Μῐί</span> <span class='ocrx_word' id='word_1_750' title='bbox 1473 5657 1614 5709; x_wconf 90' lang='lat' dir='ltr'><strong>enim</strong></span> <span class='ocrx_word' id='word_1_751' title='bbox 1630 5672 1717 5710; x_wconf 88' lang='lat' dir='ltr'><strong>res</strong></span> <span class='ocrx_word' id='word_1_752' title='bbox 1745 5665 1973 5717; x_wconf 89' lang='lat' dir='ltr'><strong>nostras,</strong></span> 
     </span>
    </p>
   </div>
   <div class='ocr_carea' id='block_1_104' title="bbox 414 5746 1982 5813">
    <p class='ocr_par' dir='ltr' id='par_1_104' title="bbox 414 5746 1982 5813">
     <span class='ocr_line' id='line_1_104' title="bbox 414 5746 1982 5813; baseline 0.002 -17"><span class='ocrx_word' id='word_1_753' title='bbox 414 5746 513 5800; x_wconf 85' lang='lat' dir='ltr'><strong>hoc</strong></span> <span class='ocrx_word' id='word_1_754' title='bbox 536 5756 617 5801; x_wconf 87' lang='lat' dir='ltr'><strong>est</strong></span> <span class='ocrx_word' id='word_1_755' title='bbox 645 5746 857 5801; x_wconf 89' lang='lat' dir='ltr'><strong>divitias</strong></span> <span class='ocrx_word' id='word_1_756' title='bbox 895 5747 981 5801; x_wconf 85' lang='lat' dir='ltr'><strong>vel</strong></span> <span class='ocrx_word' id='word_1_757' title='bbox 1019 5747 1269 5810; x_wconf 88' lang='lat' dir='ltr'><strong>honores,</strong></span> <span class='ocrx_word' id='word_1_758' title='bbox 1299 5748 1380 5801; x_wconf 84' lang='lat' dir='ltr'><strong>vel</strong></span> <span class='ocrx_word' id='word_1_759' title='bbox 1421 5747 1636 5811; x_wconf 88' lang='lat' dir='ltr'><strong>famam,</strong></span> <span class='ocrx_word' id='word_1_760' title='bbox 1666 5748 1746 5801; x_wconf 86' lang='lat' dir='ltr'><strong>vel</strong></span> <span class='ocrx_word' id='word_1_761' title='bbox 1776 5747 1982 5813; x_wconf 86' lang='lat' dir='ltr'><strong>reliqua</strong></span> 
     </span>
    </p>
   </div>
   <div class='ocr_carea' id='block_1_105' title="bbox 2095 4648 3661 4717">
    <p class='ocr_par' dir='ltr' id='par_1_105' title="bbox 2095 4648 3661 4717">
     <span class='ocr_line' id='line_1_105' title="bbox 2095 4648 3661 4717; baseline -0.003 -14"><span class='ocrx_word' id='word_1_762' title='bbox 2095 4651 2434 4715; x_wconf 83' lang='lat' dir='ltr'><strong>(utvetttstas</strong></span> <span class='ocrx_word' id='word_1_763' title='bbox 2478 4649 2701 4716; x_wconf 85' lang='lat' dir='ltr'><strong>putavit)</strong></span> <span class='ocrx_word' id='word_1_764' title='bbox 2736 4650 2816 4699; x_wconf 77' lang='lat' dir='ltr'><strong>vel</strong></span> <span class='ocrx_word' id='word_1_765' title='bbox 2847 4664 3048 4707; x_wconf 82' lang='lat' dir='ltr'><strong>casum,</strong></span> <span class='ocrx_word' id='word_1_766' title='bbox 3077 4664 3169 4713; x_wconf 85' lang='lat' dir='ltr'><strong>per</strong></span> <span class='ocrx_word' id='word_1_767' title='bbox 3190 4663 3345 4717; x_wconf 87' lang='lat' dir='ltr'><strong>quem</strong></span> <span class='ocrx_word' id='word_1_768' title='bbox 3379 4662 3465 4700; x_wconf 89' lang='lat' dir='ltr'><strong>res</strong></span> <span class='ocrx_word' id='word_1_769' title='bbox 3494 4648 3661 4700; x_wconf 57' lang='lat' dir='ltr'><strong>humi.</strong></span> 
     </span>
    </p>
   </div>
   <div class='ocr_carea' id='block_1_106' title="bbox 2094 4740 3661 4805">
    <p class='ocr_par' dir='ltr' id='par_1_106' title="bbox 2094 4740 3661 4805">
     <span class='ocr_line' id='line_1_106' title="bbox 2094 4740 3661 4805; baseline -0.002 -10"><span class='ocrx_word' id='word_1_770' title='bbox 2094 4759 2219 4795; x_wconf 92' lang='lat' dir='ltr'><strong>num</strong></span> <span class='ocrx_word' id='word_1_771' title='bbox 2249 4742 2533 4795; x_wconf 89' lang='lat' dir='ltr'><strong>volvttntur</strong></span> <span class='ocrx_word' id='word_1_772' title='bbox 2556 4740 2830 4794; x_wconf 77' lang='lat' dir='ltr'><strong>instabiles</strong></span> <span class='ocrx_word' id='word_1_773' title='bbox 2857 4751 2909 4795; x_wconf 91' lang='lat' dir='ltr'><strong>et</strong></span> <span class='ocrx_word' id='word_1_774' title='bbox 2939 4741 3175 4803; x_wconf 72' lang='lat' dir='ltr'><strong>incertze,</strong></span> <span class='ocrx_word' id='word_1_775' title='bbox 3233 4742 3511 4805; x_wconf 90' lang='lat' dir='ltr'><strong>pluraliter</strong></span> <span class='ocrx_word' id='word_1_776' title='bbox 3533 4758 3661 4795; x_wconf 86' lang='lat' dir='ltr'><strong>vero</strong></span> 
     </span>
    </p>
   </div>
   <div class='ocr_carea' id='block_1_107' title="bbox 2095 4831 3661 4901">
    <p class='ocr_par' dir='ltr' id='par_1_107' title="bbox 2095 4831 3661 4901">
     <span class='ocr_line' id='line_1_107' title="bbox 2095 4831 3661 4901; baseline 0 -16"><span class='ocrx_word' id='word_1_777' title='bbox 2095 4848 2191 4901; x_wconf 91' lang='lat' dir='ltr'><strong>pro</strong></span> <span class='ocrx_word' id='word_1_778' title='bbox 2216 4832 2369 4885; x_wconf 89' lang='lat' dir='ltr'><strong>bonis</strong></span> <span class='ocrx_word' id='word_1_779' title='bbox 2406 4832 2633 4886; x_wconf 77' lang='lat' dir='ltr'><strong>fortuna:</strong></span> <span class='ocrx_word' id='word_1_780' title='bbox 2676 4840 2731 4883; x_wconf 89' lang='lat' dir='ltr'><strong>et</strong></span> <span class='ocrx_word' id='word_1_781' title='bbox 2760 4831 3024 4899; x_wconf 57' lang='lat' dir='ltr'><strong>praecipue</strong></span> <span class='ocrx_word' id='word_1_782' title='bbox 3068 4846 3162 4900; x_wconf 92' lang='lat' dir='ltr'><strong>pro</strong></span> <span class='ocrx_word' id='word_1_783' title='bbox 3204 4832 3399 4885; x_wconf 84' lang='lat' dir='ltr'><strong>divinis</strong></span> <span class='ocrx_word' id='word_1_784' title='bbox 3436 4832 3661 4885; x_wconf 88' lang='lat' dir='ltr'><strong>dicimus</strong></span> 
     </span>
    </p>
   </div>
   <div class='ocr_carea' id='block_1_108' title="bbox 2094 4924 2664 4978">
    <p class='ocr_par' dir='ltr' id='par_1_108' title="bbox 2094 4924 2664 4978">
     <span class='ocr_line' id='line_1_108' title="bbox 2094 4924 2664 4978; baseline -0.004 -1"><span class='ocrx_word' id='word_1_785' title='bbox 2094 4924 2351 4977; x_wconf 90' lang='lat' dir='ltr'><strong>fortunas.</strong></span> <span class='ocrx_word' id='word_1_786' title='bbox 2378 4928 2664 4978; x_wconf 69' lang='grc' dir='ltr'>Αςιιιςοω.</span> 
     </span>
    </p>
   </div>
   <div class='ocr_carea' id='block_1_109' title="bbox 2168 5012 3636 5085">
    <p class='ocr_par' dir='ltr' id='par_1_109' title="bbox 2168 5012 3636 5085">
     <span class='ocr_line' id='line_1_109' title="bbox 2168 5012 3636 5085; baseline 0.005 -20"><span class='ocrx_word' id='word_1_787' title='bbox 2168 5012 2403 5085; x_wconf 85' lang='lat' dir='ltr'><strong>Vultum]</strong></span> <span class='ocrx_word' id='word_1_788' title='bbox 2422 5014 2608 5069; x_wconf 84' lang='lat' dir='ltr'><strong>Vultus</strong></span> <span class='ocrx_word' id='word_1_789' title='bbox 2636 5031 2663 5067; x_wconf 89' lang='lat' dir='ltr'><strong>a</strong></span> <span class='ocrx_word' id='word_1_790' title='bbox 2695 5015 2827 5069; x_wconf 89' lang='lat' dir='ltr'><strong>facie</strong></span> <span class='ocrx_word' id='word_1_791' title='bbox 2852 5015 3049 5073; x_wconf 75' lang='lat' dir='ltr'><strong>differt.</strong></span> <span class='ocrx_word' id='word_1_792' title='bbox 3095 5016 3216 5084; x_wconf 88' lang='lat' dir='ltr'><strong>quia</strong></span> <span class='ocrx_word' id='word_1_793' title='bbox 3256 5015 3417 5069; x_wconf 82' lang='lat' dir='ltr'><strong>facies</strong></span> <span class='ocrx_word' id='word_1_794' title='bbox 3443 5026 3522 5071; x_wconf 90' lang='lat' dir='ltr'><strong>est</strong></span> <span class='ocrx_word' id='word_1_795' title='bbox 3571 5017 3636 5072; x_wconf 82' lang='lat' dir='ltr'><strong>ha</strong></span> 
     </span>
    </p>
   </div>
   <div class='ocr_carea' id='block_1_110' title="bbox 2094 5107 3663 5177">
    <p class='ocr_par' dir='ltr' id='par_1_110' title="bbox 2094 5107 3663 5177">
     <span class='ocr_line' id='line_1_110' title="bbox 2094 5107 3663 5177; baseline 0 -14"><span class='ocrx_word' id='word_1_796' title='bbox 2094 5109 2278 5163; x_wconf 92' lang='lat' dir='ltr'><strong>bitudo</strong></span> <span class='ocrx_word' id='word_1_797' title='bbox 2302 5109 2557 5162; x_wconf 86' lang='lat' dir='ltr'><strong>naturalis</strong></span> <span class='ocrx_word' id='word_1_798' title='bbox 2585 5109 2741 5162; x_wconf 65' lang='lat' dir='ltr'><strong>iusi&#39;a</strong></span> <span class='ocrx_word' id='word_1_799' title='bbox 2783 5109 2989 5177; x_wconf 90' lang='lat' dir='ltr'><strong>cuique.</strong></span> <span class='ocrx_word' id='word_1_800' title='bbox 3029 5107 3215 5163; x_wconf 83' lang='lat' dir='ltr'><strong>Vultus</strong></span> <span class='ocrx_word' id='word_1_801' title='bbox 3242 5125 3305 5161; x_wconf 82' lang='lat' dir='ltr'><strong>ex</strong></span> <span class='ocrx_word' id='word_1_802' title='bbox 3335 5109 3529 5177; x_wconf 88' lang='lat' dir='ltr'><strong>gaudio</strong></span> <span class='ocrx_word' id='word_1_803' title='bbox 3550 5110 3663 5164; x_wconf 89' lang='lat' dir='ltr'><strong>sive</strong></span> 
     </span>
    </p>
   </div>
   <div class='ocr_carea' id='block_1_111' title="bbox 2092 5198 3661 5260">
    <p class='ocr_par' dir='ltr' id='par_1_111' title="bbox 2092 5198 3661 5260">
     <span class='ocr_line' id='line_1_111' title="bbox 2092 5198 3661 5260; baseline -0.001 -9"><span class='ocrx_word' id='word_1_804' title='bbox 2092 5201 2302 5254; x_wconf 87' lang='lat' dir='ltr'><strong>tristitia</strong></span> <span class='ocrx_word' id='word_1_805' title='bbox 2327 5210 2580 5260; x_wconf 84' lang='lat' dir='ltr'><strong>mutatur,</strong></span> <span class='ocrx_word' id='word_1_806' title='bbox 2610 5198 3029 5253; x_wconf 83' lang='lat' dir='ltr'><strong>sietttvoluntas.</strong></span> <span class='ocrx_word' id='word_1_807' title='bbox 3054 5200 3178 5251; x_wconf 82' lang='lat' dir='ltr'><strong>Nam</strong></span> <span class='ocrx_word' id='word_1_808' title='bbox 3209 5216 3235 5251; x_wconf 90' lang='lat' dir='ltr'><strong>a</strong></span> <span class='ocrx_word' id='word_1_809' title='bbox 3265 5200 3475 5253; x_wconf 87' lang='lat' dir='ltr'><strong>volendi</strong></span> <span class='ocrx_word' id='word_1_810' title='bbox 3496 5199 3661 5252; x_wconf 82' lang='lat' dir='ltr'><strong>verbo</strong></span> 
     </span>
    </p>
   </div>
   <div class='ocr_carea' id='block_1_112' title="bbox 2089 5291 3662 5361">
    <p class='ocr_par' dir='ltr' id='par_1_112' title="bbox 2089 5291 3662 5361">
     <span class='ocr_line' id='line_1_112' title="bbox 2089 5291 3662 5361; baseline -0.001 -17"><span class='ocrx_word' id='word_1_811' title='bbox 2089 5294 2270 5345; x_wconf 89' lang='lat' dir='ltr'><strong>vultus</strong></span> <span class='ocrx_word' id='word_1_812' title='bbox 2300 5292 2592 5346; x_wconf 84' lang='lat' dir='ltr'><strong>descendit.</strong></span> <span class='ocrx_word' id='word_1_813' title='bbox 2628 5291 2811 5345; x_wconf 87' lang='lat' dir='ltr'><strong>Facies</strong></span> <span class='ocrx_word' id='word_1_814' title='bbox 2835 5306 2861 5343; x_wconf 89' lang='lat' dir='ltr'><strong>a</strong></span> <span class='ocrx_word' id='word_1_815' title='bbox 2888 5292 3280 5345; x_wconf 83' lang='lat' dir='ltr'><strong>facieudodicta</strong></span> <span class='ocrx_word' id='word_1_816' title='bbox 3304 5304 3405 5351; x_wconf 87' lang='lat' dir='ltr'><strong>est,</strong></span> <span class='ocrx_word' id='word_1_817' title='bbox 3430 5293 3553 5361; x_wconf 82' lang='lat' dir='ltr'><strong>quia</strong></span> <span class='ocrx_word' id='word_1_818' title='bbox 3579 5307 3662 5345; x_wconf 77' lang='lat' dir='ltr'><strong>res</strong></span> 
     </span>
    </p>
   </div>
   <div class='ocr_carea' id='block_1_113' title="bbox 2092 5382 3660 5451">
    <p class='ocr_par' dir='ltr' id='par_1_113' title="bbox 2092 5382 3660 5451">
     <span class='ocr_line' id='line_1_113' title="bbox 2092 5382 3660 5451; baseline -0.001 -16"><span class='ocrx_word' id='word_1_819' title='bbox 2092 5385 2169 5435; x_wconf 93' lang='lat' dir='ltr'><strong>sic</strong></span> <span class='ocrx_word' id='word_1_820' title='bbox 2208 5384 2273 5434; x_wconf 82' lang='lat' dir='ltr'><strong>sit</strong></span> <span class='ocrx_word' id='word_1_821' title='bbox 2319 5383 2450 5435; x_wconf 66' lang='lat' dir='ltr'><strong>facta</strong></span> <span class='ocrx_word' id='word_1_822' title='bbox 2486 5400 2498 5433; x_wconf 90' lang='lat'>:</span> <span class='ocrx_word' id='word_1_823' title='bbox 2532 5382 2860 5451; x_wconf 75' lang='lat' dir='ltr'><strong>ditimttsque</strong></span> <span class='ocrx_word' id='word_1_824' title='bbox 2906 5397 3009 5434; x_wconf 89' lang='lat' dir='ltr'><strong>non</strong></span> <span class='ocrx_word' id='word_1_825' title='bbox 3057 5384 3224 5434; x_wconf 89' lang='lat' dir='ltr'><strong>solum</strong></span> <span class='ocrx_word' id='word_1_826' title='bbox 3268 5382 3518 5443; x_wconf 77' lang='lat' dir='ltr'><strong>hominis,</strong></span> <span class='ocrx_word' id='word_1_827' title='bbox 3568 5383 3660 5433; x_wconf 81' lang='lat' dir='ltr'><strong>sed</strong></span> 
     </span>
    </p>
   </div>
   <div class='ocr_carea' id='block_1_114' title="bbox 2090 5474 3661 5543">
    <p class='ocr_par' dir='ltr' id='par_1_114' title="bbox 2090 5474 3661 5543">
     <span class='ocr_line' id='line_1_114' title="bbox 2090 5474 3661 5543; baseline 0.001 -16"><span class='ocrx_word' id='word_1_828' title='bbox 2090 5483 2143 5528; x_wconf 93' lang='lat' dir='ltr'><strong>et</strong></span> <span class='ocrx_word' id='word_1_829' title='bbox 2182 5474 2399 5543; x_wconf 88' lang='lat' dir='ltr'><strong>pecudis</strong></span> <span class='ocrx_word' id='word_1_830' title='bbox 2436 5483 2491 5526; x_wconf 91' lang='lat' dir='ltr'><strong>et</strong></span> <span class='ocrx_word' id='word_1_831' title='bbox 2536 5474 2633 5527; x_wconf 91' lang='lat' dir='ltr'><strong>loci</strong></span> <span class='ocrx_word' id='word_1_832' title='bbox 2692 5475 2896 5537; x_wconf 77' lang='lat' dir='ltr'><strong>f:~ciem,</strong></span> <span class='ocrx_word' id='word_1_833' title='bbox 2935 5475 3033 5527; x_wconf 91' lang='lat' dir='ltr'><strong>hoc</strong></span> <span class='ocrx_word' id='word_1_834' title='bbox 3064 5483 3143 5526; x_wconf 89' lang='lat' dir='ltr'><strong>est</strong></span> <span class='ocrx_word' id='word_1_835' title='bbox 3175 5474 3392 5527; x_wconf 86' lang='lat' dir='ltr'><strong>fortnam</strong></span> <span class='ocrx_word' id='word_1_836' title='bbox 3424 5476 3503 5527; x_wconf 89' lang='lat' dir='ltr'><strong>vel</strong></span> <span class='ocrx_word' id='word_1_837' title='bbox 3536 5474 3661 5531; x_wconf 73' lang='lat' dir='ltr'><strong>figu-</strong></span> 
     </span>
    </p>
   </div>
   <div class='ocr_carea' id='block_1_115' title="bbox 2093 5565 3336 5618">
    <p class='ocr_par' dir='ltr' id='par_1_115' title="bbox 2093 5565 3336 5618">
     <span class='ocr_line' id='line_1_115' title="bbox 2093 5565 3336 5618; baseline -0.003 0"><span class='ocrx_word' id='word_1_838' title='bbox 2093 5581 2226 5618; x_wconf 89' lang='lat' dir='ltr'><strong>ram.</strong></span> <span class='ocrx_word' id='word_1_839' title='bbox 2260 5565 2446 5616; x_wconf 74' lang='lat' dir='ltr'><strong>Vultus</strong></span> <span class='ocrx_word' id='word_1_840' title='bbox 2474 5565 2641 5617; x_wconf 90' lang='lat' dir='ltr'><strong>solius</strong></span> <span class='ocrx_word' id='word_1_841' title='bbox 2661 5574 2738 5618; x_wconf 90' lang='lat' dir='ltr'><strong>est</strong></span> <span class='ocrx_word' id='word_1_842' title='bbox 2770 5565 3018 5616; x_wconf 88' lang='lat' dir='ltr'><strong>hominis.</strong></span> <span class='ocrx_word' id='word_1_843' title='bbox 3050 5567 3336 5616; x_wconf 68' lang='lat' dir='ltr'><strong>Acntcom.</strong></span> 
     </span>
    </p>
   </div>
   <div class='ocr_carea' id='block_1_116' title="bbox 2166 5652 3659 5723">
    <p class='ocr_par' dir='ltr' id='par_1_116' title="bbox 2166 5652 3659 5723">
     <span class='ocr_line' id='line_1_116' title="bbox 2166 5652 3659 5723; baseline 0.001 -18"><span class='ocrx_word' id='word_1_844' title='bbox 2166 5652 2382 5723; x_wconf 80' lang='lat' dir='ltr'><strong>Pontus]</strong></span> <span class='ocrx_word' id='word_1_845' title='bbox 2413 5653 2561 5721; x_wconf 79' lang='lat' dir='ltr'><strong>Apud</strong></span> <span class='ocrx_word' id='word_1_846' title='bbox 2594 5665 2774 5721; x_wconf 87' lang='lat' dir='ltr'><strong>poetas</strong></span> <span class='ocrx_word' id='word_1_847' title='bbox 2806 5654 3118 5721; x_wconf 80' lang='lat' dir='ltr'><strong>plerumque</strong></span> <span class='ocrx_word' id='word_1_848' title='bbox 3151 5669 3248 5721; x_wconf 89' lang='lat' dir='ltr'><strong>pro</strong></span> <span class='ocrx_word' id='word_1_849' title='bbox 3288 5655 3415 5707; x_wconf 86' lang='lat' dir='ltr'><strong>mari</strong></span> <span class='ocrx_word' id='word_1_850' title='bbox 3464 5654 3659 5719; x_wconf 84' lang='lat' dir='ltr'><strong>accipi-</strong></span> 
     </span>
    </p>
   </div>
   <div class='ocr_carea' id='block_1_117' title="bbox 2098 5746 3659 5817">
    <p class='ocr_par' dir='ltr' id='par_1_117' title="bbox 2098 5746 3659 5817">
     <span class='ocr_line' id='line_1_117' title="bbox 2098 5746 3659 5817; baseline 0.001 -15"><span class='ocrx_word' id='word_1_851' title='bbox 2098 5759 2179 5803; x_wconf 91' lang='lat' dir='ltr'><strong>tur</strong></span> <span class='ocrx_word' id='word_1_852' title='bbox 2221 5765 2315 5817; x_wconf 90' lang='lat' dir='ltr'><strong>per</strong></span> <span class='ocrx_word' id='word_1_853' title='bbox 2359 5748 2753 5815; x_wconf 81' lang='lat' dir='ltr'><strong>synecdochen,</strong></span> <span class='ocrx_word' id='word_1_854' title='bbox 2800 5758 2987 5817; x_wconf 77' lang='lat' dir='ltr'><strong>estque</strong></span> <span class='ocrx_word' id='word_1_855' title='bbox 3040 5762 3161 5815; x_wconf 90' lang='lat' dir='ltr'><strong>pars</strong></span> <span class='ocrx_word' id='word_1_856' title='bbox 3214 5748 3371 5804; x_wconf 89' lang='lat' dir='ltr'><strong>maris</strong></span> <span class='ocrx_word' id='word_1_857' title='bbox 3419 5746 3659 5817; x_wconf 65' lang='lat' dir='ltr'><strong>qumdam</strong></span> 
     </span>
    </p>
   </div>
  </div>
