4290 6258
632 397 723 456 Hi

1263 400 1603 456 APPENDlX
1641 399 1740 453 AD
1779 398 2020 456 LIBROS
2058 397 2143 452 DE
2182 396 2696 454 CONSOLATIONE
2743 393 3230 451 PlllLOSOPllle.

3787 389 3890 443 9η

633 513 768 568 ultra
810 510 1320 580 ConstantinOpolim
1369 511 1559 580 posita,
1594 525 1750 580 quam
1804 510 1958 565 hndie
2010 519 2207 564 natura:
2237 510 2629 578 Adesertoris‘,
2669 508 2807 578 quod
2841 517 2924 562 est
2969 507 3251 585 ῥίψασπις,
3292 503 3343 558 id
3371 513 3450 558 est
3481 503 3747 574 projector
3779 505 3888 575 cly-

633 613 829 659 vocant
872 618 1019 658 mare
1053 602 1267 665 Leonis,
1307 616 1334 653 a
1379 617 1478 670 qua
1512 602 1698 654 νὶςὶηιε
1738 612 1925 671 gentes
1972 602 2206 657 Poatica:

632 703 908 749 vocantur.
939 693 1178 747 Grzecum
1229 707 1422 745 nomen
1466 701 1547 747 est
1585 701 1799 761 pontus,
1829 693 2026 747 dictum
2056 695 2206 764 quasi

631 783 951 842 laboriosus,
983 781 1102 848 quia
1134 795 1347 848 semper
1375 785 1779 851 tempestatibus
1803 785 2060 852 agitatur:
2084 801 2202 838 nam

631 874 776 933 πόνος
805 871 989 924 Grznce
1013 872 1247 924 laborem
1275 872 1556 940 signiﬁcat.
1591 876 1882 928 AGtthOLA.

701 961 932 1033 /Estum]
959 963 1163 1024 Aistus,
1207 977 1236 1013 a
1282 979 1386 1031 quo
1428 974 1585 1016 testas
1626 963 1766 1018 dicta
1809 972 1909 1028 est,
1945 964 2205 1017 fervitrem

631 1051 913 1120 significat,
948 1052 1084 1105 unde
1113 1061 1165 1104 ct
1195 1064 1368 1106 motus
1397 1055 1484 1106 ille
1515 1056 1676 1107 maris
1698 1056 1782 1122 qui
1811 1059 1863 1106 tit
1891 1072 1984 1122 per
2008 1055 2205 1108 ﬂuxtun

631 1155 684 1198 et
724 1143 1002 1205 reﬂuxum,
1030 1152 1190 1196 aestus
1212 1142 1277 1195 ab
1301 1147 1604 1196 auctoribus
1635 1144 1831 1198 Latinis
1855 1145 2067 1207 dicitur,
2085 1146 2208 1214 quia

631 1248 781 1286 mare
819 1241 1046 1286 aestuare
1093 1243 1147 1286 et
1185 1241 1432 1302 tanquam
1478 1235 1703 1288 ebullire
1748 1236 1976 1289 videtur.
2025 1237 2207 1305 Itaque

633 1321 834 1375 Plinius
865 1324 1167 1376 :cstuarium
1196 1324 1334 1376 dixit
1355 1325 1523 1378 locum
1549 1323 1601 1378 in
1625 1341 1780 1393 quem
1813 1341 1871 1379 se
1900 1336 2060 1379 cestus
2092 1343 2206 1378 ma-

632 1413 704 1466 ris
733 1411 1048 1467 eﬁ‘nnderct.
1080 1412 1187 1483 Ego
1232 1415 1392 1468 etiam
1451 1415 1767 1470 crediderim
1816 1415 2004 1488 (quam
2050 1417 2208 1471 hodie

633 1504 856 1558 barbare
881 1504 1074 1558 stufam
1107 1521 1374 1569 vocamus,
1409 1507 1702 1561 secundum
1752 1524 1940 1562 sonum
1987 1509 2206 1563 Cerma-

635 1592 1006 1664 nicazlinguae)
1043 1595 1157 1662 ejus
1190 1611 1381 1650 nomen
1411 1598 1479 1650 ab
1520 1598 1770 1650 aestuario
1815 1609 2119 1668 corruptum
2155 1611 2208 1654 et

635 1684 974 1748 depravatum
1025 1699 1181 1750 esse,
1227 1700 1345 1740 eam
1400 1687 1600 1740 Plinius
1646 1688 1936 1743 caldariam
1977 1691 2202 1744 vocavit.

636 1769 764 1824 Nam
810 1772 899 1826 ubi
942 1773 1214 1842 lavamur,
1253 1775 1499 1830 balneum
1550 1777 1762 1846 pr0prie
1798 1778 2009 1833 dicitur.
2044 1784 2203 1835 Acm-

635 1874 785 1916 ιοιΑ.

701 1953 962 2025 Cominus]
985 1955 1028 2008 A
1045 1963 1246 2028 καίομαι
1272 1957 1479 2024 Crteee,
1511 1959 1653 2028 quod
1675 1971 1754 2014 est
1781 1963 1964 2026 ardeo,
1980 1963 2202 2028 dicitur;

638 2062 752 2102 eum
790 2048 974 2104 Latine
1018 2051 1270 2105 Martialis
1304 2051 1586 2106 fumarium
1625 2057 1833 2108 vocavit
1881 2072 1892 2107 :
1954 2058 2053 2110 hoc
2091 2058 2207 2111 loco

638 2152 728 2205 per
756 2139 1120 2209 metaphoram
1151 2142 1407 2210 accipitur
1430 2158 1525 2211 pro
1544 2153 1698 2198 antro
1724 2145 1805 2198 vel
1832 2160 2080 2212 caverna,
2113 2163 2208 2214 per

636 2241 790 2296 quam
824 2227 1059 2285 Vesevus
1086 2230 1326 2286 flammas
1352 2235 1562 2286 emittit.
1597 2234 1835 2289 Vesevus
1867 2251 2018 2290 mons
2049 2237 2204 2291 estin

639 2319 944 2390 Campania,
974 2337 1075 2378 non
1111 2323 1264 2393 longe
1304 2339 1331 2376 a
1363 2325 1580 2394 Neapoli
1629 2341 1842 2396 semper
1872 2328 2086 2397 ardens,
2118 2331 2206 2398 qui

640 2424 1010 2480 nonnunquam
1042 2415 1201 2468 tantis
1221 2415 1503 2470 ardoribus
1549 2418 1776 2486 agitatur
1811 2427 1864 2471 et
1905 2427 2116 2484 aestuat,
2152 2431 2208 2474 ut

640 2503 811 2558 omnia
846 2506 1018 2560 vicina
1047 2516 1201 2561 terra:
1239 2509 1471 2562 motibus
1523 2510 1770 2563 maximis
1815 2514 2208 2574 concutiantur,

639 2596 744 2664 agri
774 2606 1014 2665 tegantur
1038 2599 1322 2653 curribus.
1356 2599 1448 2652 Est
1469 2607 1523 2653 et
1548 2599 1684 2654 alius
1715 2601 1988 2656 immensa:
2017 2603 2210 2656 altitu-

640 2685 773 2740 tlinis
800 2687 852 2741 in
877 2689 1118 2757 Alpibus,
1147 2688 1236 2756 qui
1270 2689 1513 2754 Vesulus,
1548 2705 1650 2743 non
1689 2691 1924 2746 Vesevus
1972 2694 2051 2761 (ut
2079 2707 2213 2746 non-

641 2777 767 2831 nulli
799 2777 992 2834 indocti
1021 2778 1223 2845 dicunt)
1261 2792 1499 2833 vocatur.
1532 2783 1823 2838 AGRICOLA.

709 2868 900 2940 Celsos]
929 2871 971 2924 A
1003 2871 1136 2926 cello
1177 2871 1428 2926 inusitato
1471 2873 1634 2927 verbo
1680 2875 1895 2944 dicitur,
1927 2876 2064 2931 unde
2097 2892 2215 2945 per-

642 2961 795 3025 cello,
821 2962 1046 3025 excelle,
1073 2964 1334 3017 antecello
1366 2964 1630 3017 dicuntur.
1658 2965 1947 3020 AGRICOLA.

705 3051 906 3122 Turris]
927 3053 1088 3119 Quasi
1113 3055 1286 3120 terris,
1313 3053 1434 3123 quia
1475 3055 1657 3110 hostes
1689 3065 1906 3122 terreat,
1940 3057 2079 3114 dicta
2113 3068 2215 3113 est.

642 3145 931 3201 Acatcout.

710 3237 952 3308 Fulmen]
979 3236 1126 3293 Sicut
1156 3237 1336 3309 fulgur
1361 3255 1391 3294 a
1414 3238 1665 3310 fulgendo
1691 3238 1892 3294 dictum
1923 3250 2026 3295 est.
2054 3241 2217 3295 Acat-
2243 3249 2291 3311 ο

643 3345 794 3385 ιοιΑ.

711 3421 1000 3492 Tyraunos]
1028 3421 1212 3476 Graece
1239 3423 1528 3493 principem
1558 3423 1837 3493 signiﬁcat.
1871 3424 2001 3479 Inde
2030 3423 2216 3494 Virgil.

646 3514 775 3566 dixit
804 3513 853 3566 in
878 3528 947 3566 vn
978 3512 1191 3567 Aineid.
1218 3530 1229 3540 ·

827 3647 946 3694 Pars
970 3646 1086 3694 mihi
1111 3646 1238 3709 pacis
1262 3648 1374 3707 erit,
1399 3647 1622 3696 dextram
1644 3650 1868 3710 tetigisse
1887 3652 2074 3710 tyranni

646 3771 774 3838 Quia
827 3785 953 3824 vero
983 3770 1155 3824 Graeci
1203 3786 1417 3840 semper
1472 3772 1755 3840 cupierunt
1800 3786 1920 3826 esse
1965 3771 2117 3826 liberi
2167 3784 2222 3830 et

646 3864 759 3918 sine
801 3865 1035 3932 regibus,
1088 3863 1286 3918 idcirco
1337 3863 1554 3934 tyranni
1611 3878 1804 3916 nomen
1849 3863 1988 3932 apttd
2017 3880 2132 3933 eos,
2167 3876 2220 3919 et

645 3957 766 4009 hinc
788 3955 925 4024 apud
954 3968 1142 4008 omnes
1161 3955 1298 4009 inter
1324 3953 1635 4007 detcsxanda
1659 3963 1740 4005 est
1771 3953 2029 4008 habitum.
2055 3954 2213 4009 Acm-

646 4062 801 4103 κοιλ.

714 4135 1092 4208 Exarmaveris]
1121 4136 1222 4190 Pro
1242 4135 1566 4199 exarmabis,
1601 4146 1656 4189 ιιι
1701 4135 1809 4189 fere
1855 4135 1964 4189 vult
1995 4135 2224 4190 Priscia-

647 4243 750 4285 nus
784 4229 951 4298 accipi
981 4227 1033 4281 in
1065 4228 1364 4296 hujusutodi
1395 4228 1524 4280 locis
1541 4227 1936 4296 c0njunctivum
1970 4243 2065 4295 pro
2088 4227 2223 4281 iudi-

646 4325 840 4388 cativo,
872 4337 1173 4393 quanquam
1219 4330 1394 4374 tamen
1442 4319 1576 4374 forte
1623 4321 1820 4373 rectius
1853 4320 2224 4388 interpretabi-

647 4430 766 4469 mur
794 4429 886 4483 pcr
921 4415 1106 4483 poteris
1139 4427 1402 4466 exarmare
1433 4410 1547 4472 vel,
1584 4422 1654 4464 est
1693 4421 1744 4462 ut
1784 4427 2028 4463 exarmes.
2057 4411 2220 4464 Acut-

645 4525 800 4564 COLA.

721 4597 1002 4670 Impotens]
1030 4598 1298 4666 lmpotens
1340 4596 1534 4650 dicitur
1578 4595 1887 4663 plerumque
1945 4593 1995 4646 in
2030 4593 2218 4645 malam

647 4705 871 4761 partem,
897 4700 1084 4744 utnon
1121 4691 1191 4744 sit
1238 4689 1377 4743 idem
1408 4687 1546 4758 quod
1575 4686 1763 4740 debilis
1790 4685 1872 4737 vel
1922 4684 2219 4750 imbecillis,

646 4785 738 4838 sed
767 4784 855 4853 qui
879 4798 986 4836 non
1017 4793 1204 4851 potens
1251 4781 1354 4843 sui,
1387 4790 1446 4834 ιιι
1490 4787 1614 4832 sunt
1646 4777 1955 4846 plerumque
1981 4775 2223 4830 homines

647 4876 700 4928 in
720 4889 909 4944 magna
940 4874 1150 4927 fortuna
1181 4872 1358 4941 positi.
1383 4871 1452 4924 lta
1485 4869 1613 4922 dicit
1644 4868 1845 4921 Plinius
1869 4867 1916 4920 in
1945 4867 2221 4936 epistolis:

649 4965 957 5034 Seioquam
981 4964 1049 5017 sit
1090 4977 1238 5017 amor
1269 4962 1534 5029 impotens
1564 4975 1793 5027 semper.
1834 4958 1920 5012 Sic
1948 4961 2108 5013 etiam
2142 4959 2226 5012 di-

651 5058 819 5108 cimus
839 5053 1197 5120 impatientem
1222 5053 1440 5116 amoris,
1467 5051 1828 5120 impatientem
1847 5047 1957 5113 iras,
1979 5049 2223 5117 nonquia

653 5159 759 5200 non
785 5144 1035 5214 patiatur,
1068 5142 1159 5196 sed
1181 5142 1301 5212 quia
1333 5158 1437 5195 non
1485 5142 1769 5196 commode
1791 5140 2039 5210 patiatur.
2067 5145 2226 5197 Aoni—

651 5254 807 5293 COLA.

721 5329 916 5402 Abjecit
937 5329 1188 5399 clypeum,
1215 5325 1426 5396 locoque
1453 5323 1640 5396 motus]
1680 5325 2039 5395 Periphrasis,
2069 5325 2118 5379 id
2146 5335 2228 5381 est

653 5423 1050 5480 circumlocutio
1077 5429 1157 5475 est
1183 5419 1492 5484 desertoris,
1517 5419 1605 5488 qui
1635 5419 1810 5473 locum
1864 5418 1914 5471 in
1937 5420 2050 5471 acie
2073 5419 2170 5472 sibi
2196 5433 2224 5470 a

653 5517 787 5572 duce
818 5519 1138 5582 assignatum
1162 5510 1434 5580 relinquit.
1460 5509 1572 5564 Non
1600 5509 1738 5563 enim
1765 5509 1959 5563 licebat
1986 5508 2228 5563 instituto

653 5609 856 5663 militia:
872 5608 1064 5662 veteris
1095 5605 1298 5660 moveri
1327 5604 1465 5666 loco,
1490 5603 1589 5656 nisi
1613 5601 1834 5657 feriendi
1857 5601 2025 5655 hostis
2047 5616 2224 5662 causa,

655 5701 734 5754 vel
779 5700 1021 5752 servandi
1073 5699 1234 5759 civis,
1280 5696 1362 5750 vel
1401 5696 1702 5750 resumenili
1748 5694 1857 5749 teli.
1918 5695 2065 5760 Quod
2103 5692 2230 5747 dicit

655 5797 854 5854 autem,
887 5785 1070 5854 abjecit
1101 5786 1356 5854 clypeum,
1386 5785 1566 5839 allusit
1622 5786 1687 5839 ad
1738 5786 1980 5840 Grmcum
2034 5799 2225 5838 nomen

2312 603 2411 671 pei.
2442 603 2732 656 Actucout.

2382 695 2604 746 Metrmn
2633 690 2772 761 quod
2805 690 3053 760 Agricola
3083 701 3136 743 et
3180 689 3270 742 alii
3320 705 3423 742 non
3456 689 3606 757 pauci
3651 688 3888 744 Pbaleu-

2309 786 2447 838 cium
2477 792 2685 845 vocant,
2719 782 2956 850 plerique
2980 796 3072 848 per
3100 796 3143 833 te
3167 780 3530 848 dipbtbongmi
3562 782 3733 848 potius
3767 781 3889 833 Pla-

2312 875 2519 928 laecium
2553 874 2776 928 dicunt:
2812 873 3047 925 nonnulli
3090 871 3455 933 Phalecinuut,
3497 871 3588 924 alii
3621 870 3887 924 I‘ltalcuti-

2309 977 2428 1016 cum
2458 980 2469 1012 :
2499 961 2592 1014 sed
2639 961 2931 1014 cavendum
2969 961 3217 1026 onmiuo,
3246 974 3314 1014 ne
3357 976 3504 1014 more
3553 959 3886 1015 indoctorum

2310 1068 2404 1123 per
2433 1070 2465 1105 η
2491 1052 2767 1106 falenciutn
2796 1062 3034 1105 vocetur.

2381 1143 2626 1213 Serenus]
2657 1143 2889 1196 Nubibus
2910 1141 3364 1208 perturbationum
3382 1156 3609 1195 vacuus:
3631 1143 3885 1206 quemad-

2313 1235 2529 1288 modum
2560 1245 2742 1288 contra
2773 1235 2823 1287 in
2857 1235 3043 1287 ultimo
3078 1236 3232 1302 hujus
3259 1236 3497 1288 carmine
3528 1235 3705 1288 nubila
3735 1250 3888 1290 mens

2310 1326 2523 1390 dicitur,
2556 1330 2733 1394 pravis
2757 1326 3124 1381 affectionibus
3150 1326 3397 1380 obducta.
3432 1327 3611 1380 ()vid.:

2493 1413 2710 1464 Carmina
2740 1417 3030 1475 proveniunt
3053 1417 3213 1462 animo
3236 1415 3442 1462 deducta
3467 1427 3666 1464 sereno.

2311 1499 2572 1552 Marsilius
2613 1501 2827 1553 Ficinus
2859 1501 2909 1552 in
2944 1501 3037 1554 lih.
3063 1501 3258 1555 l’lotiui
3304 1505 3372 1556 de
3405 1503 3762 1567 Beatitudine,
3795 1518 3887 1558 ca-

2310 1590 2418 1656 pite
2452 1590 2545 1644 19.:
2567 1589 2802 1644 Serenus
2831 1599 3008 1644 autem
3031 1605 3241 1659 semper
3267 1604 3347 1644 ρει
3384 1593 3599 1660 probus,
3619 1606 3891 1659 statusque

2310 1678 2426 1746 ejus
2475 1680 2709 1748 quietus,
2760 1679 3082 1747 affectioque
3132 1681 3424 1747 sufﬁciens,
3473 1696 3628 1751 quam
3685 1684 3889 1736 nullum

2311 1770 2530 1822 cinnino
2577 1785 2784 1835 eorum,
2835 1771 2923 1840 qui
2957 1771 3093 1825 mala
3121 1772 3398 1836 dicuntur,
3423 1775 3465 1827 si
3496 1775 3652 1827 modo
3696 1777 3892 1844 probus

2238 1883 2279 1940 Β
2310 1861 2398 1913 ille
2429 1861 2509 1921 sit,
2538 1861 2832 1926 perturbat.

2378 1946 2590 2017 Fatum]
2622 1949 2757 2013 Quid
2789 1949 2858 2001 sit
2891 1947 3026 2002 infra
3051 1949 3102 2001 in
3136 1965 3184 2002 tv
3211 1950 3300 2002 lib.
3331 1947 3541 2004 dicitur.
3592 1951 3688 2006 llic
3716 1960 3892 2007 autem

2310 2052 2403 2105 per
2430 2037 2591 2090 fatum
2625 2039 2805 2106 accipe.
2831 2079 2845 2101 ,
2893 2055 2955 2091 ex
3007 2040 3112 2092 fato
3143 2040 3432 2095 venientia.
3468 2042 3684 2097 Videtur
3712 2053 3892 2098 autem

2309 2129 2572 2195 imitatus,
2599 2129 2726 2182 illud
2756 2128 2942 2196 Virgil.
2975 2131 3025 2182 in
3057 2147 3088 2183 tt
3121 2129 3347 2200 Georg.:

2494 2220 2652 2285 Felix,
2678 2222 2758 2282 qui
2788 2225 2939 2279 potuit
2960 2235 3122 2268 rerum
3154 2235 3456 2285 cognrscerc
3479 2233 3669 2285 causas,

2495 2283 2654 2342 Atque
2681 2291 2839 2329 metus
2857 2296 3046 2339 omnes,
3075 2291 3124 2330 et
3148 2284 3450 2331 iuexoralmle
3476 2284 3623 2332 fatum

2493 2343 2712 2403 Subjecit
2735 2345 2959 2404 pedibus,
2979 2346 3340 2405 strepitumque
3371 2347 3660 2395 Acherontis
3682 2347 3829 2396 amt.

2313 2426 2377 2478 Et
2399 2424 2526 2479 illud
2549 2428 2766 2479 Seneca:
2798 2427 2976 2494 tragici
3011 2427 3062 2479 in
3091 2428 3312 2481 llercuie
3340 2427 3527 2484 ΟΕιιθο
3562 2448 3577 2483 :

2497 2515 2725 2576 Quisquis
2750 2517 2839 2561 sub
2869 2515 3072 2575 pedibus
3095 2515 3188 2563 fata
3212 2518 3424 2576 rapacia,

2495 2576 2554 2637 Et
2579 2589 2787 2637 pumiem
2809 2579 2966 2637 posuit
2994 2578 3185 2624 luminis
3209 2579 3384 2637 ultimi,

2495 2636 2601 2685 Non
2625 2636 2818 2696 Captiva
2833 2640 2968 2684 dabit
2995 2639 3189 2685 brachia
3219 2636 3439 2696 vinculis,

2499 2698 2603 2747 Nec.
2631 2712 2815 2759 pompas
2839 2700 3006 2747 veniet
3032 2700 3196 2747 nobile
3220 2699 3472 2748 ferculum.

2317 2780 2447 2834 ltem
2478 2780 2715 2848 ejusdem
2769 2795 2954 2833 versus
2981 2781 3429 2847 elegantissimos,
3472 2782 3562 2851 qui
3592 2790 3715 2835 surt
3751 2783 3805 2834 in
3838 2799 3901 2836 ea

2317 2868 2593 2938 tragoedia,
2623 2869 2707 2921 cui
2737 2869 2922 2922 titulus
2945 2869 3241 2940 Thyestes:

2561 2975 2790 3040 Benest,
2811 2978 2893 3038 qui
2916 2981 3073 3038 pusuit
3098 2987 3276 3040 metus,

2565 3037 2625 3088 Et
2644 3039 2734 3086 diri
2758 3037 2878 3086 mala
2902 3037 3010 3102 licet
3044 3043 3130 3102 ris,

2567 3101 2721 3162 Quem
2747 3114 2838 3147 nun
2859 3101 3056 3147 ambitio
3077 3101 3334 3162 impotens,

2566 3160 2626 3208 Et
2650 3174 2887 3218 nunquam
2913 3163 3099 3210 stab.lts
3119 3163 3252 3211 favor

2566 3221 2708 3281 Vulgi
2737 3224 2994 3281 praecipitis
3018 3231 3197 3278 movet,

2569 3282 2672 3348 ιςοη
2694 3284 2922 3348 quidquid
2950 3284 3066 3331 fodit
3089 3286 3337 3348 occidens,

2569 3345 2668 3392 Aut
2689 3345 2812 3390 ttttda
2838 3345 2998 3405 Tagus
3017 3359 3163 3394 aurea

2567 3405 2706 3452 (Jaio
2730 3406 3116 3465 devehilalvvo,

2569 3466 2672 3514 Non
2694 3468 2923 3527 quidquid
2950 3468 3136 3516 Libtcis
3169 3471 3282 3517 terit

2571 3527 2794 3576 l’erveus
2817 3541 2928 3574 arta
2958 3532 3215 3577 mchiuus.

2568 3590 2724 3644 Quem
2751 3602 2842 3634 non
2863 3592 3112 3638 concutiet
3131 3594 3311 3640 cadens

2573 3647 2768 3711 tlbliqui
2798 3663 2868 3696 vta
2895 3651 3123 3709 fulminis,

2567 3709 2673 3759 Non
2695 3709 2845 3759 curus
2865 3726 3059 3772 rapzens
3082 3726 3236 3774 mare,

2570 3773 2667 3819 Aut
2689 3785 2818 3819 stevo
2844 3775 3036 3830 rapid-:s
3063 3773 3190 3822 freto

2572 3833 2714 3880 Venti
2733 3835 2773 3880 si
2797 3843 2953 3881 tutnnr
2985 3835 3165 3893 Adritp,

2575 3897 2728 3957 Quem
2757 3906 2848 3940 non
2878 3895 3041 3941 laurea
3068 3897 3248 3957 militis,

2569 3955 2673 4021 {Son
2705 3958 2984 4021 str.ctus_do
3004 3959 3105 4021 nuit
3129 3955 3347 4021 chalybs,

2572 4019 2662 4072 Qui
2691 4025 2793 4063 tuto
2824 4019 3005 4075 positus
3033 4019 3150 4075 l0.'0,

2576 4076 2703 4124 lttl't'a
2729 4092 2782 4125 se
2811 4082 2941 4126 \itlel
2963 4081 3138 4136 omnia,

2574 4141 2893 4199 Ucettrritque
2920 4153 3004 4185 suo
3026 4140 3180 4187 libens

2573 4199 2709 4258 Fato,
2738 4213 2830 4249 nec
2859 4205 3085 4262 queritur
3108 4202 3247 4251 mori.

2401 4299 2542 4372 Egit]
2573 4302 2784 4369 Optime
2829 4303 3022 4369 placet,
3083 4305 3224 4373 quod
3271 4295 3519 4377 Agricola
3553 4312 3736 4382 sentit,
3761 4312 3904 4372 dedit

2329 4394 2736 4456 restituendum,
2766 4405 2824 4447 ttt
2853 4409 3040 4448 versus
3071 4405 3302 4452 constet.

2401 4485 2686 4538 Fortunam
2707 4485 2994 4556 utramque]
3024 4487 3088 4539 Et
3109 4502 3419 4558 prosperam
3448 4501 3502 4546 et
3521 4491 3823 4547 adversam.

2401 4575 2587 4646 Tuens]
2619 4576 2854 4630 Intuens.

2397 4663 2605 4735 Rectus]
2638 4666 2884 4720 lnllexus.
2913 4664 3197 4720 Cleobulus
3224 4685 3235 4719 :
3273 4669 3402 4722 Dum
3434 4671 3662 4723 secunda
3695 4672 3911 4726 fortuna

2329 4759 2547 4824 arridet,
2591 4759 2868 4827 superbire
2925 4760 3074 4812 noli:
3117 4760 3335 4815 adversa
3380 4775 3761 4831 per-strepente,
3799 4767 3913 4821 noli

2328 4851 2516 4918 frangi.
2562 4849 2811 4903 Fortuna:
2863 4851 3184 4904 mutationes
3236 4851 3444 4906 fortiter
3483 4855 3650 4910 disce.
3693 4856 3915 4910 Perian-

2330 4942 2426 4995 der
2451 4959 2462 4992 :
2494 4941 2635 4994 Inter
2658 4939 2919 4994 secundas
2943 4956 3029 4995 res
3052 4949 3170 4994 esto
3195 4941 3522 5007 moderatus,
3552 4947 3689 4998 inter
3719 4947 3916 5000 adver-

2329 5047 2413 5086 sas
2437 5031 2687 5100 prudens.

2401 5125 2680 5195 Invictum]
2716 5123 3082 5189 Constantem,
3113 5125 3340 5180 fortuna:
3393 5127 3776 5185 mutationibus
3803 5143 3916 5186 non

2332 5219 2787 5274 suecumbentem.

2403 5309 2524 5363 Non
2570 5312 2716 5362 illum
2765 5309 2968 5373 rabies,
3021 5307 3162 5380 etc.]
3203 5310 3294 5364 Sic
3346 5310 3598 5366 Horatius
3632 5312 3682 5365 in
3721 5327 3777 5366 tu
3815 5313 3916 5368 lib.

2332 5403 2512 5458 Carm.
2537 5415 2549 5456 :

2518 5490 2706 5538 Justmn
2732 5499 2780 5537 ct
2805 5497 3026 5539 tenacem
3051 5492 3280 5551 propo<iti
3307 5492 3477 5551 virum,

2515 5551 2618 5599 Non
2643 5553 2813 5598 civium
2836 5552 2976 5600 ardor
3002 5567 3144 5609 prava
3166 5554 3457 5611 jubentium,

2517 5612 2620 5674 l‘ion
2645 5616 2806 5660 vu’tus
2829 5615 3053 5663 instantis
3079 5614 3260 5674 tyranni

2519 5673 2680 5735 Μελιιιε
2709 5677 2862 5735 quatit
2885 5677 2968 5722 sttit
2994 5687 3052 5726 sa,
3080 5673 3240 5734 neque
3267 5679 3431 5722 attslcr

2522 5733 2626 5797 [lux
2649 5733 2859 5797 inquieti
2886 5737 3107 5783 turbidus
3141 5733 3321 5797 Adria',

2516 5794 2618 5844 Nec
2642 5794 2937 5859 fulminant‘s
2959 5807 3132 5856 magna
3157 5795 3289 5845 Jovis
3308 5794 3501 5844 manus.
