4290 6258
415 408 520 467 913

599 522 648 585 Si
674 522 849 571 fructm
875 525 1094 575 lllabatur
1118 529 1267 585 orbis,

596 582 892 644 [inpavidum
921 589 1098 637 l'erient
1122 582 1289 638 ruinae.

482 660 793 736 Excitanlis]
828 668 915 719 Sic
943 668 1241 736 legcndttttt,
1278 680 1334 723 ut
1360 673 1660 728 rectissime
1682 677 1848 728 sentit
1877 677 1984 729 Ho-

412 751 638 819 dolpbus
690 753 946 821 Longius,
1000 772 1105 811 non
1160 760 1504 828 exagitantis,
1553 775 1608 815 ut
1662 764 1815 832 vulgo
1859 779 1986 819 con-

412 853 493 898 tra
529 847 682 899 metri
715 848 972 902 rationem
1004 851 1192 920 legitur
1218 855 1267 906 in
1303 855 1695 923 exemplaribus
1719 858 1981 927 deprava-

413 935 501 990 tis.

489 1024 727 1097 Vesevus]
758 1027 852 1081 llic
884 1044 1050 1097 prope
1079 1030 1349 1101 Neapolim
1381 1049 1533 1089 mons
1564 1044 1647 1091 est
1682 1037 1732 1091 in
1760 1037 1985 1107 Campa-

411 1116 515 1179 nia,
546 1118 633 1181 qui
681 1129 879 1171 mutato
921 1121 1085 1186 priori
1140 1125 1353 1179 nomine
1405 1126 1621 1181 Summa
1671 1128 1885 1184 dicitur.
1934 1131 1984 1183 Is

409 1205 699 1272 aliquando
728 1208 1091 1277 conﬂagravit,
1126 1222 1182 1265 ut
1213 1214 1413 1268 Plinius
1444 1215 1494 1268 in
1530 1218 1769 1282 epistolis
1799 1219 1981 1283 refert,

411 1295 695 1349 Suetonius
724 1308 775 1351 et
812 1300 1090 1367 Eusebius,
1120 1304 1417 1373 imperante
1446 1308 1566 1363 Tito
1589 1319 1793 1364 tantum
1822 1327 1890 1365 ex
1924 1328 1984 1367 se

410 1384 637 1439 incendii
669 1390 865 1455 emisit,
899 1400 955 1444 nt
1004 1393 1208 1448 vicinas
1232 1397 1492 1464 regiones,
1526 1409 1579 1453 et
1609 1416 1726 1454 cum
1754 1402 1984 1456 Immitti-

408 1472 506 1527 bus
552 1479 709 1529 urbes
740 1489 1007 1534 exureret.
1040 1483 1197 1536 Divus
1250 1486 1605 1558 Hieronymus
1652 1491 1705 1543 itt
1748 1493 1977 1561 quadam

407 1566 627 1632 epistola
662 1586 675 1623 :
708 1569 820 1623 Non
856 1575 1051 1627 etenim
1112 1577 1279 1645 ignes,
1342 1597 1445 1634 non
1496 1581 1747 1637 Vulcania
1800 1586 1977 1649 tellus,

409 1671 513 1709 non
548 1658 779 1715 Vesevus
806 1676 857 1717 et
880 1666 1132 1734 Olympus
1164 1671 1322 1724 tantis
1342 1674 1622 1727 ardoribus
1642 1686 1893 1742 aestuant,
1921 1688 1980 1732 ut

406 1746 667 1809 juveniles
698 1751 943 1807 medulla:
998 1757 1122 1807 vino
1166 1760 1336 1824 plena:
1393 1770 1446 1815 et
1488 1762 1713 1831 dapibus
1770 1766 1979 1820 inflam-

407 1849 582 1892 matae.
632 1840 833 1897 Dicitur
871 1856 924 1900 et
966 1846 1243 1905 Vesuvius.
1293 1852 1425 1907 Hinc
1464 1854 1781 1911 Vesuvinus.
1822 1859 1978 1925 Papi-

405 1942 521 1983 HIHS
554 1947 566 1983 ἒ

523 2021 627 2092 {fon
656 2023 777 2092 adeo
804 2026 1075 2077 Vesuvinus
1107 2043 1255 2092 apex,
1285 2042 1333 2082 et
1358 2035 1576 2084 ﬂammea
1602 2039 1693 2087 dirl

527 2082 700 2132 Montis
724 2087 882 2136 hiems
906 2092 1123 2151 trepidas
1140 2082 1375 2145 exhausit.
1399 2082 1587 2154 civibus
1607 2082 1771 2150 nrbes.

474 2164 645 2221 Celsus
672 2170 853 2240 terras]
881 2172 1129 2230 Horatius
1158 2194 1172 2228 :

584 2279 769 2350 ξενίας
790 2288 951 2334 ventis
974 2289 1180 2343 agitatur
1206 2290 1379 2350 ingens

582 2340 749 2409 μεως,
777 2352 827 2392 et
846 2350 990 2395 celsae
1004 2340 1233 2409 graviore
1256 2340 1368 2400 casu

582 2400 822 2474 Decidunt
846 2400 1037 2463 turres:
1050 2410 1327 2474 feriuntque
1348 2428 1560 2464 summos

764 2466 975 2529 Fulgura
998 2481 1201 2521 montes.

466 2560 627 2617 Feros
659 2567 923 2640 tyrannos]
948 2570 1035 2625 Sic
1066 2572 1347 2641 legendum
1374 2584 1477 2643 est,
1509 2592 1613 2632 non
1670 2594 1862 2646 szevos,
1913 2592 1969 2637 ut

398 2652 705 2723 Rodolpltus
758 2658 991 2730 Langius
1042 2663 1323 2721 duodecim
1360 2670 1555 2724 abhinc
1606 2687 1772 2728 annos
1825 2689 1854 2728 a
1885 2692 1971 2731 me

396 2749 687 2813 consultus,
717 2765 775 2804 se
804 2752 854 2804 in
879 2757 1165 2823 exemplari
1200 2760 1426 2826 quodam
1457 2762 1645 2830 legisse
1674 2766 1964 2832 respondit.

464 2840 657 2903 Abjecit
684 2844 937 2917 clypeum]
965 2848 1195 2904 Auctore
1214 2851 1533 2909 Philostrato
1556 2856 1691 2911 libro
1708 2859 1965 2925 secundo,

396 2931 703 2998 Apollonius
734 2938 799 2991 ad
846 2940 1118 2997 Damidem
1166 2948 1411 3002 comitem
1445 2962 1597 3004 suntn
1629 2953 1704 3005 sic
1760 2953 1965 3011 locutus

393 3025 687 3091 est:Quod
731 3029 774 3081 si
834 3032 937 3084 tuis
990 3036 1282 3094 rationibus
1324 3054 1608 3105 persuasus
1657 3044 1960 3111 bujusmodi

392 3118 643 3182 pecunias
673 3120 995 3189 acciperem,
1039 3142 1216 3182 nonne
1257 3146 1340 3183 nae
1371 3147 1589 3185 avarum
1643 3144 1693 3186 ct
1726 3120 1961 3203 phiioso-

1300 422 1695 488 .MUBMELLH
1738 424 1825 478 ET
1865 423 2229 479 AGRlCOLAE
2269 426 2783 483 COMMENTARIA.

2022 534 2073 593 Α
2098 535 2259 588 telam
2285 537 2474 603 Boetii,
2502 548 2555 592 et
2578 539 2752 593 eliciat
2772 554 2837 594 ex
2864 554 2929 595 eo
2951 555 3162 598 causam
3186 546 3405 614 doloris,
3431 565 3496 604 ex
3520 566 3670 608 more

3564 443 3666 496 9H

2090 624 2424 696 dialogorum
2457 627 2749 699 interrogat
2777 645 2898 686 eum
2921 647 2987 686 an
3011 634 3273 705 intelligat
3301 654 3362 694 ea
3388 655 3507 710 quae
3535 643 3669 698 dixit

2091 715 2202 783 ipsa
2231 718 2505 785 superius,
2534 720 2773 775 hortatur
2801 738 3013 792 quoque
3058 734 3116 779 ut
3157 729 3314 796 plane
3360 730 3503 785 dicat
3541 734 3665 803 quid

2090 805 2292 860 doleat.
2322 808 2453 861 llinc
2481 810 2731 879 Boetius,
2761 824 2972 882 sumpto
3004 815 3180 882 initio,
3211 817 3340 872 dicit
3367 821 3497 873 nihil
3534 838 3667 891 opus

2087 910 2207 951 esse
2238 898 2435 965 verbis,
2465 915 2584 955 cum
2610 903 2723 971 ipsa
2753 903 2908 959 facile
2937 906 3104 975 possit
3145 923 3211 962 ex
3261 922 3476 977 aspectu
3526 914 3661 983 loci,

2088 988 2190 1042 hoc
2218 998 2301 1044 est
2328 993 2560 1047 carceris
2584 994 2635 1047 in
2667 1009 2771 1063 quo
2797 1004 2910 1049 erat
2928 1038 2943 1061 ,
2966 1011 3179 1052 causam
3200 999 3398 1056 doloris
3428 1002 3509 1055 sui
3539 1018 3664 1072 per-

2086 1080 2294 1148 spicere
2337 1098 2351 1136 :
2403 1085 2540 1152 quod
2588 1100 2654 1139 eo
2694 1086 2961 1156 indignius
3003 1090 3207 1144 accidat
3257 1092 3379 1159 sibi,
3431 1107 3552 1147 cum
3597 1096 3663 1149 ad

2088 1170 2471 1239 rempublicam
2517 1174 2989 1231 administrandam
3031 1180 3180 1234 velut
3220 1181 3371 1250 jussu
3422 1183 3661 1240 Philoso-

2087 1263 2224 1330 phia:
2254 1267 2558 1330 accesserit,
2578 1276 2632 1321 et
2659 1270 2839 1322 omnia
2872 1284 2969 1338 pro
2991 1286 3143 1339 aequo
3174 1282 3225 1327 ct
3250 1273 3388 1327 bono
3410 1273 3461 1328 in
3483 1291 3544 1329 ea
3572 1291 3661 1332 co-

2086 1366 2242 1411 natus
2286 1358 2392 1423 sit,
2443 1374 2539 1413 nec
2583 1359 2895 1429 cujusquam
2944 1363 3123 1417 odium
3164 1365 3445 1421 timuerit:
3487 1369 3662 1438 itaque

2083 1444 2369 1515 Conigasto
2398 1458 2453 1502 et
2477 1449 2782 1520 Terguillae,
2812 1461 2865 1506 et
2904 1454 3125 1522 reliquis
3166 1456 3406 1512 barbaris
3448 1473 3663 1528 semper
3718 1523 3738 1546 ,ἢ

2084 1537 2353 1593 obstitisse
2379 1556 2467 1605 se,
2501 1557 2567 1595 ne
2606 1543 2798 1611 ubique
2829 1560 2925 1613 pro
2956 1546 3174 1601 libidine
3213 1564 3307 1603 sua
3348 1550 3662 1607 imbecillio-

2083 1642 2169 1681 res
2191 1631 2572 1697 opprimerent.
2606 1632 2945 1701 Campaniam
2977 1637 3157 1692 itidem
3190 1639 3351 1707 dicit,
3382 1651 3437 1695 ut
3474 1643 3659 1697 defen-

2082 1719 2217 1774 derit
2247 1723 2313 1776 ab
2341 1724 2537 1791 exitio,
2572 1739 2692 1780 cum
2737 1729 2890 1783 lamis
2924 1738 3161 1800 tempore
3207 1735 3484 1803 praziectus
3526 1753 3660 1805 prte-

2082 1814 2202 1867 torii
2231 1830 2389 1869 omne
2424 1816 2747 1872 frumentum
2789 1834 3036 1877 coemere
3065 1824 3339 1879 voluisset.
3379 1828 3468 1881 Sic
3496 1828 3656 1882 etiam

2007 1891 2056 1951 B
2085 1913 2138 1957 ut
2168 1903 2465 1961 defenderit
2503 1908 2780 1963 Paulinum
2813 1921 2866 1966 et
2896 1914 3144 1969 Albinum
3176 1917 3319 1970 viros
3348 1919 3659 1973 consulares

2079 1993 2147 2047 ab
2179 1995 2366 2061 injuria
2392 2008 2759 2053 accusatorum
2785 2044 2800 2069 ,
2847 2003 3038 2070 quibus
3068 2004 3226 2059 rebus
3263 2016 3480 2075 prepter
3510 2023 3658 2063 amo-

2080 2098 2191 2138 rem
2219 2085 2439 2153 justitize
2475 2090 2655 2144 odium
2694 2091 3058 2161 improborum
3098 2096 3152 2148 in
3195 2110 3254 2150 se
3289 2098 3654 2153 concitaverit.

2081 2175 2355 2229 Acmcout

2151 2265 2346 2336 Sentis]
2377 2265 2587 2323 Senttre
2618 2272 2831 2340 praprie
2856 2272 3048 2329 dicitur
3074 2276 3250 2345 aliquo
3277 2278 3509 2349 quinque
3534 2294 3665 2337 sen-

2075 2368 2229 2409 suum
2271 2358 2546 2426 percipere
2591 2376 2609 2418 :
2660 2366 2975 2420 transfertur
3011 2379 3187 2424 autem
3230 2370 3540 2441 plerumque
3582 2375 3659 2428 ad

2074 2460 2289 2500 omnem
2316 2450 2638 2518 cognitionis
2669 2456 3084 2523 perceptionem.
3117 2459 3205 2515 Sic
3232 2460 3529 2528 Juvenalis,
3567 2463 3652 2517 in-

2072 2535 2206 2604 quit,
2235 2540 2446 2606 qualem
2479 2556 2685 2611 nequeo
2707 2555 3035 2614 monstrare,
3067 2559 3121 2603 et
3148 2550 3322 2605 sentio
3349 2560 3572 2619 tantum,
3597 2556 3648 2610 id

2072 2633 2155 2680 est
2184 2627 2417 2697 intelligo
2449 2640 2673 2686 tantum.
2703 2634 3033 2705 Quandoque
3062 2639 3351 2708 accipitur,
3381 2650 3439 2696 ut
3468 2643 3538 2698 sit
3561 2643 3651 2713 ju-

2071 2716 2270 2774 dicare.
2299 2719 2512 2774 Persius
2538 2738 2549 2774 :

2438 2813 2512 2861 De
2538 2813 2658 2864 Jove
2683 2816 2796 2877 quid
2813 2816 2999 2867 sentis?

2069 2892 2125 2945 Id
2151 2903 2235 2947 est
2252 2894 2480 2962 judicas.
2512 2897 2780 2952 Juvenalis
2809 2916 2823 2951 :

2195 2987 2316 3050 Quid
2341 2990 2525 3050 sentire
2550 2996 2687 3050 putas
2709 3003 2881 3040 omnes
2906 2991 3096 3040 Calvine
3122 2995 3309 3043 recenti

2191 3045 2267 3095 De
2289 3049 2519 3099 scelere?

2066 3127 2357 3182 Acmcou.

390 3205 527 3275 phiae
574 3221 994 3281 contemptorem
1048 3217 1254 3274 diceres
1309 3237 1370 3276 ac
1419 3225 1577 3277 etiam
1639 3226 2015 3317 deteriorem(

2136 3217 2445 3291 lllabuntur]
2483 3220 2679 3275 Ornate
2720 3222 2873 3289 dixit,
2924 3224 3115 3293 duplex
3158 3227 3299 3280 enim
3344 3228 3639 3283 translatio.

390 3313 544 3367 quam
573 3303 791 3365 milites,
824 3308 912 3375 qui
945 3309 997 3362 in
1024 3326 1192 3379 pugna
1216 3314 1460 3381 clypeum
1491 3316 1781 3385 objiciunt?
1808 3321 1956 3390 Μ)Ῑί-

389 3388 549 3444 cienti
580 3394 720 3447 enim
750 3395 993 3466 clypeum
1017 3400 1130 3454 dari
1164 3419 1369 3457 rursum
1404 3416 1578 3473 potest
1624 3410 1760 3463 alius
1791 3412 1958 3467 nihilo

390 3480 566 3548 priore
614 3484 848 3540 deterior
880 3491 958 3560 (ut
1009 3491 1179 3560 inquit
1208 3496 1595 3570 Archilochus)
1623 3501 1957 3572 philosophia

389 3582 514 3624 vero
555 3590 658 3642 quo
694 3588 847 3643 pacto
887 3584 1189 3650 recuperari
1232 3596 1402 3652 potest
1445 3590 1511 3643 ab
1556 3606 1620 3644 co
1666 3594 1752 3660 qui
1794 3594 1955 3648 semel

388 3662 529 3717 illam
562 3673 949 3739 contempserit
976 3683 1068 3728 aut
1094 3676 1383 3744 abjeccrit?
1414 3680 1659 3738 Horatius
1688 3685 1739 3737 itt
1760 3685 1959 3755 episto-

569 3848 789 3927 E‘erdidit
807 3866 962 3924 arma,
990 3854 1144 3927 locum
1170 3862 1363 3927 virtutis
1386 3862 1628 3927 deseruit,
1653 3868 1735 3927 qui

572 3910 781 3971 Semper
805 3915 851 3961 in
877 3910 1097 3973 augenda
1118 3924 1311 3969 t‘cstinat
1338 3930 1388 3970 et
1412 3910 1632 3974 obruitui‘
1654 3910 1727 3974 rit:

392 3989 481 4041 Est
510 4001 685 4045 autem
736 3998 1013 4051 tramlatio
1043 4014 1070 4051 a
1122 4017 1178 4054 re
1210 3983 1443 4058 militari.
1478 4006 1605 4060 Nam
1656 4009 1807 4063 militi
1839 4026 1958 4065 cum

389 4080 571 4147 primis
630 4084 1039 4153 ignominiosum
1093 4102 1241 4161 erat,
1288 4095 1356 4148 sit
1396 4108 1487 4151 aut
1522 4099 1693 4153 locum
1747 4102 1797 4155 in
1847 4104 1961 4158 acie

390 4168 713 4229 desciuisset
795 4186 886 4231 aut
926 4180 1120 4235 viventi
1160 4183 1259 4238 sibi
1298 4200 1443 4241 arma
1486 4190 1551 4243 ab
1594 4193 1749 4245 hoste
1784 4191 1967 4247 forcnt

387 4268 587 4328 erepta.
1701 4296 1710 4302 ‘

918 4360 978 4414 IN
1019 4362 1290 4422 PROSAM
1330 4368 1415 4423 IV.

457 4442 712 4514 Sentisne,
738 4450 920 4523 inquit]
941 4452 1046 4507 Hoc
1063 4456 1178 4509 loco
1203 4458 1433 4524 Boetius,
1451 4470 1505 4514 nt
1526 4463 1711 4517 ordine
1734 4465 1959 4532 quodam

384 4530 448 4584 ad
470 4537 887 4593 consplationem
915 4544 1172 4598 malorum
1196 4563 1408 4601 suorum
1434 4553 1959 4622 perveniat,exponit

382 4630 435 4673 et
465 4624 705 4691 dcplotat
735 4643 915 4683 casum
947 4648 1120 4699 suum,
1153 4639 1467 4707 ostendique
1494 4656 1649 4709 quam
1682 4642 1731 4696 in
1760 4644 1955 4709 justam
1987 4622 2041 4680 D

385 4709 521 4765 hanc
552 4722 605 4766 et
641 4730 853 4783 gravem
903 4721 1279 4778 adversitatem
1331 4727 1555 4781 fortunm
1605 4733 1862 4798 patiatur,
1907 4743 1964 4788 nt

381 4802 471 4867 qui
513 4804 842 4873 iniquissime
880 4813 1259 4869 condemnatus
1306 4818 1374 4870 sit
1413 4836 1424 4870 :
1472 4820 1610 4887 quod
1642 4822 1856 4889 quidem
1885 4824 1960 4879 sic

382 4893 575 4950 factum
623 4915 740 4955 esse
787 4908 929 4959 omni
972 4923 1035 4960 ex
1088 4919 1237 4976 parte
1285 4913 1599 4982 colligitur:
1635 4919 1860 4983 primum
1892 4934 1957 4974 ex

380 5000 604 5052 persona
634 5005 749 5056 sua,
783 4994 972 5050 deinde
1001 5014 1064 5051 cx
1097 5016 1319 5067 persona
1352 5016 1743 5071 accusatorum,
1774 5020 1954 5078 postea

380 5089 442 5127 ex
472 5079 812 5146 criminibus,
847 5101 963 5152 qua:
993 5088 1122 5141 falso
1168 5100 1260 5143 aut
1304 5091 1498 5159 injuste
1523 5096 1913 5161 objicicbantur
1942 5119 1954 5154 :

379 5174 486 5218 tum
517 5184 583 5222 ex
630 5188 850 5235 persona
887 5176 1141 5243 judicium
1191 5193 1243 5234 et
1292 5196 1527 5249 senatus,
1580 5199 1836 5256 prmterea
1886 5208 1953 5247 ex

1825 5284 1923 5351 gim

375 5356 463 5399 aut
494 5349 712 5406 deorum
744 5357 964 5411 cultura:
996 5364 1221 5417 conlicto
1250 5382 1263 5417 :
1298 5376 1406 5419 tum
1448 5369 1660 5424 demum
1692 5374 1834 5427 velut
1863 5391 1955 5443 per
1982 5385 1989 5393 '

376 5440 589 5493 modum
626 5447 852 5516 epilogi,
888 5454 1119 5506 ostendit
1151 5472 1252 5509 non
1286 5460 1443 5513 modo
1474 5466 1706 5529 graviter
1746 5466 1858 5521 inre
1888 5468 1952 5521 de

372 5544 439 5582 eo
466 5535 688 5589 conficta
719 5555 856 5606 esse,
888 5546 979 5598 sed
1008 5548 1166 5601 etiam
1195 5551 1259 5600 ab
1288 5552 1547 5619 imperitis
1578 5557 1743 5621 credi,
1775 5569 1827 5611 et
1853 5575 1949 5628 pro

374 5622 515 5677 veris
543 5626 745 5695 haberi,
777 5642 830 5685 et
868 5637 1111 5691 omnibus
1139 5638 1331 5695 deinde
1377 5643 1532 5696 bonis
1565 5661 1627 5698 ex
1679 5663 1775 5700 suo
1822 5663 1945 5702 casu

372 5707 543 5768 simile
572 5719 863 5783 periculum
894 5724 1168 5780 imminere
1190 5770 1202 5792 ,
1252 5740 1428 5799 partes
1460 5749 1645 5788 omnes
1686 5740 1796 5791 suis
1845 5739 1944 5793 luci

374 5806 635 5866 dicentur.
673 5810 847 5865 Primo
886 5815 1043 5885 igitur
1077 5818 1446 5891 Philosophia,
1489 5832 1546 5876 ιιι
1585 5836 1767 5880 evocet
1815 5844 1938 5894 qne-

2063 3310 2193 3364 Nam
2235 3320 2288 3365 et
2330 3312 2491 3365 verba
2534 3312 2712 3378 illabi,
2745 3323 2799 3370 et
2827 3316 2969 3368 illabi
3013 3317 3190 3371 animo
3233 3328 3514 3387 utrumque
3548 3335 3642 3387 per

2066 3400 2461 3454 translationem
2495 3402 2689 3457 dicitur
2722 3420 2736 3457 :
2773 3420 2895 3458 nam
2938 3422 3214 3476 corporea:
3250 3409 3325 3463 rei
3364 3411 3636 3477 proprium

2062 3502 2143 3546 est
2173 3493 2297 3547 labi.
2330 3492 2618 3548 Acntcou.

2131 3583 2261 3659 "Apoc
2297 3582 2342 3639 εἶ
2379 3585 2489 3646 ὄνος
2518 3590 2645 3662 πρὸς
2672 3585 2850 3661 λύραν]
2880 3588 3121 3645 Grmcum
3165 3593 3503 3661 proverbium
3533 3604 3638 3660 est,

2062 3684 2199 3745 quod
2232 3679 2367 3746 apud
2395 3695 2486 3733 eos
2516 3681 2671 3749 vulgo
2692 3680 2885 3735 dicitur
2917 3685 2994 3737 eis
3038 3700 3261 3753 quorum
3292 3686 3450 3740 rudes
3476 3688 3640 3741 animi

2065 3782 2246 3833 parum
2278 3768 2386 3836 apti
2432 3778 2555 3822 sunt
2582 3769 2649 3822 ad
2695 3785 2755 3824 ea
2796 3786 2914 3840 qua:
2955 3773 3203 3828 dicuntur
3250 3775 3585 3845 percipienda
3622 3794 3636 3828 ;

2063 3860 2324 3929 signiﬁcat
2350 3871 2547 3926 autem,
2572 3863 2652 3916 An
2681 3877 2739 3916 es
2765 3865 2945 3918 asinus
2976 3864 3041 3917 ad
3070 3865 3273 3936 lyram?
3301 3872 3587 3924 Acmcota.

2139 3951 2274 4016 Quid
2297 3949 2409 4022 ﬂes]
2437 3952 2547 4017 Sic,
2578 3954 2701 4022 quid
2736 3953 2899 4008 tristis
2941 3957 3033 4009 es?
3072 3956 3193 4025 quid
3226 3959 3403 4013 rides?
3446 3959 3638 4013 dicitur

2064 4055 2157 4109 per
2180 4041 2448 4109 eclipsim,
2503 4042 2552 4095 id
2585 4053 2665 4096 est
2705 4046 3206 4113 praetermissionem
3249 4050 3333 4104 vel
3371 4049 3651 4104 defectum.

2065 4132 2455 4201 pra'positiOuis
2477 4144 2712 4202 propter,
2733 4147 2791 4189 ut
2810 4135 2899 4201 sit,
2925 4145 3143 4208 propter
3165 4139 3290 4209 quid
3321 4139 3451 4194 lies?
3482 4144 3638 4195 Acm-

2063 4239 2217 4279 COLA.

2136 4314 2399 4384 Lacrymis
2449 4316 2664 4386 manas]
2727 4317 2989 4374 Similiter
3046 4320 3397 4394 Hieronymus
3457 4335 3638 4380 noster

2066 4402 2198 4457 dixit
2249 4406 2313 4459 ad
2363 4406 2537 4460 Titum
2590 4407 2793 4462 Livium
2839 4411 3009 4464 lacteo
3053 4412 3372 4479 eloquentia:
3420 4414 3639 4469 ﬂumine

2068 4504 2391 4551 manantem.
2459 4497 2629 4553 Aliter
2690 4498 2937 4553 Horatius
2994 4500 3046 4553 in
3105 4502 3344 4569 epistolis
3396 4503 3462 4557 de
3515 4507 3661 4558 vino.
3734 4496 3739 4501 ’

2067 4585 2231 4639 dicit:

2466 4677 2600 4734 Quod
2625 4691 2735 4725 cum
2758 4692 2845 4739 Spe
2870 4680 3021 4729 divite
3046 4691 3212 4731 manet

2189 4736 2243 4785 In
2268 4749 2433 4793 venas,
2462 4736 2982 4800 animumquetiteum.

2064 4818 2155 4874 Sic
2180 4831 2232 4874 et
2260 4821 2313 4873 in
2340 4820 2527 4874 eodem
2560 4837 2573 4873 :

2464 4912 2601 4963 Licet
2626 4912 2691 4963 illi
2720 4915 2923 4977 plurima
2949 4922 3115 4965 manet

2193 4972 2437 5033 Lacryma.

2063 5054 2231 5111 Aliter
2263 5057 2314 5109 in
2342 5057 2527 5111 eodem
2558 5076 2570 5109 :

2409 5146 2541 5196 Fidis
2567 5150 2695 5196 enim
2720 5162 2918 5197 manare
2947 5154 3135 5212 poetica
3158 5152 3303 5202 mella

2184 5207 2257 5257 Te
2279 5206 2450 5257 Solum.

2060 5290 2134 5343 lta
2166 5292 2411 5343 videntur
2455 5306 2608 5359 posse
2640 5289 2820 5345 dicere
2852 5308 2867 5344 :
2896 5308 3053 5347 mano
3092 5295 3378 5365 lacrymis,
3418 5308 3661 5352 manant:

2060 5378 2185 5432 mibi
2211 5379 2480 5447 lacrymm,
2506 5390 2556 5432 et
2585 5395 2742 5433 mano
2774 5382 3051 5453 lacrymas.
3084 5386 3372 5440 Aemcom.

2126 5471 2509 5541 Ἐξομολὸγησαί
2536 5492 2587 5524 τε
2617 5474 2674 5525 σὲ
2696 5471 2880 5542 λυπεῖ]
2914 5472 2963 5525 ltl
2996 5482 3077 5527 est
3118 5474 3370 5527 conﬁtere
3419 5474 3545 5543 quid
3585 5485 3637 5528 to

2054 5561 2354 5613 contristet.
2386 5560 2678 5614 Acmcom.

2127 5649 2366 5721 Operam]
2392 5652 2532 5705 Inter
2563 5666 2695 5719 Opus
2724 5662 2774 5705 et
2806 5667 3020 5720 operam
3052 5654 3175 5723 quid
3211 5654 3453 5723 intersit,
3486 5669 3634 5708 cont-

2050 5740 2359 5796 modissime
2435 5741 2643 5797 videtur
2716 5743 2997 5798 Terentius
3049 5747 3098 5797 in
3168 5745 3645 5801 lleantontimorus-

2049 5846 2204 5886 It‘eHO
2235 5832 2501 5899 explicare
2526 5852 2535 5881 τ
