4276 6260
672 337 774 389 915

790 449 843 498 Si
867 449 993 508 quod
1019 462 1182 509 opera:
1202 453 1443 497 consumis
1463 453 1511 499 in
1538 464 1690 512 opere
1710 453 1959 503 faciundo:

671 539 728 581 ut
775 529 843 582 sit
889 543 1050 598 opera
1109 531 1288 595 labor,
1344 546 1479 598 opus
1545 550 1670 588 vero
1747 537 1948 592 fructus
2005 551 2056 595 et
2123 544 2241 598 finis

668 633 866 686 operte,
905 621 955 673 id
997 632 1078 674 est
1109 620 1323 674 laboris.
1357 622 1605 677 Horatius
1646 626 1696 677 in
1749 628 1919 693 primo
1970 628 2239 698 Epistola-

670 724 786 761 rum
821 727 831 758 Ζ

1436 801 1705 863 Odiumque
1736 805 1915 854 libellis

789 860 996 907 Sedulus
1017 861 1247 920 importes
1266 875 1416 923 opera
1437 860 1733 913 vehemente
1754 870 1991 917 minister.

668 942 915 1009 Virgilius
939 943 990 995 in
1019 944 1188 1010 primo
1216 944 1475 998 {Eneidos
1521 966 1530 997 :

788 1034 1013 1083 Pendent
1036 1046 1184 1096 opera
1209 1038 1497 1097 interrupta.

664 1119 952 1173 Acmcout.

734 1206 1043 1278 Exspectas]
1081 1210 1405 1279 Exspectare
1448 1214 1764 1283 quandoque
1812 1217 2116 1273 desiderare
2160 1222 2236 1274 si-

662 1304 897 1371 gnificat.
921 1306 1112 1359 Cicero
1132 1307 1197 1360 ad
1227 1306 1508 1362 Curionem
1544 1328 1556 1362 :
1587 1310 1756 1376 Quam
1785 1316 2231 1380 exspectationem

663 1394 740 1446 tui
768 1395 1078 1461 concitasti,
1117 1412 1233 1450 eam
1275 1400 1541 1454 sustinere
1579 1410 1635 1453 ut
1675 1404 1863 1467 possis.
1907 1405 2234 1476 Quandoque

663 1486 955 1540 attendere.
980 1486 1196 1543 Ovidius
1219 1490 1269 1544 in
1300 1507 1354 1545 ιιι
1386 1493 1733 1561 Metamorph.

1520 1583 1696 1633 Ultima
1720 1599 1917 1648 semper

783 1637 1115 1700 Exspectanda
1139 1642 1246 1689 dies
1272 1643 1473 1692 homini.

662 1722 955 1775 AGRICOLA.

1319 340 1659 395 APPENDIX
1701 345 1791 396 AD
1830 346 2068 402 LIBROS
2106 352 2192 401 DE
2235 351 2748 411 CONSOLATIONE
2786 357 3273 415 PHILOSOPHUS.

3822 367 3932 422 916

2268 465 2315 520 A
2348 463 2610 519 Salustius
2638 469 2690 520 in
2716 466 2958 523 Catilina.
2985 472 3084 537 Qui
3108 472 3279 526 Enen
3306 474 3436 528 duce
3470 476 3677 547 profugi
3705 480 3930 534 sedibus

2347 551 2560 607 incertis
2591 559 2933 625 vagabantur.
2970 560 3220 629 Virgilius
3243 562 3295 614 in
3328 565 3499 629 primo
3522 565 3741 620 IEneid.
3779 585 3797 621 :

2770 648 2927 697 Sedes
2950 650 3028 697 ubi
3055 649 3149 699 fata
3173 652 3363 712 quietas

2464 706 2746 755 Ostendunt.

2344 784 2397 836 Id
2430 801 2555 838 vero
2587 788 3031 854 instrumentum,
3073 794 3156 844 cui
3195 793 3513 857 insidetnus,
3546 795 3680 848 sella
3721 797 3928 850 rectius

2343 873 2555 927 dicitur.
2583 874 2766 942 Virgil.
2802 878 2854 929 in
2884 895 2931 930 tv
2966 898 2976 928 :

2466 963 2524 1010 Et
2550 964 2717 1033 sellam
2744 972 2883 1028 regni
2909 970 3226 1030 trabeamque
3252 972 3457 1032 insignia
3484 976 3651 1022 nostri.

2344 1049 2629 1101 AGBICOLA.

2411 1138 2647 1212 Laribus]
2681 1143 2779 1195 Lar
2806 1144 2998 1197 dicitur
3021 1147 3165 1201 Deus
3190 1149 3535 1217 domesticus,
3562 1156 3650 1220 qui
3676 1164 3729 1207 et
3752 1168 3928 1223 pena-

2341 1237 2420 1281 tes
2442 1229 2687 1284 dicuntur
2718 1252 2730 1285 :
2762 1234 2883 1300 quia
2917 1238 3072 1303 peuui
3103 1249 3368 1305 praesunt,
3398 1242 3480 1293 vel
3517 1243 3637 1311 quia
3674 1245 3923 1311 penitus.

2341 1320 2440 1373 hoc
2465 1330 2549 1373 est
2577 1322 2710 1375 intra
2745 1322 2959 1377 domum
2988 1326 3253 1380 coluntur.
3290 1328 3435 1397 Virg.
3484 1330 3534 1382 in
3576 1347 3625 1384 tv
3654 1332 3869 1387 Alneid.
3904 1351 3922 1385 :

2518 1412 2577 1460 Et
2594 1426 2786 1473 Sparsos
2810 1416 3017 1464 fraterna
3040 1418 3174 1466 caede
3202 1429 3421 1479 penates.

2338 1492 2553 1547 Plautus
2576 1497 2627 1547 iu
2651 1498 2920 1550 Aulularia
2949 1516 2960 1550 :

2520 1584 2623 1646 Ego
2645 1600 2751 1634 sum
2778 1588 2845 1635 lar
2866 1587 3111 1638 familiaris
3135 1589 3203 1640 ex'
3217 1594 3305 1642 hac
3328 1594 3519 1643 familia.

2339 1665 2604 1721 Iuvenalis
2637 1688 2650 1721 :

2528 1758 2724 1825 Laribus
2744 1767 2933 1812 cristam
2960 1768 3241 1825 promittere
3262 1768 3381 1817 Galli

739 1810 958 1881 Vulnus]
982 1813 1036 1867 ld
1065 1826 1164 1881 est,
1199 1817 1337 1883 quod
1370 1819 1416 1869 vi
1452 1820 1525 1882 fit,
1553 1828 1603 1873 et
1636 1835 1822 1874 recens
1850 1830 1948 1874 est.
1983 1820 2231 1891 Virgilius
2264 1816 2310 1873 B
2399 1818 2505 1867 Non
2524 1823 2721 1874 audent.

661 1902 712 1951 itt
745 1900 1062 1956 duodecimo
1090 1922 1105 1956 :

660 1998 663 1999 '
783 1990 887 2038 Nec
908 2004 1022 2040 sese
1040 1992 1205 2041 /Eneae
1228 1994 1424 2053 jactavst
1449 1999 1649 2046 vulnere
1674 2002 1945 2063 quisquam.

660 2071 858 2126 liulcus
879 2076 1017 2141 quod
1044 2085 1304 2130 vetustate
1333 2083 1676 2147 computruit,
1699 2083 1909 2151 abitque
1934 2086 2123 2139 vulnus
2143 2102 2231 2139 ve-

660 2173 856 2219 tustate
887 2166 937 2218 in
963 2167 1186 2234 hulcus,
1210 2172 1347 2235 quod
1381 2184 1520 2223 recte
1542 2172 1743 2227 Seneca
1781 2176 1831 2226 in
1867 2180 2230 2233 consolatione

659 2256 725 2309 ad
755 2255 993 2309 Martiam
1034 2257 1370 2326 significavit.
1404 2260 1533 2313 Nam
1576 2263 1850 2317 vulnerum
1892 2282 2102 2336 quoque
2148 2285 2231 2321 sa-

658 2348 796 2400 nitas
825 2348 996 2402 facilis
1022 2358 1124 2413 est,
1158 2350 1283 2403 dum
1308 2366 1336 2403 a
1369 2352 1625 2419 sanguine
1650 2357 1884 2407 recentia
1912 2368 2053 2409 sunt.
2088 2358 2227 2412 Sub-

658 2438 733 2491 dit
767 2454 779 2489 :
816 2436 912 2491 Ubi
942 2448 1187 2507 corrupta
1224 2441 1275 2493 in
1315 2442 1508 2494 malum
1542 2444 1727 2497 hulcus
1757 2456 2062 2512 verterunt,
2090 2449 2223 2502 diffi-

658 2528 809 2580 cilius
854 2540 1109 2583 curantur
1165 2549 1177 2583 :
1233 2532 1281 2585 id
1336 2534 1476 2587 enim
1528 2537 1666 2602 quod
1712 2552 1806 2591 nos
1851 2540 2006 2607 vulgo
2041 2540 2228 2596 buicus

656 2618 910 2682 dicimus,
962 2620 1099 2687 quod
1144 2618 1311 2675 ϐινεηοί
1353 2634 1622 2690 apostema
1671 2637 1879 2692 vocant,
1920 2629 2103 2686 Latine
2148 2632 2227 2686 fu-

656 2708 909 2761 runculus
941 2720 1176 2762 Vocatur.
1205 2710 1401 2764 Plinius
1431 2714 1480 2765 in
1510 2712 1763 2793 Epistolis
1787 2717 1995 2772 videtur
2018 2720 2224 2775 clavum

656 2798 875 2852 dixisse.
926 2799 1061 2862 Erit,
1111 2800 1299 2869 inquit,
1345 2803 1391 2855 ei
1445 2812 1597 2857 natus
1641 2806 1820 2861 clavus
1868 2810 2225 2871 insanabilis:

654 2888 805 2956 sique
837 2887 1039 2942 Gallice
1066 2906 1205 2944 nunc
1232 2893 1389 2945 etiam
1414 2904 1649 2949 vocatur.
1685 2900 1974 2954 Acmon“.

728 2978 993 3050 Vires]Vis
1019 2980 1070 3033 in
1099 2982 1351 3050 singulari
1373 2992 1427 3037 et
1448 2984 1612 3039 robur
1636 2988 1913 3054 significat.
1939 2990 2223 3047 Sallustius

653 3070 705 3122 in
735 3066 954 3123 Catilina
985 3087 996 3120 :
1032 3070 1216 3140 Magna
1241 3072 1289 3125 vi
1313 3072 1473 3126 animi
1499 3082 1554 3128 et
1574 3076 1811 3144 corporis
1844 3096 1856 3129 :
1884 3080 2146 3148 significat
2174 3093 2227 3137 et

653 3158 977 3213 violentiam.
1002 3159 1253 3214 Martialis
1285 3164 1337 3214 in
1365 3179 1411 3215 Vl
1447 3181 1460 3216 ε

773 3248 877 3298 Non
901 3251 964 3298 de
993 3253 1055 3311 vi,
1083 3265 1243 3313 neque
1269 3255 1424 3314 caede,
1450 3269 1541 3303 nec
1566 3270 1757 3306 veneno
1782 3259 1839 3306 Iis
1859 3270 1934 3311 est
1957 3264 2090 3311 mihi.

652 3331 710 3384 In
743 3330 929 3398 plurali
964 3332 1126 3385 robur
1167 3345 1369 3388 tantum
1400 3338 1679 3405 significat.
1706 3340 1983 3398 Cornelius
2009 3345 2222 3400 Tacitus

652 3428 832 3472 autem
858 3421 909 3472 in
933 3420 1164 3487 genitivo
1193 3425 1411 3490 protulit
1438 3428 1488 3479 in
1522 3428 1613 3481 lib.
1648 3430 1714 3483 de
1742 3430 1926 3485 Causis
1957 3448 2221 3503 corrupta:

652 3507 999 3575 eloquentiae,
1030 3525 1235 3579 magna:
1269 3515 1383 3576 vis,
1427 3532 1526 3583 qua
1568 3521 1772 3575 ratione
1817 3524 2085 3581 videretur
2128 3544 2222 3597 per

652 3612 837 3651 omnes
857 3613 1013 3653 casus
1040 3601 1322 3669 singularis
1343 3608 1549 3660 numeri
1584 3623 1737 3675 pesse
1757 3610 2037 3666 declinari.
2066 3619 2223 3671 Λακι-

652 3710 808 3749 (ιοιιΑ.

722 3787 946 3861 Eminet]
979 3791 1072 3845 llic
1114 3795 1292 3859 poSuit
1334 3809 1428 3861 pro
1465 3806 1715 3862 apparet,
1745 3814 2043 3869 quanquam
2091 3805 2223 3857 emi-

654 3894 779 3932 nere
800 3880 1063 3946 significat
1086 3884 1299 3949 proprie
1324 3897 1483 3950 supra
1508 3885 1607 3937 alia
1634 3894 1864 3952 exstare,
1888 3889 1956 3941 ab
1988 3907 2014 3942 e
2036 3902 2089 3944 et
2123 3908 2225 3943 nta-

657 3993 770 4029 nco.
806 3976 1055 4043 Virgilius
1088 3980 1139 4031 in
1171 3980 1341 4048 primo
1368 3979 1583 4034 JEneid.
1620 3999 1630 4032 :

901 4066 1235 4128 Gradiensque
1259 4071 1377 4118 deas
1398 4081 1735 4132 supereminet
1758 4086 1945 4122 omnes.

654 4151 942 4202 Acmcou.

724 4238 1014 4309 Swvieutis]
1053 4239 1250 4293 Su-virc
1288 4244 1604 4313 quandoque
1647 4246 1907 4314 signiﬁcat
1950 4247 2220 4303 crudelem

654 4345 793 4382 esse.
825 4329 1097 4382 iuvenalis
1124 4348 1135 4378 :

776 4418 829 4466 In
854 4419 1052 4467 chorum
1072 4425 1220 4481 atque
1237 4433 1406 4471 eurum
1425 4422 1594 4471 solitus
1614 4426 1788 4475 saevire
1813 4426 2039 4489 ﬂagellis.

652 4499 980 4567 Quandoque
1024 4516 1132 4554 non
1180 4503 1285 4569 pati
1335 4498 1618 4558 rectorem.
1657 4505 1834 4560 Livius
1878 4510 1928 4560 in
1976 4526 2063 4563 xxi
2108 4529 2121 4561 :

652 4591 864 4657 quando
888 4590 1076 4645 bellua:
1096 4594 1364 4648 stevirent.
1399 4595 1684 4650 AGRICOLA.

722 4680 1005 4752 Asperitas]
1036 4683 1317 4750 Asperum,
1342 4686 1480 4752 quod
1516 4687 1716 4756 absque
1753 4703 1880 4756 spe,
1926 4690 2061 4744 sicut
2100 4706 2223 4759 pro-

653 4782 865 4835 sperum
896 4772 1036 4839 quod
1069 4787 1164 4839 pro
1192 4787 1307 4840 spe,
1339 4772 1390 4826 id
1419 4785 1500 4828 est
1530 4776 1820 4830 secundum
1850 4792 1998 4847 spem
2024 4782 2222 4847 evenit,

654 4856 848 4911 dicitur
870 4868 1149 4928 utrumque
1175 4876 1202 4914 a
1225 4865 1508 4928 sperando.
1535 4870 1821 4920 Acmcou.

724 4945 999 5019 chcine]
1048 4950 1301 5016 Veteres,
1352 4963 1408 5005 ut
1450 4957 1524 5005 ait
1563 4955 1778 5010 Servius
1826 4959 1875 5009 in
1930 4959 2221 5022 Donatum,

655 5034 825 5096 hicce,
850 5037 1047 5104 haacce,
1081 5041 1239 5094 hocce
1268 5042 1534 5107 dicebant,
1563 5048 1683 5101 inde
1709 5059 1910 5101 mutato
1938 5067 1964 5101 ο
1996 5052 2043 5103 in
2070 5054 2087 5103 i
2113 5053 2221 5105 hic-

653 5126 773 5179 cine
801 5141 895 5188 pro
922 5128 1077 5181 hicne
1103 5130 1308 5184 dicitur.
1345 5134 1635 5189 AGRICOLA.

724 5215 1054 5291 Bibliotheca]
1084 5221 1473 5289 Repositorium
1520 5226 1771 5281 librorum
1804 5248 1816 5281 ;
1848 5231 2039 5299 βίϐλων
2078 5235 2220 5285 enim

654 5308 836 5363 Graece
883 5309 1075 5365 librum
1123 5312 1421 5381 significat,
1474 5324 1529 5368 et
1572 5318 1691 5376 θήκη
1742 5320 2155 5375 reconditorium
2209 5340 2222 5375 :

653 5415 816 5469 quare
840 5401 959 5455 libri
986 5404 1264 5473 utriusque
1290 5405 1611 5461 Testamenti
1637 5426 1738 5463 non
1770 5410 1933 5465 Biblia
1954 5454 1966 5475 ,
2000 5413 2179 5470 Biblia:
2208 5459 2221 5479 ,

651 5493 755 5551 dici
781 5493 1057 5559 deberent,
1083 5500 1221 5564 quod
1256 5513 1445 5551 nomen
1469 5516 1566 5553 nec
1588 5503 1830 5557 Cra-cum
1861 5523 1957 5560 nec
1979 5510 2220 5563 Latinum

653 5591 754 5647 est,
786 5583 875 5637 sed
915 5585 1079 5639 Biblia
1102 5628 1115 5651 ,
1148 5604 1291 5640 orum
1314 5632 1326 5653 ,
1362 5590 1428 5643 ab
1458 5606 1521 5643 eo
1557 5593 1693 5658 quod
1735 5595 1929 5648 bibliou
1970 5598 2218 5653 diximus.

653 5674 943 5728 Acmcou.

728 5760 933 5831 Sedcm]
966 5766 1178 5833 Proprie
1211 5770 1378 5821 locum
1412 5771 1633 5824 dicimus
1663 5776 1711 5825 ἰι
1736 5791 1839 5843 quo
1865 5780 1979 5844 quis
2005 5783 2215 5836 residet.

2334 1899 2604 1967 Accipitur
2624 1914 2675 1955 et
2699 1920 2791 1972 per
2810 1906 3186 1975 synecdochen
3222 1910 3306 1964 hic
3333 1928 3427 1980 pro
3453 1914 3632 1969 domo.
3663 1916 3920 1975 Horatius

2335 1991 2385 2043 in
2406 2006 2421 2043 ι
2446 1991 2800 2060 Epistolarum
2833 2013 2843 2045 :

2456 2082 2759 2133 Gaudentem
2781 2089 3037 2147 pravisque
3061 2088 3303 2138 sodalibus
3321 2098 3372 2139 et
3394 2091 3497 2140 lare
3514 2101 3665 2143 certo.

2333 2167 2618 2218 AGIthOLA.

2405 2255 2646 2327 Habitus]
2678 2257 2792 2311 Non
2834 2261 3045 2329 proprie
3078 2263 3273 2327 vestis,
3316 2265 3454 2317 sicut
3494 2266 3652 2335 vulgo
3690 2267 3914 2333 dicitur,

2332 2347 2424 2397 sed
2456 2355 2563 2400 tota
2594 2348 2738 2401 velut
2770 2350 2936 2403 forma
2966 2351 3224 2417 hominis,
3266 2357 3322 2406 iu
3373 2372 3528 2424 quam
3578 2373 3636 2413 se
3682 2374 3909 2429 compo-

2332 2434 2455 2487 suit.
2491 2435 2693 2490 Plinius
2725 2438 2775 2490 in
2820 2439 3074 2507 Epistolis
3120 2459 3133 2494 :
3182 2442 3520 2512 Composilus
3567 2449 3617 2500 in
3666 2450 3908 2505 habitum

2331 2524 2616 2580 studentis.
2649 2526 2802 2582 Unde
2837 2527 3052 2584 Terent.
3100 2532 3148 2583 itt
3199 2533 3452 2587 Eunucho
3496 2536 3658 2601 dixit,
3704 2539 3759 2592 Si
3799 2556 3905 2609 qua

2331 2615 2491 2680 paulo
2526 2615 2785 2681 habitior,
2818 2619 3043 2687 pugilem
3073 2621 3252 2674 dicunt
3278 2663 3292 2683 ,
3328 2623 3377 2677 id
3416 2636 3497 2679 est
3526 2628 3683 2694 paulo
3710 2644 3911 2699 corpu-

2330 2702 2542 2756 lentior.
2573 2704 2762 2758 Cicero
2785 2706 2837 2758 in
2867 2707 3039 2775 primo
3067 2710 3408 2765 Tusculanar.
3448 2731 3461 2765 :
3498 2717 3646 2781 Quod
3676 2721 3719 2771 si
3752 2730 3900 2775 tanta

2331 2795 2411 2847 vis
2436 2806 2515 2848 est
2544 2796 2608 2848 ad
2645 2796 2877 2851 habitum
2911 2802 3104 2853 mentis
3144 2804 3194 2854 in
3239 2803 3349 2869 his,
3379 2820 3497 2873 qua:
3530 2807 3815 2876 gignuntur
3844 2812 3905 2864 in

2327 2898 2569 2951 corpore.
2602 2886 2890 2941 Acatcou.

2399 2973 2652 3046 Rimarer]
2679 2976 2731 3029 ld
2755 2987 2856 3043 est,
2882 2988 3126 3047 tanquam
3145 2997 3238 3048 per
3262 2985 3421 3037 rimas
3442 2985 3725 3056 diligenter
3748 3004 3905 3046 scru-

2328 3074 2486 3117 tarer.
2510 3067 2798 3120 Acntcout.
3056 3060 3061 3065 ’

2252 3174 2299 3238 C
2399 3153 2580 3225 Sidus]
2608 3157 2852 3213 Nonnulli
2885 3177 2978 3229 per
3010 3180 3041 3231 y
3087 3162 3323 3237 Crwcam
3356 3169 3517 3222 scribi
3548 3171 3763 3239 volunt;
3797 3190 3904 3244 ego

2332 3251 2574 3307 Latinum
2603 3271 2631 3308 a
2664 3256 2884 3310 sidendo
2911 3260 3102 3313 dictum
3137 3264 3328 3333 credo,
3360 3266 3485 3332 quia
3519 3268 3740 3321 firmiter
3768 3269 3907 3322 insi.

2326 3345 2593 3400 datcazlo.
2632 3347 2994 3417 Difi‘eruntque
3024 3352 3175 3405 stel‘a
3207 3364 3260 3406 et
3304 3355 3451 3407 sidus
3501 3374 3513 3407 :
3557 3357 3707 3410 stella
3752 3358 3911 3411 enim

2325 3436 2476 3503 quas‘i
2504 3435 2644 3489 stilla
2675 3437 2813 3489 dicta
2844 3449 2946 3499 est,
2974 3455 3132 3492 unum
3161 3443 3425 3511 singulare
3457 3446 3628 3499 lumen
3652 3449 3897 3501 caeleste.

2327 3523 2476 3592 Virg.
2502 3525 2553 3577 in
2583 3541 2597 3576 ι
2630 3525 2822 3595 Georg.
2853 3546 2865 3580 :

2448 3612 2638 3673 Frigida
2662 3628 2758 3676 quo
2781 3628 2892 3665 sese
2912 3619 3039 3667 Satu;
3057 3623 3102 3667 ni
3129 3621 3269 3669 stella
3294 3632 3537 3683 receptet.

2328 3696 2399 3749 At
2423 3696 2569 3750 sidus
2597 3698 2911 3767 quandoque
2938 3715 3033 3768 pro
3059 3703 3211 3755 stella
3236 3706 3458 3773 capitur.
3488 3708 3730 3762 Lucanus
3758 3711 3811 3762 in
3844 3727 3861 3764 ι
3887 3730 3903 3764 :

2760 3789 3064 3851 Venerisque
3089 3792 3287 3841 salubre

2451 3848 2591 3896 Sidus
2611 3849 2779 3897 hebet.

2329 3908 2657 3997 Qtiundoque
2688 3947 2782 3998 pro
2810 3932 2960 4000 signo
2989 3936 3216 3997 cmiesti.
3247 3939 3384 4005 quod
3422 3954 3485 3992 ex
3518 3943 3693 3995 multis
3731 3945 3907 3997 stellis

2329 4030 2562 4083 constat,
2596 4030 2651 4072 ttt
2681 4020 2829 4074 sidus
2858 4024 3073 4089 Arietis,
3106 4025 3289 4091 Tauri,
3314 4040 3366 4080 et
3396 4041 3732 4088 cancrorum.
3757 4034 3905 4103 Virg.

2332 4111 2385 4164 in
2411 4111 2592 4164 Bucol.
2623 4128 2636 4166 :

2458 4202 2732 4265 IEthioputn
2758 4218 3011 4256 versemus
3036 4222 3153 4257 oves
3174 4212 3264 4257 sub
3284 4210 3448 4260 sidere
3473 4212 3659 4262 Cancri.

2332 4287 2549 4339 Astrum
2584 4297 2760 4341 autem
2801 4288 3045 4343 Graacum
3091 4302 3211 4355 est,
3256 4294 3395 4360 quod
3440 4294 3588 4349 sidus
3626 4296 3901 4365 significat,

2334 4376 2471 4430 sicut
2496 4386 2549 4431 et
2576 4382 2761 4452 ἀστὴρ,
2785 4381 2926 4449 quod
2948 4382 3176 4435 stellam.
3198 4389 3483 4440 AGRICOLA.

2408 4466 2649 4538 Rodium]
2679 4469 2809 4521 Puto
2834 4485 2930 4538 pro
2959 4486 3023 4523 eo
3051 4473 3191 4539 quod
3228 4474 3484 4528 circinum
3513 4477 3760 4545 dicimus,
3780 4484 3904 4549 poni

2167 4510 2219 4566 S_
2408 4510 2649 4538 -..-.-......J
2679 4510 2693 4520 .
2720 4510 2808 4521 ...ν
2836 4510 2929 4538 ru.
2960 4510 3022 4523 νυ
3051 4510 3191 4539 “ut...
3228 4510 3484 4528 ι-ιιιιιιυιιι
3513 4510 3760 4545 usu-uua,
3782 4510 3904 4549 μυιιι

2212 4530 2221 4564 ³
2255 4538 2307 4595 Ῑ)
2330 4572 2357 4607 a
2386 4558 2761 4627 similitudine,
2793 4576 2821 4611 a
2860 4575 2963 4629 qua
2998 4562 3174 4615 radios
3213 4564 3370 4618 etiam
3396 4567 3625 4621 diximus
3647 4580 3904 4626 rotarum.

2333 4647 2582 4715 Virgilius
2606 4650 2655 4700 in
2681 4651 2861 4705 Bucol.
2893 4670 2906 4705 :

2458 4740 2721 4802 Descripsit
2748 4746 2878 4793 radio
2899 4753 3048 4795 totum
3072 4752 3157 4809 qui
3178 4752 3412 4810 gentibus
3434 4754 3622 4802 orbem.

2332 4821 2519 4877 Cicero
2544 4844 2555 4876 :
2584 4826 2839 4881 Excitabo
2861 4830 2950 4881 tibi
2974 4844 3154 4884 senem
3178 4848 3207 4884 a
3241 4835 3455 4899 pulvere
3475 4844 3529 4889 et
3550 4838 3720 4893 radio.
3752 4843 3906 4894 Acm-

2331 4932 2482 4971 COLA.

2406 5006 2704 5079 Exemplar]
2736 5012 2814 5062 Alt
2841 5013 3014 5066 eximo
3036 5012 3232 5068 dictum
3259 5028 3357 5080 est,
3382 5019 3503 5086 quia
3536 5021 3603 5074 ab
3626 5037 3691 5076 eo
3710 5024 3905 5091 aliquid

2332 5098 2616 5164 eximatur,
2633 5111 2817 5167 estque
2837 5105 3108 5172 exetnplar
3140 5123 3221 5159 res
3242 5110 3306 5161 ad
3332 5112 3483 5176 cujus
3505 5112 3903 5169 similitudinem

2332 5188 2530 5255 aliquid
2563 5192 2636 5242 fit.
2667 5192 2976 5262 Exemplum
3010 5211 3135 5250 vero
3164 5198 3276 5251 Inrc
3305 5199 3411 5267 ipsa
3443 5202 3760 5268 simflitudo,
3786 5222 3903 5274 qua:

2330 5283 2665 5349 exprimitur.
2690 5287 2979 5343 AGBICOLA.
3035 5313 3050 5328 -

2403 5372 2582 5426 Beatus
2610 5377 2747 5442 fore,
2776 5378 2902 5448 etc.]
2942 5381 3061 5434 ilrec
3088 5385 3344 5435 sententia
3374 5385 3608 5441 Platonis
3634 5389 3700 5439 ab
3728 5392 3894 5443 omni-

2332 5463 2429 5516 bus
2457 5463 2731 5518 decantata
2762 5468 2813 5519 in
2851 5484 2915 5521 eo
2944 5470 3079 5523 libro
3101 5473 3189 5539 qui
3212 5473 3516 5529 Alcibiades
3539 5479 3686 5545 prior
3712 5480 3898 5534 inscri—

2326 5554 2797 5622 bitur,col|igitur.
2830 5559 2985 5621 Fore,
3006 5564 3243 5625 confore.
3272 5566 3456 5632 afTore,
3480 5566 3668 5622 futura:
3692 5586 3898 5639 semper

2327 5653 2446 5697 sunt
2476 5645 2899 5712 significationis.
2932 5651 3180 5705 Horatius
3207 5655 3256 5705 in
3287 5657 3457 5721 primo
3485 5656 3823 5713 Scrmonttm.

2762 5739 2933 5805 Neque
2972 5757 3025 5791 se
3047 5744 3147 5791 fore
3170 5748 3363 5805 posthac

2454 5798 2568 5844 'l'am
2597 5798 2779 5847 fm-ilem
2805 5798 2945 5849 dicat.
