4276 6260
345 405 443 458 917

1250 392 1623 450 MURMELLII
1669 391 1753 443 ΕΤ
1794 385 2155 441 AGRlCOL/E
2195 388 2698 444 COMMENTARIA.

3488 390 3596 442 918’

348 515 534 568 liorem
563 522 737 567 autem
784 513 918 566 sicut
956 525 1126 566 essem
1147 552 1161 573 ,
1206 509 1444 578 ejusdem
1488 502 1913 576 signiﬁcationis.
1949 501 1994 557 A
2024 503 2334 568 gistratibus
2357 507 2484 569 suis,
2519 507 2615 561 sub
2647 507 3042 584 magistratibus
3073 519 3123 564 et
3156 509 3356 577 legibus
3393 508 3590 563 Roma-

351 617 634 658 .‘KGBICOLA.

422 691 684 761 Publicos]
718 691 770 744 ld
792 701 893 756 est,
930 691 1226 759 p0pulicas,
1260 705 1378 758 qua:
1410 690 1591 758 populi
1629 697 1753 742 sunt
1785 685 1916 740 dici-

352 801 486 836 mus.
520 788 811 838 AGRICtil.A.

425 872 662 942 Studere]
691 873 888 927 Favere
919 874 1200 940 signiﬁcat,
1231 872 1545 941 quandoque
1571 872 1808 939 jungitur
1829 869 1919 922 da-

355 963 482 1018 tivo.
516 964 760 1017 l-loratius
786 964 838 1016 in
871 964 1040 1029 primo
1068 963 1420 1030 Epistolarum
1453 979 1464 1013 :

476 1051 549 1100 Ne
569 1051 724 1100 studio
745 1053 898 1100 nostri
926 1063 1115 1112 pecces.

354 1131 412 1188 ld
453 1146 533 1187 est
580 1133 760 1188 favore
807 1152 820 1185 :
867 1135 1180 1202 quandoque
1225 1134 1434 1186 conari.
1482 1132 1696 1186 Terent.
1739 1132 1788 1184 in
1824 1132 1921 1184 Eu-

355 1226 548 1279 nuch.:

476 1317 600 1367 Dum
622 1318 796 1366 studeo
821 1317 906 1365 tibi
928 1329 1142 1365 sororem
1167 1315 1399 1365 reddere.

360 1406 430 1458 Et
454 1404 695 1473 jungitur
719 1405 1039 1466 accusativo,
1062 1405 1379 1472 quandoque
1409 1403 1614 1457 discere
1640 1401 1922 1470 signiﬁcat.

356 1495 544 1549 Cicero
583 1495 634 1547 in
677 1494 861 1563 quinto
887 1495 953 1548 de
1004 1494 1222 1547 Finibus
1258 1496 1513 1547 bonorum
1537 1503 1589 1548 et
1620 1495 1875 1547 malorum
1910 1511 1925 1547 :

359 1588 441 1641 vel
482 1587 608 1641 illud
638 1589 807 1655 ipsum
849 1588 986 1656 quod
1018 1589 1222 1651 studet,
1259 1588 1432 1642 facere
1463 1591 1630 1657 possit
1666 1589 1926 1650 ornatius,

358 1678 540 1746 sicque
563 1677 863 1745 promiscue
885 1680 1187 1732 accusativo
1212 1687 1266 1732 et
1286 1679 1466 1733 dativo
1483 1680 1740 1748 jungitur.
1772 1679 1930 1733 Acm-

360 1786 512 1825 COLA.

2022 596 2103 650 nis
2127 598 2422 653 tenebatur.
2453 599 2604 654 Unde
2631 599 2911 654 Suetonius
2941 603 2990 655 in
3014 603 3132 655 Vita
3165 602 3359 656 Tiberii
3391 602 3594 669 :Cujus

2022 696 2073 740 et
2112 704 2329 758 regnum
2377 692 2429 743 in
2471 691 2690 744 formam
2728 694 3015 760 provinciae
3051 693 3269 762 redegit.
3326 693 3470 747 Dicta
3514 702 3596 746 est

2023 780 2290 846 provincia
2339 781 2484 849 quasi
2532 796 2710 850 porro,
2763 781 2812 834 id
2855 791 2936 836 est
2985 799 3197 850 prorsus
3243 785 3397 838 victa.
3432 785 3591 839 Acm-

2022 883 2172 923 COLA.

2096 959 2354 1030 Prwtorii]
2388 961 2698 1018 Prmtoriunt
2744 967 2795 1020 in
2841 969 3027 1020 castris
3070 967 3265 1039 dicitur
3309 968 3458 1020 locus
3504 968 3596 1020 ubi

2027 1051 2274 1104 tendebat
2315 1051 2616 1122 imperator,
2657 1067 2708 1109 et
2737 1057 2859 1111 inde
2899 1058 2948 1110 in
2998 1057 3246 1118 urbibus,
3280 1057 3366 1111 ubi
3405 1069 3599 1126 przetor

2026 1142 2107 1194 vel
2129 1156 2368 1196 smnmus
2394 1146 2733 1213 magistratus
2757 1147 3024 1201 habitabat
3055 1149 3279 1215 publice.
3308 1148 3601 1202 Praefectus

2027 1241 2202 1286 autem
2252 1237 2515 1302 prmtorii,
2566 1238 2653 1304 qui
2695 1238 2814 1292 loco
2863 1239 3198 1307 imperatoris
3247 1240 3298 1291 in
3357 1239 3600 1306 prietorio

2029 1324 2370 1392 versabatur,
2412 1335 2465 1378 et
2506 1327 2762 1382 militibus
2805 1339 3048 1395 prmerat.
3093 1330 3438 1382 Consularem
3480 1344 3600 1382 eum

2029 1412 2287 1478 dicimus,
2319 1418 2407 1483 qui
2437 1417 2533 1471 fuit
2558 1419 2767 1472 consul.
2796 1419 3056 1472 Consules
3085 1421 3225 1472 enim
3261 1419 3366 1472 duo
3391 1433 3604 1486 semper

2033 1502 2084 1554 in
2115 1504 2350 1573 singulos
2381 1521 2547 1560 annos
2597 1510 2915 1563 creabantur
2963 1509 3165 1574 Romae,
3211 1510 3298 1577 qui
3341 1518 3604 1576 prmerant

2031 1595 2268 1658 senatui,
2296 1595 2397 1650 ho‘c
2426 1606 2508 1650 est
2531 1598 2765 1652 concilio
2791 1599 3022 1666 publico,
3053 1599 3203 1667 cujus
3227 1600 3313 1667 qui
3341 1599 3604 1667 particeps

2033 1693 2170 1748 erat,
2199 1696 2414 1741 senator
2436 1688 2747 1742 vocabatur.
2780 1691 3070 1743 AGRICOLA.

2107 1775 2373 1831 Palatinos
2414 1779 2581 1847 canes]
2629 1780 2828 1833 Avidus
2879 1781 3150 1836 ministros
3199 1781 3376 1847 palatii
3435 1792 3600 1834 vocat.

431 1864 734 1934 Autoritatc]
760 1865 1032 1918 Autoritas
1063 1866 1275 1935 proprie
1299 1865 1493 1920 dicitur
1541 1865 1812 1919 honestior
1839 1877 1926 1918 aut
1959 1861 2005 1916 B
2036 1870 2322 1921 Aenicota.

361 1956 569 2024 dignior
611 1957 677 2009 de
724 1956 937 2010 homine
982 1957 1159 2025 aliquo
1204 1957 1422 2026 opinio,
1459 1972 1552 2025 per
1582 1972 1738 2024 quam
1781 1957 1930 2012 facile

362 2045 489 2110 quid
520 2046 744 2098 suadere
774 2055 864 2099 aut
909 2045 1220 2101 dissuadere
1265 2056 1440 2115 potest
1491 2067 1502 2099 :
1552 2049 1690 2102 sicut
1733 2049 1933 2102 autoris

363 2138 575 2204 dicitur,
600 2138 750 2206 cujus
773 2139 994 2207 imperio
1023 2141 1214 2208 aliquid
1243 2142 1328 2206 ﬁt,
1357 2143 1509 2210 cujus
1536 2143 1764 2196 nominis
1794 2143 1930 2196 mul-

367 2234 525 2300 tiplex
557 2235 708 2301 origo
729 2233 866 2300 apud
894 2233 1134 2288 diversos
1168 2243 1500 2290 recensetur.
1527 2237 1630 2290 Alii
1672 2236 1739 2290 ab
1765 2252 1933 2306 augeo

366 2323 702 2376 scribendum
736 2338 828 2390 per
853 2339 906 2387 c,
941 2325 1078 2390 quod
1129 2328 1354 2380 nominis
1397 2328 1702 2396 prepiictati
1750 2341 1932 2396 parum

368 2416 630 2466 convenit.
665 2414 765 2468 Alii
796 2415 862 2468 ab
891 2419 1040 2471 αὐτὸν
1067 2417 1252 2472 Graeco
1280 2419 1566 2482 deducunt,
1593 2419 1733 2488 quod
1766 2421 1934 2487 ipsum

367 2505 656 2573 significat;
686 2507 779 2560 sed
808 2517 862 2559 et
895 2507 994 2562 hoc
1026 2509 1232 2578 longius
1262 2512 1537 2576 qumsitum
1574 2512 1800 2565 videtur.
1834 2513 1934 2565 Alii

369 2595 600 2650 aliunde.
644 2596 766 2650 Mihi
811 2598 924 2652 sine
963 2615 990 2650 c
1027 2599 1362 2654 scribendum
1407 2601 1631 2665 videtur,
1664 2612 1718 2655 et
1745 2603 1881 2656 sicut
1909 2618 1934 2653 a

369 2687 521 2740 faveo
567 2687 805 2753 fautum,
836 2689 912 2742 sic
956 2690 1021 2743 ab
1077 2705 1208 2744 aveo
1252 2704 1454 2753 autum,
1487 2694 1624 2760 quod
1673 2703 1752 2746 cst
1791 2704 1938 2746 extra

371 2789 526 2850 usum
561 2795 571 2828 :
604 2787 658 2832 et
687 2778 808 2832 inde
834 2788 988 2833 autor
1016 2779 1340 2834 descendere
1371 2782 1595 2845 videtur,
1623 2785 1870 2850 quoniam
1899 2785 1942 2837 is

370 2867 440 2920 sit
470 2867 560 2936 qui
585 2883 694 2922 rem
741 2868 926 2922 factam
968 2879 1153 2935 aveat,
1183 2871 1284 2925 huc
1310 2882 1390 2926 est
1419 2873 1616 2939 cupiat.
1653 2873 1938 2927 Acmcou.

445 2963 823 3035 Magistratum]
853 2964 1185 3034 Magistratus
1214 2976 1266 3020 et
1289 2965 1647 3034 magisterium
1673 2965 1940 3029 dill‘erunt,

374 3054 713 3123 magistratus
740 3065 975 3122 potesms
997 3054 1203 3114 dicitur,
1228 3055 1584 3122 magisterium
1601 3097 1615 3114 .
1639 3055 1940 3110 artificium.

375 3143 634 3199 Conscius
665 3155 717 3199 et
743 3144 1096 3207 conscientia,
1133 3145 1268 3212 apud
1303 3153 1507 3199 veteres
1547 3145 1852 3216 plerumque
1894 3147 1943 3197 in

379 3237 573 3290 malam
602 3244 804 3304 partem
836 3235 1105 3289 dicuntur.
1135 3235 1405 3288 Juvenalis
1434 3250 1448 3287 :

502 3346 618 3403 Quis
639 3359 762 3393 nunc
784 3344 999 3404 diligitur
1022 3347 1109 3391 nisi
1130 3347 1348 3393 conscius
1373 3345 1390 3392 ?

383 3428 627 3481 Horatius
657 3428 705 3480 in
736 3428 908 3495 primo
941 3427 1294 3495 Epistolarum
1329 3444 1340 3476 :

501 3519 579 3567 Nil
604 3522 819 3568 coiscire
844 3520 954 3578 sibi,
983 3519 1112 3567 nulla
1138 3519 1407 3579 pallescere
1432 3517 1588 3580 culpa.

382 3600 668 3654 Sallustius
699 3601 749 3652 in
773 3599 1028 3668 Jugurtha
1071 3617 1081 3649 :
1113 3599 1188 3652 Ne
1215 3600 1333 3667 quis
1378 3599 1686 3653 modestiam
1729 3601 1777 3652 in
1821 3614 1948 3652 con-

383 3693 658 3746 scientiam
687 3691 992 3745 deduceret.
1034 3690 1224 3743 Contra
1255 3690 1505 3758 Virgilius
1537 3691 1664 3743 dixit
1691 3709 1700 3741 :
1727 3690 1950 3744 Conscia

386 3783 585 3845 virtus;
618 3791 671 3833 et
699 3781 919 3848 Quintil.
957 3783 1010 3833 in
1046 3783 1228 3834 matris
1273 3781 1484 3833 infamia
1524 3797 1536 3834 :
1574 3782 1618 3833 0
1646 3781 1796 3834 bona)
1827 3797 1952 3835 con-

385 3873 620 3926 scientia:
653 3875 856 3925 incauta
888 3873 1038 3938 simpl
1065 3873 1214 3925 citas.
1247 3874 1534 3926 Aemcou.

459 3962 750 4036 [inbecillis]
782 3965 942 4029 Qutsi
979 3965 1094 4017 sine
1131 3964 1347 4028 baculo,
1379 3965 1427 4017 id
1466 3974 1547 4018 est
1584 3965 1701 4018 sine
1736 3965 1956 4017 admini-

387 4057 507 4109 culo
537 4067 625 4109 aut
649 4057 858 4109 rubore.
893 4060 1179 4110 AGRICOLA.

460 4146 760 4214 Calumniisl
805 4147 941 4200 Dicit
980 4147 1284 4201 Priscianus
1326 4162 1354 4199 a
1400 4148 1562 4201 veteri
1604 4148 1764 4203 verbo
1793 4149 1954 4213 calvo,

389 4237 528 4304 quod
551 4246 632 4290 est
658 4237 864 4306 decipio
886 4277 900 4302 ,
929 4237 1246 4291 calumniam
1269 4238 1462 4292 dictam
1489 4253 1608 4293 esse
1635 4240 1773 4308 quod
1804 4241 1960 4293 modo

389 4328 651 4397 signiﬁcat
695 4327 880 4381 falsam
929 4329 1319 4382 accusationem
1348 4369 1362 4391 ,
1409 4332 1567 4383 modo
1625 4331 1958 4384 vexationem

389 4417 613 4486 alicujus
638 4418 690 4472 in
715 4417 892 4472 lilibus
915 4434 1007 4486 per
1028 4419 1327 4488 frattdent_et
1352 4419 1770 4474 frustrationem.
1800 4421 1959 4473 Aem-

389 4523 519 4562 COLA
530 4549 542 4561 .

2107 1959 2411 2028 Ambitione]
2461 1959 2552 2012 llic
2605 1965 2779 2028 posuit
2820 1964 2869 2014 in
2925 1963 3133 2029 prepria
3183 1962 3604 2030 significatione,

2035 2062 2188 2114 quam
2214 2049 2528 2117 etymologia
2559 2051 2788 2103 nominis
2814 2053 3005 2114 reddit,
3043 2067 3147 2105 non
3171 2053 3434 2120 quomodo
3460 2066 3609 2105 more

2035 2141 2302 2192 communi
2335 2140 2519 2195 Latine
2563 2144 2889 2212 loquentium
2929 2145 3152 2213 capitur.
3200 2144 3431 2198 Ambitio
3469 2146 3609 2198 enim

2035 2229 2228 2298 cupido
2251 2231 2468 2286 honoris
2489 2240 2571 2285 est
2603 2251 2616 2287 :
2641 2232 2762 2302 quia
2786 2235 2870 2304 qui
2895 2237 3146 2304 petebant
3173 2237 3401 2290 honores
3427 2244 3480 2290 et
3501 2251 3610 2289 ma-

2036 2322 2284 2390 gistratus
2308 2366 2322 2389 ,
2355 2324 2628 2379 ambibant
2670 2337 2723 2380 et
2762 2328 3059 2383 circnibant
3097 2330 3277 2393 cives,
3313 2341 3525 2385 orantes
3556 2340 3612 2384 tit

2037 2412 2138 2467 sibi
2170 2415 2444 2470 faverent:
2474 2417 2616 2470 unde
2638 2417 2867 2471 ambitus
2897 2419 3160 2488 signiﬁcat
3199 2420 3247 2473 id
3285 2419 3422 2488 q'uotl
3456 2420 3611 2473 hodie

2038 2506 2225 2575 vulgus
2268 2507 2550 2560 simoniam
2592 2518 2764 2563 vocat.
2802 2509 2896 2563 Hic
2934 2520 3108 2564 autem
3140 2509 3308 2574 dixit,
3361 2512 3611 2578 quoniam

2039 2596 2311 2650 ambibant
2336 2596 2542 2663 judices
2564 2609 2613 2652 et
2638 2601 2931 2654 sententias
2952 2603 3215 2656 emebant.
3250 2603 3538 2656 Acntcoui.

2112 2689 2337 2759 Aulicos]
2372 2691 2589 2758 Proprie
2630 2691 2856 2745 dicimus
2887 2707 2981 2746 eos
3020 2695 3106 2761 qui
3144 2694 3196 2746 in
3243 2694 3376 2747 aulis
3420 2694 3613 2760 princi-

2045 2795 2166 2844 pum
2213 2780 2432 2846 vivunt,
2475 2795 2607 2849 quos
2656 2781 2812 2834 hodie
2855 2784 3080 2837 barbare
3126 2784 3355 2837 curiales
3402 2791 3614 2836 vocant.

2045 2868 2233 2938 Virgil.
2265 2871 2316 2923 in
2342 2886 2377 2923 ιι
2405 2871 2596 2940 Georg.
2633 2890 2644 2922 :

2352 2962 2623 3011 Penctrant
2647 2962 2780 3010 aulas
2810 2968 2861 3012 et
2881 2963 3047 3011 limina
3074 2975 3260 3024 regum.

2047 3043 2175 3097 Nam
2203 3045 2347 3097 curia
2377 3059 2406 3097 a
2434 3058 2561 3098 cura
2593 3046 2786 3098 dicitur
2818 3045 2982 3109 locus,
3020 3047 3107 3098 ubi
3141 3047 3406 3113 publicum
3437 3045 3615 3098 conci-

2049 3135 2179 3188 lium
2212 3133 2453 3190 habetur.
2486 3137 2775 3190 Acincum.

1976 3220 2020 3280 C
2124 3225 2260 3278 Esne
2290 3221 2404 3285 ὄνος
2432 3227 2558 3297 πρὸς
2580 3225 2752 3297 λύραν]
2784 3226 2872 3280 Sic
2910 3226 3085 3293 legere
3119 3235 3199 3279 est
3237 3227 3289 3279 iu
3334 3224 3618 3293 exemplari

2050 3314 2188 3383 quod
2215 3314 2445 3368 Joannes
2473 3316 2736 3370 Cat-smus
2768 3317 2924 3368 homo
2955 3317 3293 3370 doctiSsimus
3319 3316 3448 3370 mihi
3479 3331 3621 3369 corn-

2053 3404 2286 3458 ntodavit
2321 3423 2330 3456 :
2365 3406 2502 3473 quod
2534 3407 2924 3472 interpretatur,
2953 3407 3148 3461 Asinus
3179 3422 3235 3461 es
3259 3407 3324 3459 ad
3354 3408 3537 3476 lyram.
3570 3407 3624 3458 ln

2051 3498 2287 3565 ejusdem
2339 3501 2576 3566 margine
2622 3497 2738 3551 hate
2781 3497 3043 3552 habentur
3092 3497 3318 3564 ascripta
3365 3515 3378 3548 :
3421 3499 3453 3554 ἥ
3499 3499 3626 3570 πρὸς

2050 3589 2206 3662 λύραν
2237 3584 2345 3646 ὄνος
2371 3589 2546 3652 τελεῖς,
2575 3587 2626 3641 id
2656 3598 2756 3651 est,
2790 3589 2869 3641 An
2919 3589 2982 3641 ad
3027 3589 3193 3658 lyram
3238 3590 3414 3642 asinus
3433 3589 3524 3641 es“!
3572 3589 3628 3640 In

2055 3682 2280 3748 epistula
2324 3696 2451 3734 vero
2498 3682 2564 3735 ab
2608 3679 2893 3735 Edicollio
2924 3682 2988 3734 ad
3019 3697 3104 3734 me
3133 3681 3286 3746 data,
3319 3682 3395 3736 An
3427 3696 3486 3735 es
3523 3678 3629 3740 ὄνος

2055 3773 2241 3846 λύραςῖ
2270 3772 2525 3836 subaudi,
2557 3776 2836 3845 ἀκροὰτης,
2871 3774 2920 3826 id
2954 3783 3056 3840 est,
3091 3788 3149 3828 es
3179 3774 3356 3827 asinus
3381 3774 3506 3842 lyra:
3539 3788 3630 3825 au-

2057 3865 2327 3916 scultator.
2365 3864 2672 3932 ltodolphus
2709 3866 2954 3933 Agricola
2994 3865 3231 3918 exaravit
3259 3863 3441 3918 Graeca
3490 3863 3631 3916 Lati-

2058 3956 2140 4007 nis
2175 3954 2363 4008 litteris
2385 3995 2397 4017 ,
2430 3955 2647 4008 forsitan
2685 3970 2748 4008 eo
2787 3955 2927 4024 quod
2963 3956 3006 4008 is
3035 3955 3186 4022 cujus
3230 3957 3344 4009 usui
3376 3955 3639 4010 scriberet

2059 4046 2239 4100 Graeca
2278 4047 2524 4100 nesciret.
2566 4046 2701 4102 Sunt
2739 4057 2916 4100 autem
2949 4045 3061 4100 bazc
3094 4063 3107 4098 :
3139 4044 3270 4120 ’Ἄρα
3299 4043 3345 4100 εἶ
3367 4043 3476 4106 ὄνος
3505 4049 3634 4120 πρὸς

2057 4137 2240 4214 λύραν;
2291 4138 2341 4191 id
2387 4147 2485 4201 est,
2529 4139 2609 4192 Au
2640 4153 2700 4193 es
2745 4138 2926 4192 asinus
2969 4139 3032 4192 ad
3069 4139 3273 4208 lyram?
3303 4139 3503 4192 Dicitur
3535 4137 3637 4193 hoc

2060 4231 2302 4298 adagium
2335 4230 2385 4283 in
2426 4244 2519 4284 eos
2554 4229 2642 4297 qui
2674 4229 2851 4283 hebeti
2883 4241 3005 4283 sunt
3026 4229 3269 4299 ingenio,
3303 4227 3499 4284 crassis
3543 4242 3637 4281 au-

2062 4324 2228 4387 ribus,
2261 4323 2560 4390 nulliusque
2586 4322 2796 4388 judicii,
2824 4323 2893 4376 ita
2923 4332 3066 4376 utea
3107 4337 3226 4390 quae
3268 4322 3514 4374 dicuntur
3537 4320 3639 4372 tui-

2063 4429 2162 4466 nus
2207 4413 2518 4481 intelligant.
2559 4412 2722 4465 Divus
2777 4413 3132 4480 Hieronymus
3182 4408 3246 4461 ad
3284 4408 3584 4462 Marcellam
3618 4423 3632 4459 :

2066 4504 2226 4556 Asino
2271 4505 2464 4571 quippe
2513 4503 2621 4570 lyra
2667 4503 2931 4568 supcrllue
2982 4499 3142 4552 canit.
3195 4497 3336 4552 Idem
3383 4497 3638 4550 adversus

459 4599 824 4669 Barbararum]
853 4599 1020 4654 Omne
1048 4599 1332 4653 humanum
1380 4617 1545 4669 genus
1594 4617 1620 4650 a
1669 4601 1866 4654 Graecis
1910 4601 1960 4652 in
1992 4575 2042 4632 Ῑ)
2073 4594 2148 4661 νίς

1951 4575 2042 4652 in
2073 4593 2418 4661 Vigilantiam.
2470 4610 2480 4642 :
2529 4591 2838 4659 Quanquam
2884 4589 3045 4643 stulte
3098 4589 3280 4640 faciam
3311 4626 3326 4650 ,
3386 4586 3640 4654 magistro

391 4697 646 4750 barbaros
687 4703 740 4749 et
785 4695 1000 4749 Graecos
1047 4696 1205 4748 dividi
1255 4696 1461 4748 solebat
1507 4714 1518 4747 :
1559 4707 1674 4762 post
1719 4697 1816 4748 hoc
1848 4694 1959 4748 ltali

392 4802 602 4856 quoque
631 4786 957 4839 humanitate
983 4796 1035 4838 et
1061 4786 1358 4840 eruditione
1385 4803 1412 4838 a
1441 4787 1680 4840 barbaris
1709 4789 1960 4853 exempti.

392 4876 676 4929 Christiani
722 4877 1010 4942 scriptores
1059 4877 1366 4942 plerumque
1391 4891 1530 4928 nunc
1556 4890 1652 4943 pro
1677 4875 1963 4942 gentilibus

394 4966 656 5031 accipiunt
677 4965 947 5018 barbaros.
984 4966 1273 5019 AGRICOLA.

471 5055 830 5124 Vectigalibus'j
867 5055 1096 5123 Vectigal
1131 5055 1386 5109 tributum
1417 5057 1628 5120 dicitur,
1664 5056 1801 5123 quod
1835 5071 1964 5122 pen-

396 5145 533 5198 ditur
560 5145 625 5199 de
659 5148 817 5198 rebus
849 5160 967 5212 qua:
1004 5146 1268 5199 vehuntur
1310 5162 1320 5195 :
1355 5146 1682 5199 conSuetudo
1715 5147 1882 5199 tenuit
1912 5155 1966 5197 ut

401 5250 493 5300 pro
522 5235 663 5288 omni
696 5235 912 5299 tributo,
944 5237 1136 5290 deinde
1167 5251 1262 5304 pro
1293 5237 1436 5289 omni
1464 5251 1624 5290 censu
1656 5237 1960 5304 accipiatur.

402 5323 547 5377 Unde
569 5325 837 5394 vectigalis
859 5341 984 5395 ager
1001 5367 1014 5390 ,
1060 5343 1124 5380 ex
1152 5341 1256 5394 quo
1280 5326 1514 5380 redditus
1540 5328 1816 5394 capiuntur
1833 5368 1847 5392 ,
1875 5343 1967 5380 vo-

398 5428 565 5470 catur.
586 5418 869 5474 AGRICOLA.

470 5507 817 5580 Campaniam]
849 5512 891 5564 A
916 5509 1091 5579 Capua
1119 5509 1252 5564 urbe
1275 5510 1350 5578 ﬁt,
1379 5509 1574 5563 dicitur
1593 5511 1727 5564 civis
1748 5509 1966 5578 Campa-

403 5613 518 5650 nus.
550 5597 702 5654 Unde
731 5609 783 5653 et
806 5600 1114 5668 Campania,
1140 5599 1388 5669 quidquid
1436 5601 1534 5654 sub
1555 5601 1755 5656 ditione
1776 5599 1966 5669 Capum

401 5690 525 5743 olim
556 5689 672 5743 fuit.
702 5692 975 5746 Provincia
1003 5690 1198 5756 dicitur
1223 5705 1344 5760 pars
1367 5691 1537 5760 aliqtta
1570 5700 1826 5746 terrarum
1855 5707 1968 5758 quae

403 5782 673 5848 subjugata
701 5798 724 5832 a
759 5782 1026 5847 Romanis,
1054 5782 1268 5837 remotis
1296 5783 1372 5836 vel
1406 5782 1727 5850 principibus
1757 5781 1835 5836 vel
1861 5796 1967 5834 ma-

2071 4691 2378 4736 cunctorum
2421 4684 2695 4748 magistros
2727 4693 3000 4747 quaerere,
3042 4687 3095 4731 et
3133 4677 3180 4730 ei
3212 4675 3428 4729 modum
3471 4676 3642 4746 impo-

2072 4786 2225 4830 nere,
2251 4771 2336 4837 qui
2382 4769 2521 4836 loqui
2554 4769 2753 4833 nescit,
2784 4781 2833 4821 et
2866 4777 3042 4820 tacere
3080 4782 3182 4818 non
3217 4775 3409 4832 potest.
3444 4765 3640 4819 Verum

2070 4876 2148 4915 ρει
2179 4862 2305 4914 illud
2339 4863 2476 4929 apud
2515 4860 2730 4914 Graecos
2761 4859 3093 4927 prov'erbium
3112 4901 3124 4922 ,
3155 4856 3302 4917 "Ova;
3327 4859 3505 4932 λύρας.
3539 4859 3660 4911 Lu-.

2072 4955 2255 5007 cianus
2282 4954 2348 5007 de
2381 4954 2444 5007 iis
2471 4954 2556 5022 qui
2589 4952 2833 5007 mercede
2859 4952 3098 5007 Serviunt
3128 4969 3138 5002 :
3167 4949 3300 5015 Quid
3333 4950 3643 5005 commercii

2070 5048 2220 5100 asino
2246 5061 2364 5098 cum
2395 5045 2541 5114 lyra?
2564 5043 2852 5115 ἐξαύδα,μή
2874 5046 3010 5097 κεῦθε
3033 5045 3142 5114 νόῳ.
3168 5041 3448 5095 Ιυϐωεπὶὶ
3467 5041 3644 5096 libello

2071 5139 2182 5190 bare
2204 5138 2388 5191 Crteea
2420 5147 2571 5199 sunt,
2602 5153 2718 5204 quat:
2752 5137 2828 5189 sic
2865 5136 3280 5204 interpretantur
3314 5151 3325 5184 :
3357 5133 3644 5202 Eloquere,

2072 5247 2136 5284 ne
2157 5231 2395 5284 occultos
2422 5230 2726 5283 intellectui.
2750 5231 2917 5292 Quam
2949 5229 3097 5283 dedit
3124 5227 3444 5282 Edicollius
3464 5227 3530 5280 ad
3558 5241 3645 5279 me

2071 5323 2346 5389 epistolam
2396 5323 2506 5372 hate
2549 5319 2700 5372 habet
2741 5338 2752 5372 :
2793 5319 3016 5391 Ἐξηγὲου
3061 5324 3194 5390 ἐμοὶ,
3251 5322 3300 5372 ἐν
3340 5323 3428 5389 μὲν
3479 5317 3674 5387 ἀδήλῳ.

2075 5413 2299 5465 τίθεσθαι
2321 5413 2376 5462 οὐ
2402 5412 2580 5472 πείθω,
2612 5425 2726 5477 quae
2752 5411 2828 5463 sic
2873 5412 2995 5462 licet
3031 5407 3397 5475 interpretari,
3429 5407 3647 5472 Expone

2073 5500 2224 5566 mihi,
2259 5500 2308 5551 in
2336 5502 2538 5552 incerto
2567 5498 2780 5566 quidem
2810 5497 2930 5566 poni
2962 5512 3062 5551 noo
3093 5496 3310 5549 suadeo.
3337 5492 3646 5561 Rodolphus

2074 5597 2199 5666 legit
2240 5598 2350 5650 hmc
2387 5595 2568 5652 Graeca
2597 5613 2607 5646 :
2650 5595 3062 5665 Ἐξομολὸγησαι,
3096 5595 3143 5646 τί
3166 5611 3221 5644 σε
3252 5591 3424 5653 λυπεῖ,
3464 5586 3514 5640 id
3541 5594 3644 5644 est.

2073 5686 2340 5741 Conﬁtere
2364 5687 2486 5755 quid
2518 5696 2566 5739 te
2596 5685 2896 5738 contristet.

2151 5783 2487 5838 nihili-theca,
2519 5775 2700 5829 Grzcce
2731 5774 3020 5844 βιϐλιοθήκῃ
3039 5815 3052 5842 ,
3082 5773 3452 5842 reposnorium
3485 5769 3650 5824 libro-
3678 5809 3684 5815 -
