4290 6258
659 386 761 442 919

1311 381 1647 439 ΑΙἸἘΝΜΧ
1691 387 1779 439 AD
1820 385 2058 442 LIBROS
2103 385 2186 436 DE
2224 383 2739 437 CUNSOLATIONE
2778 382 3269 440 PHILOSOPIIIE.

3808 389 3913 445 910

658 514 797 554 rum.
829 502 1002 562 Βίϐλος
1033 499 1172 554 enim
1215 501 1588 565 interpretatur
1613 512 1870 567 papyrus,
1911 498 2102 566 juncus
2145 509 2233 549 co-
2261 498 2310 556 Α
2339 493 2419 548 his
2449 511 2574 563 ergo
2602 496 2708 563 jam
2741 498 2892 550 satis.
2931 496 3203 550 Cltccratis
3233 506 3409 551 autem
3438 513 3617 552 curam
3650 497 3910 554 habemus

657 591 780 654 dex,
811 591 962 654 liber,
989 591 1234 659 bombyx.
1262 589 1512 640 Nonnulli
1535 590 1774 641 scribunt
1801 604 1892 657 per
1921 612 1977 652 υ,
2003 589 2232 644 maxime

657 681 972 735 Theodorus
995 681 1152 734 Gaza.
1179 681 1444 734 Invenitur
1464 691 1516 734 et
1542 682 1733 742 Bi€)o;,
1763 682 1888 734 urbs
1922 679 2228 746 Pbmnicim,

656 785 772 833 quin
802 784 894 836 per
922 791 954 822 υ
987 759 1198 835 Semper
1231 769 1478 822 scribitur
1507 786 1520 822 :
1549 769 1844 822 ditferentia
1885 770 2034 836 cujus
2075 769 2231 836 pleri-

653 872 756 926 que
786 859 958 927 βίϐλος
992 873 1084 924 pro
1114 859 1294 911 eodice
1325 875 1420 927 per
1445 884 1462 915 ι
1495 861 1654 913 scribi
1678 860 1962 924 al'lirmant,
2001 875 2090 928 per
2117 876 2229 913 ntu-

657 950 911 1003 tationem
943 950 1183 1004 dichroni
1209 951 1260 1004 in
1283 951 1621 1013 diebronum,
1646 961 1702 1004 ιιι
1735 952 1958 1003 lsaeeius
1987 952 2036 1003 in
2064 953 2230 1021 Lyco-

655 1040 876 1110 phronis
907 1042 1343 1109 interpretatione
1389 1053 1626 1094 testatur.
1672 1041 1773 1095 Per
1817 1042 2226 1094 diminutionem

653 1141 844 1185 neutro
870 1145 1064 1198 genere
1091 1131 1284 1184 dit'illlr
1309 1132 1500 1202 βίϐλων
1533 1119 1807 1194 volumen,
1841 1131 2074 1194 libellus;
2109 1133 2226 1188 θήκη

650 1231 826 1276 autem
857 1221 1040 1274 Latine
1069 1221 1258 1274 dicitur
1290 1225 1464 1284 theca,
1485 1221 1690 1288 vagina,
1721 1221 2046 1285 sepulcrum,
2079 1222 2227 1274 locu-

652 1310 758 1374 lus,
790 1313 1184 1379 repositorium.
1219 1312 1287 1364 Μ.
1313 1312 1517 1363 Tullius
1548 1312 1598 1363 in
1635 1326 1724 1362 λιιι
1759 1311 2113 1376 Epistolarum
2152 1311 2228 1363 fa-

655 1401 938 1454 miliarium
970 1417 982 1452 :
1015 1401 1293 1470 Diooysius
1322 1416 1506 1454 servus
1533 1402 1806 1468 meus,qui
1838 1416 2007 1453 meam
2035 1399 2228 1454 biblio-

652 1490 860 1544 thecam
885 1491 1176 1544 multorum
1208 1507 1542 1544 nummorum
1573 1493 1847 1554 tractavit,
1881 1508 1999 1544 cum
2033 1493 2226 1547 multos

651 1579 818 1632 libros
846 1581 1220 1648 sut'ripttisset,
1246 1597 1342 1635 nec
1371 1597 1428 1635 se
1460 1588 1674 1650 impune
1714 1583 1938 1636 laturum
1986 1593 2224 1652 putaret,

649 1671 869 1740 aul‘ugit.
899 1671 1085 1727 Latiae
1132 1673 1342 1726 libraria
1391 1674 1612 1738 dicitur,
1665 1691 1768 1741 quo
1805 1677 1964 1728 etiam
2013 1676 2225 1730 nomine

649 1761 978 1828 signiﬁcatur
1009 1764 1155 1815 locus
1185 1763 1266 1813 tibi
1294 1763 1411 1816 libri
1443 1764 1658 1816 venales
1684 1776 2031 1832 reponuntur.
2060 1767 2223 1818 Aulus

2335 587 2385 638 in
2410 586 2686 653 praesentia
2706 627 2720 650 ,
2750 585 3166 655 habebimusque
3206 587 3256 639 in
3290 599 3588 656 poS!erum,
3612 597 3663 642 et
3688 589 3758 642 tui
3787 604 3907 657 gra-

2335 675 2402 727 tia
2427 716 2441 737 ,
2467 686 2515 728 et
2544 675 2707 741 patris
2731 677 2846 744 ejus
2876 676 3231 747 Pbrynionis,
3254 686 3308 731 et
3338 687 3554 746 pr0pter
3579 679 3750 748 ipsum
3780 680 3908 733 ado-

2335 766 2642 818 lescentcm.

2408 856 2600 921 Quibus
2631 867 2799 910 autem
2840 854 3199 927 deferentibus]
3228 857 3442 926 Colligit
3478 858 3788 926 gravitatem
3817 875 3908 913 ca-

2331 960 2422 997 sus
2461 962 2523 998 ex
2567 947 2876 1013 indignitate
2920 958 3318 1012 accu5atorum,
3365 965 3395 1002 e
3441 949 3630 1016 quibus
3679 951 3911 1005 Basilius

2329 1050 2449 1088 cum
2490 1047 2632 1090 esset
2668 1045 2876 1088 amotus
2909 1051 2938 1089 e
2983 1038 3142 1090 domo
3184 1039 3355 1105 regis,
3405 1051 3625 1106 propter
3673 1040 3904 1108 inopiam

2330 1137 2545 1180 coactus
2575 1137 2656 1180 est
2681 1144 2801 1180 cum
2829 1142 3101 1181 accusare.
3125 1128 3300 1195 Opilio
3321 1138 3374 1182 et
3401 1130 3747 1192 Gaudentius,
3781 1146 3906 1183 cum

2328 1227 2505 1270 essent
2544 1217 2678 1283 jnssi
2709 1219 2786 1270 ire
2817 1219 2869 1270 ιιι
2910 1219 3157 1271 exsilium
3193 1228 3407 1286 propter
3450 1222 3649 1273 scelera
3691 1236 3819 1285 sua,
3851 1236 3907 1275 et

2331 1315 2508 1372 postea
2537 1322 2594 1358 se
2637 1307 2882 1373 praesidio
2911 1308 3148 1361 locormn
3187 1323 3460 1362 sacrorum
3487 1319 3778 1368 tuerentur.
3806 1313 3906 1364 ite-

2329 1413 2550 1465 rumque
2583 1399 2858 1452 statuisset
2887 1416 2979 1454 rex
3003 1441 3017 1464 ,
3056 1401 3156 1454 nisi
3193 1401 3327 1455 intra
3359 1414 3563 1456 certum
3595 1404 3738 1456 d;em
3782 1405 3902 1457 abis

2327 1495 2445 1538 rent
2463 1487 2528 1538 ab
2549 1486 2681 1540 urbe
2700 1489 2970 1552 Ravenna,
2996 1490 3241 1557 stigmata
3268 1490 3607 1544 inurercntur
3639 1493 3904 1547 freutibus

2325 1592 2509 1630 eorum
2537 1595 2550 1630 :
2579 1578 2766 1632 eodem
2798 1590 2970 1632 tamen
2993 1580 3078 1634 die
3107 1597 3212 1649 quo
3238 1581 3469 1648 jusserat
3500 1585 3596 1635 ista
3631 1599 3743 1647 rex,
3775 1599 3910 1638 cum

2327 1669 2700 1736 proﬁterentur
2742 1683 3079 1727 accusatores
3128 1655 3186 1726 se
3229 1675 3428 1739 Boctii,
3464 1676 3631 1730 factus
3659 1687 3740 1731 est
3776 1693 3902 1731 rcus

2328 1757 2460 1824 ipse,
2494 1766 2548 1810 et
2595 1758 2668 1810 illi
2713 1759 2876 1813 auditi
2916 1772 3057 1814 sunt.
3087 1761 3222 1826 Quid
3250 1778 3378 1831 ergo
3416 1765 3683 1833 indignius
3733 1767 3902 1834 potuit

648 1853 846 1905 Gellius
866 1853 999 1906 libro
1019 1853 1261 1906 Noctium
1288 1855 1575 1907 Atticarum
1602 1855 1805 1922 quinto,
1829 1871 1858 1909 c
1877 1858 1998 1923 ipitc
2013 1868 2220 1925 quarto:
2255 1857 2301 1916 B
2330 1847 2466 1908 ﬁeri.
2491 1863 2649 1916 quam
2679 1851 2724 1902 Si
2754 1865 2850 1904 "cc
2883 1851 3096 1905 Βοειίυε
3123 1854 3318 1906 meum
3344 1859 3601 1923 accusari:
3632 1868 3688 1911 ει
3715 1859 3794 1913 im
3813 1858 3900 1914 ίη·

648 1945 797 2012 Apud
818 1945 1063 2014 sigillaria
1090 1946 1222 1998 forte
1246 1947 1295 1998 in
1315 1946 1527 1998 libraria
1551 1960 1649 2012 ego
1669 1955 1721 1998 ct
1743 1945 1800 1998 L.
1826 1946 2015 2000 Paulus
2047 1957 2222 2014 poeta,

647 2043 727 2096 vir
749 2043 999 2096 memmia
1035 2052 1213 2095 nostra
1245 2042 1584 2095 doctissimus
1605 2083 1618 2100 .
1646 2041 2079 2095 consederamus.

717 2131 797 2184 Ad
842 2132 1052 2184 celestis
1094 2131 1287 2184 ordinis
1320 2129 1609 2201 exemplar]
1638 2131 1788 2186 Sient
1814 2132 1954 2184 enim
1986 2132 2221 2186 caelestia

647 2220 950 2274 certissimo
980 2219 1281 2289 diriguntur
1307 2220 1528 2282 ordine.
1561 2231 1816 2288 perpetuo
1851 2230 2098 2274 constant
2140 2229 2222 2275 tc-

646 2331 778 2369 nore
815 2330 1129 2382 summaque
1173 2323 1554 2367 conservantur
1594 2313 1874 2366 concordia
1914 2330 1927 2364 :
1967 2312 2036 2365 ita
2081 2322 2131 2366 ct
2165 2313 2217 2366 in

646 2407 860 2462 homine
887 2423 1079 2478 corpus
1125 2417 1206 2462 est
1243 2408 1402 2460 animi
1444 2407 1668 2476 impetio
1715 2407 2135 2475 subjugatnlum,
2166 2418 2222 2462 et

645 2501 908 2570 appetitus
935 2513 1077 2555 recta
1104 2501 1308 2554 ratimte
1349 2501 1738 2563 moderandus,
1773 2509 1931 2568 atque
1969 2500 2018 2552 in
2050 2502 2221 2552 omni-

647 2591 748 2644 bus
769 2593 1156 2654 convenientia,
1188 2591 1341 2654 ordo,
1372 2600 1872 2658 temperamentum,
1903 2589 2217 2644 concordia-

647 2698 749 2752 que
779 2682 1060 2750 diligenter
1088 2683 1440 2737 observanda.

712 2771 896 2828 Beatus
940 2779 1048 2842 {ore
1098 2771 1444 2842 respublicas]
1490 2771 1726 2825 Valerius
1776 2771 2032 2824 Maximus
2082 2772 2217 2825 libro

644 2867 871 2934 septimo
896 2884 908 2917 :
937 2867 1052 2920 .lant
1088 2865 1322 2920 Platonis
1359 2865 1538 2918 vetbis
1581 2866 1823 2926 astricta,
1863 2864 1954 2917 sed
1999 2879 2214 2917 sensum

645 2957 938 3023 pra-valens
969 2961 1230 3012 sententia
1262 2976 1274 3010 :
1309 2959 1530 3025 quitum
1561 2956 1771 3008 demum
1807 2958 2015 3009 beatum
2051 2967 2215 3008 terra-

641 3063 756 3101 rum
783 3048 966 3101 orbem
1009 3048 1242 3101 futurum
1288 3046 1624 3116 prcedicavit,
1661 3061 1782 3098 cum
1813 3054 1903 3097 aut
1949 3046 2214 3112 sapientes

640 3155 894 3208 regnare,
923 3151 1011 3194 aut
1044 3156 1194 3207 rcges
1235 3154 1422 3208 sapere
1457 3137 1762 3205 (“mlli‘SellL
1802 3136 1973 3190 Julius
2001 3137 2214 3204 Capito-

639 3229 779 3284 linus
808 3230 858 3284 in
891 3229 1006 3283 Vita
1041 3229 1106 3282 Μ.
1141 3229 1355 3283 Antonii
1394 3227 1698 3294 Pltilosuphi
1734 3226 1954 3279 Romani
1986 3229 2212 3294 impera-

641 3321 773 3375 toris
805 3337 818 3372 :
847 3321 1120 3374 Sententia
1151 3318 1382 3372 Platoais
1422 3331 1633 3384 semper
1673 3318 1724 3370 in
1771 3333 1862 3370 ore
1912 3318 2054 3370 illius
2095 3318 2210 3379 fuit,

638 3417 863 3470 Florere
889 3417 1127 3470 civitates
1148 3459 1161 3482 ,
1193 3416 1236 3467 si
1272 3425 1360 3468 aut
1387 3413 1683 3483 phil050pbi
1724 3413 2075 3480 imperarent,
2124 3419 2215 3463 aut

637 3506 987 3574 imperatores
1028 3505 1548 3574 philosopharentur.
1591 3503 1908 3558 Prudentius
1957 3503 2009 3556 in
2057 3503 2211 3572 Sym-

639 3593 882 3649 machum
909 3605 1175 3649 oratorcm
1209 3611 1224 3649 :

787 3703 1019 3751 Nimirum
1048 3703 1249 3764 pulchre
1275 3706 1470 3764 quidam
1493 3706 1801 3755 doetissnnus
1826 3713 1963 3755 esset

785 3763 982 3812 Publica
1007 3763 1106 3825 res,
1135 3763 1311 3825 inquit,
1339 3776 1452 3814 tunc
1477 3767 1711 3815 fortunata
1737 3770 1872 3825 satis,
1901 3770 1941 3814 si

787 3825 880 3875 Vel
907 3839 1056 3887 reges
1081 3836 1331 3887 saperent,
1357 3828 1435 3875 vel
1462 3831 2019 3887 regnarent'sapientes.

708 3907 785 3960 Tu
821 3909 1047 3974 eiusdem
1089 3909 1184 3961 ποὺ-ἱ
1228 3906 1345 3978 ore]
1384 3909 1568 3961 Exstat
1606 3907 1840 3961 Platonis
1880 3908 2100 3976 epistola
2143 3909 2209 3962 ad

633 3993 1290 4068 Architamfl‘arentinum,
1305 4013 1456 4065 quant
1473 3997 1737 4051 Marsilius
1754 3998 1964 4052 Ficiuus
1993 4000 2131 4052 hunc
2159 4001 2207 4054 in

633 4086 848 4139 modum
891 4087 1265 4154 interpretatus
1301 4098 1382 4142 est
1415 4107 1426 4140 :
1462 4089 1609 4142 Plato
1646 4092 1877 4142 Arellium
1919 4089 2208 4143 Tarentino

634 4180 770 4232 bene
807 4192 985 4246 agere.
1028 4178 1301 4232 Venerunt
1348 4179 1412 4232 ad
1452 4195 1548 4232 nos
1587 4178 1840 4248 Archippi
1889 4179 2208 4234 Pbilonidis-

632 4285 734 4337 quc
760 4269 1069 4333 familiares,
1097 4269 1326 4323 ferentes
1356 4269 1634 4338 epistolam
1662 4285 1820 4338 quam
1851 4270 1927 4323 eis
1957 4271 2201 4336 dederas,

631 4372 693 4411 ac
732 4357 797 4412 de
838 4357 997 4412 rebus
1037 4359 1140 4411 tuis
1187 4373 1303 4426 quae
1343 4358 1577 4424 oportuit
1621 4358 1944 4410 nuntiantes.
1989 4359 2204 4412 Publica

629 4449 843 4517 quidem
875 4449 1101 4502 civitatis
1146 4449 1352 4517 negotia
1393 4448 1594 4516 absque
1633 4448 1946 4502 difficultate
1988 4464 2207 4518 perege-

2327 1937 2468 2005 digni
2493 1949 2642 1990 erant
2673 1941 2760 2005 qui
2784 1952 3116 1994 accusarent.
3146 1944 3434 2000 Acmcou.

2399 2030 2776 2103 Deferentibns]
2806 2032 3022 2086 Deferre
3053 2033 3266 2102 proprie
3295 2035 3560 2103 signiticat
3590 2049 3902 2108 apportare.

2328 2122 2512 2192 Virgil.
2540 2124 2592 2176 itt
2620 2139 2669 2177 tv
2699 2125 2913 2178 .‘Eheid.
2953 2144 2964 2176 :

2758 2214 2934 2262 Earlem
2960 2218 3099 2276 impia
3124 2217 3244 2267 fama
3265 2217 3442 2268 furenti

2445 2271 2632 2322 Detulit
2657 2278 2831 2322 armari
2859 2271 3081 2326 ilassem.

2325 2354 2526 2408 Deinde
2570 2356 2838 2409 detOtlum
2885 2359 3274 2414 consuemdine
3321 2361 3370 2413 id
3415 2363 3631 2416 verbum
3666 2366 3718 2417 in
3750 2365 3896 2434 pejoo

2322 2458 2432 2495 rem
2477 2443 2949 2510 signiﬁcationem,
3000 2458 3057 2500 ιιι
3107 2449 3365 2515 signiticet
3396 2453 3668 2506 criminari
3709 2470 3894 2525 quem.

2321 2549 2498 2602 quam,
2525 2545 2576 2588 et
2607 2537 2810 2589 occulte
2839 2538 3162 2591 insimulare.
3196 2539 3504 2594 JthcltaliS:

2444 2625 2634 2673 Stoicus
2657 2628 2829 2674 occidit
2848 2628 3054 2676 Boreazu
3089 2629 3278 2678 delator
3303 2632 3523 2682 amicum.

2318 2705 2604 2760 Armenta.

2390 2793 2648 2864 Percussi]
2681 2795 2866 2849 Melius
2895 2798 2999 2850 erit
3039 2798 3262 2865 perculsi
3299 2809 3354 2852 ut
3388 2801 3607 2868 legatur.
3645 2801 3734 2855 Sic
3761 2799 3889 2854 Coro

2320 2885 2487 2937 nelius
2518 2884 2730 2938 Tacitus
2760 2903 2772 2936 :
2808 2886 3059 2939 Pcrcul~o
3099 2888 3320 2950 Seneca,
3354 2899 3651 2958 promptum
3678 2890 3774 2944 fuit
3795 2891 3886 2944 Se-

2317 2977 2464 3030 nium
2494 2977 2684 3029 Rufum
2711 2978 3044 3031 imminuere.
3073 2982 3362 3034 Acntcocao.

2388 3064 2704 3136 Ministerio]
2766 3066 3021 3120 Dill‘ernnt
3072 3070 3346 3122 Servitium
3399 3079 3453 3122 et
3513 3070 3885 3124 ministerium.

2316 3154 2599 3209 Servitium
2641 3159 2780 3210 enim
2812 3159 2951 3211 sicut
2994 3170 3047 3212 et
3087 3162 3340 3221 servitus,
3373 3160 3731 3213 conditionem
3767 3161 3887 3214 vita:

2319 3246 2600 3314 significat,
2624 3263 2724 3311 qua
2754 3247 2871 3312 quis
2904 3248 3203 3300 libertatem
3234 3250 3441 3301 amittit.
3477 3249 3716 3304 Tibullus
3744 3266 3758 3302 :

2439 3335 2528 3402 Hie
2550 3338 2665 3384 mihi
2692 3331 2938 3402 setftit'um
2967 3338 3122 3402 (ideo,
3146 3339 3480 3397 dominatmtte
3508 3348 3737 3402 paratam,

2496 3399 2599 3444 Jam
2627 3399 2741 3446 ttnlti
2765 3398 2966 3447 libertas
2989 3400 3066 3447 illa
3093 3409 3215 3461 patet
3233 3415 3289 3448 na
3315 3402 3437 3449 vale.

2316 3476 2664 3531 Iliuisterimn
2692 3495 2818 3532 vero
2839 3495 3050 3532 omnem
3074 3496 3288 3548 opt-ram
3318 3498 3434 3548 qua:
3455 3481 3614 3535 etiam
3639 3483 3716 3534 vel
3747 3497 3887 3536 mer-

2316 3567 2449 3620 cede
2469 3569 2548 3621 vel
2575 3569 2758 3635 quavis
2787 3569 3092 3621 conditione
3120 3571 3402 3636 praebetur.
3431 3574 3716 3624 AGtthOIJt.

2386 3660 2552 3711 Alieni
2577 3660 2716 3729 teris]
2748 3659 2844 3714 IEs
2874 3662 3103 3714 alienum
3132 3661 3265 3728 apud
3303 3671 3511 3714 veteres
3537 3662 3771 3716 debitum
3795 3676 3885 3714 vo-

2315 3759 2486 3803 catur.
2511 3751 2635 3804 Inde
2664 3760 2715 3805 ct
2742 3751 2989 3803 Iloratius
3014 3753 3063 3804 in
3093 3767 3127 3803 ιι
3165 3751 3518 3818 Epi~tolarum
3547 3752 3717 3804 dixit:

2804 3841 2913 3889 Meo
2935 3849 3040 3890 sum
3061 3855 3242 3904 pauper
3263 3844 3308 3890 in
3335 3856 3450 3891 tere.

2314 3927 2475 3992 Quasi
2503 3927 2741 3992 diceret,
2776 3927 2894 3994 ipse
2925 3943 3106 3995 parum
3143 3928 3300 3991 reris,
3351 3928 3448 3980 hoc
3479 3938 3561 3980 est
3610 3926 3886 3994 pecunire,

2316 4017 2515 4081 habeo;
2537 4019 2630 4070 sed
2664 4034 2766 4070 non
2790 4017 2960 4071 habeo
2987 4034 3061 4071 tes
3082 4018 3338 4085 alienum,
3364 4018 3463 4070 hoc
3489 4027 3591 4082 est,
3616 4017 3744 4070 nulli
3767 4032 3889 4070 sum

2312 4105 2538 4160 debitor.
2572 4107 2860 4160 AGRICOLA.

2384 4194 2637 4265 Fraudes]
2666 4197 2963 4265 Aliquando
2995 4198 3135 4250 fraus
3161 4197 3338 4250 dolum
3365 4199 3581 4262 malttm,
3615 4198 3665 4250 id
3693 4209 3773 4252 cst
3793 4199 3885 4252 de-

2311 4287 2631 4356 ceptionem,
2657 4288 2938 4356 significat.
2966 4288 3149 4357 Virgil.
3178 4291 3228 4341 in
3257 4306 3302 4341 vt
3338 4306 3351 4340 :

2805 4379 2861 4427 Et
2887 4380 3014 4427 fraus
3036 4384 3212 4427 innexa
3237 4380 3421 4429 clienti.

2309 4460 2606 4529 Aliquando
2651 4461 2905 4514 delictum
2960 4463 3248 4529 signiﬁcat,
3308 4472 3365 4516 ut
3417 4463 3520 4516 hic.
3578 4462 3779 4515 Plinius
3829 4465 3881 4517 in

627 4555 769 4598 runt.
803 4543 982 4610 Neque
1011 4543 1150 4596 enim
1175 4542 1458 4594 admodum
1493 4542 1752 4593 laboriosa
1779 4550 1948 4596 erant.
1980 4541 2054 4594 Te
2076 4557 2202 4594 vero
2234 4574 2286 4632 D
2312 4571 2321 4623 ι

2186 4557 2202 4592 )
2234 4574 2286 4632 D
2312 4556 2481 4623 primo
2504 4554 2773 4607 Naturalis
2813 4555 3056 4607 Historia:
3088 4574 3097 4607 :
3128 4556 3333 4608 Nemini
3378 4557 3548 4609 fraudi
3589 4557 3714 4622 fuit,
3751 4571 3880 4626 quo-

627 4643 977 4687 narraverunt
1019 4632 1338 4698 permoleste
1378 4630 1537 4698 ferre,
1567 4630 1707 4700 quod
1753 4646 1779 4682 a
1827 4631 2049 4698 publicis
2076 4633 2204 4684 civi-

626 4726 748 4776 tatis
795 4723 1234 4790 occupationibus
1281 4732 1332 4775 te
1381 4722 1608 4775 liberare
1657 4737 1762 4776 non
1809 4723 2008 4776 valeas.
2051 4723 2202 4787 Quod

627 4818 784 4884 igitur
807 4817 1169 4869 dulcissimum
1202 4817 1324 4867 vita!
1356 4830 1522 4880 genus
1547 4816 1616 4866 sit
1647 4829 1804 4880 agere
1830 4829 1946 4878 sua,
1976 4828 2200 4882 prmser-

623 4908 716 4959 tim
745 4906 787 4957 si
816 4907 932 4974 quis
961 4907 1079 4957 talia
1099 4906 1320 4971 elegerit
1351 4903 1606 4963 facienda,
1642 4902 1815 4970 qualia
1849 4911 1925 4962 ιιι,
1954 4902 2202 4956 omnibus

621 4997 790 5050 ferme
814 5007 891 5048 est
923 4997 1280 5049 manifestum.
1317 4995 1420 5048 Sed
1449 4994 1576 5048 illud
1621 5009 1832 5062 quoque
1867 5002 1917 5046 te
1955 4994 2201 5046 conside-

620 5103 739 5142 rare
771 5097 1007 5154 oportet,
1043 5090 1244 5140 nullum
1287 5099 1524 5139 nostrum
1574 5086 1670 5139 sibi
1713 5087 1809 5139 soli
1853 5095 2030 5138 natum
2057 5103 2197 5151 esse,

617 5177 710 5232 sed
741 5189 886 5231 ortus
914 5177 1082 5230 nostri
1116 5186 1315 5244 partem
1353 5175 1453 5228 sibi
1483 5176 1712 5242 patriam
1745 5174 2046 5234 vindicare,
2082 5191 2199 5242 par-

617 5279 722 5322 tem
771 5276 1050 5337 parentes,
1098 5275 1298 5334 partem
1341 5265 1541 5317 amicos
1580 5281 1592 5316 :
1642 5263 1806 5316 multa
1853 5263 2070 5329 insuper
2104 5277 2198 5329 pro

614 5365 912 5426 temporum
959 5356 1266 5408 diversitate
1309 5353 1461 5406 nobis
1507 5352 1752 5406 accidere
1780 5393 1794 5415 ,
1846 5355 2037 5418 quibus
2092 5353 2195 5406 vita

614 5458 796 5503 nostra
824 5457 1079 5516 occupata
1107 5454 1208 5500 est.
1239 5445 1471 5498 V’oeaute
1506 5445 1660 5511 igitur
1693 5455 1742 5498 te
1779 5447 1945 5512 patria
1987 5447 2096 5514 ipsa
2128 5446 2193 5499 ad

615 5547 996 5617 rempublicam
1029 5547 1456 5617 gubernandum,
1490 5545 1778 5598 absurdum
1828 5545 2003 5599 forsan
2052 5557 2193 5599 esset

612 5654 716 5692 non
743 5654 955 5706 pirere,
979 5640 1272 5706 przcsertim
1304 5655 1422 5691 cttm
1452 5639 1607 5691 simul
1640 5639 1882 5704 accidat,
1923 5647 1980 5690 ιιι
2017 5639 2190 5690 aditus

613 5726 786 5791 pravis
822 5727 1128 5779 hominibus
1158 5727 1488 5794 relinquatur
1518 5746 1528 5778 :
1564 5727 1651 5792 qui
1686 5727 1826 5779 nulla
1855 5727 2020 5792 ipsius
2045 5728 2188 5796 quod

615 5809 868 5876 optimum
897 5820 1010 5873 est,
1046 5814 1251 5866 ratione
1299 5815 1706 5879 proficiscuntur
1741 5814 1806 5866 ad
1853 5815 2078 5879 publica.
2115 5815 2188 5868 De

2309 4659 2519 4710 cunque
2549 4643 2706 4696 modo
2739 4653 2913 4709 posset
2942 4645 3069 4696 deos
3097 4645 3292 4698 colere.
3321 4649 3612 4699 AGIthOI.A.

2378 4733 2636 4804 Censura]
2680 4733 2902 4801 Proprie
2946 4734 3211 4800 significat
3256 4735 3618 4802 magistratum
3649 4775 3663 4798 ,
3721 4752 3880 4803 quem

2307 4825 2441 4895 gerit
2469 4839 2680 4877 censor.
2722 4823 2885 4876 Erant
2914 4833 3087 4876 autem
3123 4825 3228 4876 duo
3258 4839 3512 4877 censores
3544 4825 3754 4890 ltonue,
3789 4827 3880 4894 qui

2306 4914 2576 4968 censendo
2605 4915 2821 4981 pepnlo,
2847 4911 2945 4964 hoc.
2975 4922 3056 4965 est
3078 4914 3425 4966 numerandis
3451 4914 3660 4966 civibus
3687 4915 3881 4966 Itoma-

2308 5007 2418 5068 nis,
2451 5016 2505 5058 ct
2541 5006 2795 5073 cujusque
2822 5005 3026 5066 censui,
3059 5003 3159 5056 hoc
3188 5015 3269 5057 est
3296 5003 3500 5056 divitiis
3527 5004 3878 5070 mstimandis,

2307 5106 2570 5166 prmcrant
2591 5106 2644 5149 et
2677 5095 2912 5147 moribus
2946 5111 2961 5148 :
2993 5093 3132 5146 unde
3153 5102 3206 5146 et
3232 5095 3466 5162 magistri
3495 5110 3700 5146 tnortttn
3730 5095 3878 5147 dice-

2305 5188 2514 5242 bantur.
2545 5185 2692 5240 Unde
2714 5183 2984 5238 .Iuvenalis
3018 5201 3031 5235 :

2426 5277 2521 5326 Dat
2543 5277 2728 5322 veniam
2762 5275 2936 5328 corvis.
2961 5282 3107 5322 vexat
3129 5285 3335 5322 censura
3361 5272 3623 5320 columbas.

2307 5358 2400 5412 Ubi
2432 5368 2606 5410 tamen
2639 5373 2731 5426 per
2753 5355 3122 5424 synecdochen
3144 5369 3238 5423 pro
3261 5356 3573 5408 censoribus
3596 5353 3873 5420 accipitur,

2306 5449 2393 5503 hic
2419 5447 2604 5500 itidem
2635 5463 2729 5514 per
2765 5447 3136 5516 synecdochen
3168 5462 3262 5514 pro
3289 5445 3592 5514 cognitione
3623 5445 3707 5497 vel
3735 5443 3878 5511 ⁸ἱιιιιι-

2303 5544 2387 5593 cio
2411 5538 2652 5592 censoris
2677 5536 2891 5588 dicitur.
2924 5539 3211 5589 Acmcout.

2371 5628 2609 5699 ﬁdium]
2660 5628 2825 5681 IEdes
2867 5627 3117 5696 singulari
3165 5640 3384 5678 innuero
3426 5639 3520 5692 pro
3562 5638 3712 5676 saera
3764 5622 3876 5675 cede

2302 5722 2550 5790 punitur:
2584 5719 2662 5770 sic
2690 5717 2937 5770 dicebant
2975 5723 3184 5767 veteres
3213 5733 3222 5765 :
3258 5714 3424 5766 (edem
3457 5712 3662 5779 \‘estx,
3703 5711 3872 5765 tndem

2297 5811 2605 5866 Coneordic
2637 5825 2729 5878 pro
2763 5809 3001 5876 templis;
3036 5809 3218 5877 plurali
3251 5823 3375 5862 vero
3415 5821 3636 5875 numero
3670 5815 3869 5860 tantmu
