4290 6258
378 365 469 419 921
1295 359 1666 416 MURMELIJI
1707 361 1795 416 ET
1834 361 2198 416 ACRICOLJE
2243 362 2749 420 COMMENTABIA.

3512 370 3614 429 922

381 473 660 541 profertur,
691 469 902 540 quando
923 469 1139 524 domum
1168 470 1432 539 significat
1465 487 1477 521 :
1506 479 1814 539 tantumque
1845 485 1939 524 no-
1971 476 2014 532 Α
2045 472 2142 525 bus
2166 473 2536 528 continebatur
2575 475 2758 530 conari
2788 489 2906 530 eum
2942 486 3000 530 ut
3036 476 3282 545 populum
3316 475 3612 535 Romanum

379 563 554 617 biliuni
603 561 794 614 domus
829 561 971 614 aedes
1013 560 1257 613 dicuntur
1289 576 1303 613 :
1336 559 1498 613 credo
1542 569 1764 629 utraque
1800 561 1937 614 dicti

379 655 465 714 ita,
489 653 608 721 quia
637 653 831 718 templa
854 659 908 705 et
933 651 1120 704 domus
1151 650 1402 702 nobilium
1425 648 1602 715 edita},
1633 648 1687 703 id
1719 659 1801 704 est
1821 651 1940 703 alite

378 755 513 800 sunt.
539 746 825 798 Λῦιιιιςοιλ.

453 837 686 888 Ravenna
730 831 890 903 urbe]
953 832 1062 886 [loc
1108 839 1229 896 est,
1272 841 1455 886 contra
1507 831 1938 899 superstitionem

379 923 836 996 grammaticorum
859 933 1181 982 nostrorum,
1208 923 1293 985 qui
1321 923 1511 974 docent
1540 923 1589 974 in
1613 921 1941 987 appositioue

379 1029 584 1082 semper
623 1012 954 1064 conununius
1000 1011 1302 1078 praecedere
1351 1011 1545 1064 debere
1601 1028 1614 1062 :
1669 1013 1755 1064 hic
1797 1013 1939 1066 enim

380 1110 509 1161 urbe
529 1106 666 1167 quod
689 1104 1020 1156 cmumuuius
1044 1113 1145 1164 est,
1169 1102 1424 1168 sequitur.
1452 1103 1742 1155 Acmcom.

445 1203 612 1256 Notas
654 1201 881 1271 ἰηδίσηὶιὶ
922 1196 1200 1267 frontibus]
1233 1196 1421 1263 Figura
1466 1197 1714 1259 loineudi
1758 1195 1941 1250 Grmca

377 1301 475 1353 est,
496 1307 650 1356 quam
676 1300 851 1343 tamen
881 1290 1071 1342 melius
1093 1300 1146 1341 ct
1168 1287 1549 1355 significantius
1571 1287 1940 1353 expressisset,

377 1383 419 1435 si
447 1382 695 1440 dixisset,
729 1379 867 1431 notis
901 1377 1130 1444 insigttiti
1160 1379 1439 1430 frontibus.
1473 1376 1602 1428 Nola
1631 1377 1770 1429 enim
1804 1377 1942 1442 quod

378 1473 518 1522 velut
572 1470 978 1520 instrumentum
1020 1466 1174 1533 hujus
1223 1467 1364 1518 verbi
1393 1464 1625 1532 iusigniti
1662 1464 1940 1530 significat,

379 1573 597 1626 prorsus
621 1557 694 1609 illi
728 1558 776 1609 in
807 1559 1037 1610 ablativo
1065 1557 1214 1624 juugi
1241 1556 1422 1609 debuit
1454 1572 1466 1608 :
1500 1554 1691 1608 deinde
1729 1556 1946 1622 insigni-

378 1661 459 1702 tus
487 1649 734 1711 fictilem,
763 1647 899 1699 sicut
926 1647 1076 1699 albus
1102 1648 1306 1714 pedem,
1339 1647 1510 1700 ﬂavus
1529 1661 1757 1712 comam,
1786 1649 1946 1702 usita-

378 1742 482 1794 tius
507 1752 556 1794 et
587 1739 906 1792 intellectius
928 1739 1132 1792 fuisset.
1164 1742 1454 1792 Acmcout.

2046 558 2235 614 iterum
2285 562 2336 614 in
2387 562 2686 617 libertatem
2735 565 3054 618 restitueret.
3089 566 3180 619 llis
3218 567 3489 635 utriusque
3526 579 3609 618 or-

2045 650 2168 703 dine
2197 655 2505 719 respondet.
2552 653 2785 706 Primum
2833 654 3047 719 fatetur,
3087 654 3180 707 sed
3225 654 3350 706 dicit
3379 664 3522 707 recte
3552 669 3616 710 se

2049 740 2256 794 fecisse.
2288 742 2593 794 Secundum
2622 753 2798 811 negat.
2845 743 2979 795 Dicit
3026 757 3152 810 ergo
3195 743 3519 796 sublevando
3559 753 3614 797 et

2043 834 2432 886 contemnendo
2479 835 2720 898 crimen,
2762 833 2902 901 quod
2953 833 3200 902 objicitur
3242 836 3362 888 sibi.
3410 835 3606 901 Quale,

2045 923 2244 988 inquit,
2286 932 2369 975 est
2408 921 2608 975 crimen
2641 925 2777 989 quod
2806 923 3053 988 objicitnr
3077 924 3234 987 mihi,
3259 924 3302 975 si
3349 925 3428 976 vis
3473 925 3613 976 scire

2044 1024 2330 1078 summam,
2362 1013 2464 1065 hoc
2505 1023 2606 1075 est,
2637 1021 2802 1064 totum
2836 1015 3018 1079 paucis
3050 1016 3228 1067 verbis
3256 1015 3609 1077 comprehen-

2043 1114 2159 1152 sum
2196 1118 2206 1151 :
2241 1101 2342 1154 hoc
2383 1111 2466 1154 est
2491 1103 2694 1155 crimen
2747 1111 3017 1164 nostrum,
3054 1104 3192 1170 quod
3241 1104 3467 1156 dicimur
3513 1118 3612 1157 nos

2043 1190 2306 1256 cupivisse
2349 1199 2406 1243 ut
2452 1200 2666 1244 senatus
2710 1190 2825 1243 non
2861 1193 3219 1244 damnaretur.
3263 1191 3317 1246 Si
3349 1194 3430 1243 vis
3473 1192 3611 1244 scire

2043 1281 2311 1349 quomodo
2342 1280 2480 1333 istud
2512 1280 2793 1334 fecerimus
2821 1297 2833 1331 :
2864 1281 3091 1333 dicimur
3119 1297 3238 1332 eum
3279 1279 3365 1348 qui
3403 1279 3510 1332 ibat
3546 1279 3612 1331 ad

2043 1386 2220 1438 regem
2249 1370 2588 1438 impedirisse
2625 1389 2690 1424 ne
2720 1371 2978 1437 perferret
3005 1371 3320 1424 documenta
3346 1378 3400 1422 et
3424 1369 3612 1435 prnba-

2048 1462 2217 1514 Iiones
2246 1462 2311 1514 ad
2343 1476 2556 1529 regem,
2592 1461 2782 1529 quibus
2813 1461 3104 1514 conabatur
3142 1461 3334 1512 docere
3369 1470 3612 1512 senatum

2047 1551 2250 1604 ltrsisse
2291 1551 2621 1616 tnajestatcm
2663 1550 2823 1618 regis.
2865 1551 3156 1618 lnlerrogat
3191 1549 3346 1618 igitur
3376 1549 3614 1601 ΡΙιίΙοδοα

2049 1641 2224 1708 phiam
2274 1641 2398 1708 quid
2440 1640 2527 1692 illa
2566 1641 2779 1708 jubeat,
2813 1654 2880 1692 an
2919 1640 3107 1692 debeat
3144 1653 3338 1706 negare
3372 1639 3512 1690 istud
3557 1645 3615 1690 ut

2051 1735 2478 1793 maneatsalvus,
2510 1743 2562 1784 et
2594 1732 2643 1783 in
2678 1745 2898 1798 persona
2929 1747 3020 1784 sua
3053 1747 3158 1783 non
3201 1731 3356 1783 iaciat
3399 1729 3614 1798 aliquod

448 1828 746 1899 Severitati]
777 1830 1034 1883 Severum
1085 1830 1495 1895 interpretatur,
1536 1830 1684 1898 quasi
1716 1844 1942 1900 sequens
1973 1823 2021 1880 B
2048 1823 2278 1875 dedecus
2310 1820 2685 1889 PhilosOpbite,
2713 1823 2806 1876 sed
2852 1823 2980 1874 dicit
3012 1821 3243 1874 voluisse
3272 1835 3330 1873 se
3359 1821 3495 1873 istud
3539 1821 3615 1873 fa-

380 1934 596 1987 verum,
635 1921 786 1988 cujus
826 1920 1151 1974 contrarium
1185 1921 1399 1989 proprie
1440 1933 1519 1974 est
1567 1922 1892 1989 indulgentia
1927 1939 1938 1973 :

377 2017 515 2070 unde
557 2027 610 2068 et
645 2015 769 2067 alibi
820 2014 958 2066 sicut
1007 2023 1253 2078 sanctos,
1283 2014 1352 2065 ita
1400 2027 1618 2067 severos
1656 2013 1864 2081 judices
1892 2012 1944 2066 in

377 2107 530 2161 laude
554 2108 720 2176 ponit.
751 2107 996 2160 lloratius
1023 2123 1037 2158 :

807 2195 979 2242 Forum
1007 2194 1271 2256 putealque
1297 2195 1495 2242 Libonis

501 2256 732 2304 Mandabo
754 2259 914 2316 s‘ccis,
939 2258 1141 2303 adimam
1167 2263 1363 2304 cantare
1388 2257 1592 2304 severis.

380 2341 576 2405 Astrui,
603 2342 652 2393 id
683 2351 760 2394 est
790 2340 1026 2407 adiungi,
1055 2339 1119 2391 ab
1149 2340 1216 2390 ad
1243 2347 1294 2390 et
1317 2351 1476 2392 strue.
1513 2343 1801 2392 AGRICOLA.

447 2430 716 2501 Suscepto]
751 2433 976 2498 Accepta
1006 2430 1337 2482 commodius
1361 2431 1554 2481 dicttnn
1576 2429 1782 2482 fuisset.
1816 2427 1943 2480 Nam

379 2522 670 2576 delationes
720 2523 931 2589 pr0prie
976 2521 1301 2587 suscipiunt,
1334 2520 1382 2572 id
1434 2530 1536 2582 est,
1591 2520 1816 2572 subeunt
1859 2527 1948 2570 aut

379 2615 644 2668 sustinent
671 2613 1096 2675 accusationem,
1119 2612 1282 2681 judex
1321 2612 1561 2681 accipere
1592 2611 1787 2666 rectius
1818 2608 1947 2663 dici-

380 2714 482 2760 tur.
515 2712 800 2760 Acnicou.

450 2793 626 2864 Artes]
657 2796 814 2849 Artes
843 2793 1157 2864 quandoque
1197 2807 1294 2861 pro
1330 2792 1564 2845 moribus
1595 2791 1943 2859 accipiuntur.

382 2885 647 2940 Iuvenale
678 2901 691 2936 :

810 2974 1010 3030 Quando
1034 2971 1214 3019 artibus
1234 2971 1434 3032 (inquit)
1461 2971 1679 3018 honestis

506 3033 677 3084 Nullus
701 3036 746 3082 in
773 3039 892 3081 urbe
918 3035 1070 3080 iOI‘US.

383 3117 709 3185 Quandoque
740 3131 833 3180 pro
862 3115 1138 3172 doctrinis,
1168 3113 1222 3165 ut
1251 3112 1520 3168 Juvenalis
1553 3129 1566 3163 :

627 3209 792 3256 Artem
813 3207 1040 3255 scindens
1063 3206 1321 3255 Theodori.

386 3293 448 3344 Et
476 3289 756 3344 Terentius
791 3306 804 3343 :

533 3380 668 3437 Quod
691 3378 816 3426 forte
845 3378 1040 3433 cecidit,
1069 3377 1116 3424 id
1136 3384 1242 3425 arte
1267 3382 1319 3426 ut
1341 3378 1575 3434 corrigas.

385 3463 705 3531 Quandoque
733 3472 904 3514 asunu
942 3468 1033 3511 aut
1073 3460 1271 3512 dolum.
1300 3460 1519 3514 Ovidius
1543 3460 1590 3512 in
1623 3475 1637 3512 ι
1668 3459 1734 3513 de
1771 3457 1900 3514 Arte
1932 3479 1944 3513 :

533 3551 666 3601 'l'uuc
688 3552 842 3610 aperit
869 3558 1060 3597 mentes
1083 3563 1185 3597 aevo
1208 3550 1442 3596 rarissima
1469 3557 1630 3598 nostro

625 3615 744 3673 Siuq
761 3612 934 3671 bcitas,
958 3619 1090 3659 artes
1112 3614 1393 3659 excutiente
1417 3611 1544 3659 Deo.

386 3695 671 3750 Aomcou.

451 3785 595 3839 Itane
646 3783 778 3836 nihil
827 3783 1087 3837 fortunam
1142 3781 1393 3854 puduit?]
1448 3782 1594 3835 ltane
1636 3781 1835 3834 nullius
1873 3783 1949 3834 rei

385 3874 568 3946 puduit
607 3874 909 3928 fortunam?
961 3874 1097 3926 Nihil
1148 3876 1360 3939 puduit,
1397 3873 1588 3926 locutio
1615 3881 1696 3924 est
1740 3869 1951 3923 Grzeea—

385 3967 517 4021 nica.
543 3968 650 4030 Sic,
675 3974 808 4020 teste
836 3964 1126 4027 l‘risciano,
1155 3965 1435 4018 Terentius
1455 3967 1507 4018 in
1534 3963 1788 4034 Adelphis
1815 3978 1952 4018 noro

386 4072 530 4112 more
553 4057 842 4111 secundum
871 4055 1085 4109 Grazcos
1108 4055 1239 4107 dixit
1269 4072 1282 4107 :

627 4151 783 4204 Quem
808 4158 969 4206 neque
997 4146 1146 4206 pudet
1169 4146 1446 4206 quidquam.

385 4236 450 4282 nt
479 4228 669 4281 iterum
705 4242 719 4279 :

627 4317 720 4366 Hei
745 4318 885 4377 mihi,
911 4329 1004 4365 non
1027 4324 1075 4365 te
1099 4317 1190 4365 hoc
1214 4317 1380 4376 pudet.

453 4399 513 4453 Si
541 4398 728 4468 minus]
758 4400 812 4453 Si
845 4415 982 4464 non,
1015 4399 1236 4453 subaudi
1269 4399 1450 4468 puduit
1482 4399 1766 4454 fortunam.
1799 4400 1952 4453 inno-

382 4491 590 4556 centiae,
623 4489 958 4558 Sllillﬂlt‘iilge
986 4505 1139 4542 mem.

451 4583 514 4630 At
544 4580 891 4631 accusantium
919 4577 1146 4648 vilitatis]
1188 4578 1310 4632 "tne
1337 4588 1420 4631 est.
1463 4593 1585 4630 vera
1631 4579 1790 4632 lectio
1831 4594 1950 4645 qua:

381 4666 607 4720 habetur
636 4667 690 4719 in
728 4668 1020 4721 emendatis
1057 4669 1484 4737 exemplaribus,
1527 4667 1949 4722 subaudiendum

379 4767 464 4812 est
495 4759 766 4826 puduisset
788 4775 927 4812 eam.

462 4847 701 4917 Vititntis]
744 4850 1097 4917 lmprobitatis
1117 4859 1170 4903 et
1198 4851 1539 4920 impuritatis.
1571 4849 1950 4904 Accusantitm

379 4951 566 4991 eorum
599 4943 686 5006 qui
720 4954 804 4992 me
825 4949 1163 4993 accusarunt.

452 5028 513 5080 At
540 5033 687 5100 cujus
707 5031 929 5082 criminis
955 5031 1287 5100 arguimur?]
1320 5031 1430 5084 Hoc
1458 5031 1576 5083 loco
1605 5031 1840 5086 ostendit
1869 5032 1950 5084 in-

382 5117 685 5185 dignitatem
711 5121 1062 5174 damnationis
1092 5137 1156 5175 ex
1196 5125 1272 5174 eis
1303 5138 1420 5188 qua:
1454 5122 1528 5174 illi
1574 5123 1641 5174 ab
1680 5133 1956 5174 accusato—

382 5209 529 5262 ribus
564 5211 955 5278 objiciebantur
996 5227 1160 5280 usque
1203 5213 1266 5264 ad
1311 5228 1431 5266 eum
1487 5214 1682 5266 locum.
1725 5213 1828 5265 Sed
1876 5213 1954 5264 fas

383 5295 536 5350 fuerit
580 5301 807 5353 nefarios
843 5301 1103 5354 homines.
1136 5302 1289 5355 Ponit
1319 5301 1496 5370 itaque
1538 5304 1640 5356 duo
1681 5305 1900 5356 crimina
1937 5319 1951 5356 :

382 5400 542 5438 unum
586 5397 700 5440 erat
743 5389 880 5455 quod
922 5390 1197 5442 dicebatur
1229 5391 1569 5458 imped.visse
1612 5394 1852 5444 nuutium
1887 5407 1952 5445 ne

380 5475 446 5528 ad
481 5491 655 5544 regem
696 5480 949 5543 perferret
996 5479 1202 5533 litteras
1240 5497 1308 5547 qu
1335 5481 1429 5534 bus
1470 5483 1839 5534 continebatur
1872 5497 1957 5534 se-

381 5574 560 5618 natum
597 5566 794 5620 sentire
831 5577 1013 5621 contra
1047 5585 1256 5638 regem,
1286 5582 1342 5624 ut
1372 5574 1448 5624 sic
1480 5584 1697 5640 prepter
1727 5574 1826 5625 hoc
1873 5587 1957 5625 se-

383 5664 536 5710 natus
579 5656 730 5710 fieret
785 5657 923 5717 laesa!
977 5660 1268 5727 majesmtis
1317 5663 1472 5729 regiae
1519 5678 1662 5717 reus.
1713 5663 1952 5714 Alterum

381 5749 578 5804 crimen
615 5758 758 5811 erat,
791 5751 929 5814 quod
967 5752 1244 5806 dicebatur
1281 5753 1478 5806 litteras
1519 5753 1795 5814 scripsisse
1839 5751 1955 5810 qui-

2046 1926 2200 1973 cere,
2251 1920 2304 1964 et
2343 1925 2553 1980 semper
2599 1913 2757 1964 velle.
2807 1910 3002 1965 Contra
3064 1921 3237 1963 tamen
3292 1910 3337 1964 si
3391 1909 3617 1962 fateatur

2046 2001 2217 2065 istud,
2262 2003 2470 2054 delator
2503 2001 2610 2068 jam
2660 2002 2898 2069 perficiet
2940 2003 3038 2054 hoc
3079 2001 3220 2068 quod
3265 1999 3530 2067 cogitavit,
3563 2007 3616 2052 et

2047 2113 2152 2149 non
2197 2096 2389 2165 poterit
2433 2096 2676 2163 impediri
2719 2095 2786 2147 ab
2815 2093 3174 2148 accusatione.
3208 2092 3397 2146 Subdit
3425 2091 3617 2144 deinde

2048 2199 2250 2240 rectmn
2279 2201 2396 2240 esse
2419 2186 2556 2253 quod
2581 2187 2742 2238 voluit
2762 2196 3001 2238 senatum
3029 2185 3233 2238 salvum
3266 2198 3387 2237 esse
3412 2201 3425 2236 :
3450 2198 3615 2249 quan-

2047 2293 2202 2346 quam
2235 2289 2449 2330 senatus
2497 2275 2726 2329 decretis
2777 2277 2887 2327 suis
2933 2276 3057 2343 (Iioc
3102 2283 3184 2328 est
3233 2273 3462 2342 Stalutis)
3509 2281 3616 2326 tam

2049 2369 2186 2422 male
2221 2369 2288 2420 de
2318 2384 2381 2421 eo
2426 2368 2708 2428 meruerit,
2741 2376 2800 2418 ut
2828 2381 2930 2418 non
2979 2365 3197 2419 deberet
3239 2365 3466 2431 amplius
3505 2377 3618 2417 me-

2049 2458 2150 2510 rito
2172 2459 2395 2510 salutem
2426 2457 2539 2525 ejus
2568 2467 2776 2526 Optare,
2803 2466 2976 2509 tamen
3001 2455 3350 2524 imprudentia
3378 2464 3615 2518 senatus,

2046 2551 2137 2618 qui
2171 2550 2309 2602 male
2338 2549 2404 2602 de
2439 2565 2503 2603 eo
2530 2557 2818 2613 statuerat,
2850 2564 2956 2601 non
2995 2563 3152 2616 posse
3197 2559 3399 2601 mutare
3429 2546 3616 2600 merita

2049 2658 2260 2708 rerum,
2291 2642 2390 2695 hoc
2417 2653 2530 2709 est,
2574 2653 2629 2694 ut
2678 2641 2726 2694 id
2773 2642 2911 2710 quod
2959 2652 3160 2694 rectum
3211 2641 3364 2694 fieret
3406 2651 3618 2707 propter

2048 2749 2198 2784 suam
2241 2733 2558 2785 sontentiatn
2591 2725 2861 2800 iniquum;
2890 2732 3082 2784 deinde
3112 2732 3270 2784 etiam
3301 2738 3364 2784 cx‘
3396 2744 3619 2784 consue-

2052 2823 2232 2876 tudine
2262 2823 2530 2876 societatis
2560 2823 2778 2889 putabat
2805 2835 2908 2872 non
2944 2821 3104 2873 licere
3136 2820 3236 2872 sibi
3265 2820 3418 2870 aliter
3441 2820 3616 2871 dicere

2049 2928 2206 2980 quam
2248 2925 2329 2964 res
2365 2912 2603 2964 habt-ret.
2642 2911 3013 2962 Verumtamen
3045 2920 3221 2962 utrum
3258 2910 3354 2961 ista
3382 2918 3522 2961 recte
3549 2922 3616 2961 an

2052 3019 2207 3056 secus
2255 3003 2391 3055 facta
2435 3005 2542 3056 sint
2591 3002 2769 3056 cmteri
2819 3002 2958 3054 docti
3007 3011 3061 3053 et
3113 3000 3377 3067 sapientes
3421 2999 3618 3054 debent

2052 3095 2318 3146 instiiuare
2359 3111 2370 3144 :
2420 3094 2541 3160 quia
2591 3109 2702 3146 rem
2745 3092 2996 3161 scriptam
3046 3092 3295 3158 reliquit,
3323 3091 3618 3144 orationem

1977 3174 2020 3234 C
2053 3185 2290 3236 videlicet
2313 3199 2412 3253 qua
2444 3184 2804 3237 defensionem
2835 3183 3064 3252 scripsit.
3116 3182 3313 3236 Deinde
3335 3225 3349 3250 ,
3379 3181 3518 3234 Nunt
3557 3181 3621 3234 de

2054 3276 2370 3344 compositis,
2400 3275 2687 3341 respondet
2728 3274 2960 3328 secundo
2999 3273 3239 3336 crimini,
3269 3272 3454 3324 dicens
3488 3270 3620 3324 nihil

2053 3384 2187 3435 Opus
2231 3382 2352 3422 esse
2395 3368 2574 3420 dicere
2619 3367 2684 3418 de
2726 3366 2827 3419 hoc
2875 3366 3015 3434 quod
3064 3366 3249 3417 littera:
3293 3362 3438 3416 falsa:
3467 3370 3622 3416 erant

2053 3463 2386 3527 Cotnpnsitze,
2418 3461 2606 3528 quibus
2629 3458 2903 3512 dicebatur
2927 3459 3038 3524 ipse
3061 3457 3288 3509 voluisse
3314 3455 3534 3508 Romam
3567 3453 3622 3506 in

2056 3554 2353 3607 libertatein
2387 3553 2655 3606 viudicnre
2674 3591 2688 3614 ,
2719 3550 2859 3618 quod
2894 3548 3044 3603 facile
3071 3548 3327 3616 potuisset
3351 3561 3416 3600 ex
3445 3545 3622 3599 verbis

2056 3646 2188 3714 ipsis
2239 3655 2644 3707 accusatorum,
2703 3642 2749 3695 si
2797 3643 3093 3709 potuissent
3139 3638 3216 3691 illi
3267 3644 3449 3690 contra
3501 3649 3624 3688 eum

2054 3737 2258 3789 audire.
2295 3735 2496 3788 Deinde
2519 3734 2645 3786 dicit
2673 3731 2812 3786 istud
2838 3747 2896 3786 se
2923 3746 3026 3784 non
3057 3730 3245 3784 fecisse
3263 3769 3278 3792 ,
3302 3729 3424 3797 quia
3457 3727 3623 3780 Roma

2049 3830 2158 3898 jam
2190 3830 2260 3883 sit
2291 3840 2394 3881 tam
2421 3833 2696 3896 oppressa,
2721 3837 2775 3878 ut
2800 3841 2902 3878 non
2935 3825 3100 3893 possit
3130 3823 3232 3875 ulla
3267 3822 3482 3875 libertas
3511 3833 3628 3871 am.

2061 3922 2200 3988 plius
2231 3919 2433 3986 sperari
2471 3936 2482 3970 :
2515 3927 2570 3972 et
2593 3919 2637 3971 si
2670 3917 2924 3984 potuisset
2966 3915 3140 3982 aliqua
3187 3927 3309 3980 spes
3353 3911 3518 3964 fuisse
3563 3910 3626 3962 li¢

2056 4013 2308 4074 bertatis,
2342 4025 2401 4063 se
2430 4009 2531 4062 hoc
2577 4019 2681 4062 tam
2709 4009 2914 4061 occulte
2939 4002 3238 4059 habiturum
3269 4004 3460 4066 fuisse,
3493 4009 3548 4052 ut
3573 3999 3625 4055 id

2057 4117 2388 4173 nequaquam
2433 4101 2678 4154 debuerit
2719 4098 2784 4152 ad
2836 4099 3074 4151 notitiam
3122 4097 3263 4165 regis
3309 4096 3624 4164 pervenire,

2057 4193 2502 4264 quemadmodum
2529 4192 2747 4253 Canius,
2772 4189 2922 4258 cujus
2946 4203 3102 4256 supra
3127 4187 3248 4242 fecit
3273 4187 3630 4250 mentionem,

2058 4285 2145 4352 qui
2176 4295 2227 4334 et
2247 4297 2276 4334 a
2306 4282 2433 4335 Caio
2456 4280 2687 4348 Caligula
2718 4280 2925 4334 Ciesare
2959 4279 3167 4332 occisus
3201 4288 3311 4340 est,
3353 4276 3626 4344 res‘pondit

2055 4373 2250 4428 Cwsari
2272 4412 2288 4436 ,
2323 4387 2442 4425 cum
2483 4372 2683 4425 diceret
2708 4371 2762 4423 in
2793 4371 3017 4438 quadam
3043 4367 3414 4434 conjttratione
3443 4377 3627 4420 contra

2056 4464 2323 4518 Caesarem
2349 4465 2480 4516 facta
2505 4464 2676 4530 ipsum
2703 4463 2863 4515 fuisse
2882 4460 3177 4523 conscimn,
3206 4458 3390 4510 dicens
3415 4473 3427 4509 :
3453 4458 3506 4509 Si
3528 4470 3627 4522 ego

1981 4537 2033 4594 D
2057 4560 2354 4618 scivissem,
2381 4568 2433 4610 tu
2461 4555 2798 4619 nescivisses,
2822 4553 2923 4604 hoc
2942 4560 3043 4611 est,
3071 4559 3174 4601 tam
3202 4547 3486 4615 prudenter
3515 4560 3627 4597 rem

2055 4652 2374 4720 gessissem,
2405 4659 2464 4701 ut
2503 4657 2556 4700 tu
2589 4661 2691 4698 non
2737 4643 2996 4712 potuisses
3037 4643 3332 4709 percipere.
3370 4638 3497 4690 Post
3531 4635 3626 4697 ibi,

2061 4742 2173 4806 Qua
2204 4743 2255 4791 in
2284 4755 2338 4790 re
2377 4738 2657 4806 arguimur.
2688 4735 2927 4801 Arguere
2973 4730 3289 4799 quandoque
3336 4725 3627 4796 reprehen-

2057 4833 2184 4886 dere
2211 4838 2314 4894 est,
2345 4837 2402 4880 ut
2429 4828 2533 4891 hic,
2556 4836 2610 4880 et
2636 4824 2820 4894 Virgil.
2849 4825 2901 4877 iit
2933 4837 2984 4875 xl
3012 4840 3026 4875 :

2948 4911 3130 4972 Meque
3152 4909 3339 4959 timori

2185 4979 2371 5040 Argue,
2398 4984 2446 5024 tu
2473 4977 2680 5025 Drance.

2059 5061 2386 5128 Quandoque
2415 5060 2640 5127 probare
2669 5054 2964 5122 significat,
2988 5062 3045 5107 ιιι
3074 5053 3364 5108 Juvenalis:

2485 5147 2656 5194 Molles
2677 5146 2798 5206 qnoJ
2825 5147 2871 5191 iu
2895 5158 3015 5192 aure
3041 5143 3268 5193 fenestrae

2179 5209 2465 5272 Argueriut,
2495 5208 2726 5268 licetipse
2753 5219 2950 5265 negem.

2061 5294 2209 5348 Unde
2261 5301 2315 5346 et
2364 5300 2730 5358 argumentum
2776 5287 3017 5339 definivit
3063 5286 3250 5340 Cicero
3284 5299 3401 5340 esse
3440 5285 3629 5354 probae

2061 5385 2164 5436 bile
2212 5385 2482 5436 inventum
2521 5380 2586 5434 ad
2624 5378 2919 5433 faciendum
2944 5377 3122 5430 fidem.
3148 5376 3303 5432 Ovid.
3337 5377 3388 5429 in
3419 5390 3431 5428 t
3465 5377 3630 5430 illata-

2060 5477 2268 5542 tnurph.
2305 5492 2318 5527 :
2907 5538 2915 5545 ι

2189 5568 2491 5627 Argumenta
2515 5564 2704 5624 damus,
2727 5577 2821 5625 qua
2842 5565 2992 5612 simus
3014 5562 3201 5623 origine
3227 5562 3341 5608 nati.

2065 5655 2350 5706 Acnicou.

2139 5742 2435 5810 Summam]
2464 5744 2681 5798 Summa
2721 5742 2914 5797 dicitur
2943 5740 3186 5797 collectio
3223 5740 3299 5794 rei
3332 5736 3634 5810 multiplici!
