4290 6258
656 383 760 437 9ἓό

1306 382 1646 438 APPENDIX
1687 384 1776 437 AO
1817 382 2057 436 LIBROS
2100 382 2185 434 DE
2222 381 2732 438 CONSOLATIONE
2774 383 3261 439 PHILOSOPHUE.

3797 391 3894 444 924

657 507 747 551 aut
785 511 1081 552 numerosa:
1127 499 1178 551 in
1222 511 1382 549 unum
1429 495 1743 564 principium
1775 495 1915 548 velut
1941 503 2097 562 caput
2125 509 2228 561 quo
2258 495 2306 552 A
2331 496 2544 562 quidem
2577 506 2626 548 et
2653 498 2843 548 nefasa
2870 496 3027 548 fando
3057 497 3323 552 dicuntur.
3349 498 3498 552 Unde
3523 499 3772 570 Virgilius
3803 503 3846 555 ii
3874 517 3888 553 t

657 587 859 654 reliqua
892 588 1067 640 omnia
1097 585 1453 639 continentur.
1483 584 1696 640 Cornel.
1721 586 1935 638 Tacitus
1961 602 1970 636 :
2006 585 2226 638 Flaccus

657 688 917 726 summam
957 689 1134 727 rerum
1165 673 1212 726 ei
1252 674 1492 741 permisit
1514 689 1530 738 ;
1552 676 1629 728 sic
1673 684 1726 729 et
1753 674 1986 741 pecunia:
2013 685 2101 727 aut
2137 688 2224 726 ra-

659 762 862 814 tionum
903 776 1135 814 summas
1175 761 1435 828 dicimus,
1471 765 1571 817 hoc
1591 774 1700 827 est,
1737 779 2012 816 numerum
2060 763 2223 816 colle-

654 859 818 903 ctum.
847 849 1116 904 Juvenalis
1145 869 1157 901 :

1515 943 1742 1002 Maiorem
1769 947 1942 994 tertius
1966 944 2046 991 illo

789 1002 1050 1062 Summam,
1073 1015 1216 1065 quam
1242 1005 1415 1066 patula:
1440 1005 1519 1052 vix
1542 1012 1742 1067 ceperat
1764 1006 1967 1067 angulus
1988 1018 2129 1054 arca.

657 1082 941 1139 AGRICOLA.

725 1173 996 1246 Senatum]
1039 1177 1271 1230 Dicimus
1319 1177 1602 1232 concilium
1644 1178 1931 1246 publicum,
1961 1194 2115 1244 quem
2149 1179 2219 1229 in-

653 1262 795 1316 docti
824 1265 991 1317 nostri
1013 1265 1342 1319 consulatum
1367 1275 1580 1320 vocant.
1619 1265 1939 1320 Consulatus
1971 1275 2053 1319 est
2080 1266 2223 1318 enim

654 1351 827 1406 honor
873 1353 1133 1419 consulis,
1182 1354 1318 1408 sicut
1361 1363 1593 1422 praetura
1639 1355 1846 1419 honor,
1895 1369 2049 1422 quem
2089 1355 2227 1422 gerit

654 1449 880 1508 praetor:
909 1457 1067 1508 quem
1094 1442 1277 1510 vulgus
1301 1444 1598 1498 Consultum
1631 1453 1806 1506 vocat,
1834 1444 2004 1498 dictus
2026 1455 2106 1497 est
2136 1460 2221 1498 se-

655 1539 810 1582 natus
841 1543 870 1581 a
897 1531 1066 1594 senio,
1099 1541 1156 1584 ut
1183 1533 1257 1585 ait
1293 1531 1572 1586 Sallustius
1621 1534 1672 1587 in
1714 1533 1956 1588 Catilina.
1990 1534 2220 1598 Delecti,

653 1616 845 1686 quibus
877 1632 1069 1686 corpus
1115 1620 1269 1673 annis
1310 1620 1577 1674 inﬁrmum
1603 1661 1618 1683 ,
1659 1623 1924 1690 ingenium
1967 1623 2220 1689 sapientia

654 1706 886 1758 validum
916 1707 1123 1776 reipub.
1164 1710 1532 1764 consulebant.
1567 1711 1856 1779 Majestatis
1886 1726 2030 1765 reum
2074 1713 2221 1766 illum

652 1794 836 1847 dicunt
858 1794 945 1863 qui
971 1806 1250 1850 accusatur
1281 1798 1505 1867 aliquid,
1537 1801 1754 1868 quodin
1788 1802 2074 1867 perniciem
2117 1803 2222 1856 rei-

655 1884 876 1952 publicae
921 1893 1011 1937 aut
1051 1886 1302 1954 principis
1350 1897 1566 1955 vergat,
1614 1897 1846 1942 tentasse
1890 1905 1900 1940 :
1953 1890 2034 1941 vel
2064 1889 2221 1942 etiam

653 1975 792 2045 quod
817 1976 866 2028 in
896 1975 1128 2030 dedecus
1155 1978 1358 2045 insigne
1377 2018 1391 2042 ,
1419 1977 1560 2032 unde
1589 1977 1779 2032 dicitur
1800 1979 1921 2030 laesa
1951 1978 2218 2045 majestas,

653 2075 704 2118 el
730 2079 850 2118 reus
881 2067 1017 2119 Ιωεω
1044 2068 1355 2132 majestatis,
1384 2079 1435 2120 et
1460 2068 1580 2122 inde
1601 2069 1889 2121 omissione
1916 2069 2060 2121 verbi
2085 2068 2224 2121 laesa:

655 2153 946 2222 niajestatis
968 2167 1089 2207 reus
1119 2155 1331 2220 dicitur,
1357 2158 1605 2223 quoniam
1633 2157 1709 2209 sic
1740 2157 1869 2208 satis
1897 2155 2217 2224 intelligitur.

654 2243 822 2298 Reum
864 2258 891 2296 a
942 2259 1064 2297 reor
1106 2243 1313 2298 videtur
1352 2260 1470 2298 esse
1519 2245 1738 2306 dictum,
1777 2245 1897 2312 quia
1941 2259 2139 2308 remur,
2173 2244 2221 2296 id

653 2345 736 2390 eat
755 2336 1086 2404 suspicamur
1117 2337 1261 2390 illum
1295 2337 1434 2404 quod
1474 2336 1722 2403 objicitur
1761 2335 1810 2388 id
1857 2334 2066 2398 iecisse,
2096 2333 2224 2388 dici-

655 2433 844 2492 turque
877 2426 1090 2494 pr0prie
1114 2426 1200 2496 qui
1233 2426 1284 2478 in
1321 2425 1408 2494 jus
1433 2435 1649 2478 vocatus
1679 2435 1778 2478 est.
1813 2424 1965 2476 Ovid.
1998 2425 2048 2476 in
2093 2439 2126 2476 ιι
2157 2423 2224 2477 de

652 2518 780 2568 Arte
806 2555 817 2568 ’
895 2585 999 2632 Non
1025 2591 1208 2633 tantum
1235 2587 1450 2646 trepidos
1475 2592 1526 2632 ut
1549 2590 1722 2634 tueare.
1747 2597 1876 2632 reos.

653 2667 917 2722 Vocamus
943 2669 1102 2722 etiam
1129 2668 1444 2737 quandoque
1469 2683 1617 2720 reum
1649 2683 1768 2720 eum
1809 2667 1896 2734 qui
1940 2666 2046 2734 jatn
2089 2666 2223 2720 obli-

653 2767 826 2826 gatus,
862 2758 947 2812 vel
979 2759 1187 2812 debitor
1217 2775 1229 2810 :
1256 2758 1394 2812 unde
1422 2759 1528 2811 voti
1563 2773 1686 2812 rens
1714 2759 1902 2811 dicitur
1941 2761 2029 2827 qui
2077 2773 2222 2812 asse-

653 2858 806 2901 cutus
829 2849 982 2901 estid
1009 2864 1104 2916 pro
1133 2863 1237 2914 quo
1266 2858 1445 2901 votum
1471 2848 1593 2902 fecit
1614 2890 1627 2912 ,
1662 2847 1866 2900 solvere
1895 2848 2098 2916 cogitur
2127 2867 2137 2900 :
2172 2859 2224 2902 et

653 2938 1017 3006 jurisconsulti
1047 2939 1178 2991 duos
1209 2955 1326 2994 reos
1358 2940 1695 3008 promittendi
1729 2950 1947 3005 vocant,
1978 2943 2067 3008 qui
2105 2957 2225 3010 pro-

655 3027 913 3082 mittendo
936 3042 992 3080 se
1018 3027 1237 3096 quisque
1266 3029 1650 3096 obligaverunt.
1686 3032 1974 3083 AGBICOLA.

726 3113 1028 3187 Impediue]
1065 3117 1323 3186 lmpedire
1369 3128 1421 3172 et
1459 3119 1709 3187 expedire
1738 3137 1765 3170 a
1809 3120 2028 3186 pedibus
2059 3120 2221 3188 ligan-

655 3204 734 3260 dis
761 3216 812 3259 et
835 3206 1104 3260 solvendis
1127 3207 1263 3261 dicta
1294 3216 1417 3260 sunt
1449 3225 1461 3262 :
1490 3208 1682 3262 deinde
1709 3210 2091 3264 consuetudine
2117 3209 2224 3263 sol-
2255 3201 2298 3262 C

655 3311 782 3351 vere
803 3306 857 3350 et
886 3297 1070 3365 ligare.
1099 3297 1343 3350 Horatius
1381 3297 1432 3348 in
1464 3297 1636 3365 primo
1661 3296 1965 3350 Carminum
2002 3315 2012 3348 :

781 3384 918 3433 Nunc
942 3386 1081 3433 viridi
1103 3387 1288 3432 crinem
1310 3385 1454 3434 decet
1476 3387 1716 3448 impedire
1740 3396 1910 3449 myrto.

657 3469 860 3524 Deinde
888 3469 1164 3537 impedire,
1189 3470 1440 3535 retinere,
1471 3472 1550 3522 vel
1579 3472 1827 3525 resistere
1857 3471 2138 3539 signiﬁcat,
2171 3479 2227 3522 ut

655 3560 760 3613 hic.
789 3559 978 3614 Cicero
1001 3562 1050 3612 in
1082 3559 1251 3626 primo
1277 3559 1582 3612 Oiﬁciorum
1609 3576 1622 3613 :
1644 3561 1720 3613 De
1746 3561 1904 3614 rebus
1926 3560 2052 3627 ipsis
2075 3571 2224 3613 utere

657 3659 747 3702 tuo
771 3648 990 3716 judicio,
1023 3648 1155 3700 nihil
1181 3649 1322 3701 enim
1355 3649 1603 3716 impedio.
1636 3651 1926 3704 AGRICOLA.

725 3736 987 3807 Cenabit]
1043 3737 1266 3792 Ccssare
1327 3737 1610 3806 aliquando
1675 3739 1939 3809 signiﬁcat
1996 3741 2222 3794 otiosum

653 3844 790 3883 esse.
826 3827 1038 3882 Persius
1070 3845 1082 3880 :
1745 3833 1752 3844 ‘

775 3917 840 3967 At
860 3919 902 3968 si
928 3925 977 3966 tu
1001 3932 1184 3980 cesses,
1212 3927 1264 3968 et
1285 3919 1404 3980 ligas
1429 3921 1476 3967 iu
1501 3926 1614 3968 cule
1638 3919 1806 3968 solem.

655 4005 745 4060 Sic
774 4006 1018 4060 Horatius
1050 4024 1064 4060 :
1091 4006 1342 4062 Cessator
1364 4007 1576 4068 Damus,
1607 4006 1656 4060 id
1687 4018 1769 4060 est
1799 4008 2025 4068 otiosus,
2053 4007 2220 4074 piger,

653 4108 933 4153 cunctator
962 4100 1178 4152 Damus.
1211 4099 1511 4168 Aliquando
1536 4098 1798 4166 signiﬁcat
1820 4097 2067 4152 desinere
2091 4139 2104 4160 ,
2134 4107 2225 4149 aut

654 4190 811 4244 ﬁnem
839 4191 1031 4254 facere,
1056 4199 1113 4244 ut
1139 4190 1238 4245 hoc
1267 4193 1399 4245 loco.
1434 4191 1650 4246 Ovidius
1674 4192 1725 4244 in
1757 4207 1772 4242 ι
1803 4191 1869 4244 de
1899 4191 2027 4244 Arte
2056 4209 2067 4241 :

775 4281 856 4330 Sic
879 4294 942 4330 ne
975 4282 1260 4343 perdiderit,
1285 4295 1378 4330 non
1402 4289 1562 4331 cessat
1585 4282 1797 4343 perdere
1823 4281 1972 4330 lusor.

655 4363 854 4431 Estque
897 4363 1335 4432 frequentativum
1381 4379 1410 4417 a
1455 4364 1607 4426 cedo,
1641 4365 1761 4434 quia
1789 4374 2027 4418 cessator
2056 4364 2222 4417 labori

651 4455 811 4509 cedit.
846 4457 1132 4510 AGBICOLA.

2329 583 2541 637 lEneid.
2577 602 2670 652 pro
2700 595 2924 654 tttt'Oque
2953 588 3083 640 dixit
3108 603 3121 639 :

2455 676 2511 723 At
2533 683 2730 736 Sperate
2755 677 2875 725 deos
2898 691 3139 726 memores
3164 678 3288 727 fandi
3316 685 3464 740 atque
3490 678 3704 740 nefandi,

2329 767 2514 826 eSane
2549 759 2625 811 fas
2666 758 2805 826 quod
2848 759 2954 812 Deo
2983 770 3196 813 auctore
3245 761 3325 813 vel
3377 763 3602 815 naturali
3648 764 3889 820 aenuitate

2329 847 2547 900 facimus
2582 865 2593 899 :
2619 849 2752 899 sicut
2775 848 2880 916 jus,
2911 849 3050 916 quod
3075 849 3346 903 hominum
3367 850 3515 918 jussu
3543 852 3618 904 ﬁt.

2402 935 2604 1006 Merita]
2639 937 2739 990 Per
2770 939 3161 992 translationem
3192 955 3287 1008 pro
3316 943 3484 1008 pretio
3505 942 3656 996 dixit.

2399 1029 2663 1081 Socratico
2690 1027 2918 1098 decreto]
2959 1030 3086 1096 Quia
3117 1030 3391 1099 Socrates,
3441 1048 3559 1086 cum
3598 1043 3738 1087 esset
3779 1051 3888 1091 mos

2327 1120 2549 1174 Athenis
2578 1131 2636 1174 ut
2679 1137 2771 1175 reo
2803 1123 2906 1176 civi
2953 1125 3346 1191 permitteretur
3387 1129 3649 1181 aastimare
3683 1143 3891 1196 poenam

2327 1225 2483 1276 quam
2509 1227 2567 1264 se
2595 1213 2837 1266 crederet
2864 1215 3111 1268 meritum
3131 1256 3146 1280 ,
3175 1217 3331 1283 idque
3357 1228 3603 1271 accusato
3647 1219 3724 1272 illi
3757 1219 3892 1286 judi-

2327 1317 2417 1356 ces
2441 1305 2840 1368 permitterent,
2886 1305 3018 1358 dixit
3061 1307 3300 1359 meritttm
3345 1323 3402 1361 se
3445 1317 3499 1362 ut
3541 1310 3748 1378 publice
3790 1311 3890 1365 sibi

2328 1395 2680 1449 Athenienses
2704 1395 2898 1448 victum
2930 1397 3136 1449 darent.
3169 1398 3346 1450 Noluit
3375 1402 3515 1452 enim
3547 1416 3666 1453 cum
3698 1416 3756 1454 se
3790 1404 3893 1455 sci-

2327 1492 2409 1537 ret
2439 1484 2568 1536 nihil
2602 1499 2752 1551 puena
2785 1485 3000 1551 dignum
3031 1485 3242 1548 fecisse,
3267 1489 3528 1542 astitnare
3558 1499 3645 1541 aut
3674 1504 3894 1543 censere

2328 1575 2431 1628 ulla
2465 1590 2616 1642 pinna
2645 1590 2702 1628 se
2725 1577 2973 1644 dignum,
3004 1591 3302 1645 quanquam
3332 1578 3402 1631 ita
3432 1588 3575 1633 esset
3597 1581 3724 1632 iram
3753 1579 3893 1647 judi-

2325 1681 2445 1719 cum
2488 1665 2828 1733 placatiorem
2881 1665 3156 1718 habiturus
3202 1685 3215 1718 :
3264 1683 3370 1735 quo
3417 1678 3522 1720 tam
3580 1668 3747 1722 libero
3809 1686 3895 1724 reo

2327 1770 2521 1823 sponso
2538 1757 2678 1808 illius
2698 1757 2948 1809 commoti
2967 1757 3196 1824 judices,
3212 1758 3380 1827 quasi,
3396 1768 3759 1814 contemneret
3775 1776 3890 1827 eos,

2255 1851 2300 1908 B
2328 1847 2391 1900 ad
2416 1857 2638 1900 mortem
2669 1864 2790 1900 eum
2821 1849 3327 1904 condemnaverunt.

2395 1937 2627 2009 Decreto]
2672 1939 2724 1991 Id
2767 1949 2876 2005 est,
2909 1940 3048 2007 quod
3090 1940 3274 1994 Graece
3311 1940 3476 2014 δόγμα
3506 1943 3720 2008 dicitur,
3753 1945 3894 2012 quod

2326 2031 2524 2084 indocti
2573 2043 2668 2098 pro
2708 2029 2944 2084 doctrina
2979 2033 3242 2100 accipiunt
3276 2051 3286 2083 :
3319 2049 3440 2086 eum
3489 2033 3627 2101 apud
3680 2034 3894 2088 Grzeeos

2323 2123 2479 2176 etiam
2515 2123 2765 2192 quidquid
2792 2125 3013 2193 populus
3037 2128 3235 2191 statuit,
3267 2125 3454 2194 dogma
3489 2137 3725 2190 vocetur,
3758 2127 3895 2179 sicut

2324 2217 2460 2284 apud
2494 2231 2586 2267 nos
2617 2216 2890 2270 decretum
2925 2219 3121 2286 populi,
3149 2219 3420 2272 decretum
3445 2217 3715 2284 principis.

2396 2305 2611 2376 Seriem]
2636 2309 2814 2360 Series
2847 2318 3018 2370 puti-st
3042 2324 3164 2362 esse
3191 2324 3218 2360 a
3261 2309 3488 2361 serendo
3529 2307 3665 2362 dicta
3690 2348 3704 2370 ,
3741 2307 3894 2376 quasi

2324 2398 2454 2451 ordo
2483 2413 2658 2451 rerum
2688 2415 2716 2452 a
2742 2401 2912 2466 primo
2940 2401 3164 2465 semine,
3187 2400 3238 2454 iu
3270 2410 3352 2454 est
3375 2400 3600 2468 origine.
3623 2400 3818 2454 Statius
3839 2401 3894 2454 in

2326 2491 2497 2558 primo
2520 2489 2817 2543 Thebaidos
2843 2509 2853 2540 :

2451 2580 2612 2643 Longa
2632 2589 2766 2629 retro
2791 2595 2964 2632 series.

2325 2664 2607 2717 AGMCOLA.

2398 2751 2566 2822 Styla]
2597 2757 2634 2806 A
2664 2753 2848 2808 Crmco
2893 2757 3093 2818 στύλος,
3125 2756 3174 2808 id
3205 2763 3286 2810 est
3328 2757 3568 2810 columna
3609 2757 3780 2818 venit,
3809 2756 3894 2812 cui

2325 2844 2484 2898 simili
2515 2853 2596 2899 est
2623 2846 2823 2914 stylus,
2866 2847 3226 2915 accipiturque
3274 2863 3368 2914 pro
3411 2847 3691 2915 scriptura.
3744 2845 3894 2900 Unde

2325 2933 2512 2988 Cicero
2546 2938 2594 2987 in
2628 2951 2642 2987 ι
2669 2935 2735 2989 de
2759 2936 2981 2988 Oratore
3021 2936 3151 2988 dixit
3179 2935 3371 3004 stjtlum
3403 2938 3659 3004 Optimum
3687 2936 3896 2989 dicendi

2329 3027 2608 3079 artiﬁcem.
2663 3026 2830 3079 Prisci
2873 3027 3067 3079 ceratis
3114 3027 3304 3082 tabulis
3350 3028 3586 3081 scribere
3633 3027 3894 3081 solebant.

2326 3117 2545 3170 Ovidius
2570 3118 2618 3169 in
2648 3120 2816 3183 primo
2845 3118 2911 3170 de
2938 3117 3064 3171 Arte
3093 3134 3106 3172 :

2516 3206 2639 3255 Cera
2664 3214 2758 3254 tua:
2785 3209 2988 3267 primum
3013 3209 3199 3255 conscia
3225 3208 3402 3256 tuentis
3427 3217 3521 3256 eat.

2330 3291 2618 3342 AGRICOLA.

2399 3379 2682 3450 Memoriw]
2715 3380 2767 3432 Id
2799 3390 2878 3434 est
2905 3379 3403 3434 conuuemorationi
3430 3377 3774 3447 posteritatis.

2396 3471 2622 3541 Litteris]
2654 3473 2850 3525 Littera
2893 3473 3079 3526 litterae
3119 3473 3169 3525 in
3210 3473 3462 3538 singulari
3509 3486 3729 3524 numero
3759 3469 3897 3538 apud

2327 3572 2567 3617 oratores
2598 3580 2693 3632 pro
2715 3564 2965 3632 singulari
2995 3564 3154 3630 ﬁgura
3182 3575 3267 3616 aut
3293 3565 3606 3616 charactere
3629 3577 3731 3629 quo
3761 3561 3898 3614 scri-

2327 3653 2500 3705 bimus
2523 3653 2780 3721 accipitur
2809 3672 2820 3705 :
2849 3665 2904 3707 ut
2927 3667 3002 3708 est
3029 3673 3078 3719 α,
3105 3657 3154 3718 ὁ,
3183 3655 3262 3708 vel
3288 3672 3333 3706 c.
3363 3656 3461 3707 Pro
3481 3653 3704 3720 epistola
3726 3653 3902 3706 solum

2327 3748 2377 3800 in
2405 3748 2590 3814 plurali
2618 3749 2826 3802 dicitur.
2850 3749 3024 3813 Quare
3047 3746 3233 3801 Cicero
3258 3763 3387 3800 unas
3404 3762 3616 3814 semper
3636 3755 3725 3799 aut
3747 3746 3899 3799 binas

2327 3849 2418 3892 aut
2457 3850 2631 3893 ternas
2678 3840 2883 3892 litteras
2924 3841 3070 3892 dicit.
3127 3840 3298 3893 l’oetze
3350 3849 3523 3892 tamen
3583 3838 3900 3892 necessitate

2328 3932 2483 3984 metri
2515 3933 2565 3985 in
2595 3933 2844 4001 singulari
2875 3948 2971 4000 pro
2999 3933 3222 3999 cpistola
3267 3932 3552 3999 accipiunt.
3586 3930 3805 3984 Ovidius
3842 3928 3900 3982 in

2329 4023 2579 4088 Epistolis
2611 4041 2624 4075 :

2452 4115 2601 4171 Quam
2635 4115 2776 4175 legis,
2809 4129 2834 4161 a
2860 4122 2992 4176 rapta
3018 4115 3284 4176 lireyseide
3313 4113 3473 4163 littera
3502 4116 3650 4162 vertit.

2329 4199 2616 4252 AGBICOLA.

2400 4286 2604 4356 Attinet]
2638 4288 2852 4358 proprie
2877 4289 3129 4344 adhibere
3175 4295 3254 4342 vel
3296 4291 3566 4358 applicare
3603 4288 3899 4357 signiﬁcat,

2330 4381 2396 4434 ab
2422 4383 2488 4433 ad
2518 4392 2571 4434 et
2601 4392 2762 4434 teneo.
2797 4381 3007 4433 Plautus
3032 4383 3082 4433 in
3111 4382 3340 4448 captivis
3369 4381 3575 4434 duobus
3607 4398 3620 4433 :

2451 4473 2585 4521 Nunc
2608 4473 2787 4521 cultros
2809 4474 3000 4521 attinet.

725 4543 953 4615 Ordinis]
979 4545 1121 4601 Ordo
1150 4559 1230 4601 est
1255 4547 1534 4616 dispositio
1558 4558 1702 4603 certa
1726 4563 1901 4602 rerum
1927 4589 1941 4612 ,
1970 4564 2072 4617 qua
2113 4550 2223 4602 col-
2253 4548 2305 4608 D
2331 4558 2654 4626 Quandoque
2688 4557 2953 4625 signiﬁcat
2982 4556 3032 4608 id
3063 4555 3200 4623 quod
3234 4571 3369 4620 opus
3399 4563 3482 4607 est
3501 4594 3514 4615 ,
3552 4563 3609 4605 ut
3637 4554 3734 4604 hoc
3779 4552 3899 4603 loco

651 4638 858 4691 locatur
900 4639 1023 4706 quid
1067 4640 1291 4706 primum
1323 4644 1431 4706 sit,
1467 4641 1588 4710 quid
1618 4641 1910 4695 secundum
1941 4683 1956 4706 ,
2000 4653 2050 4694 et
2095 4643 2217 4709 quid

649 4727 924 4798 deinceps.
959 4729 1206 4784 Horatius
1240 4749 1251 4781 :

774 4821 968 4869 Ordinis
990 4822 1094 4869 haec
1117 4823 1269 4871 virtus
1295 4825 1410 4882 erit,
1437 4829 1488 4870 et
1512 4822 1695 4872 Venus.

655 4902 816 4956 Erant
844 4912 1018 4957 autem
1045 4908 1096 4956 ln
1130 4907 1323 4972 populo
1346 4905 1584 4957 Romano
1613 4916 1720 4958 tres
1750 4905 1988 4967 ordines,
2026 4905 2218 4972 plebis,

649 4995 1038 5061 ctpatrum,id
1069 5005 1424 5054 cstsenatus.
1468 5006 1522 5048 et
1564 5006 1830 5063 equester,
1879 5012 1966 5063 qm
2015 4996 2223 5048 medius

649 5093 767 5138 erat
795 5084 932 5137 inter
961 5085 1165 5151 plebem
1197 5096 1247 5138 et
1290 5095 1483 5152 patres.
1521 5087 1792 5154 Equestris
1829 5087 2029 5139 ordinis
2068 5096 2222 5149 sunt,

650 5177 739 5245 qui
773 5175 930 5230 hodie
965 5176 1031 5228 ah
1078 5176 1302 5228 indoctis
1345 5178 1543 5230 milites
1583 5189 1857 5231 vocantur.
1908 5178 2034 5230 Nam
2071 5179 2221 5229 miles

649 5282 860 5322 onmem
899 5267 1046 5321 illum
1077 5267 1334 5333 signiﬁcat
1371 5270 1458 5335 qui
1503 5269 1820 5337 stipendium
1869 5269 2006 5321 bello
2051 5286 2220 5322 inere-

649 5367 755 5422 tur,
789 5373 916 5428 ergo
944 5358 1074 5412 dicit
1101 5357 1240 5412 illius
1265 5358 1487 5422 ordinis,
1518 5359 1567 5411 id
1599 5368 1681 5413 est
1709 5359 1982 5414 senatorii.

722 5447 908 5520 Nefas]
929 5449 1030 5502 Fas
1051 5458 1103 5502 et
1124 5447 1294 5513 nefas,
1322 5448 1455 5502 sicut
1495 5449 1715 5502 damnas
1745 5459 1798 5502 et
1825 5451 2026 5503 inﬁcias
2076 5447 2222 5501 inde-

647 5539 911 5595 clinabilia
939 5551 1083 5594 sunt.
1121 5540 1354 5593 Dicimus
1383 5551 1559 5594 autem
1592 5542 1792 5596 inﬁcias
1819 5557 1905 5607 eo,
1939 5543 1988 5596 id
2021 5551 2102 5596 est
2140 5543 2222 5594 in-

649 5627 802 5685 θεῖοι·
829 5630 908 5682 vel
937 5645 1092 5698 nego,
1121 5619 1172 5681 et
1195 5629 1562 5697 jurisconsulti
1594 5631 1776 5683 dicunt
1803 5648 1814 5683 :
1851 5633 2016 5686 'l‘itius
2050 5631 2222 5686 ltarres

654 5728 800 5773 meus
822 5719 951 5771 Teio
979 5729 1185 5773 ccutmn
1209 5721 1428 5774 damnas
1460 5732 1593 5785 esto,
1625 5722 1672 5774 id
1703 5733 1780 5776 est
1808 5723 2086 5790 obligatus.
2121 5723 2223 5777 Fas

2329 4651 2549 4718 Quintil.
2588 4651 2640 4702 in
2672 4665 2740 4702 λιι
2769 4649 3158 4702 lnstitutionum
3195 4665 3205 4698 :
3237 4646 3372 4712 Quid
3404 4648 3593 4699 attinet
3624 4655 3728 4697 tam
3763 4642 3896 4695 mul-

2333 4743 2400 4794 tis
2427 4742 2600 4806 annis,
2625 4752 2728 4794 etc.

2407 4832 2514 4902 Uti]
2545 4832 2674 4887 Utor
2703 4831 3010 4884 accusativo
3031 4829 3289 4896 jungitur.
3314 4828 3536 4894 Quintil.
3573 4827 3622 4878 in
3649 4841 3661 4876 ι
3690 4825 3903 4877 Institu-

2330 4922 2530 4973 tiouuin
2562 4939 2573 4972 :
2611 4921 2870 4974 Utendum
2913 4931 2994 4970 est
3034 4935 3153 4969 cum
3197 4931 3522 4977 sermonem,
3571 4919 3775 4980 hocque
3823 4928 3906 4964 ve-

2333 5016 2525 5066 tustius
2547 5021 2658 5076 est,
2699 5021 2754 5064 ut
2781 5010 3009 5062 ablativo
3033 5011 3282 5075 jungatur
3313 5007 3564 5059 usitatius
3601 5015 3701 5058 est.
3745 5004 3902 5055 Juve-

2332 5123 2393 5158 ll‘i'l
2422 5122 2467 5160 IS
2490 5123 2503 5160 ζ

2676 5195 2812 5241 Modo
2835 5195 2922 5239 soli
2949 5192 3103 5240 Iudice
3133 5191 3318 5238 relictis

2457 5255 2617 5306 L'teris
2643 5257 2692 5303 in
2717 5257 2873 5304 turba.

2333 5342 2619 5394 AGRICOLA.

2409 5428 2674 5498 Licuisset]
2708 5429 2888 5482 Licere
2921 5426 3129 5496 proprie
3161 5423 3352 5476 dicitur
3384 5421 3432 5473 id
3471 5419 3610 5488 quod
3649 5419 3769 5486 jure
3798 5430 3903 5468 non

2333 5534 2557 5577 velatur.
2595 5523 2805 5574 Persius
2834 5538 2844 5570 :

2454 5614 2547 5660 Cur
2571 5611 2680 5659 mihi
2712 5623 2803 5656 non
2831 5610 2987 5665 liceat,
3011 5608 3146 5666 jussit
3176 5603 3500 5665 quodcunque
3531 5593 3792 5645 Voluntas?

2337 5719 2600 5786 At't‘ipiittl‘
2631 5714 2790 5767 etiam
2823 5730 2915 5781 pro
2948 5726 3122 5780 posse.
3159 5708 3340 5773 Virgil.
3378 5707 3426 5755 in
3463 5721 3507 5755 l\'
3541 5697 3798 5760 Aiueid._:
