4290 6258
366 369 473 427 925

484 481 591 544 Non
616 480 751 532 licuit
773 483 965 544 thalami
993 487 1249 544 expertem
1273 484 1381 532 sine
1402 486 1603 533 crimine
1630 485 1776 532 vitam

483 542 689 604 Degere
713 556 845 592 more
866 542 1017 592 ferre?

359 626 650 681 Δειυεοωι.

416 716 505 770 Sic
530 726 584 770 et
608 715 715 769 hic.

430 803 665 875 Sperari]
706 803 937 873 Sperarc
988 805 1199 872 proprie
1240 805 1501 873 significat
1544 805 1665 857 boni
1706 804 1930 873 alicujus

357 894 519 947 futuri
542 894 845 961 Opinionem
877 892 1096 959 habere,
1131 904 1188 946 ut
1206 893 1310 946 hic.
1334 893 1520 961 Virgil.
1546 892 1596 945 in
1618 908 1665 945 tv
1683 892 1928 946 jEneid.:

484 985 641 1046 Spero
666 984 888 1046 equidem
912 984 1085 1031 mediis
1109 983 1170 1043 (st
1193 983 1311 1046 quid
1333 985 1408 1044 pia
1433 985 1627 1031 numina
1651 985 1868 1045 possunt)

485 1044 728 1106 Supplicia
761 1045 1019 1092 hausurum
1042 1044 1267 1106 scopulis.

354 1128 685 1196 Quandoque
741 1142 837 1193 pro
883 1141 947 1180 eo
991 1126 1131 1195 quod
1162 1136 1243 1181 est
1283 1128 1515 1180 futurum
1565 1128 1932 1195 qualecunque

352 1228 687 1286 exspectare.
725 1218 973 1286 Virgilius
996 1218 1047 1270 in
1072 1219 1245 1286 primo
1271 1216 1527 1271 IEneidos
1562 1233 1573 1265 :

475 1309 537 1356 At
560 1317 758 1370 sperate
780 1308 899 1357 deos
920 1321 1168 1356 memores
1190 1307 1317 1355 fandi
1340 1314 1488 1368 atque
1513 1306 1726 1355 nefandi.

353 1389 637 1443 Terentius
670 1391 721 1443 in
752 1390 1214 1443 lleautontimor.:

481 1480 582 1529 Una
606 1494 723 1542 spes
747 1488 843 1541 est,
867 1483 1136 1530 esurituros
1159 1495 1247 1530 nos
1270 1483 1404 1530 satis.

355 1566 647 1617 AGRICOLA.

422 1651 566 1721 Caio]
584 1652 742 1706 Caius
762 1662 814 1707 et
833 1650 1030 1718 Cneus,
1046 1654 1186 1708 sicut
1201 1653 1443 1706 curculio
1460 1656 1602 1722 quod
1623 1668 1839 1707 vermen
1858 1654 1929 1706 si-

352 1742 585 1809 gnificat,
602 1758 696 1812 per
713 1759 739 1796 ο
759 1744 1084 1808 scribuntur,
1102 1744 1193 1797 sed
1213 1758 1304 1812 per
1318 1760 1349 1812 g
1363 1743 1925 1813 leguntur.Acmcout.

1271 370 1649 426 MUllMELLII
1691 371 1776 423 ET
1820 371 2184 428 AGllICOLAS
2222 374 2739 434 COMMENTARlA.

3500 376 3606 434 926

1966 468 2009 546 Α
2036 488 2190 544 dolor
2211 492 2545 548 adversitatis
2592 494 2812 547 multum
2861 492 3199 562 occupaverit
3226 499 3279 547 et
3304 493 3601 548 turbaverit

2037 590 2293 644 mentem,
2326 582 2558 636 nondum
2588 592 2764 636 tamen
2808 583 2877 635 ita
2913 598 3105 652 expers
3157 582 3400 646 rationis,
3432 589 3492 635 ut
3517 582 3603 635 in-

2035 673 2192 738 digne
2221 672 2386 726 feram
2420 673 2688 740 improbos
2714 684 3048 727 accusatores
3098 682 3315 727 conatos
3344 686 3462 726 esse
3509 686 3606 726 ne-

2037 762 2252 816 fandum
2300 772 2484 817 contra
2514 779 2638 829 me,
2688 764 2807 833 quia
2860 765 2997 817 velle
3039 764 3241 832 pejora.
3286 771 3369 816 est
3405 762 3518 817 fere
3541 777 3607 821 ex

2035 851 2246 905 defectu
2277 864 2327 905 et
2358 853 2660 906 infirmitate
2688 853 2932 923 humanae
2949 863 3181 914 naturae;
3210 854 3305 906 sed
3331 852 3461 905 illud
3489 865 3607 904 ma-

2036 942 2117 1009 gis
2160 951 2290 1009 puto
2345 941 2663 1005 mirandum,
2694 956 2849 1011 posse
2879 942 3050 995 malos
3080 941 3336 1010 perficere
3379 956 3442 995 ea
3489 956 3606 1009 qua:

2036 1030 2423 1083 voluntcontra
2470 1028 2661 1093 bonus,
2710 1046 2828 1102 cqm
2858 1031 2995 1084 Deus
3025 1030 3139 1083 sine
3161 1030 3312 1097 cujus
3343 1030 3605 1098 permissu

2036 1120 2166 1173 nihil
2198 1129 2374 1187 potest
2413 1121 2549 1185 ﬁeri,
2580 1120 2629 1174 id
2662 1121 2863 1185 videat;
2910 1122 3121 1173 monstri
3151 1120 3291 1173 enim
3321 1121 3485 1172 simile
3510 1131 3605 1187 est,

2037 1209 2138 1262 lt0c
2160 1218 2260 1272 est,
2281 1208 2593 1263 incredibile
2622 1218 2705 1262 est
2743 1210 2793 1261 id
2826 1225 2946 1262 eum
2986 1209 3183 1262 debere
3216 1208 3352 1263 velle
3383 1208 3602 1276 permit-

2036 1307 2167 1364 tere,
2218 1300 2355 1352 sicut
2400 1298 2614 1366 quidam
2665 1298 3008 1367 philomphus
3038 1301 3151 1351 ait:
3195 1299 3248 1352 Si
3298 1309 3377 1351 est
3418 1296 3606 1365 aliquis

2037 1387 2199 1453 Deus,
2231 1388 2497 1457 quomodo
2527 1384 2703 1455 potest
2740 1404 2858 1441 esse
2909 1388 3122 1455 aliquod
3173 1388 3401 1440 malum?
3424 1388 3469 1440 si
3500 1402 3605 1441 non

2033 1490 2116 1534 est
2162 1481 2321 1546 Deus,
2356 1480 2494 1534 unde
2534 1480 2852 1548 proveniunt
2899 1480 3072 1533 bona?
3103 1480 3227 1532 Post
3254 1480 3345 1544 ibi,
3379 1478 3491 1532 Sed.
3526 1482 3605 1547 {ac

2035 1573 2208 1639 fuerit,
2237 1570 2469 1625 ostendit
2496 1586 2562 1625 ex
2607 1570 2809 1638 judicio
2854 1581 3069 1624 senatus
3101 1570 3315 1637 indigne
3360 1584 3419 1623 se
3445 1568 3514 1621 ab
3540 1584 3605 1623 eo

2032 1664 2464 1730 condemnatum,
2497 1662 2655 1731 idque
2705 1663 2928 1730 primum
2977 1676 3043 1715 ex
3090 1676 3315 1728 persona
3365 1668 3603 1724 senatus,

2033 1770 2188 1822 quem
2216 1763 2518 1808 accusatum
2547 1752 2682 1821 apud
2714 1768 2889 1821 regem
2931 1766 3029 1805 suo
3078 1751 3310 1819 periculo
3348 1765 3603 1805 servave-

422 1832 642 1905 Cwsare]
674 1834 784 1889 Hoc
814 1850 917 1889 non
942 1846 1024 1889 est
1053 1836 1325 1904 dignitatis
1354 1851 1568 1902 nomen,
1599 1835 1692 1888 sed
1720 1835 1930 1888 familia:
1962 1846 2009 1906 Β
2038 1853 2116 1898 rat

1908 1848 1930 1888 Β
1962 1846 2009 1906 Β
2038 1853 2117 1898 rat
2150 1863 2161 1896 :
2193 1846 2383 1899 deinde
2405 1858 2470 1899 ex
2493 1843 2681 1897 ordine
2707 1842 2917 1911 judicii,
2948 1843 3068 1910 quia
3100 1842 3293 1895 absens
3322 1856 3426 1894 non
3455 1841 3602 1895 audi-

357 1939 473 1991 qua:
503 1924 687 1977 Roma:
718 1923 833 1989 fuit,
869 1940 931 1977 ex
962 1939 1063 1993 qua
1088 1933 1237 1978 ortus
1283 1924 1381 1977 fuit
1415 1924 1586 1979 Julius
1614 1922 1813 1990 Caesar,
1842 1925 1931 1992 qui

354 2015 556 2081 primus
592 2015 891 2068 libertatem
926 2016 1217 2069 Romanam
1247 2016 1517 2084 oppressit
1545 2034 1557 2067 :
1586 2016 1724 2069 unde
1744 2030 1930 2069 omnes

356 2104 447 2170 qui
482 2106 645 2158 secuti
675 2114 798 2158 sunt
820 2106 1167 2173 imperatores
1200 2106 1301 2163 hoc
1340 2108 1439 2161 sibi
1465 2121 1659 2161 nomen
1684 2114 1930 2175 tanquam

351 2194 563 2247 titulum
592 2196 837 2263 legitimae
890 2197 1248 2250 successionis
1291 2212 1609 2265 sumpsere:
1642 2197 1707 2249 ad
1756 2197 1925 2251 Nero-

354 2299 473 2338 nem
506 2296 677 2339 tamen
702 2301 868 2355 usque
893 2297 985 2340 aut
1003 2288 1323 2354 cognatione
1343 2297 1433 2339 aut
1454 2287 1739 2349 adoptione
1764 2288 1933 2355 impe-

355 2386 565 2430 ratores
594 2378 716 2431 huic
734 2378 947 2431 familia:
969 2379 1159 2431 annexi
1184 2378 1330 2430 luere
1365 2394 1378 2429 :
1409 2386 1529 2445 post
1550 2376 1815 2430 Neronem
1846 2392 1930 2429 re-

353 2468 478 2538 liqui
512 2469 682 2524 solum
705 2470 1049 2537 usurpatione
1080 2469 1205 2521 illud
1234 2464 1532 2536 sumpsere.
1566 2471 1858 2521 Aonrcou.

421 2561 731 2631 Germanici]
770 2560 1119 2615 Germanicus
1151 2561 1275 2623 iste,
1317 2561 1467 2613 Drusi
1496 2559 1723 2613 Neronis
1768 2558 1929 2621 lilius,

353 2654 490 2707 hunc
517 2652 706 2707 Caium
740 2654 940 2721 genuit,
975 2661 1027 2705 et
1047 2652 1387 2721 Agrippinam
1420 2650 1645 2704 Neronis
1684 2658 1928 2711 matrem,

352 2755 608 2814 praeterea
632 2745 765 2797 alios
784 2759 919 2812 quos
939 2743 1068 2796 nihil
1091 2742 1630 2796 attinetcliumcrare.
1658 2740 1752 2793 llic
1772 2738 1931 2793 Caius

353 2837 753 2905 cognominatus
783 2844 866 2889 est
893 2834 1151 2903 Caligula,
1183 2849 1215 2887 a
1242 2834 1410 2899 caliga
1462 2832 1682 2885 militari
1733 2831 1927 2891 dictus,

352 2942 511 2996 quam
540 2926 727 2994 vulgus
754 2940 964 2979 ocream
989 2934 1141 2977 vocat
1168 2941 1178 2973 :
1214 2923 1335 2991 quia
1368 2923 1419 2976 in
1449 2923 1639 2976 castris
1672 2920 1768 2975 fuit
1799 2922 1928 2975 edu-

354 3024 520 3068 catus.
544 3013 673 3067 Nam
704 3013 840 3082 quod
870 3027 967 3066 nos
1000 3012 1220 3079 caligam
1260 3014 1415 3079 vulgo
1443 3024 1716 3074 vocamus,
1767 3010 1817 3063 id
1848 3019 1931 3063 est

356 3104 491 3173 quod
524 3114 734 3157 veteres
765 3104 975 3157 bracam
1003 3101 1249 3155 dicebant
1280 3117 1293 3153 :
1324 3101 1462 3154 unde
1488 3100 1715 3153 bracatce
1745 3099 1931 3153 Gallia:

2035 1949 2139 2001 tur,
2165 1953 2264 1993 nec
2290 1936 2497 2005 cognita
2525 1950 2683 1989 causa
2712 1935 3099 1988 condemnatus
3141 1942 3239 1986 est.
3289 1932 3425 1985 Dicit
3452 1945 3601 2001 ergo,

2035 2029 2293 2097 placuerit
2329 2028 2453 2081 licet
2473 2028 2579 2080 Deo
2620 2026 2788 2094 utqui
2830 2025 2994 2077 bonos
3026 2038 3214 2075 omnes
3241 2021 3492 2085 oderant,
3524 2019 3603 2073 illi

2032 2120 2191 2172 etiam
2219 2132 2325 2181 me,
2355 2118 2444 2183 qui
2486 2116 2655 2169 bonos
2698 2124 2751 2168 et
2778 2127 3017 2169 senatum
3046 2113 3425 2176 defendebam,
3446 2122 3605 2179 cupe-

2034 2218 2153 2261 rent
2180 2197 2372 2275 pcrire,
2403 2222 2507 2259 non
2542 2218 2720 2259 tamen
2747 2206 3082 2258 merebamur
3105 2204 3175 2256 ita
3215 2202 3283 2255 de
3311 2211 3517 2265 senatu,
3546 2208 3604 2257 ut

2031 2296 2078 2349 is
2106 2298 2394 2364 liocipsum
2443 2296 2604 2349 vellet
2630 2313 2641 2345 :
2671 2295 2789 2363 quia
2818 2309 2937 2346 cum
2969 2293 3195 2346 Verona:
3242 2290 3604 2345 Theodericus

2033 2402 2123 2440 rex
2151 2395 2370 2455 cuperet
2423 2385 2624 2439 crimen
2675 2400 2781 2451 quo
2813 2384 3035 2437 Albinus
3076 2390 3355 2435 accusatus
3408 2389 3523 2434 erat
3550 2380 3603 2433 in

2033 2487 2275 2531 senatum
2304 2475 2676 2529 transfundere
2726 2492 2737 2525 :
2784 2474 2891 2527 scis
2932 2484 2987 2527 tu
3020 2473 3399 2542 Philosophia,
3445 2487 3603 2541 quam

2034 2582 2225 2637 magno
2257 2566 2494 2635 periculo
2524 2580 2643 2619 meo
2683 2563 3013 2618 defenderim
3069 2574 3332 2628 senatum,
3378 2568 3473 2630 p'ro
3500 2575 3605 2630 quo

2035 2659 2291 2713 beneficio
2321 2668 2497 2710 tamen
2521 2655 2648 2709 falsa
2672 2655 2931 2709 sententia
2954 2671 2980 2706 a
3008 2664 3195 2708 senatu
3218 2652 3605 2707 condemnatus

2034 2766 2173 2825 supr.
2209 2749 2426 2810 Deinde,
2455 2746 2522 2799 Et
2548 2750 2697 2818 cujus
2728 2761 2948 2813 unquam
2976 2744 3220 2812 facinoris
3240 2742 3265 2794 ?
3292 2740 3500 2811 Colligit
3527 2741 3604 2794 in~

2034 2840 2343 2909 dignitatem
2369 2839 2552 2907 judicii
2591 2854 2654 2891 ex
2687 2838 2844 2890 modo
2887 2836 3048 2899 illius,
3078 2836 3261 2889 dicens
3287 2852 3301 2887 :
3325 2834 3603 2902 Nunquam

2033 2933 2084 2986 in
2113 2930 2401 3001 judicando
2442 2932 2513 2981 ita
2562 2930 2611 2981 in
2666 2926 3018 2996 apertissimis
3061 2925 3357 2979 sceleribus
3399 2922 3603 2991 judice:

2034 3024 2391 3087 consentiunt,
2421 3031 2477 3074 ut
2507 3036 2611 3074 non
2635 3020 2825 3087 aliquis
2872 3020 3146 3071 moveatur
3184 3007 3253 3069 ad
3298 3014 3603 3069 misericor-

2034 3115 2175 3168 diam
2202 3128 2266 3167 ex
2294 3113 2394 3178 his,
2415 3112 2498 3165 vel
2518 3120 2795 3180 propterea
2819 3109 2958 3178 quod
2975 3122 3162 3163 omnes
3178 3106 3422 3159 homines
3451 3104 3604 3174 proni

355 3211 548 3250 nomen
581 3196 696 3249 fuit.
728 3196 891 3249 Braca
925 3195 1064 3247 enim
1095 3194 1236 3263 quod
1264 3208 1290 3244 a
1322 3192 1472 3246 nobis
1502 3200 1737 3256 vocatur,
1770 3192 1818 3245 id
1841 3206 1930 3246 ve-
1959 3199 2005 3260 ρ
2034 3220 2049 3258 ε

1909 3222 1930 3232 -
1959 3199 2005 3260 C
2034 3204 2242 3258 suntad
2264 3202 2545 3256 errandum
2578 3211 2632 3255 et
2666 3200 2729 3253 ad
2769 3200 3065 3254 faciendum
3096 3214 3212 3264 qua:
3243 3214 3345 3251 non
3376 3197 3603 3251 debeant

355 3296 520 3340 testas
536 3284 811 3349 femorale,
835 3286 915 3339 vel
936 3285 1169 3353 subligar
1191 3285 1433 3336 vocabat.
1449 3282 1616 3351 lnquit
1637 3294 1689 3337 et
1714 3284 1925 3351 inquam

356 3377 537 3442 verba,
590 3388 856 3445 ponuntur
888 3379 938 3429 in
984 3378 1224 3430 oratione
1263 3375 1553 3439 duntaxat,
1587 3376 1801 3444 quando
1834 3390 1928 3429 eos

355 3466 499 3534 ipsos
539 3466 784 3533 fingimus
825 3468 1119 3533 loquentes,
1172 3464 1361 3531 quibus
1387 3480 1447 3517 ea
1478 3466 1786 3518 tribuimus.
1814 3464 1928 3518 Non

355 3564 497 3609 recte
518 3556 658 3609 enim
690 3554 838 3610 dices
870 3555 1001 3608 :llle
1038 3555 1209 3622 inquit
1233 3562 1545 3619 occupatum
1574 3570 1631 3605 se
1660 3568 1800 3615 esse,
1833 3568 1930 3607 nec

355 3656 509 3709 posse
535 3643 745 3705 venire;
779 3642 871 3695 sed
898 3643 1178 3696 dicendum
1207 3651 1287 3695 est
1316 3659 1328 3692 :
1358 3643 1449 3697 Ille
1478 3640 1669 3709 inquit,
1695 3656 1928 3708 occupa-

358 3745 445 3787 tus
468 3750 609 3799 sum,
642 3750 740 3788 nec
790 3748 1004 3802 possum
1052 3734 1256 3786 venire.
1289 3732 1629 3796 Loquendum
1660 3741 1741 3784 est
1788 3732 1927 3784 enim

356 3838 571 3892 semper
621 3824 822 3877 eisdem
869 3824 1044 3877 verbis
1088 3824 1277 3890 (ιι.ἰΙ›ιιε
1326 3823 1438 3891 ipsa
1496 3836 1718 3890 persona
1750 3822 1928 3890 (quam

357 3912 678 3979 inducimus)
708 3927 851 3969 esset
881 3916 1141 3967 locutura.
1168 3915 1437 3967 .luvenalis
1467 3932 1479 3966 :

475 4003 548 4067 Nil
574 4013 727 4053 actum
754 4014 830 4053 est
856 4004 1055 4067 (inquit)
1080 4004 1349 4067 nisiPmno
1383 4002 1536 4067 milite
1564 4013 1724 4064 portas

476 4064 780 4127 Frangimus.
805 4064 1037 4116 etinedia
1066 4066 1291 4114 vexillum
1319 4078 1441 4125 pono
1464 4066 1689 4113 suhurra.

356 4150 422 4203 Et
443 4150 547 4203 alio
579 4150 698 4203 loco
739 4168 753 4203 :

658 4237 857 4295 Quando
882 4238 1066 4285 artibus
1095 4236 1292 4296 (inquit)
1318 4237 1537 4285 honestis

476 4298 647 4347 Nullus
673 4301 718 4346 in
745 4301 867 4346 drbe
888 4299 1037 4346 locus.

354 4382 645 4436 Aenicou.

423 4474 487 4523 At
535 4476 681 4543 cujus
722 4469 965 4540 criminis]
990 4471 1133 4524 Ordo
1169 4481 1251 4524 est
1283 4489 1293 4521 :
1327 4472 1395 4523 At
1426 4471 1617 4538 quaeris
1666 4486 1928 4523 summam

353 4566 468 4630 ejus
490 4563 727 4615 criminis
754 4564 907 4628 cujus
933 4562 1220 4628 arguimur.

424 4656 486 4705 At
517 4656 669 4719 volui,
698 4670 788 4706 nec
816 4669 1035 4719 unquam
1060 4654 1183 4706 relle
1207 4650 1465 4721 desistam]
1493 4652 1746 4718 Subaudi,
1777 4666 1932 4705 sena-

354 4755 467 4797 tum
493 4748 697 4797 salvum
725 4762 868 4799 esse.

426 4833 688 4888 Socratico
712 4834 929 4905 decreto]
954 4836 1178 4889 Decreto
1199 4834 1456 4895 Socratis,
1484 4834 1636 4900 cujus
1659 4833 1794 4899 apud
1819 4832 1934 4886 Pla-

357 4934 531 4979 tonem
548 4926 599 4979 in
615 4926 886 4980 'l‘heaateto
899 4925 1013 4991 hanc
1030 4925 1255 4980 adhunc
1271 4934 1394 4979 sunt
1416 4927 1570 4976 verba
1593 4942 1605 4974 :
1625 4923 1747 4975 Mihi
1779 4924 1934 4987 plane

358 5016 505 5071 nefas
517 5031 636 5070 esse
652 5016 1166 5080 videtur,admittere
1180 5016 1459 5080 falsum,ac
1474 5030 1653 5067 verum
1672 5014 1931 5067 refellere.

429 5107 643 5175 Quoquo
669 5105 838 5177 modo]
867 5107 1195 5175 Quocunque
1226 5106 1404 5159 modo.

431 5201 576 5272 Slylo
597 5202 751 5254 etiam
771 5198 1118 5266 nteriioriwque
1140 5194 1401 5265 mandavi]
1422 5194 1569 5247 llunc
1588 5194 1755 5247 Boetii
1781 5193 1934 5246 libel-

359 5290 467 5345 lum
495 5308 634 5347 nunc
656 5300 873 5347 exstare
904 5302 1007 5340 non
1032 5301 1171 5339 reor.

435 5381 547 5447 Qua
566 5383 617 5435 in
644 5382 719 5451 re]
750 5379 995 5434 Ostendit
1024 5377 1107 5430 hic
1154 5375 1519 5443 indignitatem
1571 5374 1798 5428 fortuna:
1822 5390 1932 5427 sua:

360 5472 717 5539 exjudicihus
761 5472 892 5536 suis,
950 5468 1142 5537 quibus
1188 5466 1592 5519 condemnatus.
1645 5465 1774 5530 Quia
1807 5480 1932 5518 vero

358 5562 600 5630 duplices
628 5574 749 5615 sunt
774 5560 1005 5613 omnium
1032 5571 1206 5610 rerum
1237 5555 1462 5624 judicvs,
1496 5557 1632 5609 Deus
1659 5562 1713 5607 et
1755 5556 1929 5607 homi-

360 5668 477 5720 nes,
511 5656 577 5707 de
620 5654 798 5706 divino
824 5651 1023 5719 judicio
1056 5650 1199 5717 prius
1245 5648 1610 5715 conqueritur,
1649 5645 1837 5698 deinde
1868 5645 1931 5697 de

360 5740 609 5805 humano,
648 5745 694 5795 id
734 5753 809 5797 cst
857 5751 1074 5795 senatus
1100 5739 1315 5803 judicio.
1364 5738 1490 5790 Dicit
1519 5737 1689 5804 itaque
1725 5756 1735 5786 ;
1786 5736 1931 5787 Lit-ct

2034 3296 2179 3359 fieri;
2220 3295 2299 3347 vel
2326 3294 2485 3346 etiam
2516 3291 2653 3360 quod
2676 3292 2895 3357 fortuna
2924 3289 3219 3342 communis
3242 3298 3344 3350 est,
3374 3298 3425 3341 et
3450 3301 3603 3339 nemo

2032 3398 2211 3439 certus
2233 3392 2315 3437 εει
2348 3383 2471 3450 quid
2500 3384 2596 3450 ipsi
2630 3382 2730 3434 sibi
2756 3380 3209 3448 possitobvenire.
3239 3380 3347 3447 Ego
3368 3379 3528 3429 etiam
3557 3377 3605 3428 si

2031 3474 2370 3543 quantumvis
2414 3488 2599 3541 magna
2653 3471 2853 3524 scelera
2898 3468 3183 3520 voluissem
3240 3466 3445 3530 facere,
3497 3478 3601 3516 non

2034 3575 2206 3618 tamen
2240 3564 2338 3617 nisi
2369 3574 2457 3615 aut
2498 3562 2793 3624 confessus,
2834 3571 2923 3611 aut
2968 3557 3265 3618 convictus,
3298 3554 3600 3607 debuiSsem

2034 3652 2226 3722 puniri.
2263 3652 2409 3705 Nunc
2456 3666 2561 3703 non
2618 3649 2797 3702 audita
2842 3646 3154 3701 defensione
3201 3659 3341 3709 mea,
3392 3643 3482 3711 qui
3532 3643 3603 3697 fui

2032 3743 2335 3813 quingentis
2376 3743 2609 3794 millibus
2659 3753 2907 3807 passuum
2956 3746 3191 3790 remotus
3242 3736 3309 3788 ab
3355 3734 3515 3799 urbe,
3549 3742 3601 3789 ut

2036 3846 2157 3902 pote
2184 3834 2360 3902 Papia:
2404 3832 2455 3885 in
2506 3845 2744 3892 carcere,
2790 3830 3069 3881 damnatus
3096 3840 3211 3877 sum
3239 3826 3303 3877 ad
3358 3833 3602 3876 mortem.

2036 3930 2307 3982 Exclamat
2338 3930 2484 3994 ergo,
2526 3925 2569 3977 0
2600 3923 2819 3977 meritos
2851 3931 3028 3988 patres
3056 3921 3068 3971 l
3105 3921 3203 3972 hoc
3229 3928 3312 3971 est
3337 3927 3600 3981 senatum,

2034 4029 2090 4073 ut
2116 4035 2270 4073 nemo
2302 4017 2466 4085 possit
2514 4016 2580 4070 de
2626 4015 2785 4068 simili
2816 4013 3039 4066 crimine
3066 4012 3328 4074 convinci,
3366 4010 3466 4063 hoc
3493 4009 3602 4065 vult

2034 4109 2245 4162 dicere:
2271 4110 2497 4162 Senatus
2528 4106 2746 4159 meritus
2774 4114 2855 4157 est
2884 4113 2938 4155 ut
2962 4108 3116 4155 nemo
3147 4102 3331 4155 debeat
3361 4116 3482 4154 eum
3512 4099 3602 4153 dea

2036 4199 2251 4252 fendere
2275 4240 2289 4265 ,
2324 4198 2448 4261 quia
2507 4204 2720 4265 propter
2756 4194 2855 4247 hoc
2899 4194 3100 4246 crimen
3133 4190 3272 4260 quod
3315 4189 3453 4243 volui
3483 4204 3603 4242 eum

2034 4291 2340 4356 defendere,
2372 4292 2646 4343 convictus
2674 4302 2813 4349 sum,
2840 4297 2891 4339 et
2912 4286 2978 4339 ab
3002 4300 3066 4338 eo
3089 4285 3387 4336 damnatus.
3418 4279 3604 4350 Sequi-

2037 4392 2142 4435 tur.
2172 4381 2718 4449 Cujusindignitatem
2750 4388 2945 4431 reatus.
2980 4378 3269 4429 AGlllCOLA.

2108 4471 2214 4540 Ita]
2238 4472 2405 4525 llodie
2443 4484 2629 4523 omnes
2678 4468 2789 4521 lere
2818 4466 3013 4518 indocti
3044 4479 3142 4532 pro
3172 4462 3425 4515 adverbio
3462 4461 3605 4513 afﬁr-

1960 4551 2009 4609 ι)
2036 4564 2211 4618 mandi
2238 4572 2471 4623 utuntur,
2496 4560 2635 4627 quod
2686 4572 2901 4625 prorsus
2930 4565 3181 4622 corrupte
3230 4556 3286 4606 lit
3311 4571 3322 4605 :
3353 4563 3435 4607 est
3462 4554 3603 4608 enim

2037 4652 2397 4707 similitudinis
2427 4652 2619 4718 potius.
2656 4648 2905 4715 Virgilius
2935 4646 2985 4698 in
3010 4645 3323 4697 undecimo:

2158 4742 2293 4790 Haud
2319 4742 2381 4787 ita
2406 4752 2484 4785 me
2510 4737 2702 4797 experti
2724 4736 2874 4783 Bitias
2898 4742 2948 4782 et
2974 4733 3216 4781 Pandarus
3241 4732 3430 4791 ingens.

2038 4828 2109 4880 ita
2132 4825 2283 4887 dixit,
2312 4824 2362 4875 id
2390 4832 2470 4876 est
2502 4822 2699 4875 taliter.
2730 4821 3019 4872 Acmcou.

2110 4910 2392 4981 Hebetavil]
2412 4912 2550 4966 Dixit
2580 4910 2957 4978 metaphorice,
2984 4922 3103 4960 nam
3128 4904 3340 4975 proprie
3366 4903 3433 4957 de
3461 4902 3605 4957 ferro

2040 5016 2129 5060 aut
2149 5006 2253 5058 alio
2278 5003 2464 5072 quovis
2497 5006 2559 5053 ad
2602 5001 2889 5054 secandum
2918 5008 3043 5067 apto
3068 4998 3279 5050 dicitur.
3311 4997 3600 5050 Adnicou.

2107 5098 2293 5152 Contra
2324 5092 2577 5163 virlutem]
2613 5094 2715 5147 Per
2763 5091 3134 5162 synecdochen
3181 5090 3315 5144 dixit
3356 5088 3605 5144 accidens

2038 5206 2132 5258 pro
2161 5188 2422 5257 subjecto,
2448 5186 2498 5239 id
2522 5196 2603 5239 est
2630 5194 2813 5239 contra
2846 5185 3029 5236 bonos.
3063 5184 3353 5236 AGRICOLA.

2112 5278 2339 5350 Molitos]
2368 5278 2561 5343 Moliri,
2588 5278 2636 5329 id
2662 5285 2742 5329 est
2773 5290 2891 5327 cum
2920 5288 3106 5342 magna
3130 5273 3287 5337 mole,
3322 5271 3373 5325 id
3404 5280 3481 5324 est
3513 5268 3595 5322 dif

2041 5374 2269 5428 licultate
2297 5370 2500 5425 conari.
2529 5370 2672 5439 Virg.
2702 5370 2752 5422 in
2787 5383 2837 5419 Iv
2863 5366 3108 5420 Alneidn

2162 5464 2265 5511 Nec
2286 5474 2435 5521 super
2460 5461 2566 5521 ipse
2590 5474 2675 5507 sua
2700 5458 2895 5506 molitur
2914 5456 3057 5507 laude
3084 5455 3336 5504 laborem?

2112 5542 2377 5612 E/fecisse]
2402 5542 2599 5597 Facere
2627 5552 2679 5595 et
2699 5542 2913 5595 efficere
2938 5539 3271 5593 manifestam
3294 5536 3488 5589 habent
3510 5534 3604 5588 di!-

2045 5639 2340 5693 ferentiani.
2387 5634 2515 5687 Nam
2568 5633 2789 5687 facimus
2836 5631 3001 5683 multa
3048 5643 3187 5697 sape
3227 5628 3342 5681 sine
3378 5626 3603 5681 effectu:

2041 5730 2131 5785 sed
2164 5729 2399 5793 efficere,
2432 5734 2511 5782 est
2542 5725 2732 5794 aliquid
2769 5723 2907 5792 quod
2948 5722 3076 5775 facis
3099 5721 3304 5789 assequi
3345 5736 3355 5770 :
3394 5719 3468 5771 sic
3496 5731 3605 5771 me-
