4290 6258
680 398 777 453 927

1327 395 1669 453 APPENDIX
1707 396 1796 449 AD
1837 393 2080 448 LIBROS
2122 393 2208 446 DE
2245 393 2755 451 CONSOLATIONE
2797 395 3284 456 PIIILOSOPHIE.

682 509 831 564 dicus
852 506 994 577 δερρθ
1024 506 1360 569 taeitomnia,
1394 513 1450 558 ut
1470 514 1619 558 sanet
1651 513 1938 573 aegrotum,
1969 503 2058 556 sed
2079 511 2254 557 tamen
2288 504 2337 562 Α
2362 501 2443 556 cie
2471 503 2766 572 accipitur:
2791 507 2911 573 quia
2938 509 3131 576 exitus,
3163 509 3264 564 hoc
3293 519 3374 566 est
3399 519 3712 584 percmptio,
3740 517 3934 574 sitcuio

684 618 788 656 non
820 609 969 654 sanat
1001 617 1014 651 :
1041 599 1131 654 sed
1157 601 1199 652 si
1221 598 1407 663 efficit,
1433 598 1572 652 utsit
1603 611 1786 660 sanus,
1815 595 1922 665 jam
1949 597 2062 650 sine
2094 595 2254 650 dubio

683 705 854 751 sanat.
895 697 1176 746 AcntcoLa.

752 782 1038 853 Deteriora]
1063 781 1323 845 Deterior,
1367 797 1394 833 a
1427 781 1611 835 detero
1649 783 1812 836 verbo
1843 781 2058 834 dicitur.
2103 779 2254 836 Unde

683 883 737 929 et
769 876 984 927 I‘lautus
1016 876 1064 926 in
1121 873 1362 926 eamdem
1414 873 1852 941 significationem
1909 871 2250 925 delritinnetn

685 981 779 1032 pro
812 965 1147 1032 improbitate
1179 975 1229 1016 et
1253 964 1653 1029 detrimentum,
1676 979 1868 1017 noxam
1896 966 1975 1018 vel
2001 965 2250 1017 damnum

680 1072 952 1109 voramus.
982 1062 1266 1111 Acmcom.

751 1145 996 1215 Monstri]
1054 1147 1344 1200 Mnnsrum
1377 1161 1404 1198 a
1439 1147 1786 1202 monstrando
1827 1165 1840 1199 :
1874 1147 1996 1212 quia
2043 1156 2254 1202 veteres

689 1239 946 1306 putabant
975 1239 1183 1305 quoties
1233 1249 1468 1292 monstra
1513 1239 1911 1305 proveniebant,
1945 1255 2010 1291 ex
2041 1239 2119 1292 eis
2146 1255 2256 1292 ma-

679 1344 838 1398 gnum
864 1327 1076 1396 aliquod
1110 1329 1330 1392 malum,
1355 1339 1446 1382 aut
1476 1329 1679 1381 cladem
1709 1330 2070 1381 imminentem
2106 1345 2257 1381 mon-

680 1421 861 1483 strari,
890 1419 1028 1472 sicut
1057 1428 1110 1471 et
1149 1430 1416 1472 ostentum
1473 1420 1538 1472 ab
1581 1419 1932 1482 ostendendo,
1978 1419 2118 1487 quod
2160 1421 2257 1472 ali-

681 1511 804 1580 quid
832 1527 896 1564 eo
920 1515 1152 1564 futurum
1182 1514 1512 1571 ostendatur,
1551 1521 1604 1565 et
1635 1521 1958 1579 portentum,
1989 1514 2110 1580 quia
2159 1512 2256 1564 ali-

682 1601 804 1670 quid
845 1601 1222 1669 protendat,id
1273 1612 1355 1655 est
1404 1605 1731 1669 pronuntiet,
1785 1614 1836 1656 et
1877 1604 2172 1670 prodigium
2226 1618 2255 1656 a

684 1694 867 1763 procul
898 1695 1102 1762 agendo
1133 1695 1347 1758 dicitur,
1377 1696 1498 1762 quia
1541 1696 1786 1748 solebant
1815 1695 2100 1748 monstrosi
2131 1711 2255 1763 par-

681 1793 789 1847 tus,
819 1785 1080 1852 siquidem
1129 1785 1342 1839 humani
1388 1795 1589 1848 essent,
1618 1785 1887 1853 deportari
1943 1785 1992 1838 in
2022 1787 2253 1850 deserta,

683 1875 736 1930 In
777 1875 935 1929 silvas
978 1892 992 1928 :

683 1969 810 2022 vivi.
838 1973 1128 2022 Acntcou.

757 2060 979 2124 Quidam
1007 2070 1208 2111 tuorum
1231 2056 1590 2130 familiarium]
1613 2060 1872 2114 Carneadi
1890 2061 2038 2114 claro
2068 2059 2255 2128 impri-

691 2150 790 2202 mis
811 2151 1012 2203 auctnri
1042 2166 1190 2203 nova:
1220 2150 1520 2204 Academia:
1551 2152 1799 2204 tribuitur
1827 2150 1943 2205 [nec
1969 2150 2252 2205 sententia.

687 2243 973 2297 AGRICOLA.

758 2329 1142 2402 Fumiliurium]
1169 2332 1388 2385 Familia
1420 2347 1447 2384 a
1479 2332 1724 2385 famulatu
1751 2332 1887 2385 dicta
1922 2340 2003 2384 est
2027 2341 2079 2386 et
2107 2332 2258 2386 fami-

682 2421 828 2478 Iiaris
859 2439 1044 2476 servus
1077 2441 1088 2475 :
1114 2424 1340 2476 obtinuit
1363 2424 1554 2476 deinde
1576 2424 1975 2475 consuetudnnt
1994 2425 2257 2492 cognatio-

682 2527 801 2568 nem
833 2513 1154 2579 signifiraret
1186 2514 1402 2575 familia,
1455 2513 1593 2566 unde
1623 2514 2032 2580 patresfamilias
2059 2523 2112 2568 et
2139 2528 2256 2569 ina-

683 2611 789 2656 tres
815 2612 867 2655 et
893 2603 1277 2656 tilinsrannlias.
1309 2604 1599 2656 Acmcou.

754 2690 1041 2762 Siquidem]
1073 2692 1164 2745 ilic
1191 2692 1468 2761 legendum
1493 2692 1901 2760 estdiSIinctim,
1927 2703 1983 2746 ut
2011 2693 2116 2748 sint
2137 2694 2255 2748 dum

682 2779 944 2835 dictiones
977 2799 988 2833 :
1022 2797 1162 2850 quan
1185 2783 1340 2851 loqne
1370 2781 1874 2850 enimjnngnnluret
1899 2799 2004 2836 uno
2033 2795 2256 2839 accentu

683 2871 1044 2938 proferuntur,
1098 2882 1221 2925 tunc
1275 2871 1533 2935 accipitur
1587 2888 1681 2940 pro
1725 2883 1893 2927 certe.
1929 2875 2126 2928 Plinius
2158 2878 2254 2930 int

1040 1876 1084 1929 si
1123 1887 1438 1930 cancrorum
1469 1877 1812 1942 animalium,
1866 1876 2259 1931 infodiebantur
2289 1866 2337 1924 Β

2358 610 2461 663 que
2491 611 2695 649 summa
2717 600 2916 654 clades.
2943 604 3208 658 Acmcnu

2432 685 2736 760 Securitate]
2763 691 2817 742 Id
2849 701 2929 743 est
2958 695 3200 761 neglectu
3232 697 3311 750 vel
3338 705 3645 770 contemptu
3671 718 3686 757 :
3713 717 3933 761 securus

2360 777 2498 830 enim
2528 779 2643 832 sine
2671 796 2795 834 cura
2821 783 3034 838 dicitur.
3056 789 3343 842 Acatcou.

2429 867 2693 941 Proferre]
2721 873 2769 924 id
2799 885 2882 926 est
2905 877 3097 932 etterre
3116 880 3214 932 hoc
3241 885 3375 934 loco.
3403 880 3645 938 Juvenal.

2480 958 2652 1008 Profer
2679 961 2811 1010 Galla
2836 975 2906 1024 ea;
2927 973 2998 1013 ut.

2357 1041 2658 1110 Aliquando
2687 1046 3199 1114 signiticatdilferre.
3227 1051 3443 1108 Plautus
3471 1053 3524 1108 in
3547 1056 3768 1125 captivis
3805 1057 3930 1111 duo-

2357 1132 2489 1188 bus:

2485 1223 2686 1281 Quando
2711 1228 2908 1288 prolatis
2931 1231 3080 1279 rebus
3103 1246 3186 1281 rus
3211 1235 3434 1288 homines
3457 1248 3576 1293 eunt

2361 1305 2416 1358 Id
2449 1316 2552 1368 est,
2575 1308 2752 1361 dilatis
2773 1314 3002 1378 negotiis
3021 1317 3098 1368 vel
3127 1318 3336 1372 litibus:
3357 1323 3790 1388 significatetiam
3811 1345 3932 1400 pro-

2359 1399 2442 1450 cul
2478 1398 2641 1453 ferre.
2669 1400 2921 1466 Virgilius
2954 1405 3006 1458 in
3041 1409 3210 1472 primo
3240 1410 3526 1470 Eneidos:

2697 1489 2856 1550 Super
2879 1492 3194 1547 Garamantes
3215 1509 3267 1550 et
3287 1502 3427 1553 ludos

2481 1548 2676 1598 Profert
2698 1548 2972 1613 imperium.

2360 1633 2650 1687 Acatcou.

2429 1722 2683 1794 Iactasse]
2715 1724 2926 1780 laetare
2952 1727 3037 1783 hic
3078 1735 3270 1801 accipit
3301 1752 3394 1804 pro
3414 1752 3481 1793 eo
3511 1742 3648 1806 quod
3680 1752 3764 1798 est
3790 1761 3937 1800 arro-

2361 1826 2546 1882 ganter
2574 1819 2654 1870 vel
2687 1821 2964 1886 gloriando
2994 1841 3434 1888 comma-morare.
3466 1835 3688 1899 Quintil.
3745 1840 3796 1892 in
3827 1858 3936 1895 ma-

2365 1906 2460 1959 tris
2509 1906 2731 1962 Infamia
2779 1928 2792 1963 :
2839 1913 3023 1981 Magna
3085 1933 3208 1986 pars
3258 1923 3544 1980 voluntatis
3582 1938 3664 1982 est
3700 1929 3935 1996 jactatio.

2367 1997 2693 2068 Quandoque
2718 2001 2977 2068 significat
2997 2011 3174 2064 verbis
3187 2024 3448 2084 strepere,
3465 2023 3936 2091 perutelapltoram

2359 2087 2582 2144 dictum.
2619 2091 2762 2161 Virg.
2793 2093 2842 2147 in
2878 2111 2905 2147 ιι
2933 2097 3184 2157 Aineid.:

2788 2185 2927 2235 Nunc
2947 2203 3058 2236 sera
3082 2196 3318 2252 querelis.

2479 2240 2618 2292 Haud
2637 2243 2764 2303 jnsta
2790 2254 3023 2312 assurgis,
3051 2240 3198 2314 atque
3219 2240 3352 2306 irrita
3371 2264 3529 2320 iurgia
3548 2264 3700 2324 jactas

2364 2322 2580 2393 PrOprie
2611 2336 2788 2382 autem
2819 2332 3084 2400 signitiCat
3112 2337 3419 2410 frequenter
3442 2322 3881 2414 jacere.0vid.in
3906 2369 3936 2406 ιι

2359 2416 2425 2470 de
2452 2423 2610 2472 Arte:

2603 2512 2811 2566 Jactatas
2833 2521 3144 2582 excutiatque
3171 2523 3314 2574 faces.

2357 2588 2624 2647 Acmcou
2642 2635 2654 2646 .

2432 2683 2779 2760 Osleatnndo]
2809 2692 3093 2749 Ostentare
3116 2697 3252 2750 sicut
3276 2703 3477 2764 jactare
3499 2703 3713 2767 dicitur,
3742 2708 3834 2759 sed
3851 2708 3935 2777 ja-

2356 2782 2501 2829 ctare
2531 2781 2694 2846 magis
2716 2784 2890 2836 verbis
2920 2796 3021 2848 est,
3042 2799 3311 2844 ostentare
3340 2794 3517 2847 rebus.
3553 2796 3848 2854 Acutcou.

2433 2866 2725 2944 Fucinoris]
2759 2874 2986 2930 Facinus
3012 2896 3039 2932 a
3077 2881 3318 2936 faciendo
3345 2886 3539 2941 dictum
3569 2901 3670 2956 est,
3695 2903 3746 2946 et
3772 2896 3818 2946 in
3844 2910 3933 2961 pe~

687 2963 951 3019 Naturalis
983 2965 1248 3020 Historiae.
1293 2965 1564 3035 Siquidem
1603 2967 1800 3020 coloris
1835 2979 2062 3024 mutant.
2098 2973 2259 3025 Acnt-
2352 2957 2381 3024 i'

2236 3001 2259 3011 _
2352 2957 2523 3024 jorem
2549 2973 2748 3026 partem
2784 2980 2925 3018 nunc
2953 2969 3210 3037 accipitur
3231 2973 3512 3029 evincente
3528 2983 3930 3049 consuetudine,

683 3072 837 3112 COLA.

753 3148 1018 3218 Sanguine
1037 3148 1230 3219 petant]
1256 3149 1357 3202 Per
1383 3152 1803 3205 antonomasiam
1833 3151 2031 3207 dictum
2061 3164 2170 3222 est,
2205 3155 2254 3208 id

681 3247 764 3292 est
791 3243 1007 3292 exitium
1027 3242 1263 3307 cupiunt.
1291 3243 1580 3295 ACRICOLA.

755 3326 961 3400 Petunt]
995 3330 1123 3384 Peto
1145 3331 1405 3400 significat
1433 3333 1746 3402 quandoque
1766 3349 1953 3403 posco:
1985 3345 2043 3389 ut
2069 3335 2250 3392 Horat.

679 3420 731 3474 In
762 3434 795 3471 ιι
824 3422 1018 3487 Ιιζρίει.;

803 3510 936 3566 Quod
959 3511 1132 3569 cupide
1161 3513 1314 3572 petiit,
1341 3522 1528 3563 mature
1557 3518 1697 3577 plena
1724 3519 1939 3580 rel‘qnit.

680 3589 981 3656 Aliquando
1011 3593 1182 3644 adeo:
1215 3596 1292 3646 sic
1318 3595 1555 3650 Valerius
1583 3600 1635 3652 in
1681 3617 1714 3652 ιι
1755 3619 1768 3652 ;
1805 3602 1914 3656 llus
1947 3611 2128 3671 petens
2170 3623 2253 3660 re-

679 3679 859 3733 deunti
898 3681 948 3732 in
993 3682 1174 3735 urbem
1209 3696 1533 3739 narraverat.
1575 3690 1875 3756 Aliquando
1917 3709 2032 3760 oro,
2066 3696 2250 3766 sicque

679 3769 917 3836 jungitur
945 3772 1246 3826 accusativo
1272 3790 1390 3827 cum
1421 3777 1661 3832 ablativo
1689 3781 2074 3840 interveniente
2117 3804 2251 3854 prar-
2272 3855 2294 3870 ο

683 3877 748 3928 po
781 3865 962 3918 itione.
990 3865 1343 3932 Quintilianus
1373 3867 1422 3920 in
1461 3872 1647 3926 matris
1684 3873 1897 3930 Infamia
1929 3895 1942 3930 :
1983 3879 2110 3932 Illud
2140 3896 2168 3932 a
2200 3892 2249 3934 te

678 3953 864 4008 civitas
888 3955 1194 4009 novissimis
1226 3958 1469 4026 precibus
1497 3972 1634 4027 peto.
1674 3963 1903 4019 Dicimus
1929 3969 2110 4032 etiam,
2132 3981 2250 4036 peto

679 4044 823 4096 illum
856 4046 1018 4108 ferro,
1055 4055 1174 4110 peto
1213 4048 1497 4116 lapidibus,
1529 4051 1578 4104 id
1609 4063 1692 4108 est
1736 4055 1867 4119 iacio
1905 4060 1954 4110 iti
1979 4073 2123 4124 eum,
2164 4063 2245 4116 vel

680 4135 782 4187 vim
807 4135 993 4189 infero.
1027 4137 1273 4204 Virgilius
1296 4142 1344 4192 in
1383 4143 1599 4195 Itucol.:

800 4223 924 4270 Malo
949 4238 1026 4272 me
1049 4225 1281 4275 Galatbea
1305 4231 1445 4288 petit,

678 4304 728 4360 id
754 4315 834 4358 est
856 4309 986 4373 jacit
1017 4310 1066 4360 in
1101 4325 1184 4362 me
1217 4313 1429 4364 malutn.
1456 4319 1743 4370 Acntcom.

748 4395 1025 4467 Patribns]
1061 4398 1240 4453 Patres
1288 4405 1616 4458 vocabantur
1665 4419 1900 4462 senatus.
1940 4410 2241 4468 Sallustius.

677 4485 886 4555 llosqne
913 4491 992 4542 vel
1018 4501 1173 4544 aetate
1196 4493 1274 4546 vel
1307 4510 1448 4547 cura:
1477 4497 1823 4555 similitudine
1851 4503 2110 4558 vocabant
2151 4523 2241 4574 pa-

673 4587 799 4633 tres.
830 4580 1131 4639 Λαιυεοιλῖ

746 4671 997 4743 Ρνανεεηδ]
1028 4675 1245 4740 Dicitur,
1276 4677 1362 4745 qui
1387 4693 1563 4730 coram
1586 4688 1686 4743 est,
1717 4679 1912 4735 dicitur
1938 4692 1990 4738 et
2023 4683 2246 4754 figurate

672 4765 909 4834 praesens
933 4767 1050 4831 ltoc,
1069 4769 1208 4834 quod
1233 4779 1312 4823 est
1341 4770 1551 4824 efficax.
1588 4773 1730 4841 Virg.
1767 4774 1815 4826 iit
1844 4774 2026 4829 Bucol.
2049 4793 2062 4805 ο

789 4856 893 4906 Nec
917 4865 1011 4906 tam
1039 4870 1308 4921 prascnles
1331 4863 1447 4912 alibi
1473 4876 1772 4922 cognoscere
1813 4867 1965 4916 divos.

669 4937 1017 5003 Quintilianus
1046 4943 1093 4994 in
1116 4944 1325 4996 Veneno
1347 4947 1534 5009 eiI‘uso,
1563 4947 1626 4999 Et
1653 4948 1793 5001 virus
1818 4962 2237 5016 priescutaneum

669 5040 818 5092 paro,
851 5031 989 5096 quod
1020 5033 1216 5096 subito,
1242 5035 1378 5100 quad
1406 5037 1581 5087 statim
1598 5049 1922 5105 corrumpat.
1949 5046 2235 5096 Acntcout.

742 5117 976 5191 Verona]
1012 5122 1215 5178 Verona
1247 5128 1495 5193 oppidum
1532 5139 1614 5182 est
1647 5131 1808 5184 Italia:
1851 5137 2235 5202 transpadanm,

667 5209 803 5275 quod
849 5213 1080 5265 medium
1129 5215 1341 5269 Athesis
1379 5219 1567 5273 lluvius
1608 5222 1838 5287 perlinit,
1870 5226 1919 5275 iti
1974 5227 2238 5282 radicibus

665 5299 879 5367 Alpium
918 5303 1310 5359 \‘indelicarum
1344 5315 1591 5376 pnsituin.
1619 5309 1917 5370 Aculeo“.~

745 5391 851 5446 Dic
867 5411 1014 5448 uram
1040 5413 1104 5465 qu
1128 5397 1180 5469 d]
1202 5401 1510 5470 I’roaliquid
1532 5421 1543 5453 :
1563 5417 1611 5456 et
1641 5408 1918 5473 legendum
1940 5397 2041 5475 est,
2067 5413 2240 5466 tradu-

662 5493 752 5542 cto
780 5489 829 5542 in
857 5492 1240 5556 prmeedentem
1265 5494 1550 5550 dieainnem
1571 5513 1813 5566 accentu,
1838 5505 1993 5569 sicut,
2019 5522 2135 5574 que,
2160 5523 2234 5572 ve,

664 5593 742 5644 ne,
768 5595 1010 5648 tegimus.
1029 5585 1319 5650 Aontcota.

703 5667 915 5742 'Exitt'i]
937 5671 1168 5727 Exilium
1186 5678 1250 5729 ab
1267 5679 1530 5742 exeundo,
1551 5683 1681 5734 sicut
1704 5683 1908 5740 initium
1924 5689 1986 5739 ab
2005 5689 2234 5744 ineundo

661 5753 856 5810 dictum
881 5773 959 5814 est
988 5763 1226 5830 figurate,
1262 5769 1393 5822 sicut
1425 5773 1716 5839 multa.pro
1746 5776 1893 5828 clade
1936 5781 2016 5830 vel
2052 5782 2233 5847 perni-

2359 3052 2496 3115 apud
2527 3061 2734 3106 veteres
2762 3057 2811 3107 in
2839 3069 3116 3128 utramque
3147 3065 3504 3130 accipiebatur
3529 3054 3732 3136 partem
3762 3083 3814 3126 et
3837 3075 3932 3126 bo-

2361 3154 2482 3192 nam
2515 3144 2811 3207 etinalam.
2842 3146 3054 3202 Sallust.
3087 3151 3137 3204 in
3166 3153 3392 3210 Catilina
3427 3175 3439 3210 :
3467 3158 3566 3224 Qui
3593 3165 3830 3230 praeclari
3857 3164 3933 3216 fa-

2282 3219 2326 3279 C
2359 3231 2556 3284 cineris
2584 3245 2672 3284 aut
2713 3236 2838 3289 artis
2867 3238 3021 3291 boum
3046 3240 3236 3295 fatuam
3267 3251 3475 3312 quzeiit.

2425 3321 2690 3397 Jugulari]
2721 3327 2972 3396 iugulare
3003 3337 3214 3403 proprie
3245 3339 3506 3402 Signiﬁcat
3540 3343 3783 3412 jugulum
3816 3364 3933 3413 per-

2357 3413 2623 3468 scindere.
2652 3419 3722 3505 Estautentjugulusdicttnparsillaqnas
3757 3444 3934 3508 proxi-

2357 3518 2436 3555 ttta
2467 3506 2604 3557 collo
2626 3509 2693 3560 ab
2726 3514 2957 3581 ossibus,
3007 3532 3121 3583 qua:
3155 3531 3338 3587 pectus
3383 3525 3736 3583 determinant
3759 3506 3779 3584 7:
3803 3548 3934 3602 quo-

2356 3595 2494 3670 niam
2539 3613 2600 3651 ea
2638 3614 2759 3654 ossa
2807 3605 3209 3663 siu'tilitndincm
3235 3615 3367 3682 jugi,
3407 3615 3568 3671 idest
3615 3623 3934 3678 summitati!

2356 3691 2634 3753 montium,
2659 3697 2738 3747 vel
2771 3698 2878 3750 veri
2903 3701 3042 3767 quod
3071 3707 3301 3759 araturis
3323 3710 3814 3781 bobusiniponitur,
3838 3715 3932 3771 Ita-

2354 3779 2498 3830 bent.
2523 3784 2810 3840 Acntcou.

2428 3867 2634 3943 Necem]
2671 3876 2863 3944 Vulgus
2907 3887 3375 3948 grammaticorum
3419 3892 3548 3947 dic't
3577 3894 3731 3962 hujus
3760 3902 3932 3954 nomi-

2354 3963 2586 4016 nativum
2665 3983 2768 4021 uon
2832 3973 3081 4029 inveniri.
3123 3979 3310 4034 Cicero
3376 3995 3547 4041 tamen
3595 4005 3690 4057 pro
3740 3983 3930 4044 Milone

2351 4053 2479 4106 dicit
2516 4071 2529 4107 :
2574 4057 2874 4117 Insidiatori
2909 4082 3033 4120 vero
3062 4080 3115 4124 et
3156 4073 3343 4129 latroni
3379 4094 3498 4146 qua:
3530 4053 3704 4148 potest
3736 4085 3931 4153 injusta

2349 4159 2467 4197 esse
2492 4161 2587 4200 nex
2605 4149 2627 4200 ?
2645 4150 2730 4203 Sic
2753 4161 2807 4205 et
2832 4171 2957 4221 prex
2979 4161 3135 4214 etiam
3160 4164 3361 4219 Phocus
3376 4177 3750 4237 grammaticus
3771 4178 3927 4231 dixit.

2353 4235 2612 4293 Dili‘erunt
2645 4258 2773 4298 sane
2800 4263 2900 4301 nex
2933 4261 2985 4305 et
3009 4268 3149 4306 mors
3176 4261 3622 4325 quemadmodum
3659 4283 3850 4322 necare
3873 4280 3930 4323 et

2350 4329 2481 4380 mori
2519 4347 2528 4381 :
2557 4342 2613 4384 ut
2642 4349 2742 4388 nex
2793 4340 2859 4390 sit
2883 4358 3025 4396 mors
3057 4347 3106 4398 vi
3151 4345 3317 4414 illata,
3362 4368 3505 4407 mors
3536 4357 3929 4429 qualiscunque

2350 4415 2578 4472 ltominis
2599 4424 2861 4479 interitus.
2894 4432 3182 4488 AGlthOLA.

2424 4511 2721 4583 Quingentis
2744 4537 2980 4584 passuum
2995 4528 3233 4600 millibus]
3250 4531 3416 4586 Latini
3442 4534 3626 4591 itinera
3650 4553 3743 4592 sua
3769 4541 3929 4595 tttiIIi-

2473 4619 2717 4671 passuum
2751 4628 3048 4680 numerant,
3072 4619 3209 4674 sicut
3237 4622 3405 4679 Grmci
3429 4630 3635 4696 Stadiis,
3665 4631 3796 4685 Galli
3818 4636 3929 4686 leu-

2348 4699 2445 4752 cis.
2464 4699 2706 4770 Quinque
2727 4714 2900 4758 autem
2929 4710 3089 4762 millia
3110 4729 3359 4778 passuum
3395 4729 3596 4774 tantum
3629 4726 3781 4789 spatii
3809 4727 3928 4781 effi-

2347 4791 2492 4844 ciunt
2513 4804 2767 4860 quantum
2801 4799 2938 4864 apud
2955 4799 3249 4858 Germanos
3263 4810 3402 4875 quod
3420 4811 3492 4862 illi
3515 4814 3691 4866 milam
3710 4831 3921 4883 vocant,

2349 4885 2596 4954 quodque
2613 4887 2846 4957 Aigyptii
2861 4905 3226 4964 parasangam,
3254 4899 3431 4957 Persa:
3450 4906 3750 4961 sclttenum.
3765 4909 3927 4965 Acut-

2358 4987 2502 5028 ZOLA.

2421 5062 2749 5138 PrOpensius]
2776 5069 2827 5121 Id
2849 5080 2928 5124 est
2957 5072 3281 5144 diligentius,
3301 5081 3383 5134 vel
3408 5082 3731 5147 inclinatius,
3750 5103 3778 5140 a
3802 5103 3922 5156 pro-

2353 5155 2653 5222 pendendo,
2682 5161 2817 5212 sicut
2836 5161 2886 5213 in
2907 5163 3060 5225 libra,
3085 5183 3183 5232 qua
3205 5182 3352 5235 parte
3377 5174 3842 5245 plusappenditur,
3861 5197 3920 5233 ea

2352 5243 2468 5309 plus
2502 5250 2788 5314 propendet
2820 5267 2830 5301 :
2859 5255 2936 5304 sic
2977 5265 3026 5307 et
3060 5273 3157 5310 nos
3189 5264 3540 5330 pmpendere,
3575 5276 3628 5320 et
3669 5272 3922 5335 propensi

2348 5335 2572 5389 dicimur
2597 5340 2644 5390 in
2677 5340 2725 5392 id
2755 5343 2905 5409 cujus
2933 5347 3118 5414 majori
3143 5352 3317 5406 studio
3339 5364 3600 5412 tenemur.
3628 5361 3920 5415 Αειιιεοωι.

2421 5427 2815 5504 Proscriptiani]
2853 5437 3258 5508 Proscriptionis
3292 5463 3482 5502 nomen
3514 5465 3540 5500 τι
3568 5452 3722 5504 bellis
3751 5454 3922 5505 civili-

2346 5517 2443 5570 bus
2475 5523 2641 5586 venit,
2669 5527 2917 5588 quoniam
2951 5528 3002 5581 in
3034 5533 3275 5588 civilibus
3303 5537 3727 5594 dissensionibus
3746 5581 3761 5602 ,
3786 5543 3923 5594 sicut

2347 5606 2551 5662 fuerant
2580 5612 2722 5664 Marii
2742 5625 2793 5668 et
2824 5617 3246 5686 Syllm,C:esarts
3269 5636 3321 5678 et
3351 5626 3587 5695 Pompeii
3616 5638 3671 5683 et
3692 5632 3922 5699 reliquo-

2346 5711 2481 5763 rum,
2516 5699 2602 5767 qui
2630 5702 2860 5758 victores
2887 5718 3058 5773 erant,
3094 5716 3303 5767 nom‘na
3331 5730 3515 5770 eorum
3567 5721 3654 5787 qui
3682 5721 3924 5775 diversa-

2345 5802 2460 5839 rum
2508 5792 2730 5855 partium
2779 5794 2951 5859 fuere,
2998 5801 3045 5852 in
3089 5803 3280 5857 tabulis
3312 5805 3581 5876 descripta
3624 5812 3919 5877 ponebant,
