  <div class='ocr_page' id='page_1' title='image "/cluster/home/n/w/nwhite01/storage/ocr_20150623/63/hvd.32044073498792/470.png"; bbox 0 0 4290 6258; ppageno 0'>
   <div class='ocr_carea' id='block_1_1' title="bbox 373 385 476 439">
    <p class='ocr_par' dir='ltr' id='par_1_1' title="bbox 373 385 476 439">
     <span class='ocr_line' id='line_1_1' title="bbox 373 385 476 439; baseline 0.01 -1"><span class='ocrx_word' id='word_1_1' title='bbox 373 385 476 439; x_wconf 76' lang='lat'><strong>929</strong></span> 
     </span>
    </p>
   </div>
   <div class='ocr_carea' id='block_1_2' title="bbox 1218 379 2662 438">
    <p class='ocr_par' dir='ltr' id='par_1_2' title="bbox 1218 379 2662 438">
     <span class='ocr_line' id='line_1_2' title="bbox 1218 379 2662 438; baseline -0.001 -3"><span class='ocrx_word' id='word_1_2' title='bbox 1218 379 1589 436; x_wconf 75' lang='lat' dir='ltr'><strong>MUliMELLlI</strong></span> <span class='ocrx_word' id='word_1_3' title='bbox 1629 381 1715 436; x_wconf 84' lang='lat' dir='ltr'><strong>ET</strong></span> <span class='ocrx_word' id='word_1_4' title='bbox 1753 380 2118 438; x_wconf 69' lang='grc' dir='ltr'><strong>ΔϐιιιιοιΑΞ</strong></span> <span class='ocrx_word' id='word_1_5' title='bbox 2157 379 2662 438; x_wconf 74' lang='lat' dir='ltr'><strong>COMMENTABIA.</strong></span> 
     </span>
    </p>
   </div>
   <div class='ocr_carea' id='block_1_3' title="bbox 3508 375 3610 430">
    <p class='ocr_par' dir='ltr' id='par_1_3' title="bbox 3508 375 3610 430">
     <span class='ocr_line' id='line_1_3' title="bbox 3508 375 3610 430; baseline -0.029 0"><span class='ocrx_word' id='word_1_6' title='bbox 3508 375 3610 430; x_wconf 73' lang='lat'><strong>950</strong></span> 
     </span>
    </p>
   </div>
   <div class='ocr_carea' id='block_1_4' title="bbox 373 487 3612 564">
    <p class='ocr_par' dir='ltr' id='par_1_4' title="bbox 373 487 3612 564">
     <span class='ocr_line' id='line_1_4' title="bbox 373 487 3612 564; baseline -0.002 -13"><span class='ocrx_word' id='word_1_7' title='bbox 373 496 512 551; x_wconf 83' lang='lat' dir='ltr'><strong>datis</strong></span> <span class='ocrx_word' id='word_1_8' title='bbox 535 493 787 564; x_wconf 68' lang='lat' dir='ltr'><strong>praemiis,</strong></span> <span class='ocrx_word' id='word_1_9' title='bbox 809 493 853 546; x_wconf 92' lang='lat' dir='ltr'><strong>si</strong></span> <span class='ocrx_word' id='word_1_10' title='bbox 879 495 996 562; x_wconf 85' lang='lat' dir='ltr'><strong>quis</strong></span> <span class='ocrx_word' id='word_1_11' title='bbox 1021 507 1206 547; x_wconf 87' lang='lat' dir='ltr'><strong>eorum</strong></span> <span class='ocrx_word' id='word_1_12' title='bbox 1226 507 1544 560; x_wconf 86' lang='lat' dir='ltr'><strong>quemquam</strong></span> <span class='ocrx_word' id='word_1_13' title='bbox 1575 492 1948 557; x_wconf 83' lang='lat' dir='ltr'><strong>occidisset,et</strong></span> <span class='ocrx_word' id='word_1_14' title='bbox 1977 499 2029 558; x_wconf 78' lang='grc' dir='ltr'>Α</span> <span class='ocrx_word' id='word_1_15' title='bbox 2121 492 2190 546; x_wconf 83' lang='lat' dir='ltr'><strong>Et</strong></span> <span class='ocrx_word' id='word_1_16' title='bbox 2217 495 2362 563; x_wconf 77' lang='lat' dir='ltr'><strong>cujus</strong></span> <span class='ocrx_word' id='word_1_17' title='bbox 2384 487 2625 561; x_wconf 78' lang='lat' dir='ltr'><strong>unquam]</strong></span> <span class='ocrx_word' id='word_1_18' title='bbox 2659 493 2742 556; x_wconf 57' lang='lat' dir='ltr'><strong>lat,</strong></span> <span class='ocrx_word' id='word_1_19' title='bbox 2774 488 3029 557; x_wconf 88' lang='lat' dir='ltr'><strong>particula</strong></span> <span class='ocrx_word' id='word_1_20' title='bbox 3055 488 3450 558; x_wconf 80' lang='lat' dir='ltr'><strong>interrogationi</strong></span> <span class='ocrx_word' id='word_1_21' title='bbox 3473 503 3612 544; x_wconf 70' lang='lat' dir='ltr'><strong>nunc</strong></span> 
     </span>
    </p>
   </div>
   <div class='ocr_carea' id='block_1_5' title="bbox 373 581 1950 654">
    <p class='ocr_par' dir='ltr' id='par_1_5' title="bbox 373 581 1950 654">
     <span class='ocr_line' id='line_1_5' title="bbox 373 581 1950 654; baseline -0.003 -13"><span class='ocrx_word' id='word_1_22' title='bbox 373 587 531 641; x_wconf 82' lang='lat' dir='ltr'><strong>bonis</strong></span> <span class='ocrx_word' id='word_1_23' title='bbox 549 585 858 654; x_wconf 79' lang='lat' dir='ltr'><strong>publicatis,</strong></span> <span class='ocrx_word' id='word_1_24' title='bbox 892 593 1070 652; x_wconf 84' lang='lat' dir='ltr'><strong>postea</strong></span> <span class='ocrx_word' id='word_1_25' title='bbox 1095 583 1324 636; x_wconf 89' lang='lat' dir='ltr'><strong>obtinuit</strong></span> <span class='ocrx_word' id='word_1_26' title='bbox 1346 581 1696 644; x_wconf 89' lang='lat' dir='ltr'><strong>consuetudo,</strong></span> <span class='ocrx_word' id='word_1_27' title='bbox 1720 592 1778 636; x_wconf 90' lang='lat' dir='ltr'><strong>ut</strong></span> <span class='ocrx_word' id='word_1_28' title='bbox 1811 584 1950 637; x_wconf 86' lang='lat' dir='ltr'><strong>rele-</strong></span> 
     </span>
    </p>
   </div>
   <div class='ocr_carea' id='block_1_6' title="bbox 369 672 1829 746">
    <p class='ocr_par' dir='ltr' id='par_1_6' title="bbox 369 672 1829 746">
     <span class='ocr_line' id='line_1_6' title="bbox 369 672 1829 746; baseline -0.003 -16"><span class='ocrx_word' id='word_1_29' title='bbox 369 679 476 746; x_wconf 72' lang='lat' dir='ltr'><strong>gati</strong></span> <span class='ocrx_word' id='word_1_30' title='bbox 509 678 562 728; x_wconf 93' lang='lat' dir='ltr'><strong>in</strong></span> <span class='ocrx_word' id='word_1_31' title='bbox 579 676 848 735; x_wconf 82' lang='lat' dir='ltr'><strong>exsilium.</strong></span> <span class='ocrx_word' id='word_1_32' title='bbox 882 672 1163 742; x_wconf 89' lang='lat' dir='ltr'><strong>proscripti</strong></span> <span class='ocrx_word' id='word_1_33' title='bbox 1187 673 1514 728; x_wconf 72' lang='lat' dir='ltr'><strong>dicerentur.</strong></span> <span class='ocrx_word' id='word_1_34' title='bbox 1541 676 1829 728; x_wconf 69' lang='lat' dir='ltr'><strong>Acmcou.</strong></span> 
     </span>
    </p>
   </div>
   <div class='ocr_carea' id='block_1_7' title="bbox 445 761 1946 833">
    <p class='ocr_par' dir='ltr' id='par_1_7' title="bbox 445 761 1946 833">
     <span class='ocr_line' id='line_1_7' title="bbox 445 761 1946 833; baseline -0.002 -13"><span class='ocrx_word' id='word_1_35' title='bbox 445 765 635 820; x_wconf 70' lang='lat' dir='ltr'><strong>Contra</strong></span> <span class='ocrx_word' id='word_1_36' title='bbox 658 767 891 818; x_wconf 75' lang='lat' dir='ltr'><strong>virtutem</strong></span> <span class='ocrx_word' id='word_1_37' title='bbox 913 761 932 833; x_wconf 71' lang='lat' dir='ltr'><strong>l</strong></span> <span class='ocrx_word' id='word_1_38' title='bbox 956 765 1148 816; x_wconf 82' lang='lat' dir='ltr'><strong>Contra</strong></span> <span class='ocrx_word' id='word_1_39' title='bbox 1177 763 1417 816; x_wconf 86' lang='lat' dir='ltr'><strong>homines</strong></span> <span class='ocrx_word' id='word_1_40' title='bbox 1444 762 1640 814; x_wconf 87' lang='lat' dir='ltr'><strong>virtute</strong></span> <span class='ocrx_word' id='word_1_41' title='bbox 1671 762 1946 830; x_wconf 67' lang='lat' dir='ltr'><strong>pra-ditas.</strong></span> 
     </span>
    </p>
   </div>
   <div class='ocr_carea' id='block_1_8' title="bbox 448 851 1950 926">
    <p class='ocr_par' dir='ltr' id='par_1_8' title="bbox 448 851 1950 926">
     <span class='ocr_line' id='line_1_8' title="bbox 448 851 1950 926; baseline -0.004 -14"><span class='ocrx_word' id='word_1_42' title='bbox 448 858 491 912; x_wconf 86' lang='grc' dir='ltr'><strong><em>Τ</em></strong></span> <span class='ocrx_word' id='word_1_43' title='bbox 495 873 678 911; x_wconf 84' lang='lat' dir='ltr'><strong>uorum</strong></span> <span class='ocrx_word' id='word_1_44' title='bbox 697 857 907 926; x_wconf 80' lang='lat' dir='ltr'><strong>quidam</strong></span> <span class='ocrx_word' id='word_1_45' title='bbox 941 851 1311 925; x_wconf 72' lang='lat' dir='ltr'><strong>[arniliarium]</strong></span> <span class='ocrx_word' id='word_1_46' title='bbox 1356 853 1798 924; x_wconf 64' lang='lat' dir='ltr'><strong>l’bilomiphorum</strong></span> <span class='ocrx_word' id='word_1_47' title='bbox 1833 854 1950 924; x_wconf 80' lang='lat' dir='ltr'><strong>qui-</strong></span> 
     </span>
    </p>
   </div>
   <div class='ocr_carea' id='block_1_9' title="bbox 375 951 524 1006">
    <p class='ocr_par' dir='ltr' id='par_1_9' title="bbox 375 951 524 1006">
     <span class='ocr_line' id='line_1_9' title="bbox 375 951 524 1006; baseline -0.007 -1"><span class='ocrx_word' id='word_1_48' title='bbox 375 951 524 1006; x_wconf 89' lang='lat' dir='ltr'><strong>dam.</strong></span> 
     </span>
    </p>
   </div>
   <div class='ocr_carea' id='block_1_10' title="bbox 449 1039 836 1111">
    <p class='ocr_par' dir='ltr' id='par_1_10' title="bbox 449 1039 836 1111">
     <span class='ocr_line' id='line_1_10' title="bbox 449 1039 836 1111; baseline -0.013 -14"><span class='ocrx_word' id='word_1_49' title='bbox 449 1041 513 1097; x_wconf 86' lang='lat' dir='ltr'><strong>Si</strong></span> <span class='ocrx_word' id='word_1_50' title='bbox 534 1039 757 1111; x_wconf 76' lang='lat' dir='ltr'><strong>quidem]</strong></span> <span class='ocrx_word' id='word_1_51' title='bbox 781 1039 836 1093; x_wconf 89' lang='lat' dir='ltr'><strong>Si</strong></span> 
     </span>
    </p>
   </div>
   <div class='ocr_carea' id='block_1_11' title="bbox 449 1126 1453 1202">
    <p class='ocr_par' dir='ltr' id='par_1_11' title="bbox 449 1126 1453 1202">
     <span class='ocr_line' id='line_1_11' title="bbox 449 1126 1453 1202; baseline -0.003 -16"><span class='ocrx_word' id='word_1_52' title='bbox 449 1127 783 1202; x_wconf 77' lang='lat' dir='ltr'><strong>Sanguinem]</strong></span> <span class='ocrx_word' id='word_1_53' title='bbox 806 1129 1091 1196; x_wconf 74' lang='lat' dir='ltr'><strong>Sanguinis</strong></span> <span class='ocrx_word' id='word_1_54' title='bbox 1120 1126 1453 1183; x_wconf 81' lang='lat' dir='ltr'><strong>elTusionem.</strong></span> 
     </span>
    </p>
   </div>
   <div class='ocr_carea' id='block_1_12' title="bbox 447 1217 1521 1291">
    <p class='ocr_par' dir='ltr' id='par_1_12' title="bbox 447 1217 1521 1291">
     <span class='ocr_line' id='line_1_12' title="bbox 447 1217 1521 1291; baseline -0.005 -16"><span class='ocrx_word' id='word_1_55' title='bbox 447 1219 788 1291; x_wconf 81' lang='lat' dir='ltr'><strong>Propugnare</strong></span> <span class='ocrx_word' id='word_1_56' title='bbox 819 1217 984 1288; x_wconf 74' lang='lat' dir='ltr'><strong>lienis]</strong></span> <span class='ocrx_word' id='word_1_57' title='bbox 1011 1218 1306 1272; x_wconf 80' lang='lat' dir='ltr'><strong>Defenderc</strong></span> <span class='ocrx_word' id='word_1_58' title='bbox 1331 1220 1521 1271; x_wconf 81' lang='lat' dir='ltr'><strong>bonos.</strong></span> 
     </span>
    </p>
   </div>
   <div class='ocr_carea' id='block_1_13' title="bbox 450 1311 866 1383">
    <p class='ocr_par' dir='ltr' id='par_1_13' title="bbox 450 1311 866 1383">
     <span class='ocr_line' id='line_1_13' title="bbox 450 1311 866 1383; baseline -0.005 -17"><span class='ocrx_word' id='word_1_59' title='bbox 450 1311 609 1383; x_wconf 83' lang='lat' dir='ltr'><strong>QuiJ]</strong></span> <span class='ocrx_word' id='word_1_60' title='bbox 637 1313 866 1380; x_wconf 85' lang='lat' dir='ltr'><strong>Aliquid.</strong></span> 
     </span>
    </p>
   </div>
   <div class='ocr_carea' id='block_1_14' title="bbox 446 1399 1950 1476">
    <p class='ocr_par' dir='ltr' id='par_1_14' title="bbox 446 1399 1950 1476">
     <span class='ocr_line' id='line_1_14' title="bbox 446 1399 1950 1476; baseline -0.006 -15"><span class='ocrx_word' id='word_1_61' title='bbox 446 1408 472 1461; x_wconf 85' lang='grc'><em>1</em></span> <span class='ocrx_word' id='word_1_62' title='bbox 483 1427 513 1460; x_wconf 87' lang='lat' dir='ltr'><strong>n</strong></span> <span class='ocrx_word' id='word_1_63' title='bbox 528 1411 669 1461; x_wconf 85' lang='lat' dir='ltr'><strong>nulla</strong></span> <span class='ocrx_word' id='word_1_64' title='bbox 683 1422 901 1476; x_wconf 84' lang='lat' dir='ltr'><strong>unquam</strong></span> <span class='ocrx_word' id='word_1_65' title='bbox 914 1421 1010 1457; x_wconf 84' lang='lat' dir='ltr'><strong>met</strong></span> <span class='ocrx_word' id='word_1_66' title='bbox 1028 1404 1408 1472; x_wconf 81' lang='lat' dir='ltr'><strong>laudejactasse</strong></span> <span class='ocrx_word' id='word_1_67' title='bbox 1420 1400 1666 1472; x_wconf 64' lang='lat' dir='ltr'><strong>[Tametsi</strong></span> <span class='ocrx_word' id='word_1_68' title='bbox 1689 1415 1809 1454; x_wconf 88' lang='lat' dir='ltr'><strong>vera</strong></span> <span class='ocrx_word' id='word_1_69' title='bbox 1825 1399 1950 1465; x_wconf 85' lang='lat' dir='ltr'><strong>sint,</strong></span> 
     </span>
    </p>
   </div>
   <div class='ocr_carea' id='block_1_15' title="bbox 377 1490 1952 1565">
    <p class='ocr_par' dir='ltr' id='par_1_15' title="bbox 377 1490 1952 1565">
     <span class='ocr_line' id='line_1_15' title="bbox 377 1490 1952 1565; baseline -0.007 -11"><span class='ocrx_word' id='word_1_70' title='bbox 377 1513 438 1554; x_wconf 88' lang='lat' dir='ltr'><strong>ea</strong></span> <span class='ocrx_word' id='word_1_71' title='bbox 471 1512 640 1552; x_wconf 90' lang='lat' dir='ltr'><strong>tamen</strong></span> <span class='ocrx_word' id='word_1_72' title='bbox 672 1513 942 1565; x_wconf 75' lang='lat' dir='ltr'><strong>numquam</strong></span> <span class='ocrx_word' id='word_1_73' title='bbox 965 1511 1022 1548; x_wconf 90' lang='lat' dir='ltr'><strong>se</strong></span> <span class='ocrx_word' id='word_1_74' title='bbox 1037 1494 1268 1563; x_wconf 82' lang='lat' dir='ltr'><strong>jat-tasse</strong></span> <span class='ocrx_word' id='word_1_75' title='bbox 1297 1495 1388 1545; x_wconf 89' lang='lat' dir='ltr'><strong>ait.</strong></span> <span class='ocrx_word' id='word_1_76' title='bbox 1418 1493 1624 1546; x_wconf 81' lang='lat' dir='ltr'><strong>M.’l‘ul.</strong></span> <span class='ocrx_word' id='word_1_77' title='bbox 1656 1491 1706 1544; x_wconf 91' lang='lat' dir='ltr'><strong>in</strong></span> <span class='ocrx_word' id='word_1_78' title='bbox 1735 1507 1749 1543; x_wconf 93' lang='lat' dir='ltr'><strong>t</strong></span> <span class='ocrx_word' id='word_1_79' title='bbox 1775 1490 1952 1543; x_wconf 84' lang='lat' dir='ltr'><strong>Ul‘lic.:</strong></span> 
     </span>
    </p>
   </div>
   <div class='ocr_carea' id='block_1_16' title="bbox 381 1585 1954 1653">
    <p class='ocr_par' dir='ltr' id='par_1_16' title="bbox 381 1585 1954 1653">
     <span class='ocr_line' id='line_1_16' title="bbox 381 1585 1954 1653; baseline -0.006 -9"><span class='ocrx_word' id='word_1_80' title='bbox 381 1591 628 1645; x_wconf 79' lang='lat' dir='ltr'><strong>Deforme</strong></span> <span class='ocrx_word' id='word_1_81' title='bbox 656 1590 813 1643; x_wconf 81' lang='lat' dir='ltr'><strong>etiam</strong></span> <span class='ocrx_word' id='word_1_82' title='bbox 832 1598 913 1643; x_wconf 89' lang='lat' dir='ltr'><strong>est</strong></span> <span class='ocrx_word' id='word_1_83' title='bbox 934 1588 999 1639; x_wconf 88' lang='lat' dir='ltr'><strong>de</strong></span> <span class='ocrx_word' id='word_1_84' title='bbox 1026 1590 1204 1653; x_wconf 59' lang='lat' dir='ltr'><strong>seipse</strong></span> <span class='ocrx_word' id='word_1_85' title='bbox 1233 1585 1543 1652; x_wconf 65' lang='lat' dir='ltr'><strong>pra-dieare,</strong></span> <span class='ocrx_word' id='word_1_86' title='bbox 1571 1585 1699 1635; x_wconf 69' lang='lat' dir='ltr'><strong>l’alsa</strong></span> <span class='ocrx_word' id='word_1_87' title='bbox 1728 1596 1954 1649; x_wconf 77' lang='lat' dir='ltr'><strong>pra-ser-</strong></span> 
     </span>
    </p>
   </div>
   <div class='ocr_carea' id='block_1_17' title="bbox 387 1673 1956 1743">
    <p class='ocr_par' dir='ltr' id='par_1_17' title="bbox 387 1673 1956 1743">
     <span class='ocr_line' id='line_1_17' title="bbox 387 1673 1956 1743; baseline -0.008 -8"><span class='ocrx_word' id='word_1_88' title='bbox 387 1682 501 1743; x_wconf 90' lang='lat' dir='ltr'><strong>tim,</strong></span> <span class='ocrx_word' id='word_1_89' title='bbox 525 1690 578 1734; x_wconf 87' lang='lat' dir='ltr'><strong>et</strong></span> <span class='ocrx_word' id='word_1_90' title='bbox 599 1695 717 1732; x_wconf 84' lang='lat' dir='ltr'><strong>eum</strong></span> <span class='ocrx_word' id='word_1_91' title='bbox 743 1680 989 1732; x_wconf 79' lang='lat' dir='ltr'><strong>irrisione</strong></span> <span class='ocrx_word' id='word_1_92' title='bbox 1016 1677 1338 1730; x_wconf 86' lang='lat' dir='ltr'><strong>audientium</strong></span> <span class='ocrx_word' id='word_1_93' title='bbox 1382 1674 1572 1727; x_wconf 89' lang='lat' dir='ltr'><strong>imitari</strong></span> <span class='ocrx_word' id='word_1_94' title='bbox 1599 1673 1816 1726; x_wconf 70' lang='lat' dir='ltr'><strong>militi-ui</strong></span> <span class='ocrx_word' id='word_1_95' title='bbox 1846 1674 1956 1740; x_wconf 78' lang='lat' dir='ltr'><strong>glo-</strong></span> 
     </span>
    </p>
   </div>
   <div class='ocr_carea' id='block_1_18' title="bbox 380 1763 1957 1836">
    <p class='ocr_par' dir='ltr' id='par_1_18' title="bbox 380 1763 1957 1836">
     <span class='ocr_line' id='line_1_18' title="bbox 380 1763 1957 1836; baseline -0.006 -12"><span class='ocrx_word' id='word_1_96' title='bbox 380 1770 602 1824; x_wconf 90' lang='lat' dir='ltr'><strong>riosum.</strong></span> <span class='ocrx_word' id='word_1_97' title='bbox 641 1770 802 1822; x_wconf 86' lang='lat' dir='ltr'><strong>Divus</strong></span> <span class='ocrx_word' id='word_1_98' title='bbox 829 1769 1128 1836; x_wconf 74' lang='lat' dir='ltr'><strong>Cyprianus</strong></span> <span class='ocrx_word' id='word_1_99' title='bbox 1166 1767 1236 1818; x_wconf 87' lang='lat' dir='ltr'><strong>ad</strong></span> <span class='ocrx_word' id='word_1_100' title='bbox 1276 1767 1531 1822; x_wconf 88' lang='lat' dir='ltr'><strong>Donatum</strong></span> <span class='ocrx_word' id='word_1_101' title='bbox 1571 1781 1583 1813; x_wconf 90' lang='lat'><strong>:</strong></span> <span class='ocrx_word' id='word_1_102' title='bbox 1618 1763 1672 1815; x_wconf 92' lang='lat' dir='ltr'><strong>ln</strong></span> <span class='ocrx_word' id='word_1_103' title='bbox 1717 1765 1957 1829; x_wconf 86' lang='lat' dir='ltr'><strong>proprias</strong></span> 
     </span>
    </p>
   </div>
   <div class='ocr_carea' id='block_1_19' title="bbox 2049 579 3112 652">
    <p class='ocr_par' dir='ltr' id='par_1_19' title="bbox 2049 579 3112 652">
     <span class='ocr_line' id='line_1_19' title="bbox 2049 579 3112 652; baseline -0.005 -16"><span class='ocrx_word' id='word_1_104' title='bbox 2049 590 2167 652; x_wconf 84' lang='lat' dir='ltr'><strong>apta</strong></span> <span class='ocrx_word' id='word_1_105' title='bbox 2193 599 2206 634; x_wconf 91' lang='lat'><strong><em>:</em></strong></span> <span class='ocrx_word' id='word_1_106' title='bbox 2231 583 2307 635; x_wconf 90' lang='lat' dir='ltr'><strong>sic</strong></span> <span class='ocrx_word' id='word_1_107' title='bbox 2327 583 2466 649; x_wconf 87' lang='lat' dir='ltr'><strong>apud</strong></span> <span class='ocrx_word' id='word_1_108' title='bbox 2499 579 2682 649; x_wconf 81' lang='lat' dir='ltr'><strong>Virgil.</strong></span> <span class='ocrx_word' id='word_1_109' title='bbox 2717 580 2768 633; x_wconf 93' lang='lat' dir='ltr'><strong>in</strong></span> <span class='ocrx_word' id='word_1_110' title='bbox 2811 579 3072 631; x_wconf 74' lang='lat' dir='ltr'><strong>Bucolicis</strong></span> <span class='ocrx_word' id='word_1_111' title='bbox 3099 595 3112 631; x_wconf 89' lang='lat'><strong>:</strong></span> 
     </span>
    </p>
   </div>
   <div class='ocr_carea' id='block_1_20' title="bbox 2172 667 3372 736">
    <p class='ocr_par' dir='ltr' id='par_1_20' title="bbox 2172 667 3372 736">
     <span class='ocr_line' id='line_1_20' title="bbox 2172 667 3372 736; baseline -0.005 -14"><span class='ocrx_word' id='word_1_112' title='bbox 2172 672 2234 722; x_wconf 84' lang='lat' dir='ltr'><strong>Et.</strong></span> <span class='ocrx_word' id='word_1_113' title='bbox 2257 685 2368 736; x_wconf 69' lang='lat' dir='ltr'><strong>qua</strong></span> <span class='ocrx_word' id='word_1_114' title='bbox 2388 678 2519 721; x_wconf 72' lang='lat' dir='ltr'><strong>tanta</strong></span> <span class='ocrx_word' id='word_1_115' title='bbox 2541 670 2627 719; x_wconf 82' lang='lat' dir='ltr'><strong>fuit</strong></span> <span class='ocrx_word' id='word_1_116' title='bbox 2648 669 2843 718; x_wconf 73' lang='lat' dir='ltr'><strong>Romam</strong></span> <span class='ocrx_word' id='word_1_117' title='bbox 2869 670 2954 716; x_wconf 91' lang='lat' dir='ltr'><strong>tibi</strong></span> <span class='ocrx_word' id='word_1_118' title='bbox 2977 681 3118 716; x_wconf 88' lang='lat' dir='ltr'><strong>causa</strong></span> <span class='ocrx_word' id='word_1_119' title='bbox 3141 667 3329 717; x_wconf 79' lang='lat' dir='ltr'><strong>videndi</strong></span> <span class='ocrx_word' id='word_1_120' title='bbox 3351 667 3372 716; x_wconf 88' lang='lat'><strong>‘?</strong></span> 
     </span>
    </p>
   </div>
   <div class='ocr_carea' id='block_1_21' title="bbox 2120 751 3612 825">
    <p class='ocr_par' dir='ltr' id='par_1_21' title="bbox 2120 751 3612 825">
     <span class='ocr_line' id='line_1_21' title="bbox 2120 751 3612 825; baseline -0.001 -15"><span class='ocrx_word' id='word_1_121' title='bbox 2120 757 2198 810; x_wconf 85' lang='lat' dir='ltr'><strong>De</strong></span> <span class='ocrx_word' id='word_1_122' title='bbox 2225 757 2377 810; x_wconf 68' lang='lat' dir='ltr'><strong>simili</strong></span> <span class='ocrx_word' id='word_1_123' title='bbox 2405 751 2637 825; x_wconf 80' lang='lat' dir='ltr'><strong>crimine]</strong></span> <span class='ocrx_word' id='word_1_124' title='bbox 2689 755 2835 818; x_wconf 88' lang='lat' dir='ltr'><strong>Quod</strong></span> <span class='ocrx_word' id='word_1_125' title='bbox 2872 754 3026 806; x_wconf 83' lang='lat' dir='ltr'><strong>fuerit</strong></span> <span class='ocrx_word' id='word_1_126' title='bbox 3072 753 3430 822; x_wconf 82' lang='lat' dir='ltr'><strong>propensioris</strong></span> <span class='ocrx_word' id='word_1_127' title='bbox 3457 754 3612 810; x_wconf 88' lang='lat' dir='ltr'><strong>studii</strong></span> 
     </span>
    </p>
   </div>
   <div class='ocr_carea' id='block_1_22' title="bbox 2049 845 3301 912">
    <p class='ocr_par' dir='ltr' id='par_1_22' title="bbox 2049 845 3301 912">
     <span class='ocr_line' id='line_1_22' title="bbox 2049 845 3301 912; baseline -0.004 -10"><span class='ocrx_word' id='word_1_128' title='bbox 2049 848 2102 902; x_wconf 85' lang='lat' dir='ltr'><strong>in</strong></span> <span class='ocrx_word' id='word_1_129' title='bbox 2135 856 2398 909; x_wconf 82' lang='lat' dir='ltr'><strong>senatum,</strong></span> <span class='ocrx_word' id='word_1_130' title='bbox 2433 860 2658 912; x_wconf 87' lang='lat' dir='ltr'><strong>eumque</strong></span> <span class='ocrx_word' id='word_1_131' title='bbox 2683 845 2883 896; x_wconf 80' lang='lat' dir='ltr'><strong>salvum</strong></span> <span class='ocrx_word' id='word_1_132' title='bbox 2916 860 3032 898; x_wconf 71' lang='lat' dir='ltr'><strong>esse</strong></span> <span class='ocrx_word' id='word_1_133' title='bbox 3058 846 3301 898; x_wconf 89' lang='lat' dir='ltr'><strong>voluerit.</strong></span> 
     </span>
    </p>
   </div>
   <div class='ocr_carea' id='block_1_23' title="bbox 2120 935 3614 1007">
    <p class='ocr_par' dir='ltr' id='par_1_23' title="bbox 2120 935 3614 1007">
     <span class='ocr_line' id='line_1_23' title="bbox 2120 935 3614 1007; baseline -0.001 -19"><span class='ocrx_word' id='word_1_134' title='bbox 2120 938 2278 1007; x_wconf 81' lang='lat' dir='ltr'><strong>Cujus</strong></span> <span class='ocrx_word' id='word_1_135' title='bbox 2320 937 2671 1005; x_wconf 74' lang='lat' dir='ltr'><strong>indignitatem</strong></span> <span class='ocrx_word' id='word_1_136' title='bbox 2703 935 2891 1005; x_wconf 71' lang='lat' dir='ltr'><strong>reatus]</strong></span> <span class='ocrx_word' id='word_1_137' title='bbox 2921 936 3156 989; x_wconf 75' lang='lat' dir='ltr'><strong>O-tendit</strong></span> <span class='ocrx_word' id='word_1_138' title='bbox 3195 952 3331 987; x_wconf 90' lang='lat' dir='ltr'><strong>nunc</strong></span> <span class='ocrx_word' id='word_1_139' title='bbox 3363 937 3614 1004; x_wconf 82' lang='lat' dir='ltr'><strong>majorem</strong></span> 
     </span>
    </p>
   </div>
   <div class='ocr_carea' id='block_1_24' title="bbox 2051 1025 3614 1097">
    <p class='ocr_par' dir='ltr' id='par_1_24' title="bbox 2051 1025 3614 1097">
     <span class='ocr_line' id='line_1_24' title="bbox 2051 1025 3614 1097; baseline -0.002 -16"><span class='ocrx_word' id='word_1_140' title='bbox 2051 1027 2416 1097; x_wconf 80' lang='lat' dir='ltr'><strong>indignitatem</strong></span> <span class='ocrx_word' id='word_1_141' title='bbox 2442 1040 2598 1079; x_wconf 68' lang='lat' dir='ltr'><strong>casus</strong></span> <span class='ocrx_word' id='word_1_142' title='bbox 2626 1025 2726 1090; x_wconf 90' lang='lat' dir='ltr'><strong>sui,</strong></span> <span class='ocrx_word' id='word_1_143' title='bbox 2754 1027 2890 1093; x_wconf 89' lang='lat' dir='ltr'><strong>quod</strong></span> <span class='ocrx_word' id='word_1_144' title='bbox 2930 1042 3048 1077; x_wconf 83' lang='lat' dir='ltr'><strong>cum</strong></span> <span class='ocrx_word' id='word_1_145' title='bbox 3085 1027 3420 1092; x_wconf 81' lang='lat' dir='ltr'><strong>pchpicutttii</strong></span> <span class='ocrx_word' id='word_1_146' title='bbox 3451 1037 3614 1092; x_wconf 69' lang='lat' dir='ltr'><strong>esset,</strong></span> 
     </span>
    </p>
   </div>
   <div class='ocr_carea' id='block_1_25' title="bbox 2053 1116 3615 1182">
    <p class='ocr_par' dir='ltr' id='par_1_25' title="bbox 2053 1116 3615 1182">
     <span class='ocr_line' id='line_1_25' title="bbox 2053 1116 3615 1182; baseline -0.001 -12"><span class='ocrx_word' id='word_1_147' title='bbox 2053 1134 2148 1171; x_wconf 77' lang='lat' dir='ltr'><strong>nec</strong></span> <span class='ocrx_word' id='word_1_148' title='bbox 2177 1120 2272 1170; x_wconf 85' lang='lat' dir='ltr'><strong>ista</strong></span> <span class='ocrx_word' id='word_1_149' title='bbox 2295 1117 2513 1170; x_wconf 87' lang='lat' dir='ltr'><strong>crimina</strong></span> <span class='ocrx_word' id='word_1_150' title='bbox 2559 1116 2676 1167; x_wconf 86' lang='lat' dir='ltr'><strong>talia</strong></span> <span class='ocrx_word' id='word_1_151' title='bbox 2708 1131 2846 1181; x_wconf 88' lang='lat' dir='ltr'><strong>esse,</strong></span> <span class='ocrx_word' id='word_1_152' title='bbox 2877 1131 2992 1182; x_wconf 76' lang='lat' dir='ltr'><strong>qna:</strong></span> <span class='ocrx_word' id='word_1_153' title='bbox 3021 1116 3102 1168; x_wconf 90' lang='lat' dir='ltr'><strong>vel</strong></span> <span class='ocrx_word' id='word_1_154' title='bbox 3135 1127 3472 1169; x_wconf 82' lang='lat' dir='ltr'><strong>aeeusatores</strong></span> <span class='ocrx_word' id='word_1_155' title='bbox 3496 1132 3615 1170; x_wconf 90' lang='lat' dir='ltr'><strong>cum</strong></span> 
     </span>
    </p>
   </div>
   <div class='ocr_carea' id='block_1_26' title="bbox 2051 1206 3616 1276">
    <p class='ocr_par' dir='ltr' id='par_1_26' title="bbox 2051 1206 3616 1276">
     <span class='ocr_line' id='line_1_26' title="bbox 2051 1206 3616 1276; baseline -0.002 -13"><span class='ocrx_word' id='word_1_156' title='bbox 2051 1209 2229 1276; x_wconf 83' lang='lat' dir='ltr'><strong>specie</strong></span> <span class='ocrx_word' id='word_1_157' title='bbox 2254 1208 2428 1273; x_wconf 81' lang='lat' dir='ltr'><strong>aliqua</strong></span> <span class='ocrx_word' id='word_1_158' title='bbox 2461 1207 2579 1258; x_wconf 83' lang='lat' dir='ltr'><strong>tidei</strong></span> <span class='ocrx_word' id='word_1_159' title='bbox 2608 1215 2822 1273; x_wconf 59' lang='lat' dir='ltr'><strong>possent</strong></span> <span class='ocrx_word' id='word_1_160' title='bbox 2867 1206 3119 1269; x_wconf 86' lang='lat' dir='ltr'><strong>objicere,</strong></span> <span class='ocrx_word' id='word_1_161' title='bbox 3153 1208 3228 1258; x_wconf 81' lang='lat' dir='ltr'><strong>vel</strong></span> <span class='ocrx_word' id='word_1_162' title='bbox 3257 1207 3461 1273; x_wconf 84' lang='lat' dir='ltr'><strong>judices</strong></span> <span class='ocrx_word' id='word_1_163' title='bbox 3509 1207 3616 1260; x_wconf 91' lang='lat' dir='ltr'><strong>ullo</strong></span> 
     </span>
    </p>
   </div>
   <div class='ocr_carea' id='block_1_27' title="bbox 2054 1297 3618 1365">
    <p class='ocr_par' dir='ltr' id='par_1_27' title="bbox 2054 1297 3618 1365">
     <span class='ocr_line' id='line_1_27' title="bbox 2054 1297 3618 1365; baseline 0.001 -14"><span class='ocrx_word' id='word_1_164' title='bbox 2054 1299 2469 1365; x_wconf 77' lang='lat' dir='ltr'><strong>eolurejustitia:</strong></span> <span class='ocrx_word' id='word_1_165' title='bbox 2495 1305 2711 1364; x_wconf 78' lang='lat' dir='ltr'><strong>possent</strong></span> <span class='ocrx_word' id='word_1_166' title='bbox 2738 1297 3110 1348; x_wconf 72' lang='lat' dir='ltr'><strong>etmdt-mnare.</strong></span> <span class='ocrx_word' id='word_1_167' title='bbox 3145 1297 3277 1349; x_wconf 89' lang='lat' dir='ltr'><strong>D.cit</strong></span> <span class='ocrx_word' id='word_1_168' title='bbox 3315 1297 3471 1350; x_wconf 80' lang='lat' dir='ltr'><strong>etiam</strong></span> <span class='ocrx_word' id='word_1_169' title='bbox 3514 1297 3618 1352; x_wconf 86' lang='lat' dir='ltr'><strong>cri-</strong></span> 
     </span>
    </p>
   </div>
   <div class='ocr_carea' id='block_1_28' title="bbox 2056 1389 3617 1456">
    <p class='ocr_par' dir='ltr' id='par_1_28' title="bbox 2056 1389 3617 1456">
     <span class='ocr_line' id='line_1_28' title="bbox 2056 1389 3617 1456; baseline 0 -14"><span class='ocrx_word' id='word_1_170' title='bbox 2056 1405 2176 1442; x_wconf 91' lang='lat' dir='ltr'><strong>men</strong></span> <span class='ocrx_word' id='word_1_171' title='bbox 2199 1404 2264 1440; x_wconf 84' lang='lat' dir='ltr'><strong>ex</strong></span> <span class='ocrx_word' id='word_1_172' title='bbox 2299 1391 2557 1454; x_wconf 70' lang='lat' dir='ltr'><strong>prtPCiptm</strong></span> <span class='ocrx_word' id='word_1_173' title='bbox 2590 1401 2683 1439; x_wconf 87' lang='lat' dir='ltr'><strong>sua</strong></span> <span class='ocrx_word' id='word_1_174' title='bbox 2724 1389 2877 1438; x_wconf 87' lang='lat' dir='ltr'><strong>laude</strong></span> <span class='ocrx_word' id='word_1_175' title='bbox 2907 1400 3089 1439; x_wconf 72' lang='lat' dir='ltr'><strong>contra</strong></span> <span class='ocrx_word' id='word_1_176' title='bbox 3121 1402 3176 1439; x_wconf 63' lang='lat' dir='ltr'><strong>se</strong></span> <span class='ocrx_word' id='word_1_177' title='bbox 3206 1390 3424 1456; x_wconf 84' lang='lat' dir='ltr'><strong>petitum</strong></span> <span class='ocrx_word' id='word_1_178' title='bbox 3455 1405 3574 1444; x_wconf 84' lang='lat' dir='ltr'><strong>esse</strong></span> <span class='ocrx_word' id='word_1_179' title='bbox 3601 1406 3617 1442; x_wconf 88' lang='lat'><strong>:</strong></span> 
     </span>
    </p>
   </div>
   <div class='ocr_carea' id='block_1_29' title="bbox 2055 1477 3618 1547">
    <p class='ocr_par' dir='ltr' id='par_1_29' title="bbox 2055 1477 3618 1547">
     <span class='ocr_line' id='line_1_29' title="bbox 2055 1477 3618 1547; baseline 0 -15"><span class='ocrx_word' id='word_1_180' title='bbox 2055 1479 2176 1547; x_wconf 82' lang='lat' dir='ltr'><strong>quia</strong></span> <span class='ocrx_word' id='word_1_181' title='bbox 2201 1479 2340 1530; x_wconf 89' lang='lat' dir='ltr'><strong>cuitn</strong></span> <span class='ocrx_word' id='word_1_182' title='bbox 2374 1477 2726 1544; x_wconf 74' lang='lat' dir='ltr'><strong>Philosophus</strong></span> <span class='ocrx_word' id='word_1_183' title='bbox 2766 1487 2899 1538; x_wconf 83' lang='lat' dir='ltr'><strong>crat,</strong></span> <span class='ocrx_word' id='word_1_184' title='bbox 2926 1477 3364 1529; x_wconf 72' lang='lat' dir='ltr'><strong>insitntilat‘eruut</strong></span> <span class='ocrx_word' id='word_1_185' title='bbox 3412 1492 3618 1546; x_wconf 79' lang='lat' dir='ltr'><strong>magum</strong></span> 
     </span>
    </p>
   </div>
   <div class='ocr_carea' id='block_1_30' title="bbox 2056 1567 3620 1638">
    <p class='ocr_par' dir='ltr' id='par_1_30' title="bbox 2056 1567 3620 1638">
     <span class='ocr_line' id='line_1_30' title="bbox 2056 1567 3620 1638; baseline 0.003 -18"><span class='ocrx_word' id='word_1_186' title='bbox 2056 1582 2175 1620; x_wconf 90' lang='lat' dir='ltr'><strong>cum</strong></span> <span class='ocrx_word' id='word_1_187' title='bbox 2203 1582 2340 1620; x_wconf 84' lang='lat' dir='ltr'><strong>esse.</strong></span> <span class='ocrx_word' id='word_1_188' title='bbox 2397 1567 2525 1632; x_wconf 86' lang='lat' dir='ltr'><strong>Quia</strong></span> <span class='ocrx_word' id='word_1_189' title='bbox 2578 1568 2888 1636; x_wconf 85' lang='lat' dir='ltr'><strong>plerumque</strong></span> <span class='ocrx_word' id='word_1_190' title='bbox 2927 1568 3063 1630; x_wconf 87' lang='lat' dir='ltr'><strong>apud</strong></span> <span class='ocrx_word' id='word_1_191' title='bbox 3090 1577 3294 1621; x_wconf 70' lang='lat' dir='ltr'><strong>veteris</strong></span> <span class='ocrx_word' id='word_1_192' title='bbox 3326 1570 3620 1638; x_wconf 69' lang='lat' dir='ltr'><strong>pltilOMtltlii</strong></span> 
     </span>
    </p>
   </div>
   <div class='ocr_carea' id='block_1_31' title="bbox 2059 1655 3622 1724">
    <p class='ocr_par' dir='ltr' id='par_1_31' title="bbox 2059 1655 3622 1724">
     <span class='ocr_line' id='line_1_31' title="bbox 2059 1655 3622 1724; baseline 0.002 -16"><span class='ocrx_word' id='word_1_193' title='bbox 2059 1655 2157 1709; x_wconf 92' lang='lat' dir='ltr'><strong>hac</strong></span> <span class='ocrx_word' id='word_1_194' title='bbox 2194 1655 2495 1722; x_wconf 74' lang='lat' dir='ltr'><strong>susliit-ioue</strong></span> <span class='ocrx_word' id='word_1_195' title='bbox 2533 1659 2926 1724; x_wconf 84' lang='lat' dir='ltr'><strong>premebantur.</strong></span> <span class='ocrx_word' id='word_1_196' title='bbox 2964 1655 3111 1709; x_wconf 84' lang='lat' dir='ltr'><strong>Unde</strong></span> <span class='ocrx_word' id='word_1_197' title='bbox 3137 1666 3187 1708; x_wconf 86' lang='lat' dir='ltr'><strong>et</strong></span> <span class='ocrx_word' id='word_1_198' title='bbox 3221 1657 3473 1724; x_wconf 82' lang='lat' dir='ltr'><strong>Apuleius</strong></span> <span class='ocrx_word' id='word_1_199' title='bbox 3518 1661 3622 1711; x_wconf 84' lang='lat' dir='ltr'><strong>Ma-</strong></span> 
     </span>
    </p>
   </div>
   <div class='ocr_carea' id='block_1_32' title="bbox 2057 1734 3620 1814">
    <p class='ocr_par' dir='ltr' id='par_1_32' title="bbox 2057 1734 3620 1814">
     <span class='ocr_line' id='line_1_32' title="bbox 2057 1734 3620 1814; baseline 0.001 -15"><span class='ocrx_word' id='word_1_200' title='bbox 2057 1748 2337 1800; x_wconf 88' lang='lat' dir='ltr'><strong>daurensis</strong></span> <span class='ocrx_word' id='word_1_201' title='bbox 2379 1749 2566 1814; x_wconf 66' lang='lat' dir='ltr'><strong>magize</strong></span> <span class='ocrx_word' id='word_1_202' title='bbox 2613 1756 2890 1798; x_wconf 76' lang='lat' dir='ltr'><strong>accusatus</strong></span> <span class='ocrx_word' id='word_1_203' title='bbox 2939 1746 3060 1807; x_wconf 84' lang='lat' dir='ltr'><strong>luit,</strong></span> <span class='ocrx_word' id='word_1_204' title='bbox 3103 1746 3251 1812; x_wconf 87' lang='lat' dir='ltr'><strong>cujus</strong></span> <span class='ocrx_word' id='word_1_205' title='bbox 3299 1734 3620 1801; x_wconf 63' lang='lat' dir='ltr'><strong>defensionis</strong></span> 
     </span>
    </p>
   </div>
   <div class='ocr_carea' id='block_1_33' title="bbox 380 1836 2074 1926">
    <p class='ocr_par' dir='ltr' id='par_1_33' title="bbox 380 1845 2074 1926">
     <span class='ocr_line' id='line_1_33' title="bbox 380 1845 2074 1926; baseline -0.008 -10"><span class='ocrx_word' id='word_1_206' title='bbox 380 1861 564 1916; x_wconf 89' lang='lat' dir='ltr'><strong>laudes</strong></span> <span class='ocrx_word' id='word_1_207' title='bbox 595 1861 773 1914; x_wconf 73' lang='lat' dir='ltr'><strong>t-diosa</strong></span> <span class='ocrx_word' id='word_1_208' title='bbox 817 1859 1036 1926; x_wconf 89' lang='lat' dir='ltr'><strong>jactatio</strong></span> <span class='ocrx_word' id='word_1_209' title='bbox 1065 1868 1168 1910; x_wconf 88' lang='lat' dir='ltr'><strong>est.</strong></span> <span class='ocrx_word' id='word_1_210' title='bbox 1199 1856 1399 1910; x_wconf 76' lang='lat' dir='ltr'><strong>Plinius</strong></span> <span class='ocrx_word' id='word_1_211' title='bbox 1426 1853 1491 1907; x_wconf 91' lang='lat' dir='ltr'><strong>ad</strong></span> <span class='ocrx_word' id='word_1_212' title='bbox 1516 1852 1823 1917; x_wconf 72' lang='grc' dir='ltr'><strong>Ροιιιμι-ἱιιιιι</strong></span> <span class='ocrx_word' id='word_1_213' title='bbox 1856 1852 1956 1905; x_wconf 84' lang='lat' dir='ltr'><strong>Sa-</strong></span> <span class='ocrx_word' id='word_1_214' title='bbox 1988 1845 2034 1903; x_wconf 88' lang='lat' dir='ltr'><strong>B</strong></span> <span class='ocrx_word' id='word_1_215' title='bbox 2061 1854 2074 1890; x_wconf 72' lang='grc' dir='ltr'><strong>ἱ</strong></span> 
     </span>
    </p>
   </div>
   <div class='ocr_carea' id='block_1_34' title="bbox 1925 1836 3619 1926">
    <p class='ocr_par' dir='ltr' id='par_1_34' title="bbox 1934 1836 3619 1905">
     <span class='ocr_line' id='line_1_34' title="bbox 1934 1836 3619 1905; baseline -0.001 -14"><span class='ocrx_word' id='word_1_216' title='bbox 1934 1880 1956 1891; x_wconf 91' lang='grc'><strong>-</strong></span> <span class='ocrx_word' id='word_1_217' title='bbox 1988 1845 2034 1903; x_wconf 84' lang='grc' dir='ltr'><strong>Β</strong></span> <span class='ocrx_word' id='word_1_218' title='bbox 2061 1837 2232 1890; x_wconf 87' lang='lat' dir='ltr'><strong>adhuc</strong></span> <span class='ocrx_word' id='word_1_219' title='bbox 2251 1846 2460 1890; x_wconf 68' lang='lat' dir='ltr'><strong>exstant</strong></span> <span class='ocrx_word' id='word_1_220' title='bbox 2482 1836 2623 1900; x_wconf 81' lang='lat' dir='ltr'><strong>libri,</strong></span> <span class='ocrx_word' id='word_1_221' title='bbox 2644 1847 2697 1890; x_wconf 85' lang='lat' dir='ltr'><strong>et</strong></span> <span class='ocrx_word' id='word_1_222' title='bbox 2731 1837 3033 1904; x_wconf 81' lang='lat' dir='ltr'><strong>Apollonius</strong></span> <span class='ocrx_word' id='word_1_223' title='bbox 3057 1836 3320 1905; x_wconf 76' lang='lat' dir='ltr'><strong>Tyaneus,</strong></span> <span class='ocrx_word' id='word_1_224' title='bbox 3348 1847 3400 1890; x_wconf 82' lang='lat' dir='ltr'><strong>t-t</strong></span> <span class='ocrx_word' id='word_1_225' title='bbox 3429 1839 3619 1905; x_wconf 75' lang='lat' dir='ltr'><strong>Menip-</strong></span> 
     </span>
    </p>
   </div>
   <div class='ocr_carea' id='block_1_35' title="bbox 383 1947 1958 2018">
    <p class='ocr_par' dir='ltr' id='par_1_35' title="bbox 383 1947 1958 2018">
     <span class='ocr_line' id='line_1_35' title="bbox 383 1947 1958 2018; baseline -0.006 -10"><span class='ocrx_word' id='word_1_226' title='bbox 383 1954 649 2008; x_wconf 78' lang='lat' dir='ltr'><strong>turninum</strong></span> <span class='ocrx_word' id='word_1_227' title='bbox 687 1971 699 2004; x_wconf 88' lang='lat'><strong>:</strong></span> <span class='ocrx_word' id='word_1_228' title='bbox 731 1952 936 2006; x_wconf 87' lang='lat' dir='ltr'><strong>Etenim</strong></span> <span class='ocrx_word' id='word_1_229' title='bbox 985 1951 1028 2004; x_wconf 91' lang='lat' dir='ltr'><strong>si</strong></span> <span class='ocrx_word' id='word_1_230' title='bbox 1065 1951 1256 2004; x_wconf 76' lang='lat' dir='ltr'><strong>aliena:</strong></span> <span class='ocrx_word' id='word_1_231' title='bbox 1301 1963 1512 2018; x_wconf 81' lang='lat' dir='ltr'><strong>quoque</strong></span> <span class='ocrx_word' id='word_1_232' title='bbox 1552 1947 1734 1999; x_wconf 77' lang='lat' dir='ltr'><strong>laudes</strong></span> <span class='ocrx_word' id='word_1_233' title='bbox 1772 1961 1958 2013; x_wconf 75' lang='lat' dir='ltr'><strong>parum</strong></span> 
     </span>
    </p>
   </div>
   <div class='ocr_carea' id='block_1_36' title="bbox 382 2036 1957 2111">
    <p class='ocr_par' dir='ltr' id='par_1_36' title="bbox 382 2036 1957 2111">
     <span class='ocr_line' id='line_1_36' title="bbox 382 2036 1957 2111; baseline -0.008 -13"><span class='ocrx_word' id='word_1_234' title='bbox 382 2048 549 2111; x_wconf 58' lang='lat' dir='ltr'><strong>aquis</strong></span> <span class='ocrx_word' id='word_1_235' title='bbox 579 2059 662 2096; x_wconf 81' lang='lat' dir='ltr'><strong>aur</strong></span> <span class='ocrx_word' id='word_1_236' title='bbox 680 2042 796 2094; x_wconf 91' lang='lat' dir='ltr'><strong>ibus</strong></span> <span class='ocrx_word' id='word_1_237' title='bbox 823 2042 985 2108; x_wconf 80' lang='lat' dir='ltr'><strong>accipi</strong></span> <span class='ocrx_word' id='word_1_238' title='bbox 1004 2043 1174 2093; x_wconf 85' lang='lat' dir='ltr'><strong>solent</strong></span> <span class='ocrx_word' id='word_1_239' title='bbox 1197 2055 1353 2105; x_wconf 87' lang='lat' dir='ltr'><strong>quam</strong></span> <span class='ocrx_word' id='word_1_240' title='bbox 1375 2038 1588 2089; x_wconf 87' lang='lat' dir='ltr'><strong>dil&#39;licile</strong></span> <span class='ocrx_word' id='word_1_241' title='bbox 1601 2047 1679 2089; x_wconf 88' lang='lat' dir='ltr'><strong>est</strong></span> <span class='ocrx_word' id='word_1_242' title='bbox 1701 2036 1957 2100; x_wconf 88' lang='lat' dir='ltr'><strong>oblinere,</strong></span> 
     </span>
    </p>
   </div>
   <div class='ocr_carea' id='block_1_37' title="bbox 383 2126 1963 2196">
    <p class='ocr_par' dir='ltr' id='par_1_37' title="bbox 383 2126 1963 2196">
     <span class='ocr_line' id='line_1_37' title="bbox 383 2126 1963 2196; baseline -0.006 -8"><span class='ocrx_word' id='word_1_243' title='bbox 383 2151 450 2188; x_wconf 87' lang='lat' dir='ltr'><strong>ne</strong></span> <span class='ocrx_word' id='word_1_244' title='bbox 487 2135 707 2188; x_wconf 88' lang='lat' dir='ltr'><strong>molesta</strong></span> <span class='ocrx_word' id='word_1_245' title='bbox 746 2133 992 2187; x_wconf 83' lang='lat' dir='ltr'><strong>videatur</strong></span> <span class='ocrx_word' id='word_1_246' title='bbox 1019 2132 1188 2184; x_wconf 86' lang='lat' dir='ltr'><strong>oratio</strong></span> <span class='ocrx_word' id='word_1_247' title='bbox 1217 2130 1284 2183; x_wconf 92' lang='lat' dir='ltr'><strong>de</strong></span> <span class='ocrx_word' id='word_1_248' title='bbox 1330 2143 1411 2196; x_wconf 89' lang='lat' dir='ltr'><strong>se,</strong></span> <span class='ocrx_word' id='word_1_249' title='bbox 1441 2137 1530 2180; x_wconf 92' lang='lat' dir='ltr'><strong>aut</strong></span> <span class='ocrx_word' id='word_1_250' title='bbox 1555 2128 1621 2180; x_wconf 83' lang='lat' dir='ltr'><strong>de</strong></span> <span class='ocrx_word' id='word_1_251' title='bbox 1650 2127 1760 2179; x_wconf 90' lang='lat' dir='ltr'><strong>suis</strong></span> <span class='ocrx_word' id='word_1_252' title='bbox 1796 2126 1963 2180; x_wconf 87' lang='lat' dir='ltr'><strong>disse-</strong></span> 
     </span>
    </p>
   </div>
   <div class='ocr_carea' id='block_1_38' title="bbox 391 2223 591 2278">
    <p class='ocr_par' dir='ltr' id='par_1_38' title="bbox 391 2223 591 2278">
     <span class='ocr_line' id='line_1_38' title="bbox 391 2223 591 2278; baseline -0.015 1"><span class='ocrx_word' id='word_1_253' title='bbox 391 2223 591 2278; x_wconf 86' lang='lat' dir='ltr'><strong>remis?</strong></span> 
     </span>
    </p>
   </div>
   <div class='ocr_carea' id='block_1_39' title="bbox 461 2308 1964 2383">
    <p class='ocr_par' dir='ltr' id='par_1_39' title="bbox 461 2308 1964 2383">
     <span class='ocr_line' id='line_1_39' title="bbox 461 2308 1964 2383; baseline -0.006 -15"><span class='ocrx_word' id='word_1_254' title='bbox 461 2314 653 2368; x_wconf 76' lang='lat' dir='ltr'><strong>Minuit</strong></span> <span class='ocrx_word' id='word_1_255' title='bbox 681 2311 837 2383; x_wconf 83' lang='lat' dir='ltr'><strong>enim]</strong></span> <span class='ocrx_word' id='word_1_256' title='bbox 867 2312 1011 2367; x_wconf 85' lang='lat' dir='ltr'><strong>Ortlo</strong></span> <span class='ocrx_word' id='word_1_257' title='bbox 1042 2321 1143 2378; x_wconf 86' lang='lat' dir='ltr'><strong>est,</strong></span> <span class='ocrx_word' id='word_1_258' title='bbox 1171 2309 1309 2378; x_wconf 85' lang='lat' dir='ltr'><strong>quis,</strong></span> <span class='ocrx_word' id='word_1_259' title='bbox 1341 2309 1391 2362; x_wconf 92' lang='lat' dir='ltr'><strong>id</strong></span> <span class='ocrx_word' id='word_1_260' title='bbox 1435 2317 1517 2363; x_wconf 90' lang='lat' dir='ltr'><strong>est</strong></span> <span class='ocrx_word' id='word_1_261' title='bbox 1537 2309 1748 2374; x_wconf 88' lang='lat' dir='ltr'><strong>aliquis,</strong></span> <span class='ocrx_word' id='word_1_262' title='bbox 1776 2308 1964 2360; x_wconf 89' lang='lat' dir='ltr'><strong>minuit</strong></span> 
     </span>
    </p>
   </div>
   <div class='ocr_carea' id='block_1_40' title="bbox 386 2399 1962 2480">
    <p class='ocr_par' dir='ltr' id='par_1_40' title="bbox 386 2399 1962 2480">
     <span class='ocr_line' id='line_1_40' title="bbox 386 2399 1962 2480; baseline -0.008 -15"><span class='ocrx_word' id='word_1_263' title='bbox 386 2409 784 2480; x_wconf 87' lang='lat' dir='ltr'><strong>quodammodo</strong></span> <span class='ocrx_word' id='word_1_264' title='bbox 814 2418 1077 2461; x_wconf 89' lang='lat' dir='ltr'><strong>secretum</strong></span> <span class='ocrx_word' id='word_1_265' title='bbox 1108 2404 1447 2457; x_wconf 87' lang='lat' dir='ltr'><strong>conscientiae</strong></span> <span class='ocrx_word' id='word_1_266' title='bbox 1477 2401 1747 2468; x_wconf 85' lang='lat' dir='ltr'><strong>probantis</strong></span> <span class='ocrx_word' id='word_1_267' title='bbox 1799 2415 1878 2462; x_wconf 88' lang='lat' dir='ltr'><strong>se,</strong></span> <span class='ocrx_word' id='word_1_268' title='bbox 1912 2399 1962 2453; x_wconf 89' lang='lat' dir='ltr'><strong>id</strong></span> 
     </span>
    </p>
   </div>
   <div class='ocr_carea' id='block_1_41' title="bbox 384 2491 1964 2566">
    <p class='ocr_par' dir='ltr' id='par_1_41' title="bbox 384 2491 1964 2566">
     <span class='ocr_line' id='line_1_41' title="bbox 384 2491 1964 2566; baseline -0.008 -11"><span class='ocrx_word' id='word_1_269' title='bbox 384 2509 484 2562; x_wconf 86' lang='lat' dir='ltr'><strong>est,</strong></span> <span class='ocrx_word' id='word_1_270' title='bbox 512 2499 611 2552; x_wconf 88' lang='lat' dir='ltr'><strong>sibi</strong></span> <span class='ocrx_word' id='word_1_271' title='bbox 637 2514 727 2566; x_wconf 90' lang='lat' dir='ltr'><strong>per</strong></span> <span class='ocrx_word' id='word_1_272' title='bbox 757 2498 1005 2549; x_wconf 85' lang='lat' dir='ltr'><strong>virtutem</strong></span> <span class='ocrx_word' id='word_1_273' title='bbox 1039 2503 1092 2547; x_wconf 90' lang='lat' dir='ltr'><strong>et</strong></span> <span class='ocrx_word' id='word_1_274' title='bbox 1138 2494 1411 2547; x_wconf 74' lang='lat' dir='ltr'><strong>benefacta</strong></span> <span class='ocrx_word' id='word_1_275' title='bbox 1445 2491 1723 2560; x_wconf 86' lang='lat' dir='ltr'><strong>placentis,</strong></span> <span class='ocrx_word' id='word_1_276' title='bbox 1755 2491 1964 2558; x_wconf 88' lang='lat' dir='ltr'><strong>quoties</strong></span> 
     </span>
    </p>
   </div>
   <div class='ocr_carea' id='block_1_42' title="bbox 385 2583 1962 2655">
    <p class='ocr_par' dir='ltr' id='par_1_42' title="bbox 385 2583 1962 2655">
     <span class='ocr_line' id='line_1_42' title="bbox 385 2583 1962 2655; baseline -0.007 -10"><span class='ocrx_word' id='word_1_277' title='bbox 385 2592 701 2648; x_wconf 84' lang='lat' dir='ltr'><strong>ostentando</strong></span> <span class='ocrx_word' id='word_1_278' title='bbox 724 2590 942 2651; x_wconf 81' lang='lat' dir='ltr'><strong>factum,</strong></span> <span class='ocrx_word' id='word_1_279' title='bbox 965 2588 1154 2655; x_wconf 87' lang='lat' dir='ltr'><strong>recipit</strong></span> <span class='ocrx_word' id='word_1_280' title='bbox 1189 2588 1440 2654; x_wconf 88' lang='lat' dir='ltr'><strong>pretium,</strong></span> <span class='ocrx_word' id='word_1_281' title='bbox 1469 2585 1521 2637; x_wconf 94' lang='lat' dir='ltr'><strong>id</strong></span> <span class='ocrx_word' id='word_1_282' title='bbox 1571 2595 1650 2638; x_wconf 90' lang='lat' dir='ltr'><strong>est</strong></span> <span class='ocrx_word' id='word_1_283' title='bbox 1685 2583 1962 2651; x_wconf 71' lang='lat' dir='ltr'><strong>prmmium</strong></span> 
     </span>
    </p>
   </div>
   <div class='ocr_carea' id='block_1_43' title="bbox 388 2671 1960 2738">
    <p class='ocr_par' dir='ltr' id='par_1_43' title="bbox 388 2671 1960 2738">
     <span class='ocr_line' id='line_1_43' title="bbox 388 2671 1960 2738; baseline -0.011 0"><span class='ocrx_word' id='word_1_284' title='bbox 388 2683 572 2738; x_wconf 66' lang='lat' dir='ltr'><strong>famae.</strong></span> <span class='ocrx_word' id='word_1_285' title='bbox 608 2681 718 2736; x_wconf 88' lang='lat' dir='ltr'><strong>Cic.</strong></span> <span class='ocrx_word' id='word_1_286' title='bbox 742 2680 794 2734; x_wconf 90' lang='lat' dir='ltr'><strong>in</strong></span> <span class='ocrx_word' id='word_1_287' title='bbox 821 2677 1036 2732; x_wconf 81' lang='lat' dir='ltr'><strong>Tuscul.</strong></span> <span class='ocrx_word' id='word_1_288' title='bbox 1057 2692 1073 2732; x_wconf 87' lang='lat'>:</span> <span class='ocrx_word' id='word_1_289' title='bbox 1092 2677 1164 2729; x_wconf 84' lang='lat' dir='ltr'><strong>&#39;l‘e</strong></span> <span class='ocrx_word' id='word_1_290' title='bbox 1185 2683 1380 2737; x_wconf 86' lang='lat' dir='ltr'><strong>autem,</strong></span> <span class='ocrx_word' id='word_1_291' title='bbox 1405 2673 1447 2725; x_wconf 89' lang='lat' dir='ltr'><strong>si</strong></span> <span class='ocrx_word' id='word_1_292' title='bbox 1472 2673 1521 2726; x_wconf 92' lang='lat' dir='ltr'><strong>in</strong></span> <span class='ocrx_word' id='word_1_293' title='bbox 1546 2672 1714 2725; x_wconf 84' lang='lat' dir='ltr'><strong>oculis</strong></span> <span class='ocrx_word' id='word_1_294' title='bbox 1730 2672 1803 2724; x_wconf 83' lang='lat' dir='ltr'><strong>sis</strong></span> <span class='ocrx_word' id='word_1_295' title='bbox 1825 2671 1960 2723; x_wconf 84' lang='lat' dir='ltr'><strong>mul-</strong></span> 
     </span>
    </p>
   </div>
   <div class='ocr_carea' id='block_1_44' title="bbox 386 2760 1964 2847">
    <p class='ocr_par' dir='ltr' id='par_1_44' title="bbox 386 2760 1964 2847">
     <span class='ocr_line' id='line_1_44' title="bbox 386 2760 1964 2847; baseline -0.01 -19"><span class='ocrx_word' id='word_1_296' title='bbox 386 2773 651 2837; x_wconf 87' lang='lat' dir='ltr'><strong>titudinis,</strong></span> <span class='ocrx_word' id='word_1_297' title='bbox 682 2782 854 2847; x_wconf 80' lang='lat' dir='ltr'><strong>tamen</strong></span> <span class='ocrx_word' id='word_1_298' title='bbox 897 2768 1010 2837; x_wconf 86' lang='lat' dir='ltr'><strong>ejus</strong></span> <span class='ocrx_word' id='word_1_299' title='bbox 1057 2766 1259 2834; x_wconf 87' lang='lat' dir='ltr'><strong>judicio</strong></span> <span class='ocrx_word' id='word_1_300' title='bbox 1311 2773 1454 2816; x_wconf 89' lang='lat' dir='ltr'><strong>stare</strong></span> <span class='ocrx_word' id='word_1_301' title='bbox 1483 2762 1668 2825; x_wconf 66' lang='lat' dir='ltr'><strong>nolim,</strong></span> <span class='ocrx_word' id='word_1_302' title='bbox 1700 2776 1796 2813; x_wconf 88' lang='lat' dir='ltr'><strong>uec</strong></span> <span class='ocrx_word' id='word_1_303' title='bbox 1825 2760 1964 2827; x_wconf 87' lang='lat' dir='ltr'><strong>quod</strong></span> 
     </span>
    </p>
   </div>
   <div class='ocr_carea' id='block_1_45' title="bbox 385 2850 1964 2932">
    <p class='ocr_par' dir='ltr' id='par_1_45' title="bbox 385 2850 1964 2932">
     <span class='ocr_line' id='line_1_45' title="bbox 385 2850 1964 2932; baseline -0.008 -16"><span class='ocrx_word' id='word_1_304' title='bbox 385 2863 475 2916; x_wconf 90' lang='lat' dir='ltr'><strong>illa</strong></span> <span class='ocrx_word' id='word_1_305' title='bbox 525 2873 693 2932; x_wconf 88' lang='lat' dir='ltr'><strong>putet,</strong></span> <span class='ocrx_word' id='word_1_306' title='bbox 725 2862 863 2915; x_wconf 91' lang='lat' dir='ltr'><strong>idem</strong></span> <span class='ocrx_word' id='word_1_307' title='bbox 921 2869 970 2912; x_wconf 90' lang='lat' dir='ltr'><strong>te</strong></span> <span class='ocrx_word' id='word_1_308' title='bbox 1013 2869 1196 2926; x_wconf 91' lang='lat' dir='ltr'><strong>putare</strong></span> <span class='ocrx_word' id='word_1_309' title='bbox 1240 2854 1672 2923; x_wconf 88' lang='lat' dir='ltr'><strong>pulcheriimum.</strong></span> <span class='ocrx_word' id='word_1_310' title='bbox 1727 2850 1842 2904; x_wconf 86' lang='lat' dir='ltr'><strong>Tuo</strong></span> <span class='ocrx_word' id='word_1_311' title='bbox 1873 2851 1964 2904; x_wconf 90' lang='lat' dir='ltr'><strong>tibi</strong></span> 
     </span>
    </p>
   </div>
   <div class='ocr_carea' id='block_1_46' title="bbox 387 2941 1964 3023">
    <p class='ocr_par' dir='ltr' id='par_1_46' title="bbox 387 2941 1964 3023">
     <span class='ocr_line' id='line_1_46' title="bbox 387 2941 1964 3023; baseline -0.008 -17"><span class='ocrx_word' id='word_1_312' title='bbox 387 2953 590 3023; x_wconf 83' lang='lat' dir='ltr'><strong>judicio</strong></span> <span class='ocrx_word' id='word_1_313' title='bbox 615 2963 695 3007; x_wconf 84' lang='lat' dir='ltr'><strong>est</strong></span> <span class='ocrx_word' id='word_1_314' title='bbox 719 2952 973 3007; x_wconf 86' lang='lat' dir='ltr'><strong>utendum</strong></span> <span class='ocrx_word' id='word_1_315' title='bbox 1005 2967 1019 3004; x_wconf 91' lang='lat'><strong>:</strong></span> <span class='ocrx_word' id='word_1_316' title='bbox 1047 2949 1164 3003; x_wconf 85' lang='lat' dir='ltr'><strong>Tibi</strong></span> <span class='ocrx_word' id='word_1_317' title='bbox 1189 2948 1231 2999; x_wconf 91' lang='lat' dir='ltr'><strong>si</strong></span> <span class='ocrx_word' id='word_1_318' title='bbox 1263 2955 1401 2999; x_wconf 90' lang='lat' dir='ltr'><strong>recta</strong></span> <span class='ocrx_word' id='word_1_319' title='bbox 1437 2943 1678 3011; x_wconf 88' lang='lat' dir='ltr'><strong>probanti</strong></span> <span class='ocrx_word' id='word_1_320' title='bbox 1711 2941 1964 3010; x_wconf 80' lang='lat' dir='ltr'><strong>placebis,</strong></span> 
     </span>
    </p>
   </div>
   <div class='ocr_carea' id='block_1_47' title="bbox 391 3034 1967 3108">
    <p class='ocr_par' dir='ltr' id='par_1_47' title="bbox 391 3034 1967 3108">
     <span class='ocr_line' id='line_1_47' title="bbox 391 3034 1967 3108; baseline -0.011 -4"><span class='ocrx_word' id='word_1_321' title='bbox 391 3060 518 3105; x_wconf 88' lang='lat' dir='ltr'><strong>tunc</strong></span> <span class='ocrx_word' id='word_1_322' title='bbox 553 3065 654 3102; x_wconf 87' lang='lat' dir='ltr'><strong>nou</strong></span> <span class='ocrx_word' id='word_1_323' title='bbox 682 3047 840 3101; x_wconf 90' lang='lat' dir='ltr'><strong>modo</strong></span> <span class='ocrx_word' id='word_1_324' title='bbox 865 3056 917 3099; x_wconf 89' lang='lat' dir='ltr'><strong>lu</strong></span> <span class='ocrx_word' id='word_1_325' title='bbox 948 3056 998 3098; x_wconf 90' lang='lat' dir='ltr'><strong>te</strong></span> <span class='ocrx_word' id='word_1_326' title='bbox 1019 3043 1213 3097; x_wconf 82' lang='lat' dir='ltr'><strong>viceris</strong></span> <span class='ocrx_word' id='word_1_327' title='bbox 1242 3038 1403 3108; x_wconf 85' lang='lat' dir='ltr'><strong>(quod</strong></span> <span class='ocrx_word' id='word_1_328' title='bbox 1434 3039 1590 3103; x_wconf 90' lang='lat' dir='ltr'><strong>pau&#39;o</strong></span> <span class='ocrx_word' id='word_1_329' title='bbox 1629 3043 1751 3087; x_wconf 88' lang='lat' dir='ltr'><strong>ante</strong></span> <span class='ocrx_word' id='word_1_330' title='bbox 1782 3034 1967 3102; x_wconf 67' lang='lat' dir='ltr'><strong>prazci-</strong></span> 
     </span>
    </p>
   </div>
   <div class='ocr_carea' id='block_1_48' title="bbox 389 3126 1962 3209">
    <p class='ocr_par' dir='ltr' id='par_1_48' title="bbox 389 3126 1962 3209">
     <span class='ocr_line' id='line_1_48' title="bbox 389 3126 1962 3209; baseline -0.013 -14"><span class='ocrx_word' id='word_1_331' title='bbox 389 3139 620 3209; x_wconf 85' lang='lat' dir='ltr'><strong>piebam)</strong></span> <span class='ocrx_word' id='word_1_332' title='bbox 643 3139 734 3192; x_wconf 89' lang='lat' dir='ltr'><strong>sed</strong></span> <span class='ocrx_word' id='word_1_333' title='bbox 764 3150 950 3191; x_wconf 86' lang='lat' dir='ltr'><strong>omnes</strong></span> <span class='ocrx_word' id='word_1_334' title='bbox 975 3144 1027 3188; x_wconf 92' lang='lat' dir='ltr'><strong>et</strong></span> <span class='ocrx_word' id='word_1_335' title='bbox 1051 3131 1248 3184; x_wconf 87' lang='lat' dir='ltr'><strong>omnia.</strong></span> <span class='ocrx_word' id='word_1_336' title='bbox 1269 3130 1376 3181; x_wconf 91' lang='lat' dir='ltr'><strong>lloc</strong></span> <span class='ocrx_word' id='word_1_337' title='bbox 1399 3127 1559 3195; x_wconf 84' lang='lat' dir='ltr'><strong>igitur</strong></span> <span class='ocrx_word' id='word_1_338' title='bbox 1586 3126 1677 3178; x_wconf 89' lang='lat' dir='ltr'><strong>tibi</strong></span> <span class='ocrx_word' id='word_1_339' title='bbox 1707 3137 1962 3191; x_wconf 89' lang='lat' dir='ltr'><strong>propone,</strong></span> 
     </span>
    </p>
   </div>
   <div class='ocr_carea' id='block_1_49' title="bbox 2063 1928 3615 1998">
    <p class='ocr_par' dir='ltr' id='par_1_49' title="bbox 2063 1928 3615 1998">
     <span class='ocr_line' id='line_1_49' title="bbox 2063 1928 3615 1998; baseline 0.001 -17"><span class='ocrx_word' id='word_1_340' title='bbox 2063 1946 2161 1998; x_wconf 89' lang='lat' dir='ltr'><strong>pus</strong></span> <span class='ocrx_word' id='word_1_341' title='bbox 2213 1928 2379 1983; x_wconf 90' lang='lat' dir='ltr'><strong>habiti</strong></span> <span class='ocrx_word' id='word_1_342' title='bbox 2427 1940 2551 1982; x_wconf 83' lang='lat' dir='ltr'><strong>sunt</strong></span> <span class='ocrx_word' id='word_1_343' title='bbox 2597 1930 2754 1997; x_wconf 80' lang='lat' dir='ltr'><strong>magi,</strong></span> <span class='ocrx_word' id='word_1_344' title='bbox 2809 1938 2862 1982; x_wconf 89' lang='lat' dir='ltr'><strong>et</strong></span> <span class='ocrx_word' id='word_1_345' title='bbox 2901 1929 3066 1982; x_wconf 86' lang='lat' dir='ltr'><strong>videri</strong></span> <span class='ocrx_word' id='word_1_346' title='bbox 3110 1932 3268 1983; x_wconf 81' lang='lat' dir='ltr'><strong>etiam</strong></span> <span class='ocrx_word' id='word_1_347' title='bbox 3317 1929 3615 1993; x_wconf 73' lang='lat' dir='ltr'><strong>voluerunt,</strong></span> 
     </span>
    </p>
   </div>
   <div class='ocr_carea' id='block_1_50' title="bbox 2061 2021 3621 2090">
    <p class='ocr_par' dir='ltr' id='par_1_50' title="bbox 2061 2021 3621 2090">
     <span class='ocr_line' id='line_1_50' title="bbox 2061 2021 3621 2090; baseline -0.004 -15"><span class='ocrx_word' id='word_1_348' title='bbox 2061 2036 2180 2075; x_wconf 89' lang='lat' dir='ltr'><strong>cum</strong></span> <span class='ocrx_word' id='word_1_349' title='bbox 2215 2031 2435 2090; x_wconf 81' lang='lat' dir='ltr'><strong>uteique</strong></span> <span class='ocrx_word' id='word_1_350' title='bbox 2468 2021 2812 2089; x_wconf 73' lang='grc' dir='ltr'><strong>ριιίιυειιιιιιιιε</strong></span> <span class='ocrx_word' id='word_1_351' title='bbox 2841 2031 3000 2073; x_wconf 75' lang='lat' dir='ltr'><strong>esst-t.</strong></span> <span class='ocrx_word' id='word_1_352' title='bbox 3037 2021 3172 2089; x_wconf 74' lang='lat' dir='ltr'><strong>Ergo</strong></span> <span class='ocrx_word' id='word_1_353' title='bbox 3202 2021 3330 2074; x_wconf 84' lang='lat' dir='ltr'><strong>dicit</strong></span> <span class='ocrx_word' id='word_1_354' title='bbox 3354 2031 3621 2073; x_wconf 66' lang='lat' dir='ltr'><strong>accusato.</strong></span> 
     </span>
    </p>
   </div>
   <div class='ocr_carea' id='block_1_51' title="bbox 2064 2111 3622 2182">
    <p class='ocr_par' dir='ltr' id='par_1_51' title="bbox 2064 2111 3622 2182">
     <span class='ocr_line' id='line_1_51' title="bbox 2064 2111 3622 2182; baseline 0 -16"><span class='ocrx_word' id='word_1_355' title='bbox 2064 2129 2152 2167; x_wconf 90' lang='lat' dir='ltr'><strong>res</strong></span> <span class='ocrx_word' id='word_1_356' title='bbox 2179 2113 2439 2182; x_wconf 87' lang='lat' dir='ltr'><strong>ol-jecisse</strong></span> <span class='ocrx_word' id='word_1_357' title='bbox 2464 2114 2511 2165; x_wconf 92' lang='lat' dir='ltr'><strong>ei</strong></span> <span class='ocrx_word' id='word_1_358' title='bbox 2545 2125 2762 2180; x_wconf 80' lang='lat' dir='ltr'><strong>propter</strong></span> <span class='ocrx_word' id='word_1_359' title='bbox 2807 2111 3167 2177; x_wconf 76' lang='lat' dir='ltr'><strong>cupiditatem,</strong></span> <span class='ocrx_word' id='word_1_360' title='bbox 3202 2120 3259 2162; x_wconf 85' lang='lat' dir='ltr'><strong>ut</strong></span> <span class='ocrx_word' id='word_1_361' title='bbox 3296 2112 3622 2166; x_wconf 89' lang='lat' dir='ltr'><strong>consulatum</strong></span> 
     </span>
    </p>
   </div>
   <div class='ocr_carea' id='block_1_52' title="bbox 2061 2202 3623 2275">
    <p class='ocr_par' dir='ltr' id='par_1_52' title="bbox 2061 2202 3623 2275">
     <span class='ocr_line' id='line_1_52' title="bbox 2061 2202 3623 2275; baseline 0.001 -19"><span class='ocrx_word' id='word_1_362' title='bbox 2061 2214 2116 2256; x_wconf 89' lang='lat' dir='ltr'><strong>et</strong></span> <span class='ocrx_word' id='word_1_363' title='bbox 2145 2209 2480 2275; x_wconf 72' lang='lat' dir='ltr'><strong>magistratus</strong></span> <span class='ocrx_word' id='word_1_364' title='bbox 2509 2205 2565 2258; x_wconf 85' lang='lat' dir='ltr'><strong>in</strong></span> <span class='ocrx_word' id='word_1_365' title='bbox 2588 2204 2714 2257; x_wconf 86' lang='lat' dir='ltr'><strong>urbe</strong></span> <span class='ocrx_word' id='word_1_366' title='bbox 2745 2213 3180 2272; x_wconf 83' lang='lat' dir='ltr'><strong>Consequeretur.</strong></span> <span class='ocrx_word' id='word_1_367' title='bbox 3204 2219 3322 2255; x_wconf 91' lang='lat' dir='ltr'><strong>cum</strong></span> <span class='ocrx_word' id='word_1_368' title='bbox 3351 2202 3623 2257; x_wconf 75' lang='lat' dir='ltr'><strong>damnor-iis</strong></span> 
     </span>
    </p>
   </div>
   <div class='ocr_carea' id='block_1_53' title="bbox 2061 2295 3622 2362">
    <p class='ocr_par' dir='ltr' id='par_1_53' title="bbox 2061 2295 3622 2362">
     <span class='ocr_line' id='line_1_53' title="bbox 2061 2295 3622 2362; baseline -0.003 -11"><span class='ocrx_word' id='word_1_369' title='bbox 2061 2314 2182 2352; x_wconf 89' lang='lat' dir='ltr'><strong>eum</strong></span> <span class='ocrx_word' id='word_1_370' title='bbox 2208 2297 2453 2351; x_wconf 68' lang='lat' dir='ltr'><strong>habuisse</strong></span> <span class='ocrx_word' id='word_1_371' title='bbox 2479 2298 2854 2350; x_wconf 78' lang='lat' dir='ltr'><strong>connnercium</strong></span> <span class='ocrx_word' id='word_1_372' title='bbox 2883 2313 2896 2347; x_wconf 91' lang='lat'><strong>:</strong></span> <span class='ocrx_word' id='word_1_373' title='bbox 2927 2295 3065 2362; x_wconf 90' lang='lat' dir='ltr'><strong>quod</strong></span> <span class='ocrx_word' id='word_1_374' title='bbox 3091 2295 3274 2347; x_wconf 82' lang='lat' dir='ltr'><strong>falsiim</strong></span> <span class='ocrx_word' id='word_1_375' title='bbox 3304 2310 3420 2347; x_wconf 83' lang='lat' dir='ltr'><strong>esse</strong></span> <span class='ocrx_word' id='word_1_376' title='bbox 3449 2305 3622 2346; x_wconf 79' lang='lat' dir='ltr'><strong>osten-</strong></span> 
     </span>
    </p>
   </div>
   <div class='ocr_carea' id='block_1_54' title="bbox 2063 2384 3624 2452">
    <p class='ocr_par' dir='ltr' id='par_1_54' title="bbox 2063 2384 3624 2452">
     <span class='ocr_line' id='line_1_54' title="bbox 2063 2384 3624 2452; baseline -0.003 -12"><span class='ocrx_word' id='word_1_377' title='bbox 2063 2389 2141 2440; x_wconf 86' lang='lat' dir='ltr'><strong>d.t</strong></span> <span class='ocrx_word' id='word_1_378' title='bbox 2171 2404 2233 2441; x_wconf 82' lang='lat' dir='ltr'><strong>ex</strong></span> <span class='ocrx_word' id='word_1_379' title='bbox 2266 2387 2454 2440; x_wconf 82' lang='lat' dir='ltr'><strong>Studiis</strong></span> <span class='ocrx_word' id='word_1_380' title='bbox 2485 2388 2616 2448; x_wconf 86' lang='lat' dir='ltr'><strong>suis,</strong></span> <span class='ocrx_word' id='word_1_381' title='bbox 2639 2401 2758 2438; x_wconf 92' lang='lat' dir='ltr'><strong>cum</strong></span> <span class='ocrx_word' id='word_1_382' title='bbox 2794 2386 2952 2437; x_wconf 76' lang='lat' dir='ltr'><strong>fuerit</strong></span> <span class='ocrx_word' id='word_1_383' title='bbox 2979 2385 3119 2436; x_wconf 88' lang='lat' dir='ltr'><strong>enim</strong></span> <span class='ocrx_word' id='word_1_384' title='bbox 3159 2385 3365 2436; x_wconf 88' lang='lat' dir='ltr'><strong>deditus</strong></span> <span class='ocrx_word' id='word_1_385' title='bbox 3395 2384 3624 2452; x_wconf 73' lang='lat' dir='ltr'><strong>philoso-</strong></span> 
     </span>
    </p>
   </div>
   <div class='ocr_carea' id='block_1_55' title="bbox 2065 2474 3624 2547">
    <p class='ocr_par' dir='ltr' id='par_1_55' title="bbox 2065 2474 3624 2547">
     <span class='ocr_line' id='line_1_55' title="bbox 2065 2474 3624 2547; baseline -0.003 -17"><span class='ocrx_word' id='word_1_386' title='bbox 2065 2481 2221 2547; x_wconf 71' lang='lat' dir='ltr'><strong>ptiite,</strong></span> <span class='ocrx_word' id='word_1_387' title='bbox 2253 2476 2670 2545; x_wconf 81' lang='lat' dir='ltr'><strong>qiuejussitDeo</strong></span> <span class='ocrx_word' id='word_1_388' title='bbox 2701 2490 2822 2528; x_wconf 90' lang='lat' dir='ltr'><strong>eum</strong></span> <span class='ocrx_word' id='word_1_389' title='bbox 2849 2485 2900 2527; x_wconf 92' lang='lat' dir='ltr'><strong>et</strong></span> <span class='ocrx_word' id='word_1_390' title='bbox 2928 2489 3032 2526; x_wconf 91' lang='lat' dir='ltr'><strong>non</strong></span> <span class='ocrx_word' id='word_1_391' title='bbox 3055 2474 3157 2526; x_wconf 88' lang='lat' dir='ltr'><strong>diis</strong></span> <span class='ocrx_word' id='word_1_392' title='bbox 3187 2475 3405 2537; x_wconf 73' lang='lat' dir='ltr'><strong>servile,</strong></span> <span class='ocrx_word' id='word_1_393' title='bbox 3441 2474 3624 2526; x_wconf 86' lang='lat' dir='ltr'><strong>verisi-</strong></span> 
     </span>
    </p>
   </div>
   <div class='ocr_carea' id='block_1_56' title="bbox 2066 2563 3626 2632">
    <p class='ocr_par' dir='ltr' id='par_1_56' title="bbox 2066 2563 3626 2632">
     <span class='ocr_line' id='line_1_56' title="bbox 2066 2563 3626 2632; baseline -0.001 -12"><span class='ocrx_word' id='word_1_394' title='bbox 2066 2569 2190 2620; x_wconf 86' lang='lat' dir='ltr'><strong>mile</strong></span> <span class='ocrx_word' id='word_1_395' title='bbox 2221 2583 2322 2619; x_wconf 87' lang='lat' dir='ltr'><strong>non</strong></span> <span class='ocrx_word' id='word_1_396' title='bbox 2351 2580 2491 2629; x_wconf 80' lang='lat' dir='ltr'><strong>esse,</strong></span> <span class='ocrx_word' id='word_1_397' title='bbox 2524 2574 2579 2617; x_wconf 92' lang='lat' dir='ltr'><strong>ut</strong></span> <span class='ocrx_word' id='word_1_398' title='bbox 2606 2581 2662 2616; x_wconf 88' lang='lat' dir='ltr'><strong>se</strong></span> <span class='ocrx_word' id='word_1_399' title='bbox 2692 2563 2937 2631; x_wconf 82' lang='lat' dir='ltr'><strong>pessimis</strong></span> <span class='ocrx_word' id='word_1_400' title='bbox 2965 2564 3237 2632; x_wconf 78' lang='lat' dir='ltr'><strong>spiritibus</strong></span> <span class='ocrx_word' id='word_1_401' title='bbox 3258 2564 3516 2632; x_wconf 72' lang='lat' dir='ltr'><strong>junge‘ret.</strong></span> <span class='ocrx_word' id='word_1_402' title='bbox 3538 2575 3626 2618; x_wconf 90' lang='lat' dir='ltr'><strong>aut</strong></span> 
     </span>
    </p>
   </div>
   <div class='ocr_carea' id='block_1_57' title="bbox 2065 2654 3628 2723">
    <p class='ocr_par' dir='ltr' id='par_1_57' title="bbox 2065 2654 3628 2723">
     <span class='ocr_line' id='line_1_57' title="bbox 2065 2654 3628 2723; baseline -0.003 -12"><span class='ocrx_word' id='word_1_403' title='bbox 2065 2673 2248 2712; x_wconf 90' lang='lat' dir='ltr'><strong>eorum</strong></span> <span class='ocrx_word' id='word_1_404' title='bbox 2281 2657 2573 2710; x_wconf 89' lang='lat' dir='ltr'><strong>ministerio</strong></span> <span class='ocrx_word' id='word_1_405' title='bbox 2603 2663 2857 2708; x_wconf 88' lang='lat' dir='ltr'><strong>uteretur.</strong></span> <span class='ocrx_word' id='word_1_406' title='bbox 2890 2654 3092 2707; x_wconf 89' lang='lat' dir='ltr'><strong>Deinde</strong></span> <span class='ocrx_word' id='word_1_407' title='bbox 3139 2654 3362 2722; x_wconf 73' lang='lat' dir='ltr'><strong>idipsum</strong></span> <span class='ocrx_word' id='word_1_408' title='bbox 3393 2654 3628 2723; x_wconf 79' lang='lat' dir='ltr'><strong>coarguit</strong></span> 
     </span>
    </p>
   </div>
   <div class='ocr_carea' id='block_1_58' title="bbox 2065 2745 3627 2810">
    <p class='ocr_par' dir='ltr' id='par_1_58' title="bbox 2065 2745 3627 2810">
     <span class='ocr_line' id='line_1_58' title="bbox 2065 2745 3627 2810; baseline -0.004 -6"><span class='ocrx_word' id='word_1_409' title='bbox 2065 2764 2130 2804; x_wconf 80' lang='lat' dir='ltr'><strong>ex</strong></span> <span class='ocrx_word' id='word_1_410' title='bbox 2168 2748 2426 2802; x_wconf 82' lang='lat' dir='ltr'><strong>modestia</strong></span> <span class='ocrx_word' id='word_1_411' title='bbox 2463 2750 2652 2798; x_wconf 71' lang='lat' dir='ltr'><strong>domins</strong></span> <span class='ocrx_word' id='word_1_412' title='bbox 2686 2760 2796 2798; x_wconf 75' lang='lat' dir='ltr'><strong>sua:</strong></span> <span class='ocrx_word' id='word_1_413' title='bbox 2820 2755 2873 2798; x_wconf 89' lang='lat' dir='ltr'><strong>et</strong></span> <span class='ocrx_word' id='word_1_414' title='bbox 2900 2745 3159 2810; x_wconf 87' lang='lat' dir='ltr'><strong>probitate</strong></span> <span class='ocrx_word' id='word_1_415' title='bbox 3189 2748 3478 2797; x_wconf 86' lang='lat' dir='ltr'><strong>amicorum</strong></span> <span class='ocrx_word' id='word_1_416' title='bbox 3507 2760 3627 2798; x_wconf 88' lang='lat' dir='ltr'><strong>suo-</strong></span> 
     </span>
    </p>
   </div>
   <div class='ocr_carea' id='block_1_59' title="bbox 2066 2837 3628 2907">
    <p class='ocr_par' dir='ltr' id='par_1_59' title="bbox 2066 2837 3628 2907">
     <span class='ocr_line' id='line_1_59' title="bbox 2066 2837 3628 2907; baseline -0.004 -13"><span class='ocrx_word' id='word_1_417' title='bbox 2066 2856 2206 2904; x_wconf 89' lang='lat' dir='ltr'><strong>rum,</strong></span> <span class='ocrx_word' id='word_1_418' title='bbox 2236 2851 2289 2893; x_wconf 89' lang='lat' dir='ltr'><strong>et</strong></span> <span class='ocrx_word' id='word_1_419' title='bbox 2329 2839 2586 2891; x_wconf 80' lang='lat' dir='ltr'><strong>aitinitatc</strong></span> <span class='ocrx_word' id='word_1_420' title='bbox 2628 2837 2930 2907; x_wconf 85' lang='lat' dir='ltr'><strong>Symmachi</strong></span> <span class='ocrx_word' id='word_1_421' title='bbox 2966 2853 2979 2888; x_wconf 91' lang='lat'><strong>:</strong></span> <span class='ocrx_word' id='word_1_422' title='bbox 3012 2838 3163 2904; x_wconf 84' lang='lat' dir='ltr'><strong>cujus</strong></span> <span class='ocrx_word' id='word_1_423' title='bbox 3201 2837 3358 2890; x_wconf 63' lang='lat' dir='ltr'><strong>ﬁdam</strong></span> <span class='ocrx_word' id='word_1_424' title='bbox 3407 2851 3628 2890; x_wconf 76' lang='lat' dir='ltr'><strong>uxorem</strong></span> 
     </span>
    </p>
   </div>
   <div class='ocr_carea' id='block_1_60' title="bbox 2066 2929 3630 3000">
    <p class='ocr_par' dir='ltr' id='par_1_60' title="bbox 2066 2929 3630 3000">
     <span class='ocr_line' id='line_1_60' title="bbox 2066 2929 3630 3000; baseline -0.004 -12"><span class='ocrx_word' id='word_1_425' title='bbox 2066 2935 2164 2988; x_wconf 88' lang='lat' dir='ltr'><strong>sibi</strong></span> <span class='ocrx_word' id='word_1_426' title='bbox 2192 2935 2434 2997; x_wconf 90' lang='lat' dir='ltr'><strong>habebat,</strong></span> <span class='ocrx_word' id='word_1_427' title='bbox 2469 2933 2557 3000; x_wconf 88' lang='lat' dir='ltr'><strong>qui</strong></span> <span class='ocrx_word' id='word_1_428' title='bbox 2605 2946 2708 2982; x_wconf 91' lang='lat' dir='ltr'><strong>non</strong></span> <span class='ocrx_word' id='word_1_429' title='bbox 2747 2933 3061 2998; x_wconf 84' lang='lat' dir='ltr'><strong>potuissent,</strong></span> <span class='ocrx_word' id='word_1_430' title='bbox 3090 2930 3132 2980; x_wconf 85' lang='lat' dir='ltr'><strong>si</strong></span> <span class='ocrx_word' id='word_1_431' title='bbox 3159 2938 3262 2980; x_wconf 93' lang='lat' dir='ltr'><strong>tam</strong></span> <span class='ocrx_word' id='word_1_432' title='bbox 3324 2929 3630 2982; x_wconf 79' lang='lat' dir='ltr'><strong>facinorosai</strong></span> 
     </span>
    </p>
   </div>
   <div class='ocr_carea' id='block_1_61' title="bbox 2067 3021 3279 3086">
    <p class='ocr_par' dir='ltr' id='par_1_61' title="bbox 2067 3021 3279 3086">
     <span class='ocr_line' id='line_1_61' title="bbox 2067 3021 3279 3086; baseline -0.005 -8"><span class='ocrx_word' id='word_1_433' title='bbox 2067 3030 2187 3078; x_wconf 67' lang='lat' dir='ltr'><strong>vitae</strong></span> <span class='ocrx_word' id='word_1_434' title='bbox 2219 3023 2424 3086; x_wconf 70' lang='lat' dir='ltr'><strong>fuisset,</strong></span> <span class='ocrx_word' id='word_1_435' title='bbox 2452 3023 2629 3075; x_wconf 71' lang='lat' dir='ltr'><strong>secufn</strong></span> <span class='ocrx_word' id='word_1_436' title='bbox 2652 3022 2956 3074; x_wconf 70' lang='lat' dir='ltr'><strong>cenveuire.</strong></span> <span class='ocrx_word' id='word_1_437' title='bbox 2989 3021 3279 3075; x_wconf 73' lang='lat' dir='ltr'><strong>Acntcou.</strong></span> 
     </span>
    </p>
   </div>
   <div class='ocr_carea' id='block_1_62' title="bbox 2141 3108 3632 3183">
    <p class='ocr_par' dir='ltr' id='par_1_62' title="bbox 2141 3108 3632 3183">
     <span class='ocr_line' id='line_1_62' title="bbox 2141 3108 3632 3183; baseline -0.002 -15"><span class='ocrx_word' id='word_1_438' title='bbox 2141 3111 2516 3183; x_wconf 83' lang='lat' dir='ltr'><strong>Commistiuue]</strong></span> <span class='ocrx_word' id='word_1_439' title='bbox 2537 3111 2846 3164; x_wconf 89' lang='lat' dir='ltr'><strong>Commislio</strong></span> <span class='ocrx_word' id='word_1_440' title='bbox 2874 3127 2897 3163; x_wconf 77' lang='grc' dir='ltr'><em>ε</em></span> <span class='ocrx_word' id='word_1_441' title='bbox 2923 3112 3124 3174; x_wconf 88' lang='lat' dir='ltr'><strong>littera,</strong></span> <span class='ocrx_word' id='word_1_442' title='bbox 3159 3119 3261 3162; x_wconf 82' lang='lat' dir='ltr'><strong>nori</strong></span> <span class='ocrx_word' id='word_1_443' title='bbox 3286 3125 3322 3163; x_wconf 71' lang='grc' dir='ltr'><strong>ας</strong></span> <span class='ocrx_word' id='word_1_444' title='bbox 3354 3108 3632 3165; x_wconf 86' lang='lat' dir='ltr'><strong>dicendum</strong></span> 
     </span>
    </p>
   </div>
   <div class='ocr_carea' id='block_1_63' title="bbox 389 3199 3632 3300">
    <p class='ocr_par' dir='ltr' id='par_1_63' title="bbox 389 3199 3632 3300">
     <span class='ocr_line' id='line_1_63' title="bbox 389 3199 3632 3300; baseline -0.01 -14"><span class='ocrx_word' id='word_1_445' title='bbox 389 3232 784 3300; x_wconf 81' lang='lat' dir='ltr'><strong>amplitudinem</strong></span> <span class='ocrx_word' id='word_1_446' title='bbox 815 3227 998 3291; x_wconf 85' lang='lat' dir='ltr'><strong>animi,</strong></span> <span class='ocrx_word' id='word_1_447' title='bbox 1023 3234 1076 3278; x_wconf 86' lang='lat' dir='ltr'><strong>et</strong></span> <span class='ocrx_word' id='word_1_448' title='bbox 1101 3222 1255 3292; x_wconf 91' lang='lat' dir='ltr'><strong>quasi</strong></span> <span class='ocrx_word' id='word_1_449' title='bbox 1281 3219 1561 3289; x_wconf 88' lang='lat' dir='ltr'><strong>quamdam</strong></span> <span class='ocrx_word' id='word_1_450' title='bbox 1601 3213 1963 3281; x_wconf 75' lang='lat' dir='ltr'><strong>exaggeratin-</strong></span> <span class='ocrx_word' id='word_1_451' title='bbox 1990 3199 2033 3258; x_wconf 86' lang='lat' dir='ltr'>C</span> <span class='ocrx_word' id='word_1_452' title='bbox 2069 3219 2169 3263; x_wconf 73' lang='grc' dir='ltr'><strong>εει.</strong></span> <span class='ocrx_word' id='word_1_453' title='bbox 2203 3209 2256 3262; x_wconf 94' lang='lat' dir='ltr'><strong>Si</strong></span> <span class='ocrx_word' id='word_1_454' title='bbox 2288 3209 2427 3258; x_wconf 91' lang='lat' dir='ltr'><strong>cnim</strong></span> <span class='ocrx_word' id='word_1_455' title='bbox 2461 3222 2509 3257; x_wconf 92' lang='lat' dir='ltr'><strong>m</strong></span> <span class='ocrx_word' id='word_1_456' title='bbox 2537 3218 2634 3256; x_wconf 81' lang='lat' dir='ltr'><strong>xeo</strong></span> <span class='ocrx_word' id='word_1_457' title='bbox 2664 3205 2713 3257; x_wconf 94' lang='lat' dir='ltr'><strong>in</strong></span> <span class='ocrx_word' id='word_1_458' title='bbox 2765 3205 3047 3257; x_wconf 77' lang='lat' dir='ltr'><strong>indicativo</strong></span> <span class='ocrx_word' id='word_1_459' title='bbox 3091 3204 3328 3265; x_wconf 87' lang='lat' dir='ltr'><strong>haberet,</strong></span> <span class='ocrx_word' id='word_1_460' title='bbox 3362 3218 3632 3270; x_wconf 83' lang='lat' dir='ltr'><strong>possemus</strong></span> 
     </span>
    </p>
   </div>
   <div class='ocr_carea' id='block_1_64' title="bbox 391 3305 1960 3392">
    <p class='ocr_par' dir='ltr' id='par_1_64' title="bbox 391 3305 1960 3392">
     <span class='ocr_line' id='line_1_64' title="bbox 391 3305 1960 3392; baseline -0.014 -15"><span class='ocrx_word' id='word_1_461' title='bbox 391 3339 510 3377; x_wconf 89' lang='lat' dir='ltr'><strong>nem</strong></span> <span class='ocrx_word' id='word_1_462' title='bbox 538 3337 696 3392; x_wconf 90' lang='lat' dir='ltr'><strong>quam</strong></span> <span class='ocrx_word' id='word_1_463' title='bbox 725 3319 1034 3373; x_wconf 76' lang='lat' dir='ltr'><strong>altissimam</strong></span> <span class='ocrx_word' id='word_1_464' title='bbox 1066 3314 1223 3367; x_wconf 90' lang='lat' dir='ltr'><strong>animi</strong></span> <span class='ocrx_word' id='word_1_465' title='bbox 1271 3311 1380 3379; x_wconf 88' lang='lat' dir='ltr'><strong>(qui</strong></span> <span class='ocrx_word' id='word_1_466' title='bbox 1419 3309 1646 3369; x_wconf 77' lang='lat' dir='ltr'><strong>maxime</strong></span> <span class='ocrx_word' id='word_1_467' title='bbox 1674 3306 1872 3359; x_wconf 89' lang='lat' dir='ltr'><strong>eminet</strong></span> <span class='ocrx_word' id='word_1_468' title='bbox 1910 3305 1960 3356; x_wconf 91' lang='lat' dir='ltr'><strong>in</strong></span> 
     </span>
    </p>
   </div>
   <div class='ocr_carea' id='block_1_65' title="bbox 391 3400 1962 3472">
    <p class='ocr_par' dir='ltr' id='par_1_65' title="bbox 391 3400 1962 3472">
     <span class='ocr_line' id='line_1_65' title="bbox 391 3400 1962 3472; baseline -0.015 -3"><span class='ocrx_word' id='word_1_469' title='bbox 391 3411 790 3470; x_wconf 82' lang='lat' dir='ltr'><strong>contemnendis</strong></span> <span class='ocrx_word' id='word_1_470' title='bbox 822 3419 874 3462; x_wconf 91' lang='lat' dir='ltr'><strong>et</strong></span> <span class='ocrx_word' id='word_1_471' title='bbox 919 3404 1275 3472; x_wconf 83' lang='lat' dir='ltr'><strong>despiciendis</strong></span> <span class='ocrx_word' id='word_1_472' title='bbox 1309 3400 1614 3465; x_wconf 72' lang='lat' dir='ltr'><strong>doloribus)</strong></span> <span class='ocrx_word' id='word_1_473' title='bbox 1641 3411 1800 3450; x_wconf 90' lang='lat' dir='ltr'><strong>unam</strong></span> <span class='ocrx_word' id='word_1_474' title='bbox 1843 3408 1962 3447; x_wconf 80' lang='lat' dir='ltr'><strong>esse</strong></span> 
     </span>
    </p>
   </div>
   <div class='ocr_carea' id='block_1_66' title="bbox 390 3479 1962 3574">
    <p class='ocr_par' dir='ltr' id='par_1_66' title="bbox 390 3479 1962 3574">
     <span class='ocr_line' id='line_1_66' title="bbox 390 3479 1962 3574; baseline -0.015 -15"><span class='ocrx_word' id='word_1_475' title='bbox 390 3506 625 3559; x_wconf 85' lang='lat' dir='ltr'><strong>omnium</strong></span> <span class='ocrx_word' id='word_1_476' title='bbox 651 3519 761 3556; x_wconf 83' lang='lat' dir='ltr'><strong>rem</strong></span> <span class='ocrx_word' id='word_1_477' title='bbox 788 3498 1229 3574; x_wconf 75' lang='lat' dir='ltr'><strong>pulcherrimam,</strong></span> <span class='ocrx_word' id='word_1_478' title='bbox 1268 3507 1438 3560; x_wconf 89' lang='lat' dir='ltr'><strong>eoque</strong></span> <span class='ocrx_word' id='word_1_479' title='bbox 1480 3479 1874 3560; x_wconf 51' lang='lat' dir='ltr'><strong>pulchriorem,</strong></span> <span class='ocrx_word' id='word_1_480' title='bbox 1919 3485 1962 3537; x_wconf 73' lang='lat' dir='ltr'><strong>si</strong></span> 
     </span>
    </p>
   </div>
   <div class='ocr_carea' id='block_1_67' title="bbox 391 3576 1965 3663">
    <p class='ocr_par' dir='ltr' id='par_1_67' title="bbox 391 3576 1965 3663">
     <span class='ocr_line' id='line_1_67' title="bbox 391 3576 1965 3663; baseline -0.014 -13"><span class='ocrx_word' id='word_1_481' title='bbox 391 3608 540 3651; x_wconf 82' lang='lat' dir='ltr'><strong>vacet</strong></span> <span class='ocrx_word' id='word_1_482' title='bbox 569 3596 781 3663; x_wconf 86' lang='lat' dir='ltr'><strong>populo,</strong></span> <span class='ocrx_word' id='word_1_483' title='bbox 815 3608 981 3659; x_wconf 89' lang='lat' dir='ltr'><strong>neque</strong></span> <span class='ocrx_word' id='word_1_484' title='bbox 1011 3591 1254 3658; x_wconf 87' lang='lat' dir='ltr'><strong>plausum</strong></span> <span class='ocrx_word' id='word_1_485' title='bbox 1279 3595 1520 3654; x_wconf 73' lang='lat' dir='ltr'><strong>captans,</strong></span> <span class='ocrx_word' id='word_1_486' title='bbox 1549 3595 1608 3634; x_wconf 90' lang='lat' dir='ltr'><strong>se</strong></span> <span class='ocrx_word' id='word_1_487' title='bbox 1636 3576 1965 3644; x_wconf 83' lang='lat' dir='ltr'><strong>tantumipsa</strong></span> 
     </span>
    </p>
   </div>
   <div class='ocr_carea' id='block_1_68' title="bbox 392 3666 1968 3751">
    <p class='ocr_par' dir='ltr' id='par_1_68' title="bbox 392 3666 1968 3751">
     <span class='ocr_line' id='line_1_68' title="bbox 392 3666 1968 3751; baseline -0.015 -9"><span class='ocrx_word' id='word_1_488' title='bbox 392 3687 637 3742; x_wconf 86' lang='lat' dir='ltr'><strong>delectet.</strong></span> <span class='ocrx_word' id='word_1_489' title='bbox 671 3686 804 3751; x_wconf 86' lang='lat' dir='ltr'><strong>Quin</strong></span> <span class='ocrx_word' id='word_1_490' title='bbox 831 3685 987 3737; x_wconf 59' lang='lat' dir='ltr'><strong>etiam</strong></span> <span class='ocrx_word' id='word_1_491' title='bbox 1023 3679 1151 3733; x_wconf 91' lang='lat' dir='ltr'><strong>mihi</strong></span> <span class='ocrx_word' id='word_1_492' title='bbox 1181 3677 1392 3746; x_wconf 85' lang='lat' dir='ltr'><strong>quidem</strong></span> <span class='ocrx_word' id='word_1_493' title='bbox 1417 3670 1758 3727; x_wconf 83' lang='lat' dir='ltr'><strong>laudabiliora</strong></span> <span class='ocrx_word' id='word_1_494' title='bbox 1783 3666 1968 3721; x_wconf 82' lang='lat' dir='ltr'><strong>viden-</strong></span> 
     </span>
    </p>
   </div>
   <div class='ocr_carea' id='block_1_69' title="bbox 394 3756 1968 3842">
    <p class='ocr_par' dir='ltr' id='par_1_69' title="bbox 394 3756 1968 3842">
     <span class='ocr_line' id='line_1_69' title="bbox 394 3756 1968 3842; baseline -0.015 -11"><span class='ocrx_word' id='word_1_495' title='bbox 394 3788 479 3831; x_wconf 89' lang='lat' dir='ltr'><strong>tur</strong></span> <span class='ocrx_word' id='word_1_496' title='bbox 523 3779 698 3831; x_wconf 72' lang='lat' dir='ltr'><strong>omnia</strong></span> <span class='ocrx_word' id='word_1_497' title='bbox 719 3817 733 3840; x_wconf 90' lang='lat'><strong>,</strong></span> <span class='ocrx_word' id='word_1_498' title='bbox 765 3789 921 3842; x_wconf 89' lang='lat' dir='ltr'><strong>quem</strong></span> <span class='ocrx_word' id='word_1_499' title='bbox 970 3771 1086 3824; x_wconf 89' lang='lat' dir='ltr'><strong>sine</strong></span> <span class='ocrx_word' id='word_1_500' title='bbox 1137 3765 1513 3826; x_wconf 82' lang='lat' dir='ltr'><strong>venditatione,</strong></span> <span class='ocrx_word' id='word_1_501' title='bbox 1546 3770 1601 3815; x_wconf 83' lang='lat' dir='ltr'><strong>et.</strong></span> <span class='ocrx_word' id='word_1_502' title='bbox 1627 3761 1744 3815; x_wconf 84' lang='lat' dir='ltr'><strong>sine</strong></span> <span class='ocrx_word' id='word_1_503' title='bbox 1775 3756 1968 3825; x_wconf 80' lang='lat' dir='ltr'><strong>populo</strong></span> 
     </span>
    </p>
   </div>
   <div class='ocr_carea' id='block_1_70' title="bbox 395 3845 1970 3933">
    <p class='ocr_par' dir='ltr' id='par_1_70' title="bbox 395 3845 1970 3933">
     <span class='ocr_line' id='line_1_70' title="bbox 395 3845 1970 3933; baseline -0.016 -12"><span class='ocrx_word' id='word_1_504' title='bbox 395 3876 531 3921; x_wconf 88' lang='lat' dir='ltr'><strong>teste</strong></span> <span class='ocrx_word' id='word_1_505' title='bbox 555 3870 705 3933; x_wconf 89' lang='lat' dir='ltr'><strong>tiunt,</strong></span> <span class='ocrx_word' id='word_1_506' title='bbox 731 3880 833 3917; x_wconf 91' lang='lat' dir='ltr'><strong>non</strong></span> <span class='ocrx_word' id='word_1_507' title='bbox 875 3878 978 3930; x_wconf 92' lang='lat' dir='ltr'><strong>quo</strong></span> <span class='ocrx_word' id='word_1_508' title='bbox 1004 3857 1305 3926; x_wconf 81' lang='lat' dir='ltr'><strong>fugiendum</strong></span> <span class='ocrx_word' id='word_1_509' title='bbox 1340 3855 1409 3908; x_wconf 89' lang='lat' dir='ltr'><strong>sit</strong></span> <span class='ocrx_word' id='word_1_510' title='bbox 1461 3850 1660 3924; x_wconf 84' lang='lat' dir='ltr'><strong>(omnia</strong></span> <span class='ocrx_word' id='word_1_511' title='bbox 1691 3849 1836 3902; x_wconf 89' lang='lat' dir='ltr'><strong>enim</strong></span> <span class='ocrx_word' id='word_1_512' title='bbox 1879 3845 1970 3898; x_wconf 88' lang='lat' dir='ltr'><strong>be-</strong></span> 
     </span>
    </p>
   </div>
   <div class='ocr_carea' id='block_1_71' title="bbox 396 3938 1966 4013">
    <p class='ocr_par' dir='ltr' id='par_1_71' title="bbox 396 3938 1966 4013">
     <span class='ocr_line' id='line_1_71' title="bbox 396 3938 1966 4013; baseline -0.015 -1"><span class='ocrx_word' id='word_1_513' title='bbox 396 3958 597 4013; x_wconf 83' lang='lat' dir='ltr'><strong>nefacta</strong></span> <span class='ocrx_word' id='word_1_514' title='bbox 621 3957 802 4010; x_wconf 89' lang='lat' dir='ltr'><strong>inluce</strong></span> <span class='ocrx_word' id='word_1_515' title='bbox 830 3968 888 4007; x_wconf 90' lang='lat' dir='ltr'><strong>se</strong></span> <span class='ocrx_word' id='word_1_516' title='bbox 911 3949 1159 4005; x_wconf 88' lang='lat' dir='ltr'><strong>collocari</strong></span> <span class='ocrx_word' id='word_1_517' title='bbox 1193 3947 1424 4007; x_wconf 83' lang='lat' dir='ltr'><strong>volunt),</strong></span> <span class='ocrx_word' id='word_1_518' title='bbox 1451 3943 1542 3996; x_wconf 90' lang='lat' dir='ltr'><strong>sed</strong></span> <span class='ocrx_word' id='word_1_519' title='bbox 1563 3949 1737 3994; x_wconf 90' lang='lat' dir='ltr'><strong>tamen</strong></span> <span class='ocrx_word' id='word_1_520' title='bbox 1769 3938 1966 3990; x_wconf 90' lang='lat' dir='ltr'><strong>nullum</strong></span> 
     </span>
    </p>
   </div>
   <div class='ocr_carea' id='block_1_72' title="bbox 398 4028 1970 4104">
    <p class='ocr_par' dir='ltr' id='par_1_72' title="bbox 398 4028 1970 4104">
     <span class='ocr_line' id='line_1_72' title="bbox 398 4028 1970 4104; baseline -0.015 -1"><span class='ocrx_word' id='word_1_521' title='bbox 398 4049 658 4104; x_wconf 87' lang='lat' dir='ltr'><strong>theatrum</strong></span> <span class='ocrx_word' id='word_1_522' title='bbox 681 4044 860 4098; x_wconf 86' lang='lat' dir='ltr'><strong>virtuti</strong></span> <span class='ocrx_word' id='word_1_523' title='bbox 888 4040 1210 4096; x_wconf 57' lang='lat' dir='ltr'><strong>conscientia</strong></span> <span class='ocrx_word' id='word_1_524' title='bbox 1245 4036 1413 4103; x_wconf 81' lang='lat' dir='ltr'><strong>majus</strong></span> <span class='ocrx_word' id='word_1_525' title='bbox 1432 4041 1531 4089; x_wconf 88' lang='lat' dir='ltr'><strong>est.</strong></span> <span class='ocrx_word' id='word_1_526' title='bbox 1558 4031 1760 4085; x_wconf 83' lang='lat' dir='ltr'><strong>Plinius</strong></span> <span class='ocrx_word' id='word_1_527' title='bbox 1783 4028 1846 4081; x_wconf 90' lang='lat' dir='ltr'><strong>ad</strong></span> <span class='ocrx_word' id='word_1_528' title='bbox 1876 4029 1970 4081; x_wconf 83' lang='lat' dir='ltr'><strong>Sa-</strong></span> 
     </span>
    </p>
   </div>
   <div class='ocr_carea' id='block_1_73' title="bbox 399 4119 1968 4195">
    <p class='ocr_par' dir='ltr' id='par_1_73' title="bbox 399 4119 1968 4195">
     <span class='ocr_line' id='line_1_73' title="bbox 399 4119 1968 4195; baseline -0.015 -1"><span class='ocrx_word' id='word_1_529' title='bbox 399 4142 665 4195; x_wconf 87' lang='lat' dir='ltr'><strong>turninum</strong></span> <span class='ocrx_word' id='word_1_530' title='bbox 699 4157 712 4192; x_wconf 91' lang='lat'>:</span> <span class='ocrx_word' id='word_1_531' title='bbox 749 4137 1006 4189; x_wconf 60' lang='lat' dir='ltr'><strong>Praeterea</strong></span> <span class='ocrx_word' id='word_1_532' title='bbox 1037 4129 1371 4186; x_wconf 77' lang='lat' dir='ltr'><strong>meminimus</strong></span> <span class='ocrx_word' id='word_1_533' title='bbox 1401 4136 1600 4195; x_wconf 87' lang='lat' dir='ltr'><strong>quanto</strong></span> <span class='ocrx_word' id='word_1_534' title='bbox 1621 4123 1822 4191; x_wconf 86' lang='lat' dir='ltr'><strong>majore</strong></span> <span class='ocrx_word' id='word_1_535' title='bbox 1854 4119 1968 4173; x_wconf 87' lang='lat' dir='ltr'><strong>ani-</strong></span> 
     </span>
    </p>
   </div>
   <div class='ocr_carea' id='block_1_74' title="bbox 401 4211 1973 4286">
    <p class='ocr_par' dir='ltr' id='par_1_74' title="bbox 401 4211 1973 4286">
     <span class='ocr_line' id='line_1_74' title="bbox 401 4211 1973 4286; baseline -0.015 -3"><span class='ocrx_word' id='word_1_536' title='bbox 401 4245 488 4283; x_wconf 93' lang='lat' dir='ltr'><strong>mo</strong></span> <span class='ocrx_word' id='word_1_537' title='bbox 518 4223 810 4281; x_wconf 81' lang='lat' dir='ltr'><strong>honestatis</strong></span> <span class='ocrx_word' id='word_1_538' title='bbox 849 4227 1048 4277; x_wconf 78' lang='lat' dir='ltr'><strong>fructus</strong></span> <span class='ocrx_word' id='word_1_539' title='bbox 1086 4220 1140 4274; x_wconf 90' lang='lat' dir='ltr'><strong>in</strong></span> <span class='ocrx_word' id='word_1_540' title='bbox 1165 4217 1514 4282; x_wconf 84' lang='lat' dir='ltr'><strong>conscientia,</strong></span> <span class='ocrx_word' id='word_1_541' title='bbox 1545 4227 1702 4286; x_wconf 85' lang='lat' dir='ltr'><strong>quam</strong></span> <span class='ocrx_word' id='word_1_542' title='bbox 1739 4213 1794 4264; x_wconf 91' lang='lat' dir='ltr'><strong>in</strong></span> <span class='ocrx_word' id='word_1_543' title='bbox 1836 4211 1973 4263; x_wconf 83' lang='lat' dir='ltr'><strong>fama</strong></span> 
     </span>
    </p>
   </div>
   <div class='ocr_carea' id='block_1_75' title="bbox 401 4306 1975 4387">
    <p class='ocr_par' dir='ltr' id='par_1_75' title="bbox 401 4306 1975 4387">
     <span class='ocr_line' id='line_1_75' title="bbox 401 4306 1975 4387; baseline -0.014 -10"><span class='ocrx_word' id='word_1_544' title='bbox 401 4330 706 4387; x_wconf 83' lang='lat' dir='ltr'><strong>reponatur.</strong></span> <span class='ocrx_word' id='word_1_545' title='bbox 739 4318 898 4386; x_wconf 87' lang='lat' dir='ltr'><strong>Sequi</strong></span> <span class='ocrx_word' id='word_1_546' title='bbox 928 4316 1068 4370; x_wconf 89' lang='lat' dir='ltr'><strong>enim</strong></span> <span class='ocrx_word' id='word_1_547' title='bbox 1097 4313 1261 4382; x_wconf 80' lang='lat' dir='ltr'><strong>gloria</strong></span> <span class='ocrx_word' id='word_1_548' title='bbox 1280 4353 1293 4374; x_wconf 93' lang='lat'><strong>,</strong></span> <span class='ocrx_word' id='word_1_549' title='bbox 1320 4326 1422 4364; x_wconf 82' lang='lat' dir='ltr'><strong>non</strong></span> <span class='ocrx_word' id='word_1_550' title='bbox 1447 4307 1622 4376; x_wconf 88' lang='lat' dir='ltr'><strong>appeti</strong></span> <span class='ocrx_word' id='word_1_551' title='bbox 1645 4306 1803 4358; x_wconf 86' lang='lat' dir='ltr'><strong>debet</strong></span> <span class='ocrx_word' id='word_1_552' title='bbox 1830 4320 1844 4356; x_wconf 91' lang='lat'><strong>:</strong></span> <span class='ocrx_word' id='word_1_553' title='bbox 1878 4316 1975 4356; x_wconf 87' lang='lat' dir='ltr'><strong>nec</strong></span> 
     </span>
    </p>
   </div>
   <div class='ocr_carea' id='block_1_76' title="bbox 400 4393 1969 4478">
    <p class='ocr_par' dir='ltr' id='par_1_76' title="bbox 400 4393 1969 4478">
     <span class='ocr_line' id='line_1_76' title="bbox 400 4393 1969 4478; baseline -0.014 -12"><span class='ocrx_word' id='word_1_554' title='bbox 400 4413 447 4466; x_wconf 74' lang='lat' dir='ltr'><strong>si</strong></span> <span class='ocrx_word' id='word_1_555' title='bbox 485 4426 610 4466; x_wconf 87' lang='lat' dir='ltr'><strong>casu</strong></span> <span class='ocrx_word' id='word_1_556' title='bbox 643 4411 689 4463; x_wconf 89' lang='lat' dir='ltr'><strong>al</strong></span> <span class='ocrx_word' id='word_1_557' title='bbox 713 4424 820 4478; x_wconf 87' lang='lat' dir='ltr'><strong>quo</strong></span> <span class='ocrx_word' id='word_1_558' title='bbox 869 4422 973 4460; x_wconf 91' lang='lat' dir='ltr'><strong>non</strong></span> <span class='ocrx_word' id='word_1_559' title='bbox 1027 4413 1308 4473; x_wconf 84' lang='lat' dir='ltr'><strong>sequatur,</strong></span> <span class='ocrx_word' id='word_1_560' title='bbox 1337 4399 1538 4454; x_wconf 90' lang='lat' dir='ltr'><strong>idcirco</strong></span> <span class='ocrx_word' id='word_1_561' title='bbox 1564 4394 1702 4465; x_wconf 89' lang='lat' dir='ltr'><strong>quod</strong></span> <span class='ocrx_word' id='word_1_562' title='bbox 1744 4393 1969 4461; x_wconf 82' lang='lat' dir='ltr'><strong>gloriam</strong></span> 
     </span>
    </p>
   </div>
   <div class='ocr_carea' id='block_1_77' title="bbox 405 4484 1978 4566">
    <p class='ocr_par' dir='ltr' id='par_1_77' title="bbox 405 4484 1978 4566">
     <span class='ocr_line' id='line_1_77' title="bbox 405 4484 1978 4566; baseline -0.016 -8"><span class='ocrx_word' id='word_1_563' title='bbox 405 4503 620 4566; x_wconf 90' lang='lat' dir='ltr'><strong>meruit,</strong></span> <span class='ocrx_word' id='word_1_564' title='bbox 654 4503 827 4553; x_wconf 85' lang='lat' dir='ltr'><strong>minus</strong></span> <span class='ocrx_word' id='word_1_565' title='bbox 858 4499 1131 4566; x_wconf 87' lang='lat' dir='ltr'><strong>pttlchrum</strong></span> <span class='ocrx_word' id='word_1_566' title='bbox 1181 4502 1282 4547; x_wconf 86' lang='lat' dir='ltr'><strong>est.</strong></span> <span class='ocrx_word' id='word_1_567' title='bbox 1317 4492 1377 4544; x_wconf 92' lang='lat' dir='ltr'><strong>lli</strong></span> <span class='ocrx_word' id='word_1_568' title='bbox 1408 4502 1536 4542; x_wconf 76' lang='lat' dir='ltr'><strong>vero</strong></span> <span class='ocrx_word' id='word_1_569' title='bbox 1583 4488 1669 4554; x_wconf 89' lang='lat' dir='ltr'><strong>qui</strong></span> <span class='ocrx_word' id='word_1_570' title='bbox 1704 4484 1978 4536; x_wconf 54' lang='lat' dir='ltr'><strong>benefacta</strong></span> 
     </span>
    </p>
   </div>
   <div class='ocr_carea' id='block_1_78' title="bbox 403 4573 1976 4650">
    <p class='ocr_par' dir='ltr' id='par_1_78' title="bbox 403 4573 1976 4650">
     <span class='ocr_line' id='line_1_78' title="bbox 403 4573 1976 4650; baseline -0.017 -2"><span class='ocrx_word' id='word_1_571' title='bbox 403 4609 497 4648; x_wconf 87' lang='lat' dir='ltr'><strong>sua</strong></span> <span class='ocrx_word' id='word_1_572' title='bbox 518 4593 692 4645; x_wconf 86' lang='lat' dir='ltr'><strong>verbis</strong></span> <span class='ocrx_word' id='word_1_573' title='bbox 712 4591 992 4650; x_wconf 87' lang='lat' dir='ltr'><strong>adornant,</strong></span> <span class='ocrx_word' id='word_1_574' title='bbox 1018 4602 1120 4640; x_wconf 89' lang='lat' dir='ltr'><strong>non</strong></span> <span class='ocrx_word' id='word_1_575' title='bbox 1138 4584 1256 4637; x_wconf 89' lang='lat' dir='ltr'><strong>ideo</strong></span> <span class='ocrx_word' id='word_1_576' title='bbox 1276 4576 1717 4650; x_wconf 70' lang='lat' dir='ltr'><strong>prtedicare,quia</strong></span> <span class='ocrx_word' id='word_1_577' title='bbox 1735 4573 1976 4636; x_wconf 80' lang='lat' dir='ltr'><strong>fet-crint,</strong></span> 
     </span>
    </p>
   </div>
   <div class='ocr_carea' id='block_1_79' title="bbox 405 4666 1977 4750">
    <p class='ocr_par' dir='ltr' id='par_1_79' title="bbox 405 4666 1977 4750">
     <span class='ocr_line' id='line_1_79' title="bbox 405 4666 1977 4750; baseline -0.016 -10"><span class='ocrx_word' id='word_1_578' title='bbox 405 4685 500 4740; x_wconf 90' lang='lat' dir='ltr'><strong>sed</strong></span> <span class='ocrx_word' id='word_1_579' title='bbox 530 4690 586 4737; x_wconf 88' lang='lat' dir='ltr'><strong>ut</strong></span> <span class='ocrx_word' id='word_1_580' title='bbox 613 4683 984 4750; x_wconf 67' lang='lat' dir='ltr'><strong>praedicarent,</strong></span> <span class='ocrx_word' id='word_1_581' title='bbox 1015 4678 1204 4730; x_wconf 80' lang='lat' dir='ltr'><strong>fecisse</strong></span> <span class='ocrx_word' id='word_1_582' title='bbox 1239 4673 1541 4727; x_wconf 82' lang='lat' dir='ltr'><strong>creduntur.</strong></span> <span class='ocrx_word' id='word_1_583' title='bbox 1577 4671 1664 4721; x_wconf 86' lang='lat' dir='ltr'><strong>Sic</strong></span> <span class='ocrx_word' id='word_1_584' title='bbox 1695 4666 1834 4734; x_wconf 88' lang='lat' dir='ltr'><strong>quod</strong></span> <span class='ocrx_word' id='word_1_585' title='bbox 1864 4680 1977 4716; x_wconf 88' lang='lat' dir='ltr'><strong>rna-</strong></span> 
     </span>
    </p>
   </div>
   <div class='ocr_carea' id='block_1_80' title="bbox 406 4758 1980 4844">
    <p class='ocr_par' dir='ltr' id='par_1_80' title="bbox 406 4758 1980 4844">
     <span class='ocr_line' id='line_1_80' title="bbox 406 4758 1980 4844; baseline -0.012 -20"><span class='ocrx_word' id='word_1_586' title='bbox 406 4776 650 4844; x_wconf 80' lang='lat' dir='ltr'><strong>gnilicum</strong></span> <span class='ocrx_word' id='word_1_587' title='bbox 684 4773 946 4826; x_wconf 79' lang='lat' dir='ltr'><strong>referente</strong></span> <span class='ocrx_word' id='word_1_588' title='bbox 971 4771 1074 4822; x_wconf 89' lang='lat' dir='ltr'><strong>alio</strong></span> <span class='ocrx_word' id='word_1_589' title='bbox 1099 4769 1298 4829; x_wconf 82' lang='lat' dir='ltr'><strong>fuisset,</strong></span> <span class='ocrx_word' id='word_1_590' title='bbox 1320 4766 1433 4831; x_wconf 91' lang='lat' dir='ltr'><strong>ipso</strong></span> <span class='ocrx_word' id='word_1_591' title='bbox 1454 4758 1776 4828; x_wconf 77' lang='lat' dir='ltr'><strong>quigesscrit</strong></span> <span class='ocrx_word' id='word_1_592' title='bbox 1793 4770 1980 4810; x_wconf 89' lang='lat' dir='ltr'><strong>recen-</strong></span> 
     </span>
    </p>
   </div>
   <div class='ocr_carea' id='block_1_81' title="bbox 406 4850 1981 4928">
    <p class='ocr_par' dir='ltr' id='par_1_81' title="bbox 406 4850 1981 4928">
     <span class='ocr_line' id='line_1_81' title="bbox 406 4850 1981 4928; baseline -0.013 -8"><span class='ocrx_word' id='word_1_593' title='bbox 406 4876 579 4928; x_wconf 89' lang='lat' dir='ltr'><strong>sente,</strong></span> <span class='ocrx_word' id='word_1_594' title='bbox 613 4864 862 4917; x_wconf 59' lang='lat' dir='ltr'><strong>vanescit.</strong></span> <span class='ocrx_word' id='word_1_595' title='bbox 898 4863 1026 4916; x_wconf 92' lang='lat' dir='ltr'><strong>llom</strong></span> <span class='ocrx_word' id='word_1_596' title='bbox 1053 4876 1146 4912; x_wconf 90' lang='lat' dir='ltr'><strong>nes</strong></span> <span class='ocrx_word' id='word_1_597' title='bbox 1175 4859 1316 4911; x_wconf 91' lang='lat' dir='ltr'><strong>enim</strong></span> <span class='ocrx_word' id='word_1_598' title='bbox 1367 4869 1486 4907; x_wconf 91' lang='lat' dir='ltr'><strong>cum</strong></span> <span class='ocrx_word' id='word_1_599' title='bbox 1539 4865 1650 4904; x_wconf 89' lang='lat' dir='ltr'><strong>rem</strong></span> <span class='ocrx_word' id='word_1_600' title='bbox 1709 4850 1981 4901; x_wconf 69' lang='lat' dir='ltr'><strong>destruere</strong></span> 
     </span>
    </p>
   </div>
   <div class='ocr_carea' id='block_1_82' title="bbox 408 4940 1983 5025">
    <p class='ocr_par' dir='ltr' id='par_1_82' title="bbox 408 4940 1983 5025">
     <span class='ocr_line' id='line_1_82' title="bbox 408 4940 1983 5025; baseline -0.013 -15"><span class='ocrx_word' id='word_1_601' title='bbox 408 4973 512 5011; x_wconf 91' lang='lat' dir='ltr'><strong>non</strong></span> <span class='ocrx_word' id='word_1_602' title='bbox 555 4955 1150 5025; x_wconf 62' lang='lat' dir='ltr'><strong>possunt,jactationem</strong></span> <span class='ocrx_word' id='word_1_603' title='bbox 1183 4950 1299 5017; x_wconf 69' lang='lat' dir='ltr'><strong>ejus</strong></span> <span class='ocrx_word' id='word_1_604' title='bbox 1328 4948 1620 4998; x_wconf 71' lang='lat' dir='ltr'><strong>lilt&#39;C\Slln|.</strong></span> <span class='ocrx_word' id='word_1_605' title='bbox 1650 4943 1720 4994; x_wconf 89' lang='lat' dir='ltr'><strong>Ita</strong></span> <span class='ocrx_word' id='word_1_606' title='bbox 1749 4941 1793 4993; x_wconf 67' lang='lat' dir='ltr'><strong>si</strong></span> <span class='ocrx_word' id='word_1_607' title='bbox 1822 4940 1983 4992; x_wconf 86' lang='lat' dir='ltr'><strong>silen-</strong></span> 
     </span>
    </p>
   </div>
   <div class='ocr_carea' id='block_1_83' title="bbox 409 5033 1984 5113">
    <p class='ocr_par' dir='ltr' id='par_1_83' title="bbox 409 5033 1984 5113">
     <span class='ocr_line' id='line_1_83' title="bbox 409 5033 1984 5113; baseline -0.015 -9"><span class='ocrx_word' id='word_1_608' title='bbox 409 5051 472 5104; x_wconf 89' lang='lat' dir='ltr'><strong>da</strong></span> <span class='ocrx_word' id='word_1_609' title='bbox 503 5051 710 5113; x_wconf 81' lang='lat' dir='ltr'><strong>ieceris,</strong></span> <span class='ocrx_word' id='word_1_610' title='bbox 747 5048 938 5100; x_wconf 81' lang='lat' dir='ltr'><strong>factum</strong></span> <span class='ocrx_word' id='word_1_611' title='bbox 964 5047 1130 5112; x_wconf 85' lang='lat' dir='ltr'><strong>ipsum</strong></span> <span class='ocrx_word' id='word_1_612' title='bbox 1157 5043 1229 5095; x_wconf 87' lang='lat' dir='ltr'><strong>:si</strong></span> <span class='ocrx_word' id='word_1_613' title='bbox 1261 5038 1518 5093; x_wconf 88' lang='lat' dir='ltr'><strong>laudanda</strong></span> <span class='ocrx_word' id='word_1_614' title='bbox 1544 5050 1647 5087; x_wconf 92' lang='lat' dir='ltr'><strong>non</strong></span> <span class='ocrx_word' id='word_1_615' title='bbox 1677 5033 1984 5096; x_wconf 63' lang='lat' dir='ltr'><strong>sileas,ipse</strong></span> 
     </span>
    </p>
   </div>
   <div class='ocr_carea' id='block_1_84' title="bbox 410 5120 1989 5208">
    <p class='ocr_par' dir='ltr' id='par_1_84' title="bbox 410 5120 1989 5208">
     <span class='ocr_line' id='line_1_84' title="bbox 410 5120 1989 5208; baseline -0.016 -14"><span class='ocrx_word' id='word_1_616' title='bbox 410 5139 663 5208; x_wconf 87' lang='lat' dir='ltr'><strong>eulparis.</strong></span> <span class='ocrx_word' id='word_1_617' title='bbox 696 5136 993 5192; x_wconf 61' lang='lat' dir='ltr'><strong>Mter-obius</strong></span> <span class='ocrx_word' id='word_1_618' title='bbox 1021 5137 1070 5186; x_wconf 89' lang='lat' dir='ltr'><strong>in</strong></span> <span class='ocrx_word' id='word_1_619' title='bbox 1094 5132 1374 5186; x_wconf 84' lang='lat' dir='ltr'><strong>Somnium</strong></span> <span class='ocrx_word' id='word_1_620' title='bbox 1401 5120 1989 5189; x_wconf 81' lang='lat' dir='ltr'><strong>Scipionis.Conscien-</strong></span> 
     </span>
    </p>
   </div>
   <div class='ocr_carea' id='block_1_85' title="bbox 411 5211 1989 5296">
    <p class='ocr_par' dir='ltr' id='par_1_85' title="bbox 411 5211 1989 5296">
     <span class='ocr_line' id='line_1_85' title="bbox 411 5211 1989 5296; baseline -0.013 -11"><span class='ocrx_word' id='word_1_621' title='bbox 411 5233 483 5285; x_wconf 87' lang='lat' dir='ltr'><strong>tia</strong></span> <span class='ocrx_word' id='word_1_622' title='bbox 512 5238 627 5296; x_wconf 83' lang='lat' dir='ltr'><strong>ipsa</strong></span> <span class='ocrx_word' id='word_1_623' title='bbox 661 5230 916 5282; x_wconf 84' lang='lat' dir='ltr'><strong>factorum</strong></span> <span class='ocrx_word' id='word_1_624' title='bbox 966 5227 1298 5294; x_wconf 79' lang='lat' dir='ltr'><strong>egregiorum</strong></span> <span class='ocrx_word' id='word_1_625' title='bbox 1321 5263 1335 5285; x_wconf 91' lang='lat'><strong>,</strong></span> <span class='ocrx_word' id='word_1_626' title='bbox 1367 5219 1751 5286; x_wconf 79' lang='lat' dir='ltr'><strong>amplissimum</strong></span> <span class='ocrx_word' id='word_1_627' title='bbox 1781 5211 1989 5266; x_wconf 68' lang='lat' dir='ltr'><strong>virtutis</strong></span> 
     </span>
    </p>
   </div>
   <div class='ocr_carea' id='block_1_86' title="bbox 413 5304 1990 5387">
    <p class='ocr_par' dir='ltr' id='par_1_86' title="bbox 413 5304 1990 5387">
     <span class='ocr_line' id='line_1_86' title="bbox 413 5304 1990 5387; baseline -0.013 -13"><span class='ocrx_word' id='word_1_628' title='bbox 413 5329 494 5374; x_wconf 89' lang='lat' dir='ltr'><strong>est</strong></span> <span class='ocrx_word' id='word_1_629' title='bbox 525 5321 824 5387; x_wconf 65' lang='lat' dir='ltr'><strong>prtemium.</strong></span> <span class='ocrx_word' id='word_1_630' title='bbox 849 5317 991 5369; x_wconf 89' lang='lat' dir='ltr'><strong>Idem</strong></span> <span class='ocrx_word' id='word_1_631' title='bbox 1017 5317 1067 5368; x_wconf 94' lang='lat' dir='ltr'><strong>in</strong></span> <span class='ocrx_word' id='word_1_632' title='bbox 1101 5317 1260 5368; x_wconf 86' lang='lat' dir='ltr'><strong>idem.</strong></span> <span class='ocrx_word' id='word_1_633' title='bbox 1286 5311 1502 5364; x_wconf 78' lang='lat' dir='ltr'><strong>\‘irtutis</strong></span> <span class='ocrx_word' id='word_1_634' title='bbox 1523 5309 1746 5385; x_wconf 72' lang='lat' dir='ltr'><strong>fructum</strong></span> <span class='ocrx_word' id='word_1_635' title='bbox 1777 5304 1990 5371; x_wconf 89' lang='lat' dir='ltr'><strong>sapiens</strong></span> 
     </span>
    </p>
   </div>
   <div class='ocr_carea' id='block_1_87' title="bbox 414 5395 1990 5476">
    <p class='ocr_par' dir='ltr' id='par_1_87' title="bbox 414 5395 1990 5476">
     <span class='ocr_line' id='line_1_87' title="bbox 414 5395 1990 5476; baseline -0.012 -13"><span class='ocrx_word' id='word_1_636' title='bbox 414 5411 468 5463; x_wconf 69' lang='lat' dir='ltr'><strong>in</strong></span> <span class='ocrx_word' id='word_1_637' title='bbox 501 5410 826 5463; x_wconf 57' lang='lat' dir='ltr'><strong>coumicntia</strong></span> <span class='ocrx_word' id='word_1_638' title='bbox 850 5407 1014 5476; x_wconf 87' lang='lat' dir='ltr'><strong>ponit,</strong></span> <span class='ocrx_word' id='word_1_639' title='bbox 1046 5405 1220 5458; x_wconf 88' lang='lat' dir='ltr'><strong>minus</strong></span> <span class='ocrx_word' id='word_1_640' title='bbox 1250 5404 1510 5470; x_wconf 71' lang='lat' dir='ltr'><strong>perfectus</strong></span> <span class='ocrx_word' id='word_1_641' title='bbox 1534 5401 1584 5451; x_wconf 89' lang='lat' dir='ltr'><strong>in</strong></span> <span class='ocrx_word' id='word_1_642' title='bbox 1615 5397 1805 5476; x_wconf 71' lang='lat' dir='ltr'><strong>gloria.</strong></span> <span class='ocrx_word' id='word_1_643' title='bbox 1834 5395 1990 5446; x_wconf 80' lang='lat' dir='ltr'><strong>llivus</strong></span> 
     </span>
    </p>
   </div>
   <div class='ocr_carea' id='block_1_88' title="bbox 415 5472 1993 5565">
    <p class='ocr_par' dir='ltr' id='par_1_88' title="bbox 415 5472 1993 5565">
     <span class='ocr_line' id='line_1_88' title="bbox 415 5472 1993 5565; baseline -0.012 -11"><span class='ocrx_word' id='word_1_644' title='bbox 415 5501 732 5554; x_wconf 82' lang='lat' dir='ltr'><strong>Ambrosius</strong></span> <span class='ocrx_word' id='word_1_645' title='bbox 759 5500 809 5552; x_wconf 92' lang='lat' dir='ltr'><strong>in</strong></span> <span class='ocrx_word' id='word_1_646' title='bbox 846 5472 1069 5565; x_wconf 84' lang='lat' dir='ltr'><strong>quadam</strong></span> <span class='ocrx_word' id='word_1_647' title='bbox 1100 5497 1320 5562; x_wconf 88' lang='lat' dir='ltr'><strong>epistola</strong></span> <span class='ocrx_word' id='word_1_648' title='bbox 1363 5511 1376 5545; x_wconf 91' lang='lat'><strong>:</strong></span> <span class='ocrx_word' id='word_1_649' title='bbox 1425 5472 1669 5546; x_wconf 80' lang='lat' dir='ltr'><strong>Abundat</strong></span> <span class='ocrx_word' id='word_1_650' title='bbox 1720 5488 1860 5541; x_wconf 90' lang='lat' dir='ltr'><strong>enim</strong></span> <span class='ocrx_word' id='word_1_651' title='bbox 1892 5481 1993 5538; x_wconf 88' lang='lat' dir='ltr'><strong>sibi</strong></span> 
     </span>
    </p>
   </div>
   <div class='ocr_carea' id='block_1_89' title="bbox 418 5589 1204 5658">
    <p class='ocr_par' dir='ltr' id='par_1_89' title="bbox 418 5589 1204 5658">
     <span class='ocr_line' id='line_1_89' title="bbox 418 5589 1204 5658; baseline -0.009 -12"><span class='ocrx_word' id='word_1_652' title='bbox 418 5591 652 5658; x_wconf 86' lang='lat' dir='ltr'><strong>locuples</strong></span> <span class='ocrx_word' id='word_1_653' title='bbox 684 5593 831 5643; x_wconf 88' lang='lat' dir='ltr'><strong>testis</strong></span> <span class='ocrx_word' id='word_1_654' title='bbox 861 5589 1204 5642; x_wconf 82' lang='lat' dir='ltr'><strong>conscientia.</strong></span> 
     </span>
    </p>
   </div>
   <div class='ocr_carea' id='block_1_90' title="bbox 490 5667 1992 5749">
    <p class='ocr_par' dir='ltr' id='par_1_90' title="bbox 490 5667 1992 5749">
     <span class='ocr_line' id='line_1_90' title="bbox 490 5667 1992 5749; baseline -0.011 -17"><span class='ocrx_word' id='word_1_655' title='bbox 490 5679 600 5733; x_wconf 82' lang='lat' dir='ltr'><strong>Pro</strong></span> <span class='ocrx_word' id='word_1_656' title='bbox 627 5696 739 5733; x_wconf 75' lang='lat' dir='ltr'><strong>rere</strong></span> <span class='ocrx_word' id='word_1_657' title='bbox 783 5679 980 5734; x_wconf 77' lang='lat' dir='ltr'><strong>tirtutis</strong></span> <span class='ocrx_word' id='word_1_658' title='bbox 1009 5679 1252 5749; x_wconf 69' lang='lat' dir='ltr'><strong>prwmiis,</strong></span> <span class='ocrx_word' id='word_1_659' title='bbox 1286 5678 1400 5745; x_wconf 58' lang='lat' dir='ltr'><strong>falsi</strong></span> <span class='ocrx_word' id='word_1_660' title='bbox 1449 5678 1680 5741; x_wconf 58' lang='grc' dir='ltr'><strong>παρῆς,</strong></span> <span class='ocrx_word' id='word_1_661' title='bbox 1712 5667 1992 5724; x_wconf 79' lang='lat' dir='ltr'><strong>Pulchrum</strong></span> 
     </span>
    </p>
   </div>
   <div class='ocr_carea' id='block_1_91' title="bbox 423 5771 848 5827">
    <p class='ocr_par' dir='ltr' id='par_1_91' title="bbox 423 5771 848 5827">
     <span class='ocr_line' id='line_1_91' title="bbox 423 5771 848 5827; baseline -0.005 -3"><span class='ocrx_word' id='word_1_662' title='bbox 423 5771 716 5827; x_wconf 66' lang='lat' dir='ltr'><strong>antitheton</strong></span> <span class='ocrx_word' id='word_1_663' title='bbox 746 5779 848 5827; x_wconf 88' lang='lat' dir='ltr'><strong>est.</strong></span> 
     </span>
    </p>
   </div>
   <div class='ocr_carea' id='block_1_92' title="bbox 2069 3294 3632 3363">
    <p class='ocr_par' dir='ltr' id='par_1_92' title="bbox 2069 3294 3632 3363">
     <span class='ocr_line' id='line_1_92' title="bbox 2069 3294 3632 3363; baseline -0.004 -9"><span class='ocrx_word' id='word_1_664' title='bbox 2069 3302 2290 3354; x_wconf 76' lang='lat' dir='ltr'><strong>mixtum</strong></span> <span class='ocrx_word' id='word_1_665' title='bbox 2311 3299 2488 3351; x_wconf 71' lang='lat' dir='ltr'><strong>dicere</strong></span> <span class='ocrx_word' id='word_1_666' title='bbox 2509 3311 2676 3350; x_wconf 91' lang='lat' dir='ltr'><strong>:uunc</strong></span> <span class='ocrx_word' id='word_1_667' title='bbox 2703 3311 2729 3348; x_wconf 90' lang='lat' dir='ltr'><strong>a</strong></span> <span class='ocrx_word' id='word_1_668' title='bbox 2759 3295 2980 3360; x_wconf 70' lang='lat' dir='ltr'><strong>miseeo,</strong></span> <span class='ocrx_word' id='word_1_669' title='bbox 3003 3294 3269 3363; x_wconf 88' lang='lat' dir='ltr'><strong>quomodo</strong></span> <span class='ocrx_word' id='word_1_670' title='bbox 3287 3297 3371 3347; x_wconf 83' lang='lat' dir='ltr'><strong>lict</strong></span> <span class='ocrx_word' id='word_1_671' title='bbox 3390 3294 3632 3348; x_wconf 69' lang='lat' dir='ltr'><strong>mixtum?</strong></span> 
     </span>
    </p>
   </div>
   <div class='ocr_carea' id='block_1_93' title="bbox 2070 3397 2360 3448">
    <p class='ocr_par' dir='ltr' id='par_1_93' title="bbox 2070 3397 2360 3448">
     <span class='ocr_line' id='line_1_93' title="bbox 2070 3397 2360 3448; baseline -0.01 -2"><span class='ocrx_word' id='word_1_672' title='bbox 2070 3397 2360 3448; x_wconf 68' lang='lat' dir='ltr'><strong>Aetrtcou.</strong></span> 
     </span>
    </p>
   </div>
   <div class='ocr_carea' id='block_1_94' title="bbox 2142 3477 3634 3554">
    <p class='ocr_par' dir='ltr' id='par_1_94' title="bbox 2142 3477 3634 3554">
     <span class='ocr_line' id='line_1_94' title="bbox 2142 3477 3634 3554; baseline -0.004 -18"><span class='ocrx_word' id='word_1_673' title='bbox 2142 3481 2441 3554; x_wconf 78' lang='lat' dir='ltr'><strong>Fuscareut]</strong></span> <span class='ocrx_word' id='word_1_674' title='bbox 2472 3482 2672 3535; x_wconf 83' lang='lat' dir='ltr'><strong>Fuscus</strong></span> <span class='ocrx_word' id='word_1_675' title='bbox 2718 3481 2868 3533; x_wconf 89' lang='lat' dir='ltr'><strong>color</strong></span> <span class='ocrx_word' id='word_1_676' title='bbox 2894 3487 2992 3540; x_wconf 87' lang='lat' dir='ltr'><strong>est,</strong></span> <span class='ocrx_word' id='word_1_677' title='bbox 3026 3479 3194 3548; x_wconf 88' lang='lat' dir='ltr'><strong>qualis</strong></span> <span class='ocrx_word' id='word_1_678' title='bbox 3231 3477 3541 3546; x_wconf 84' lang='lat' dir='ltr'><strong>corporibus</strong></span> <span class='ocrx_word' id='word_1_679' title='bbox 3569 3492 3634 3531; x_wconf 73' lang='lat' dir='ltr'><strong>ex</strong></span> 
     </span>
    </p>
   </div>
   <div class='ocr_carea' id='block_1_95' title="bbox 2070 3569 3025 3641">
    <p class='ocr_par' dir='ltr' id='par_1_95' title="bbox 2070 3569 3025 3641">
     <span class='ocr_line' id='line_1_95' title="bbox 2070 3569 3025 3641; baseline -0.008 -12"><span class='ocrx_word' id='word_1_680' title='bbox 2070 3575 2182 3629; x_wconf 84' lang='lat' dir='ltr'><strong>sole</strong></span> <span class='ocrx_word' id='word_1_681' title='bbox 2209 3573 2466 3641; x_wconf 88' lang='lat' dir='ltr'><strong>provenit.</strong></span> <span class='ocrx_word' id='word_1_682' title='bbox 2503 3569 2684 3636; x_wconf 75' lang='lat' dir='ltr'><strong>Virgil.</strong></span> <span class='ocrx_word' id='word_1_683' title='bbox 2721 3570 2769 3621; x_wconf 87' lang='lat' dir='ltr'><strong>iti</strong></span> <span class='ocrx_word' id='word_1_684' title='bbox 2804 3569 3025 3621; x_wconf 77' lang='grc' dir='ltr'><strong>Βιιε‹›1.;</strong></span> 
     </span>
    </p>
   </div>
   <div class='ocr_carea' id='block_1_96' title="bbox 2439 3652 3206 3720">
    <p class='ocr_par' dir='ltr' id='par_1_96' title="bbox 2439 3652 3206 3720">
     <span class='ocr_line' id='line_1_96' title="bbox 2439 3652 3206 3720; baseline -0.001 -15"><span class='ocrx_word' id='word_1_685' title='bbox 2439 3660 2559 3718; x_wconf 81' lang='lat' dir='ltr'><strong>Quid</strong></span> <span class='ocrx_word' id='word_1_686' title='bbox 2585 3667 2682 3708; x_wconf 91' lang='lat' dir='ltr'><strong>tum</strong></span> <span class='ocrx_word' id='word_1_687' title='bbox 2701 3660 2740 3706; x_wconf 75' lang='lat' dir='ltr'><strong>si</strong></span> <span class='ocrx_word' id='word_1_688' title='bbox 2762 3659 2923 3706; x_wconf 83' lang='lat' dir='ltr'><strong>fuscus</strong></span> <span class='ocrx_word' id='word_1_689' title='bbox 2945 3652 3170 3720; x_wconf 72' lang='lat' dir='ltr'><strong>Amyntas</strong></span> <span class='ocrx_word' id='word_1_690' title='bbox 3185 3657 3206 3704; x_wconf 69' lang='grc' dir='ltr'><em>’ἓ</em></span> 
     </span>
    </p>
   </div>
   <div class='ocr_carea' id='block_1_97' title="bbox 2071 3742 2881 3799">
    <p class='ocr_par' dir='ltr' id='par_1_97' title="bbox 2071 3742 2881 3799">
     <span class='ocr_line' id='line_1_97' title="bbox 2071 3742 2881 3799; baseline -0.009 0"><span class='ocrx_word' id='word_1_691' title='bbox 2071 3744 2287 3799; x_wconf 84' lang='lat' dir='ltr'><strong>Ovidius</strong></span> <span class='ocrx_word' id='word_1_692' title='bbox 2304 3747 2353 3797; x_wconf 90' lang='lat' dir='ltr'><strong>in</strong></span> <span class='ocrx_word' id='word_1_693' title='bbox 2377 3742 2612 3797; x_wconf 88' lang='lat' dir='ltr'><strong>secundo</strong></span> <span class='ocrx_word' id='word_1_694' title='bbox 2632 3743 2696 3793; x_wconf 87' lang='lat' dir='ltr'><strong>dc</strong></span> <span class='ocrx_word' id='word_1_695' title='bbox 2716 3749 2843 3794; x_wconf 71' lang='lat' dir='ltr'><strong>Arte</strong></span> <span class='ocrx_word' id='word_1_696' title='bbox 2869 3758 2881 3792; x_wconf 93' lang='lat'><strong>:</strong></span> 
     </span>
    </p>
   </div>
   <div class='ocr_carea' id='block_1_98' title="bbox 2434 3831 3124 3890">
    <p class='ocr_par' dir='ltr' id='par_1_98' title="bbox 2434 3831 3124 3890">
     <span class='ocr_line' id='line_1_98' title="bbox 2434 3831 3124 3890; baseline -0.006 -12"><span class='ocrx_word' id='word_1_697' title='bbox 2434 3831 2709 3878; x_wconf 86' lang='lat' dir='ltr'><strong>Fuscentur</strong></span> <span class='ocrx_word' id='word_1_698' title='bbox 2726 3842 2922 3890; x_wconf 50' lang='lat' dir='ltr'><strong>corpora</strong></span> <span class='ocrx_word' id='word_1_699' title='bbox 2942 3840 3036 3876; x_wconf 64' lang='lat' dir='ltr'><strong>ca&#39;r</strong></span> <span class='ocrx_word' id='word_1_700' title='bbox 3049 3840 3124 3887; x_wconf 89' lang='lat' dir='ltr'><strong>po.</strong></span> 
     </span>
    </p>
   </div>
   <div class='ocr_carea' id='block_1_99' title="bbox 2075 3910 3637 3973">
    <p class='ocr_par' dir='ltr' id='par_1_99' title="bbox 2075 3910 3637 3973">
     <span class='ocr_line' id='line_1_99' title="bbox 2075 3910 3637 3973; baseline -0.004 -2"><span class='ocrx_word' id='word_1_701' title='bbox 2075 3921 2221 3973; x_wconf 83' lang='lat' dir='ltr'><strong>Ater.</strong></span> <span class='ocrx_word' id='word_1_702' title='bbox 2257 3914 2404 3971; x_wconf 84' lang='lat' dir='ltr'><strong>color</strong></span> <span class='ocrx_word' id='word_1_703' title='bbox 2434 3925 2511 3970; x_wconf 75' lang='lat' dir='ltr'><strong>est</strong></span> <span class='ocrx_word' id='word_1_704' title='bbox 2553 3916 2840 3968; x_wconf 89' lang='lat' dir='ltr'><strong>carbonum</strong></span> <span class='ocrx_word' id='word_1_705' title='bbox 2870 3921 2925 3967; x_wconf 90' lang='lat' dir='ltr'><strong>et</strong></span> <span class='ocrx_word' id='word_1_706' title='bbox 2954 3915 3175 3965; x_wconf 80' lang='lat' dir='ltr'><strong>vestium</strong></span> <span class='ocrx_word' id='word_1_707' title='bbox 3202 3925 3216 3963; x_wconf 88' lang='lat'><strong>:</strong></span> <span class='ocrx_word' id='word_1_708' title='bbox 3251 3910 3388 3963; x_wconf 88' lang='lat' dir='ltr'><strong>unde</strong></span> <span class='ocrx_word' id='word_1_709' title='bbox 3417 3919 3467 3962; x_wconf 90' lang='lat' dir='ltr'><strong>et</strong></span> <span class='ocrx_word' id='word_1_710' title='bbox 3508 3921 3637 3964; x_wconf 85' lang='lat' dir='ltr'><strong>atra-</strong></span> 
     </span>
    </p>
   </div>
   <div class='ocr_carea' id='block_1_100' title="bbox 2076 4005 3640 4072">
    <p class='ocr_par' dir='ltr' id='par_1_100' title="bbox 2076 4005 3640 4072">
     <span class='ocr_line' id='line_1_100' title="bbox 2076 4005 3640 4072; baseline -0.005 -10"><span class='ocrx_word' id='word_1_711' title='bbox 2076 4020 2310 4064; x_wconf 84' lang='lat' dir='ltr'><strong>mentum</strong></span> <span class='ocrx_word' id='word_1_712' title='bbox 2341 4009 2588 4072; x_wconf 84' lang='lat' dir='ltr'><strong>dicimus,</strong></span> <span class='ocrx_word' id='word_1_713' title='bbox 2613 4016 2880 4058; x_wconf 73' lang='lat' dir='ltr'><strong>etatratos</strong></span> <span class='ocrx_word' id='word_1_714' title='bbox 2909 4020 3002 4057; x_wconf 90' lang='lat' dir='ltr'><strong>eos</strong></span> <span class='ocrx_word' id='word_1_715' title='bbox 3031 4005 3117 4072; x_wconf 91' lang='lat' dir='ltr'><strong>qui</strong></span> <span class='ocrx_word' id='word_1_716' title='bbox 3143 4005 3312 4055; x_wconf 89' lang='lat' dir='ltr'><strong>luetus</strong></span> <span class='ocrx_word' id='word_1_717' title='bbox 3340 4017 3492 4054; x_wconf 82' lang='lat' dir='ltr'><strong>eans-</strong></span> <span class='ocrx_word' id='word_1_718' title='bbox 3529 4019 3640 4054; x_wconf 75' lang='lat' dir='ltr'><strong>mu-</strong></span> 
     </span>
    </p>
   </div>
   <div class='ocr_carea' id='block_1_101' title="bbox 2079 4095 3642 4165">
    <p class='ocr_par' dir='ltr' id='par_1_101' title="bbox 2079 4095 3642 4165">
     <span class='ocr_line' id='line_1_101' title="bbox 2079 4095 3642 4165; baseline -0.009 -12"><span class='ocrx_word' id='word_1_719' title='bbox 2079 4109 2339 4154; x_wconf 78' lang='lat' dir='ltr'><strong>taverunt.</strong></span> <span class='ocrx_word' id='word_1_720' title='bbox 2381 4097 2633 4165; x_wconf 72' lang='lat' dir='ltr'><strong>Nigcrest</strong></span> <span class='ocrx_word' id='word_1_721' title='bbox 2655 4098 2914 4149; x_wconf 62' lang='lat' dir='ltr'><strong>Olelll‘llS</strong></span> <span class='ocrx_word' id='word_1_722' title='bbox 2947 4095 3032 4147; x_wconf 87' lang='lat' dir='ltr'><strong>ille</strong></span> <span class='ocrx_word' id='word_1_723' title='bbox 3061 4111 3122 4147; x_wconf 85' lang='lat' dir='ltr'><strong>ex</strong></span> <span class='ocrx_word' id='word_1_724' title='bbox 3159 4097 3320 4147; x_wconf 87' lang='lat' dir='ltr'><strong>rubro</strong></span> <span class='ocrx_word' id='word_1_725' title='bbox 3357 4095 3437 4147; x_wconf 87' lang='lat' dir='ltr'><strong>vel</strong></span> <span class='ocrx_word' id='word_1_726' title='bbox 3470 4095 3642 4148; x_wconf 80' lang='lat' dir='ltr'><strong>lucido</strong></span> 
     </span>
    </p>
   </div>
   <div class='ocr_carea' id='block_1_102' title="bbox 2077 4187 3642 4254">
    <p class='ocr_par' dir='ltr' id='par_1_102' title="bbox 2077 4187 3642 4254">
     <span class='ocr_line' id='line_1_102' title="bbox 2077 4187 3642 4254; baseline -0.005 -9"><span class='ocrx_word' id='word_1_727' title='bbox 2077 4194 2140 4245; x_wconf 90' lang='lat' dir='ltr'><strong>ad</strong></span> <span class='ocrx_word' id='word_1_728' title='bbox 2165 4209 2192 4245; x_wconf 90' lang='lat' dir='ltr'><strong>a</strong></span> <span class='ocrx_word' id='word_1_729' title='bbox 2220 4208 2335 4246; x_wconf 89' lang='lat' dir='ltr'><strong>rum</strong></span> <span class='ocrx_word' id='word_1_730' title='bbox 2372 4191 2624 4243; x_wconf 90' lang='lat' dir='ltr'><strong>tendens:</strong></span> <span class='ocrx_word' id='word_1_731' title='bbox 2652 4189 2791 4242; x_wconf 86' lang='lat' dir='ltr'><strong>unde</strong></span> <span class='ocrx_word' id='word_1_732' title='bbox 2820 4197 2871 4240; x_wconf 90' lang='lat' dir='ltr'><strong>et</strong></span> <span class='ocrx_word' id='word_1_733' title='bbox 2899 4187 3044 4254; x_wconf 84' lang='lat' dir='ltr'><strong>nigra</strong></span> <span class='ocrx_word' id='word_1_734' title='bbox 3079 4187 3218 4250; x_wconf 74' lang='lat' dir='ltr'><strong>vitia,</strong></span> <span class='ocrx_word' id='word_1_735' title='bbox 3251 4190 3304 4238; x_wconf 89' lang='lat' dir='ltr'><strong>e&#39;t</strong></span> <span class='ocrx_word' id='word_1_736' title='bbox 3334 4187 3642 4253; x_wconf 75' lang='lat' dir='ltr'><strong>sanguinem</strong></span> 
     </span>
    </p>
   </div>
   <div class='ocr_carea' id='block_1_103' title="bbox 2081 4276 3643 4353">
    <p class='ocr_par' dir='ltr' id='par_1_103' title="bbox 2081 4276 3643 4353">
     <span class='ocr_line' id='line_1_103' title="bbox 2081 4276 3643 4353; baseline -0.006 -15"><span class='ocrx_word' id='word_1_737' title='bbox 2081 4288 2285 4353; x_wconf 77' lang='lat' dir='ltr'><strong>llig&#39;lttn</strong></span> <span class='ocrx_word' id='word_1_738' title='bbox 2312 4284 2557 4337; x_wconf 89' lang='lat' dir='ltr'><strong>dicimus.</strong></span> <span class='ocrx_word' id='word_1_739' title='bbox 2583 4280 2828 4349; x_wconf 75' lang='lat' dir='ltr'><strong>Virgilius</strong></span> <span class='ocrx_word' id='word_1_740' title='bbox 2854 4279 3145 4345; x_wconf 72' lang='lat' dir='ltr'><strong>nigrantem</strong></span> <span class='ocrx_word' id='word_1_741' title='bbox 3181 4276 3414 4328; x_wconf 86' lang='lat' dir='ltr'><strong>uiinbnm</strong></span> <span class='ocrx_word' id='word_1_742' title='bbox 3445 4277 3572 4329; x_wconf 84' lang='lat' dir='ltr'><strong>diin</strong></span> <span class='ocrx_word' id='word_1_743' title='bbox 3593 4279 3643 4332; x_wconf 89' lang='lat' dir='ltr'><strong>in</strong></span> 
     </span>
    </p>
   </div>
   <div class='ocr_carea' id='block_1_104' title="bbox 2082 4368 3643 4436">
    <p class='ocr_par' dir='ltr' id='par_1_104' title="bbox 2082 4368 3643 4436">
     <span class='ocr_line' id='line_1_104' title="bbox 2082 4368 3643 4436; baseline -0.006 -7"><span class='ocrx_word' id='word_1_744' title='bbox 2082 4392 2096 4429; x_wconf 90' lang='lat' dir='ltr'><strong>t</strong></span> <span class='ocrx_word' id='word_1_745' title='bbox 2126 4375 2337 4429; x_wconf 73' lang='lat' dir='ltr'><strong>1Eneid.</strong></span> <span class='ocrx_word' id='word_1_746' title='bbox 2369 4375 2774 4429; x_wconf 67' lang='lat' dir='ltr'><strong>C0l»iundllllllll&#39;</strong></span> <span class='ocrx_word' id='word_1_747' title='bbox 2805 4379 2977 4423; x_wconf 88' lang='lat' dir='ltr'><strong>tamen</strong></span> <span class='ocrx_word' id='word_1_748' title='bbox 3012 4368 3108 4420; x_wconf 88' lang='lat' dir='ltr'><strong>ista</strong></span> <span class='ocrx_word' id='word_1_749' title='bbox 3153 4383 3295 4436; x_wconf 61' lang='lat' dir='ltr'><strong>sape</strong></span> <span class='ocrx_word' id='word_1_750' title='bbox 3324 4368 3390 4420; x_wconf 87' lang='lat' dir='ltr'><strong>ab</strong></span> <span class='ocrx_word' id='word_1_751' title='bbox 3420 4369 3643 4422; x_wconf 83' lang='lat' dir='ltr'><strong>auctori-</strong></span> 
     </span>
    </p>
   </div>
   <div class='ocr_carea' id='block_1_105' title="bbox 2082 4464 2514 4520">
    <p class='ocr_par' dir='ltr' id='par_1_105' title="bbox 2082 4464 2514 4520">
     <span class='ocr_line' id='line_1_105' title="bbox 2082 4464 2514 4520; baseline 0 0"><span class='ocrx_word' id='word_1_752' title='bbox 2082 4465 2198 4520; x_wconf 88' lang='lat' dir='ltr'><strong>bus.</strong></span> <span class='ocrx_word' id='word_1_753' title='bbox 2224 4464 2514 4520; x_wconf 73' lang='lat' dir='ltr'><strong>AGRICOLA.</strong></span> 
     </span>
    </p>
   </div>
   <div class='ocr_carea' id='block_1_106' title="bbox 2007 4545 3649 4624">
    <p class='ocr_par' dir='ltr' id='par_1_106' title="bbox 2007 4545 3649 4624">
     <span class='ocr_line' id='line_1_106' title="bbox 2007 4545 3649 4624; baseline -0.006 -14"><span class='ocrx_word' id='word_1_754' title='bbox 2007 4565 2061 4624; x_wconf 87' lang='lat'><strong>1)</strong></span> <span class='ocrx_word' id='word_1_755' title='bbox 2154 4552 2460 4624; x_wconf 79' lang='lat' dir='ltr'><strong>Sarrilegioj</strong></span> <span class='ocrx_word' id='word_1_756' title='bbox 2485 4551 2826 4618; x_wconf 81' lang='lat' dir='ltr'><strong>Sacrilegium</strong></span> <span class='ocrx_word' id='word_1_757' title='bbox 2879 4546 3077 4600; x_wconf 91' lang='lat' dir='ltr'><strong>dictum</strong></span> <span class='ocrx_word' id='word_1_758' title='bbox 3105 4555 3184 4600; x_wconf 90' lang='lat' dir='ltr'><strong>cst</strong></span> <span class='ocrx_word' id='word_1_759' title='bbox 3210 4561 3238 4598; x_wconf 87' lang='lat' dir='ltr'><strong>a</strong></span> <span class='ocrx_word' id='word_1_760' title='bbox 3270 4545 3649 4606; x_wconf 74' lang='lat' dir='ltr'><strong>le:eudis,lioc</strong></span> 
     </span>
    </p>
   </div>
   <div class='ocr_carea' id='block_1_107' title="bbox 2088 4637 3647 4717">
    <p class='ocr_par' dir='ltr' id='par_1_107' title="bbox 2088 4637 3647 4717">
     <span class='ocr_line' id='line_1_107' title="bbox 2088 4637 3647 4717; baseline -0.01 -12"><span class='ocrx_word' id='word_1_761' title='bbox 2088 4658 2190 4717; x_wconf 60' lang='lat' dir='ltr'><strong>est,</strong></span> <span class='ocrx_word' id='word_1_762' title='bbox 2224 4647 2459 4701; x_wconf 81' lang='lat' dir='ltr'><strong>furamlis</strong></span> <span class='ocrx_word' id='word_1_763' title='bbox 2487 4643 2687 4696; x_wconf 87' lang='lat' dir='ltr'><strong>sacris:</strong></span> <span class='ocrx_word' id='word_1_764' title='bbox 2713 4640 2905 4692; x_wconf 72' lang='lat' dir='ltr'><strong>deinde</strong></span> <span class='ocrx_word' id='word_1_765' title='bbox 2941 4649 2993 4692; x_wconf 87' lang='lat' dir='ltr'><strong>et</strong></span> <span class='ocrx_word' id='word_1_766' title='bbox 3024 4655 3116 4704; x_wconf 91' lang='lat' dir='ltr'><strong>pro</strong></span> <span class='ocrx_word' id='word_1_767' title='bbox 3141 4637 3189 4687; x_wconf 83' lang='lat' dir='ltr'><strong>vi</strong></span> <span class='ocrx_word' id='word_1_768' title='bbox 3217 4651 3334 4702; x_wconf 72' lang='lat' dir='ltr'><strong>qua:</strong></span> <span class='ocrx_word' id='word_1_769' title='bbox 3371 4637 3534 4688; x_wconf 82' lang='lat' dir='ltr'><strong>S:I(&#39;l‘lS</strong></span> <span class='ocrx_word' id='word_1_770' title='bbox 3570 4638 3647 4689; x_wconf 72' lang='lat' dir='ltr'><strong>in-</strong></span> 
     </span>
    </p>
   </div>
   <div class='ocr_carea' id='block_1_108' title="bbox 2089 4726 3647 4802">
    <p class='ocr_par' dir='ltr' id='par_1_108' title="bbox 2089 4726 3647 4802">
     <span class='ocr_line' id='line_1_108' title="bbox 2089 4726 3647 4802; baseline -0.01 -8"><span class='ocrx_word' id='word_1_771' title='bbox 2089 4740 2274 4801; x_wconf 74' lang='lat' dir='ltr'><strong>fertur,</strong></span> <span class='ocrx_word' id='word_1_772' title='bbox 2306 4736 2578 4802; x_wconf 83' lang='lat' dir='ltr'><strong>accipitur.</strong></span> <span class='ocrx_word' id='word_1_773' title='bbox 2633 4731 2783 4784; x_wconf 87' lang='lat' dir='ltr'><strong>Unde</strong></span> <span class='ocrx_word' id='word_1_774' title='bbox 2833 4732 3030 4783; x_wconf 81' lang='lat' dir='ltr'><strong>Seneca</strong></span> <span class='ocrx_word' id='word_1_775' title='bbox 3077 4727 3141 4778; x_wconf 85' lang='lat' dir='ltr'><strong>:id</strong></span> <span class='ocrx_word' id='word_1_776' title='bbox 3175 4726 3434 4780; x_wconf 71' lang='lat' dir='ltr'><strong>Sen-nutri</strong></span> <span class='ocrx_word' id='word_1_777' title='bbox 3479 4726 3647 4778; x_wconf 81' lang='lat' dir='ltr'><strong>dixit:</strong></span> 
     </span>
    </p>
   </div>
   <div class='ocr_carea' id='block_1_109' title="bbox 2090 4820 3650 4889">
    <p class='ocr_par' dir='ltr' id='par_1_109' title="bbox 2090 4820 3650 4889">
     <span class='ocr_line' id='line_1_109' title="bbox 2090 4820 3650 4889; baseline -0.01 -4"><span class='ocrx_word' id='word_1_778' title='bbox 2090 4821 2224 4889; x_wconf 76' lang='lat' dir='ltr'><strong>Nihil</strong></span> <span class='ocrx_word' id='word_1_779' title='bbox 2267 4830 2313 4881; x_wconf 91' lang='lat' dir='ltr'><strong>in</strong></span> <span class='ocrx_word' id='word_1_780' title='bbox 2339 4842 2514 4880; x_wconf 89' lang='lat' dir='ltr'><strong>rerum</strong></span> <span class='ocrx_word' id='word_1_781' title='bbox 2543 4834 2725 4876; x_wconf 82' lang='lat' dir='ltr'><strong>natura</strong></span> <span class='ocrx_word' id='word_1_782' title='bbox 2758 4833 2860 4873; x_wconf 89' lang='lat' dir='ltr'><strong>tam</strong></span> <span class='ocrx_word' id='word_1_783' title='bbox 2893 4835 3101 4872; x_wconf 80' lang='lat' dir='ltr'><strong>s-tcruui</strong></span> <span class='ocrx_word' id='word_1_784' title='bbox 3147 4829 3227 4870; x_wconf 88' lang='lat' dir='ltr'><strong>est</strong></span> <span class='ocrx_word' id='word_1_785' title='bbox 3257 4821 3394 4886; x_wconf 89' lang='lat' dir='ltr'><strong>quol</strong></span> <span class='ocrx_word' id='word_1_786' title='bbox 3438 4820 3650 4872; x_wconf 79' lang='lat' dir='ltr'><strong>sacrile-</strong></span> 
     </span>
    </p>
   </div>
   <div class='ocr_carea' id='block_1_110' title="bbox 2088 4910 3652 4991">
    <p class='ocr_par' dir='ltr' id='par_1_110' title="bbox 2088 4910 3652 4991">
     <span class='ocr_line' id='line_1_110' title="bbox 2088 4910 3652 4991; baseline -0.007 -19"><span class='ocrx_word' id='word_1_787' title='bbox 2088 4937 2209 4991; x_wconf 74' lang='lat' dir='ltr'><strong>gum</strong></span> <span class='ocrx_word' id='word_1_788' title='bbox 2234 4935 2336 4972; x_wconf 89' lang='lat' dir='ltr'><strong>non</strong></span> <span class='ocrx_word' id='word_1_789' title='bbox 2370 4919 2525 4971; x_wconf 87' lang='lat' dir='ltr'><strong>inven</strong></span> <span class='ocrx_word' id='word_1_790' title='bbox 2552 4925 2623 4968; x_wconf 89' lang='lat' dir='ltr'><strong>at.</strong></span> <span class='ocrx_word' id='word_1_791' title='bbox 2659 4912 2856 4966; x_wconf 87' lang='lat' dir='ltr'><strong>Deinde</strong></span> <span class='ocrx_word' id='word_1_792' title='bbox 2883 4913 2986 4963; x_wconf 85' lang='lat' dir='ltr'><strong>Boe</strong></span> <span class='ocrx_word' id='word_1_793' title='bbox 3013 4911 3090 4961; x_wconf 71' lang='lat' dir='ltr'><strong>ius</strong></span> <span class='ocrx_word' id='word_1_794' title='bbox 3130 4910 3193 4962; x_wconf 92' lang='lat' dir='ltr'><strong>ad</strong></span> <span class='ocrx_word' id='word_1_795' title='bbox 3242 4924 3452 4961; x_wconf 88' lang='lat' dir='ltr'><strong>onmem</strong></span> <span class='ocrx_word' id='word_1_796' title='bbox 3476 4925 3532 4962; x_wconf 91' lang='lat' dir='ltr'><strong>sa</strong></span> <span class='ocrx_word' id='word_1_797' title='bbox 3570 4927 3652 4962; x_wconf 82' lang='lat' dir='ltr'><strong>ro-</strong></span> 
     </span>
    </p>
   </div>
   <div class='ocr_carea' id='block_1_111' title="bbox 2091 5001 3650 5080">
    <p class='ocr_par' dir='ltr' id='par_1_111' title="bbox 2091 5001 3650 5080">
     <span class='ocr_line' id='line_1_111' title="bbox 2091 5001 3650 5080; baseline -0.009 -12"><span class='ocrx_word' id='word_1_798' title='bbox 2091 5030 2205 5069; x_wconf 91' lang='lat' dir='ltr'><strong>rttm</strong></span> <span class='ocrx_word' id='word_1_799' title='bbox 2260 5009 2674 5080; x_wconf 70' lang='lat' dir='ltr'><strong>profanationem</strong></span> <span class='ocrx_word' id='word_1_800' title='bbox 2727 5004 3005 5059; x_wconf 84' lang='lat' dir='ltr'><strong>traducere</strong></span> <span class='ocrx_word' id='word_1_801' title='bbox 3045 5003 3143 5054; x_wconf 89' lang='lat' dir='ltr'><strong>hoc</strong></span> <span class='ocrx_word' id='word_1_802' title='bbox 3191 5017 3382 5054; x_wconf 87' lang='lat' dir='ltr'><strong>nomen</strong></span> <span class='ocrx_word' id='word_1_803' title='bbox 3427 5001 3650 5054; x_wconf 89' lang='lat' dir='ltr'><strong>vdetur.</strong></span> 
     </span>
    </p>
   </div>
   <div class='ocr_carea' id='block_1_112' title="bbox 2090 5093 3652 5158">
    <p class='ocr_par' dir='ltr' id='par_1_112' title="bbox 2090 5093 3652 5158">
     <span class='ocr_line' id='line_1_112' title="bbox 2090 5093 3652 5158; baseline -0.01 0"><span class='ocrx_word' id='word_1_804' title='bbox 2090 5107 2218 5158; x_wconf 87' lang='lat' dir='ltr'><strong>l\am</strong></span> <span class='ocrx_word' id='word_1_805' title='bbox 2267 5116 2452 5155; x_wconf 89' lang='lat' dir='ltr'><strong>omnes</strong></span> <span class='ocrx_word' id='word_1_806' title='bbox 2500 5098 2925 5156; x_wconf 86' lang='lat' dir='ltr'><strong>incantationes,</strong></span> <span class='ocrx_word' id='word_1_807' title='bbox 2963 5103 3015 5146; x_wconf 86' lang='lat' dir='ltr'><strong>et</strong></span> <span class='ocrx_word' id='word_1_808' title='bbox 3062 5093 3105 5145; x_wconf 92' lang='lat' dir='ltr'><strong>ri</strong></span> <span class='ocrx_word' id='word_1_809' title='bbox 3132 5108 3192 5146; x_wconf 89' lang='lat' dir='ltr'><strong>us</strong></span> <span class='ocrx_word' id='word_1_810' title='bbox 3241 5094 3652 5144; x_wconf 72' lang='grc' dir='ltr'><strong>ἰηνυςτιιιιιυηιςη</strong></span> 
     </span>
    </p>
   </div>
   <div class='ocr_carea' id='block_1_113' title="bbox 2090 5185 3655 5264">
    <p class='ocr_par' dir='ltr' id='par_1_113' title="bbox 2090 5185 3655 5264">
     <span class='ocr_line' id='line_1_113' title="bbox 2090 5185 3655 5264; baseline -0.01 -14"><span class='ocrx_word' id='word_1_811' title='bbox 2090 5195 2236 5264; x_wconf 85' lang='lat' dir='ltr'><strong>Spiril</strong></span> <span class='ocrx_word' id='word_1_812' title='bbox 2249 5210 2368 5248; x_wconf 91' lang='lat' dir='ltr'><strong>uum</strong></span> <span class='ocrx_word' id='word_1_813' title='bbox 2385 5207 2532 5246; x_wconf 83' lang='lat' dir='ltr'><strong>sacra</strong></span> <span class='ocrx_word' id='word_1_814' title='bbox 2549 5189 2884 5241; x_wconf 86' lang='lat' dir='ltr'><strong>vocabantur.</strong></span> <span class='ocrx_word' id='word_1_815' title='bbox 2897 5186 3107 5239; x_wconf 77' lang='lat' dir='ltr'><strong>Boetius</strong></span> <span class='ocrx_word' id='word_1_816' title='bbox 3120 5200 3235 5236; x_wconf 90' lang='lat' dir='ltr'><strong>cum</strong></span> <span class='ocrx_word' id='word_1_817' title='bbox 3252 5185 3316 5236; x_wconf 89' lang='lat' dir='ltr'><strong>ab</strong></span> <span class='ocrx_word' id='word_1_818' title='bbox 3332 5185 3430 5238; x_wconf 91' lang='lat' dir='ltr'><strong>hoc</strong></span> <span class='ocrx_word' id='word_1_819' title='bbox 3445 5186 3655 5236; x_wconf 81' lang='lat' dir='ltr'><strong>nomine</strong></span> 
     </span>
    </p>
   </div>
   <div class='ocr_carea' id='block_1_114' title="bbox 2093 5279 3656 5350">
    <p class='ocr_par' dir='ltr' id='par_1_114' title="bbox 2093 5279 3656 5350">
     <span class='ocr_line' id='line_1_114' title="bbox 2093 5279 3656 5350; baseline -0.012 -6"><span class='ocrx_word' id='word_1_820' title='bbox 2093 5292 2424 5350; x_wconf 84' lang='lat' dir='ltr'><strong>abhorreret,</strong></span> <span class='ocrx_word' id='word_1_821' title='bbox 2451 5283 2631 5336; x_wconf 90' lang='lat' dir='ltr'><strong>maluit</strong></span> <span class='ocrx_word' id='word_1_822' title='bbox 2661 5279 2992 5345; x_wconf 57' lang='lat' dir='ltr'><strong>Sacrilegium</strong></span> <span class='ocrx_word' id='word_1_823' title='bbox 3018 5293 3206 5350; x_wconf 80' lang='lat' dir='ltr'><strong>vocare</strong></span> <span class='ocrx_word' id='word_1_824' title='bbox 3241 5294 3252 5326; x_wconf 93' lang='lat'><strong>:</strong></span> <span class='ocrx_word' id='word_1_825' title='bbox 3284 5290 3345 5327; x_wconf 86' lang='lat' dir='ltr'><strong>ea</strong></span> <span class='ocrx_word' id='word_1_826' title='bbox 3386 5291 3459 5328; x_wconf 73' lang='lat' dir='ltr'><strong>es!</strong></span> <span class='ocrx_word' id='word_1_827' title='bbox 3500 5291 3656 5343; x_wconf 66' lang='lat' dir='ltr'><strong>quam</strong></span> 
     </span>
    </p>
   </div>
   <div class='ocr_carea' id='block_1_115' title="bbox 2099 5347 3658 5450">
    <p class='ocr_par' dir='ltr' id='par_1_115' title="bbox 2099 5347 3658 5450">
     <span class='ocr_line' id='line_1_115' title="bbox 2099 5347 3658 5450; baseline -0.013 -16"><span class='ocrx_word' id='word_1_828' title='bbox 2099 5396 2258 5450; x_wconf 86' lang='lat' dir='ltr'><strong>propr</strong></span> <span class='ocrx_word' id='word_1_829' title='bbox 2280 5377 2544 5444; x_wconf 80' lang='lat' dir='ltr'><strong>emagiam</strong></span> <span class='ocrx_word' id='word_1_830' title='bbox 2564 5385 2832 5430; x_wconf 86' lang='lat' dir='ltr'><strong>vocamus,</strong></span> <span class='ocrx_word' id='word_1_831' title='bbox 2855 5385 2973 5435; x_wconf 80' lang='lat' dir='ltr'><strong>qua:</strong></span> <span class='ocrx_word' id='word_1_832' title='bbox 2994 5382 3093 5432; x_wconf 81' lang='lat' dir='ltr'><strong>es&#39;,</strong></span> <span class='ocrx_word' id='word_1_833' title='bbox 3121 5347 3220 5436; x_wconf 65' lang='lat' dir='ltr'><strong>quit</strong></span> <span class='ocrx_word' id='word_1_834' title='bbox 3240 5367 3478 5418; x_wconf 76' lang='lat' dir='ltr'><strong>homines</strong></span> <span class='ocrx_word' id='word_1_835' title='bbox 3505 5367 3658 5426; x_wconf 86' lang='lat' dir='ltr'><strong>mira,</strong></span> 
     </span>
    </p>
   </div>
   <div class='ocr_carea' id='block_1_116' title="bbox 2099 5455 3658 5527">
    <p class='ocr_par' dir='ltr' id='par_1_116' title="bbox 2099 5455 3658 5527">
     <span class='ocr_line' id='line_1_116' title="bbox 2099 5455 3658 5527; baseline -0.013 0"><span class='ocrx_word' id='word_1_836' title='bbox 2099 5481 2152 5527; x_wconf 85' lang='lat' dir='ltr'><strong>et</strong></span> <span class='ocrx_word' id='word_1_837' title='bbox 2172 5481 2383 5523; x_wconf 82' lang='lat' dir='ltr'><strong>omnem</strong></span> <span class='ocrx_word' id='word_1_838' title='bbox 2424 5468 2664 5519; x_wconf 74' lang='lat' dir='ltr'><strong>ordinem</strong></span> <span class='ocrx_word' id='word_1_839' title='bbox 2700 5472 2788 5516; x_wconf 90' lang='lat' dir='ltr'><strong>aut</strong></span> <span class='ocrx_word' id='word_1_840' title='bbox 2816 5464 2918 5511; x_wconf 90' lang='lat' dir='ltr'><strong>vim</strong></span> <span class='ocrx_word' id='word_1_841' title='bbox 2953 5469 3150 5510; x_wconf 54' lang='lat' dir='ltr'><strong>naturae</strong></span> <span class='ocrx_word' id='word_1_842' title='bbox 3200 5456 3506 5509; x_wconf 68' lang='lat' dir='ltr'><strong>excedentia</strong></span> <span class='ocrx_word' id='word_1_843' title='bbox 3550 5471 3580 5508; x_wconf 86' lang='lat' dir='ltr'><strong>c</strong></span> <span class='ocrx_word' id='word_1_844' title='bbox 3606 5455 3658 5507; x_wconf 88' lang='lat' dir='ltr'><strong>li-</strong></span> 
     </span>
    </p>
   </div>
   <div class='ocr_carea' id='block_1_117' title="bbox 2025 5547 3660 5626">
    <p class='ocr_par' dir='ltr' id='par_1_117' title="bbox 2025 5547 3660 5626">
     <span class='ocr_line' id='line_1_117' title="bbox 2025 5547 3660 5626; baseline -0.016 -7"><span class='ocrx_word' id='word_1_845' title='bbox 2025 5620 2030 5624; x_wconf 91' lang='lat'>_</span> <span class='ocrx_word' id='word_1_846' title='bbox 2100 5565 2265 5626; x_wconf 86' lang='lat' dir='ltr'><strong>ciunt,</strong></span> <span class='ocrx_word' id='word_1_847' title='bbox 2303 5561 2401 5614; x_wconf 90' lang='lat' dir='ltr'><strong>hoc</strong></span> <span class='ocrx_word' id='word_1_848' title='bbox 2444 5574 2473 5613; x_wconf 94' lang='lat' dir='ltr'><strong>e</strong></span> <span class='ocrx_word' id='word_1_849' title='bbox 2505 5566 2544 5619; x_wconf 91' lang='lat' dir='ltr'><strong>t,</strong></span> <span class='ocrx_word' id='word_1_850' title='bbox 2572 5570 2726 5624; x_wconf 87' lang='lat' dir='ltr'><strong>quam</strong></span> <span class='ocrx_word' id='word_1_851' title='bbox 2767 5551 2961 5607; x_wconf 87' lang='lat' dir='ltr'><strong>indocti</strong></span> <span class='ocrx_word' id='word_1_852' title='bbox 3007 5547 3410 5614; x_wconf 78' lang='lat' dir='ltr'><strong>n?grnmantiam</strong></span> <span class='ocrx_word' id='word_1_853' title='bbox 3439 5551 3660 5595; x_wconf 77' lang='lat' dir='ltr'><strong>vocnit:</strong></span> 
     </span>
    </p>
   </div>
   <div class='ocr_carea' id='block_1_118' title="bbox 2103 5637 3659 5725">
    <p class='ocr_par' dir='ltr' id='par_1_118' title="bbox 2103 5637 3659 5725">
     <span class='ocr_line' id='line_1_118' title="bbox 2103 5637 3659 5725; baseline -0.016 -14"><span class='ocrx_word' id='word_1_854' title='bbox 2103 5674 2224 5712; x_wconf 90' lang='lat' dir='ltr'><strong>nam</strong></span> <span class='ocrx_word' id='word_1_855' title='bbox 2250 5657 2434 5709; x_wconf 72' lang='lat' dir='ltr'><strong>Cra-ce</strong></span> <span class='ocrx_word' id='word_1_856' title='bbox 2453 5651 2798 5725; x_wconf 69' lang='grc' dir='ltr'><strong>νεκρομαντία,</strong></span> <span class='ocrx_word' id='word_1_857' title='bbox 2824 5643 2904 5696; x_wconf 91' lang='lat' dir='ltr'><strong>vel</strong></span> <span class='ocrx_word' id='word_1_858' title='bbox 2960 5638 3292 5692; x_wconf 86' lang='lat' dir='ltr'><strong>communitis</strong></span> <span class='ocrx_word' id='word_1_859' title='bbox 3339 5637 3659 5708; x_wconf 75' lang='grc' dir='ltr'><strong>νεκρομαντίο</strong></span> 
     </span>
    </p>
   </div>
   <div class='ocr_carea' id='block_1_119' title="bbox 2109 5725 3651 5812">
    <p class='ocr_par' dir='ltr' id='par_1_119' title="bbox 2109 5725 3651 5812">
     <span class='ocr_line' id='line_1_119' title="bbox 2109 5725 3651 5812; baseline -0.019 -6"><span class='ocrx_word' id='word_1_860' title='bbox 2109 5750 2336 5806; x_wconf 86' lang='lat' dir='ltr'><strong>dicitur:</strong></span> <span class='ocrx_word' id='word_1_861' title='bbox 2364 5759 2480 5812; x_wconf 76' lang='lat' dir='ltr'><strong>qua:</strong></span> <span class='ocrx_word' id='word_1_862' title='bbox 2517 5743 2686 5797; x_wconf 75' lang='lat' dir='ltr'><strong>solum</strong></span> <span class='ocrx_word' id='word_1_863' title='bbox 2714 5735 3090 5791; x_wconf 82' lang='lat' dir='ltr'><strong>divinationem</strong></span> <span class='ocrx_word' id='word_1_864' title='bbox 3123 5729 3346 5784; x_wconf 82' lang='lat' dir='ltr'><strong>faciebat</strong></span> <span class='ocrx_word' id='word_1_865' title='bbox 3373 5741 3438 5784; x_wconf 76' lang='lat' dir='ltr'><strong>cx</strong></span> <span class='ocrx_word' id='word_1_866' title='bbox 3464 5725 3651 5780; x_wconf 85' lang='lat' dir='ltr'><strong>anima-</strong></span> 
     </span>
    </p>
   </div>
  </div>
