4276 6260
714 399 811 456 951

1363 393 1699 447 APPENDIX
1740 393 1828 446 AD
1868 390 2104 447 LIBROS
2145 391 2231 442 DE
2262 388 2776 443 CONSOLATIONE
2816 386 3301 444 PHILOSOPHUS.

3864 389 3971 443 939.

714 511 815 567 bus
834 510 1199 564 defunctorum
1232 523 1324 577 per
1352 508 1735 560 incantationes
1763 505 2081 558 invocantis.
2116 504 2274 557 Aem-
2307 504 2355 559 Α
2382 498 2558 566 habet)
2576 501 2905 569 dignitatem.
2929 501 3045 553 Fuit
3065 502 3207 555 enim
3224 515 3413 570 magna
3432 501 3660 570 dignitas
3682 502 3969 558 honestas-

716 614 869 654 COLA.

787 686 1062 757 Polluisse]
1088 687 1269 739 Pnlluo
1291 702 1316 737 a
1343 702 1500 754 porro
1537 698 1584 739 et
1612 687 1723 751 luo,
1756 686 1807 739 id
1838 695 1919 739 est
1950 698 2168 753 prorsus
2197 685 2283 737 luo

717 776 929 841 dicitur,
964 776 1013 830 id
1039 786 1119 829 est
1148 776 1376 828 maculo.
1409 778 1699 829 AGRICOLA.

784 866 972 937 Insita]
997 868 1049 921 Id
1081 879 1157 920 est
1181 869 1341 921 indita
1360 870 1426 920 ab
1454 869 1651 922 insero.
1688 872 1967 923 Acntcou.

790 957 1105 1028 Instillabas]
1132 958 1280 1011 Stilla
1302 967 1502 1025 guttam
1528 958 1816 1026 signiﬁcat:
1843 960 1981 1012 unde
2005 967 2057 1012 et
2078 956 2286 1012 stillici-

717 1045 861 1100 dium
890 1047 1037 1101 locus
1084 1048 1135 1098 in
1162 1063 1317 1115 quem
1344 1057 1507 1117 guttae.
1534 1050 1720 1116 pluviae
1750 1051 1817 1104 de
1842 1051 1991 1104 tectis
2013 1049 2282 1102 decidunt.

717 1132 843 1189 Inde
866 1135 1083 1189 instillo.
1105 1138 1391 1190 Acmcou.

789 1224 1209 1295 Pytlmgorirum]
1235 1226 1562 1295 Pythagoras
1594 1243 1656 1281 ex
1706 1227 1868 1283 Samo
1900 1227 2071 1281 insula
2106 1226 2285 1278 oriun-

719 1334 819 1373 ous
845 1319 959 1380 fuit,
989 1329 1227 1373 versatus
1248 1331 1331 1373 est
1352 1322 1403 1373 in
1427 1336 1487 1375 ea
1510 1322 1668 1374 Italiae
1689 1326 1835 1389 parte
1880 1336 1996 1390 quae
2025 1318 2286 1388 quondam

720 1428 907 1480 magna
938 1413 1140 1468 Grmcia
1182 1414 1323 1468 dicta
1364 1414 1481 1479 fuit,
1536 1417 1674 1468 circa
1706 1417 1994 1470 Tarentum
2026 1425 2081 1469 et.
2105 1415 2291 1470 Croto-

720 1514 839 1553 nam
874 1519 885 1551 :
914 1516 1137 1569 cumque
1165 1502 1580 1572 interrogaretur
1609 1520 1675 1556 an
1705 1508 1877 1575 σοφός,
1903 1506 1951 1557 id
1978 1514 2055 1559 est
2079 1504 2290 1572 sapiens

721 1601 886 1655 esset,
911 1590 1183 1659 respondit
1211 1606 1338 1657 non,
1367 1592 1461 1647 sed
1474 1595 1763 1665 φιλόσοφος,
1797 1595 1846 1647 id
1871 1605 1953 1648 est
1976 1602 2180 1646 amator
2204 1608 2290 1645 sa-

721 1683 935 1751 pientia;
964 1701 978 1735 :
1011 1693 1065 1737 et
1093 1698 1209 1737 cum
1260 1694 1380 1736 ante
1423 1700 1543 1736 eum
1601 1686 1685 1751 qui
1726 1684 1999 1751 insigniori
2048 1684 2289 1737 doctrina

722 1779 929 1845 prmditi
957 1788 1153 1841 essent,
1186 1782 1453 1849 sapientes
1479 1792 1818 1849 vocarentur,
1852 1791 2033 1850 postea
2060 1781 2279 1847 philoso

2384 605 2487 658 que
2512 591 2627 659 ejus
2655 600 2855 657 reatus,
2886 609 2990 661 quo
3018 594 3233 648 Boetius
3277 604 3556 648 accusatus
3593 604 3676 649 est
3702 598 3869 650 studii
3910 600 3967 650 in

2384 694 2620 737 senatum
2639 687 3016 753 propensioris,
3030 702 3211 742 verum
3232 703 3349 743 eam
3372 688 3505 744 falso
3532 694 3718 761 magiae
3738 695 3969 749 crimine

2386 774 2590 830 fuscare
2606 777 2989 847 denigrareqne
3002 781 3265 837 delatores
3276 785 3449 837 conati
3464 796 3606 839 sunt.
3624 788 3768 842 Hanc
3784 790 3969 843 lcetio-

2388 883 2507 921 nem
2554 880 2749 938 prteter
2804 874 3187 940 exemplarium
3234 876 3395 930 ﬁdem
3444 888 3690 933 astruunt
3734 896 3799 934 ea
3845 898 3970 951 qnze

2389 959 2628 1023 proxima
2659 976 2815 1028 prosa
2856 962 3226 1031 subjiciuntur.
3279 964 3357 1020 De
3388 968 3718 1035 obiectorum
3744 974 3965 1042 qutdem

2387 1048 2480 1101 tibi
2508 1049 2591 1102 vel
2621 1049 2900 1105 honestate
2935 1054 3021 1108 vel
3055 1053 3286 1110 falsitate
3320 1060 3527 1113 cunctis
3581 1071 3705 1115 nota
3751 1080 3966 1119 memo-

2388 1138 2537 1192 rasti.

2459 1244 2615 1301 Ἐπου
2628 1248 2741 1322 θεῷ]
2758 1249 2994 1319 Sequere
3008 1253 3192 1311 Deum:
3214 1256 3402 1325 legitur
3415 1268 3591 1312 autem
3609 1260 3969 1316 ltocGraecum

2391 1337 2442 1390 in
2460 1341 2753 1406 exemplari
2777 1343 2917 1409 quod
2962 1343 3089 1397 mihi
3136 1348 3494 1401 commodavit
3521 1350 3807 1415 Cmsarius,
3831 1363 3884 1407 et
3910 1354 3969 1408 in

2390 1429 2612 1497 epistola
2641 1430 2858 1485 Joannis
2879 1432 3145 1489 Edicollii
3169 1437 3233 1490 ad
3276 1454 3361 1493 me
3381 1440 3521 1493 data.
3561 1443 3794 1497 Habetur
3824 1446 3971 1501 idem

2393 1521 2443 1574 in
2472 1538 2508 1575 ιι
2531 1523 2769 1578 Chiliade
2799 1525 3205 1583 Proverbiorum
3247 1531 3476 1600 Erasmi,
3509 1545 3563 1589 et
3587 1537 3726 1604 apud
3752 1538 3968 1592 Politias

2392 1627 2516 1664 num
2571 1614 2621 1665 in
2658 1614 3000 1671 Prmleetione
3051 1619 3349 1676 Ilomcrica.
3404 1623 3650 1678 Refertur
3687 1636 3866 1680 autem
3898 1631 3969 1684 ad

2392 1700 2767 1771 Pythagoram,
2799 1706 2889 1776 qui
2914 1709 3145 1773 Marsilio
3168 1711 3476 1780 interprete,
3500 1714 3575 1768 sic
3607 1718 3679 1769 ait
3722 1717 3773 1771 in
3820 1734 3970 1789 sym~

2392 1791 2527 1847 bolis
2566 1811 2577 1844 :
2616 1793 2868 1864 Linguam
2932 1799 3189 1868 imprimis
3225 1818 3448 1871 coerce,
3509 1807 3674 1861 Deum
3725 1809 3968 1866 imitans.

723 1873 811 1939 phi
842 1874 1000 1942 empti
1035 1883 1157 1927 sunt
1180 1875 1381 1937 vocari,
1409 1885 1461 1929 et
1488 1890 1515 1927 a
1541 1875 1837 1946 Pythagora
1870 1885 2014 1931 secta
2044 1892 2104 1929 ca
2133 1876 2287 1930 ducta
2318 1860 2364 1918 Β
2394 1880 2555 1936 Porro
2574 1860 2880 1952 RodoIphus
2906 1860 3147 1957 Agricola
3177 1892 3383 1946 videtur
3406 1894 3517 1949 haec
3534 1896 3718 1951 Graeca
3743 1914 3968 1965 ponere.

723 1971 822 2027 est,
857 1980 1015 2033 quam
1055 1965 1448 2035 philosophiam
1489 1967 1721 2021 Italicam
1761 1976 2100 2022 vocaverunt.
2132 1969 2290 2023 Acm-

724 2067 875 2106 εοιΑ.
1770 2076 1771 2079 ‘

791 2153 923 2215 Θεῷ,
948 2145 1047 2198 ἀλλ’
1071 2144 1128 2197 οὒ
1148 2142 1299 2213 θεοῖς]
1336 2147 1385 2198 Id
1414 2158 1492 2199 est
1516 2147 1624 2199 Deo
1646 2158 1698 2200 et
1726 2163 1829 2199 non
1853 2147 1974 2200 diis.
2000 2151 2285 2202 Acmcou.

791 2234 1179 2303 Conveniebant]
1206 2236 1507 2290 Convenire
1532 2237 1724 2290 dicitur
1748 2237 1833 2291 hic
1852 2248 2031 2305 aptum
2060 2253 2180 2293 esse
2204 2240 2287 2291 Vel

722 2326 1177 2378 accommodatum
1209 2343 1221 2376 :
1250 2326 1533 2395 aliquando
1553 2328 1853 2381 consentire
1878 2329 2155 2397 signiﬁcat.
2186 2331 2291 2385 IIo-

724 2425 860 2467 rat.:

966 2505 1025 2554 Et
1046 2508 1155 2555 vitae
1179 2508 1481 2555 disconvenit
1505 2509 1675 2557 ordine
1701 2516 1819 2568 toto,

723 2587 774 2641 id
800 2596 882 2642 est
904 2589 1189 2643 discordat.
1210 2590 1362 2644 Ovid.
1396 2590 1449 2643 in
1474 2606 1487 2643 ι
1515 2591 1582 2644 de
1608 2594 1733 2645 Arte
1760 2610 1773 2644 :

843 2677 1105 2728 Conveniat
1129 2680 1286 2741 nobis,
1315 2694 1377 2729 ne
1397 2693 1541 2741 quam
1569 2694 1654 2729 uos
1679 2690 1793 2731 ante
1826 2694 2075 2744 rogemus.

723 2759 871 2816 Unde
884 2762 1128 2830 dicimus,
1142 2762 1397 2817 Convenit
1417 2764 1569 2819 nobis
1582 2766 1647 2819 de
1674 2766 1771 2819 hac
1798 2781 1875 2829 re,
1901 2776 1974 2829 et,
1990 2765 2288 2820 Convenie-

723 2870 838 2908 mus
865 2854 931 2908 de
954 2856 1050 2908 hac
1077 2871 1151 2909 re.
1173 2856 1340 2910 Etiam
1366 2858 1963 2927 signiﬁeatcongregari,
1994 2859 2149 2926 idque
2169 2873 2290 2926 pro-

722 2946 892 3013 prium
945 2956 1027 2999 est
1077 2947 1191 3015 ejus
1242 2948 1611 3017 signiﬁcatum.
1647 2950 1969 3003 Sallustius:
2004 2948 2286 3015 Postquam

722 3035 940 3088 Catilina
970 3050 1062 3089 eus
1091 3051 1223 3104 quos
1248 3050 1648 3102 convucaverat,
1673 3041 1984 3092 convenisse
2009 3038 2166 3091 videt.
2202 3038 2289 3090 Di-

721 3124 857 3177 citur
881 3126 1061 3186 etiam,
1094 3130 1323 3181 conveni
1358 3128 1448 3181 illu
1475 3156 1497 3177 t.
1525 3130 1662 3196 apud
1688 3128 1882 3189 forum,
1906 3129 1953 3180 id
1978 3138 2058 3181 est
2086 3129 2289 3181 allocu-

720 3224 802 3267 tus
823 3230 961 3268 sum.
990 3218 1275 3271 Acatcout.

797 3305 1049 3376 Penetral]
1095 3308 1319 3362 Interior
1351 3325 1472 3377 pars
1510 3310 1700 3365 domus
1724 3312 1916 3364 dicitur
1945 3326 1972 3365 a
2005 3320 2282 3379 penetran-

720 3399 806 3451 do.
841 3397 1027 3466 Virgil.
1066 3401 1167 3454 init
1196 3400 1437 3455 Aiueida

843 3487 1090 3547 Apparent
1123 3488 1299 3539 Priami
1322 3498 1373 3539 et
1391 3498 1617 3541 veterum
1642 3495 1911 3554 penetralia
1941 3506 2110 3554 regum

718 3567 1115 3637 Commoueque
1143 3572 1273 3622 dixit
1306 3572 1517 3625 Boetius
1550 3575 2051 3640 petictraliuuoeens
2072 3576 2279 3639 domus,

717 3656 965 3721 quoniam
997 3658 1167 3711 solent
1198 3663 1412 3714 recondi
1445 3664 1663 3717 scelera.
1695 3673 1748 3716 et
1771 3664 1838 3716 ab
1865 3665 2134 3718 hominum
2157 3680 2283 3719 cou-

717 3758 896 3817 spectu
918 3754 1201 3805 removeri.
1229 3757 1517 3808 AGIICOLA.

788 3837 986 3910 Catus]
1019 3844 1061 3894 A
1091 3845 1351 3908 coeundo,
1380 3846 1429 3898 id
1455 3856 1537 3899 cst
1565 3851 1929 3905 conveniendo
1972 3853 2145 3909 dictus
2180 3869 2279 3912 est.

716 3932 1008 3986 Acntcou.

788 4020 965 4092 Socer]
999 4024 1092 4077 Est
1122 4026 1300 4080 uxoris
1329 4031 1409 4082 vel
1444 4032 1617 4085 mariti
1651 4042 1819 4100 pater,
1856 4036 2034 4090 itidem
2089 4049 2142 4092 ut
2190 4055 2281 4095 so-

715 4123 837 4162 crus
863 4123 1049 4171 ma'er.
1077 4114 1164 4180 qui
1198 4114 1354 4168 ﬁliam
1405 4128 1543 4171 tuam
1590 4123 1642 4174 in
1682 4125 2072 4179 matrimonium
2100 4126 2279 4195 habet,

715 4214 894 4268 gener,
920 4218 1036 4269 quis
1059 4202 1219 4256 ﬁlium
1245 4214 1411 4269 tuum,
1441 4225 1601 4263 nurus
1626 4223 1862 4267 vocatur.
1885 4216 2171 4274 AGRICOLA.

783 4291 990 4362 Afﬁnes]
1032 4295 1143 4348 Hoc
1175 4296 1307 4349 dixit
1350 4300 1629 4369 impropria
1659 4306 2060 4374 signiﬁcatione,
2106 4309 2158 4362 id
2199 4320 2281 4365 est

714 4382 1000 4449 conjuncti.
1031 4384 1160 4437 Nam
1189 4390 1568 4444 consuetudine
1591 4394 1849 4461 accipitur
1869 4395 2044 4450 afﬁnis
2074 4414 2171 4466 pro
2191 4416 2276 4464 eo,

712 4474 800 4542 qui
827 4489 929 4526 nea
955 4484 1037 4529 est
1064 4488 1319 4545 cognatus
1346 4482 1515 4545 nobis,
1549 4485 1641 4537 sed
1671 4489 1908 4554 cognatis
1948 4494 2145 4545 nostris
2168 4509 2279 4547 ina-

712 4565 963 4619 trimonio
984 4566 1219 4635 junctus.
1251 4572 1537 4628 Acmcom.

779 4654 1028 4727 Instituti]
1054 4659 1106 4711 Id
1156 4670 1235 4713 est
1265 4667 1560 4731 compositi,
1594 4670 1675 4721 vel
1712 4673 2009 4737 assuefacti,
2042 4674 2122 4727 vel
2170 4674 2275 4727 fur-

709 4748 858 4801 mati.
899 4748 1114 4813 Quintil.
1173 4753 1269 4805 int
1312 4755 1540 4810 Institui.
1591 4778 1603 4811 :
1646 4766 1779 4816 Ante
1811 4767 2039 4832 palatum
2090 4782 2271 4822 eorum

708 4851 864 4902 quam
895 4855 1067 4892 mores
1109 4841 1456 4898 instituimus.
1510 4849 1807 4917 Aliquando
1842 4856 2035 4911 docere
2069 4859 2269 4927 signiﬁ-

707 4938 791 4979 cat
820 4927 1112 4983 instituere.
1145 4930 1385 4988 Juvenal.
1410 4955 1425 4988 :

829 5013 1136 5079 Instituitque
1164 5022 1311 5070 rudes
1337 5025 1509 5075 melior
1532 5027 1712 5079 locusta
1735 5036 2038 5096 pr0pinquas.

705 5092 976 5163 Accipitur
997 5101 1153 5152 etiam
1177 5118 1270 5166 pro
1301 5120 1365 5159 eo
1391 5110 1530 5175 quod
1563 5119 1645 5164 est
1677 5092 1973 5181 proponere
1996 5121 2077 5173 vel
2108 5122 2260 5186 velle,

707 5193 765 5238 ut
791 5183 964 5241 Cicer.
994 5189 1045 5242 in
1085 5206 1141 5244 ιιι
1163 5192 1228 5246 de
1250 5194 1323 5248 0r
1343 5206 1396 5249 ut.
1427 5217 1439 5250 :
1466 5200 1760 5258 Instituenti
1781 5208 1928 5275 mihi,
1952 5210 2144 5273 Quinte
2167 5183 2269 5266 fra-

704 5286 806 5340 ter.
839 5279 887 5332 id
912 5289 997 5334 est
1020 5284 1217 5339 volenti
1246 5288 1328 5342 vel
1360 5296 1583 5358 paranti.
1615 5296 1899 5353 AGRICOLA.

774 5371 1057 5445 Lacererisj
1087 5375 1329 5444 Figurate
1360 5396 1452 5447 per
1494 5386 1893 5444 translationem
1940 5392 2136 5446 dictum
2168 5404 2268 5461 est,

703 5460 755 5516 id
779 5472 860 5517 est
885 5468 1139 5534 carparis,
1167 5471 1597 5530 reprehendaris.
1630 5480 1917 5534 Aomcom.

772 5554 930 5625 Cujus
961 5560 1283 5633 dignitatem]
1320 5563 1549 5618 Tametsi
1584 5566 1887 5638 Rodolphus
1913 5573 2151 5640 Agricola
2185 5574 2273 5641 ju-

702 5644 840 5700 dicio
862 5650 943 5701 vir
964 5650 1191 5720 alioquin
1222 5656 1502 5721 acerrimo,
1535 5658 1707 5724 legere
1731 5661 1968 5717 videatur
1991 5665 2270 5733 indignita-

704 5741 831 5794 tem.
861 5738 1040 5792 malim
1093 5749 1265 5795 tamen
1315 5744 1743 5817 legcrc(sicutet
1795 5752 1906 5806 fere
1951 5756 2269 5823 exemplaria

2394 1980 2501 2040 Θεῳ
2566 1974 2667 2025 ἀλλ’
2693 1973 2750 2027 οὔ
2769 1979 2915 2039 θεοῖς,
2962 1978 3014 2032 id
3043 1989 3143 2045 cst,
3174 1982 3303 2051 Deo,
3332 1992 3388 2037 et
3415 1999 3520 2037 non
3562 1986 3661 2039 diis
3690 1988 3969 2058 (subaudi)

2392 2060 2592 2113 servias
2614 2076 2705 2115 seu
2727 2065 3081 2119 serviendum.

2464 2148 2787 2217 (,‘onsimilem
2820 2154 2924 2207 Deo
2956 2156 3167 2228 faceres]
3193 2158 3396 2215 Seneca
3425 2162 3479 2214 in
3507 2163 3728 2231 epistola
3762 2167 3830 2219 ad
3859 2167 3968 2221 [ιιι.

2392 2239 2567 2292 cilium
2599 2241 2703 2295 48:
2741 2243 2847 2297 IIoc
2873 2246 3013 2299 enim
3042 2259 3127 2301 est
3149 2250 3287 2317 quod
3313 2250 3439 2304 mihi
3470 2252 3801 2324 philos0pliia
3841 2273 3967 2324 [ιι-ος

2392 2330 2571 2397 mittit,
2602 2341 2661 2385 ut
2689 2348 2867 2401 parem
2892 2337 3000 2390 Deo
3029 2337 3206 2393 faciat.

2465 2446 2511 2498 U
2514 2447 2629 2518 ltro]
2657 2449 2894 2517 Insuper.

2464 2558 2526 2608 At
2557 2573 2671 2609 vero
2699 2561 2791 2611 hoc
2815 2562 2989 2632 etiam]
3021 2566 3265 2620 Ostendit
3292 2584 3431 2624 nunc
3455 2574 3794 2640 asperitatem
3816 2577 3961 2630 calas

2391 2648 2589 2701 mitatis
2614 2663 2723 2702 suae
2749 2666 2812 2703 ex
2844 2666 2910 2705 eo
2930 2656 3068 2722 quod
3085 2659 3320 2726 sequitur
3338 2663 3757 2718 communiterin
3770 2680 3964 2722 omnes

2392 2737 2576 2790 bonos.
2614 2738 2746 2793 Dicit
2786 2741 2964 2811 itaque
3017 2761 3119 2800 non
3168 2750 3339 2803 solum
3384 2751 3651 2822 indignum
3680 2769 3801 2811 esse
3844 2760 3963 2815 haec

2390 2828 2587 2893 omnia,
2612 2844 2728 2897 quae
2749 2832 3058 2898 gravissima
3074 2841 3424 2903 enumeravit,
3447 2855 3507 2897 se
3536 2846 3843 2911 pertulisse,
3860 2848 3962 2902 sed

2391 2919 2491 2973 hoc
2516 2922 2673 2973 etiam
2718 2923 2889 2976 adhuc
2920 2935 3122 2980 restare
3150 2929 3305 2983 malis
3348 2933 3478 2995 suis,
3511 2942 3567 2986 ut
3623 2935 3723 2988 ista
3764 2939 3962 2991 merito

2390 3009 2497 3075 pati
2545 3009 2806 3075 videatur,
2855 3021 2910 3066 et
2954 3024 3229 3084 postquam
3276 3020 3453 3073 omnia
3498 3021 3746 3089 perdidit,
3796 3026 3961 3080 etiam

2391 3096 2721 3151 honestatem
2741 3099 3145 3158 existimationis
3158 3115 3211 3159 et
3236 3106 3387 3160 fama:
3410 3110 3561 3164 bona:
3586 3113 3809 3168 amittat.
3832 3114 3961 3170 Vul-

2313 3216 2356 3277 C
2388 3204 2485 3257 gus
2526 3192 2664 3244 enim
2699 3195 2997 3261 imperitum
3044 3212 3104 3251 ea
3136 3200 3308 3254 solum
3336 3204 3526 3267 credit,
3579 3215 3633 3259 et
3668 3208 3954 3275 prudenter

2388 3280 2522 3334 facta
2544 3297 2683 3348 esse,
2712 3300 2828 3353 qure
2858 3301 3111 3357 prospere
3151 3300 3205 3345 et.
3247 3291 3473 3349 feliciter
3496 3299 3784 3364 eveniunt;
3817 3318 3959 3357 nunc

2385 3386 2513 3439 ergo
2556 3375 2677 3441 quia
2701 3376 2802 3428 sibi
2833 3392 2919 3431 res
2958 3394 3143 3433 omnes
3184 3382 3420 3438 adversa:
3470 3386 3749 3444 infeliciter
3778 3406 3960 3448 cesse-

2386 3473 2527 3530 runt,
2557 3467 2805 3519 credetur
2834 3468 3021 3536 dignus
3050 3470 3131 3523 bis
3157 3488 3296 3537 esse,
3327 3477 3488 3530 etista
3526 3480 3803 3534 meruisse.
3830 3482 3961 3538 Post

2386 3555 2477 3617 ibi.
2520 3556 2699 3610 Videor
2718 3569 2883 3611 autem
2911 3562 3078 3615 videre
3104 3564 3252 3632 dicit,
3306 3569 3428 3636 quia
3480 3586 3619 3624 nunc
3655 3573 3959 3629 innocentia

2386 3655 2562 3698 nostra
2581 3646 2647 3699 ab
2675 3648 2929 3715 improbis
2951 3653 3087 3707 victa
3111 3664 3192 3708 est
3218 3666 3274 3710 et
3315 3674 3587 3728 oppressa,
3617 3663 3849 3719 futurum
3873 3678 3960 3723 est

2386 3743 2445 3788 ut
2472 3737 2719 3791 scelerati
2747 3754 2934 3795 omnes
2963 3745 3152 3810 quibus
3173 3760 3298 3814 ergo
3328 3749 3637 3805 resistebant
3662 3757 3957 3824 gaudeant,

2383 3833 2437 3876 et
2458 3826 2661 3881 similes
2687 3831 3053 3885 accusationes
3078 3843 3261 3887 contra
3301 3834 3467 3890 bonos
3498 3849 3684 3906 parent
3706 3858 3825 3897 cum
3869 3847 3958 3899 vi-

2384 3912 2543 3967 deant
2576 3917 2792 3985 impnne
2813 3923 2987 3973 omnia
3014 3937 3070 3974 se
3094 3922 3267 3978 facere
3291 3940 3447 3993 posse
3475 3929 3673 3982 :bonos
3696 3946 3824 3987 vero
3848 3948 3959 3989 non

2383 4018 2609 4059 ausuros
2635 4006 2737 4061 illis
2762 4010 3027 4073 resistere,
3054 4027 3175 4066 cum
3206 4028 3265 4067 se
3291 4015 3503 4069 videant
3539 4034 3642 4073 non
3667 4022 3840 4075 solum
3864 4038 3958 4091 pe-

2383 4092 2562 4146 riculis
2583 4098 2874 4163 expositos,
2908 4102 2998 4155 sed
3030 4105 3186 4155 etiam
3210 4103 3519 4160 defensione
3556 4110 3811 4176 privatos.
3846 4113 3958 4168 Ex-

2383 4184 2571 4237 clamat
2593 4201 2717 4254 crgo
2751 4205 2763 4239 :
2794 4189 2839 4242 0
2859 4190 3118 4259 Stellil'eri,
3148 4205 3251 4250 etc.
3282 4195 3572 4254 Aomcoca.

2452 4294 2717 4370 Cumulusj
2749 4301 2802 4354 Id
2826 4313 2908 4356 est
2932 4306 3343 4372 explementum.
3362 4311 3579 4380 Proprie
3602 4316 3742 4368 enim
3758 4318 3958 4375 dicitur

2382 4390 2645 4452 cumulus,
2676 4406 2895 4445 acervus
2938 4410 3112 4447 rerum
3159 4407 3248 4450 aut
3279 4408 3452 4453 strues
3487 4404 3643 4458 simul
3673 4419 3958 4475 congesta-

2386 4494 2521 4530 rum.
2556 4480 2843 4533 Aomcoca.

2302 4567 2357 4625 Β
2452 4569 2655 4641 Merita]
2691 4570 2741 4623 lu
2770 4582 2850 4625 est
2873 4574 2973 4625 vim
3009 4575 3089 4627 vel
3118 4579 3365 4643 pretium.
3393 4581 3677 4637 Acmcoca.

2451 4658 2687 4731 Proviso]
2723 4662 2860 4715 Dixit
2887 4666 3032 4730 quasi
3060 4671 3395 4733 providenter
3416 4682 3467 4723 et
3494 4685 3636 4728 recte
3661 4677 3792 4729 facta
3818 4695 3831 4728 :
3861 4693 3956 4732 se-

2378 4754 2606 4806 cundum
2638 4740 2977 4821 pliil0$0plios
2998 4758 3160 4820 enim,
3184 4760 3433 4828 quidquid
3465 4776 3606 4817 recte
3624 4767 3701 4831 ﬁt,
3720 4768 3956 4834 pruden~

2379 4853 2457 4897 ter
2479 4846 2538 4897 ﬁt
2566 4863 2578 4899 :
2609 4857 2792 4900 contra
2842 4850 3023 4909 etiam,
3056 4851 3311 4918 quidquid
3362 4856 3645 4921 prudenter
3679 4862 3735 4911 Iit
3794 4864 3852 4913 fit
3898 4874 3956 4919 et

2381 4946 2541 4991 recte.
2574 4940 2858 4992 Aoatcou.

2452 5028 2717 5099 Rumores]
2750 5029 2950 5083 Rumor
2986 5047 3013 5081 a
3065 5036 3265 5088 ruendo
3289 5036 3481 5101 dietus,
3510 5043 3659 5107 quasi
3705 5041 3954 5099 fremitus

2380 5118 2557 5186 populi
2606 5118 2794 5172 similis
2829 5134 2990 5187 sono,
3024 5139 3179 5191 quem
3232 5128 3381 5179 ruina
3413 5144 3587 5182 rerum
3618 5131 3763 5196 facit,
3810 5134 3953 5190 idem

2377 5215 2637 5283 signiﬁcat
2661 5216 2801 5285 quod
2828 5219 2982 5281 fama;
3003 5220 3095 5272 sed
3129 5220 3261 5273 fama
3285 5223 3526 5279 Graacum
3550 5235 3650 5289 est,
3678 5227 3820 5283 fama
3872 5240 3953 5284 ta-

2375 5320 2492 5358 men
2532 5307 2649 5373 quia
2688 5322 2715 5358 a
2754 5312 2875 5379 φημί
2922 5307 3106 5363 Graeco
3141 5313 3310 5381 (quod
3352 5315 3491 5381 apud
3536 5331 3632 5369 nos
3669 5322 3751 5384 for
3786 5319 3951 5388 signi-

2378 5396 2516 5463 ﬁcat)
2556 5396 2767 5457 dicitur.
2812 5402 3007 5454 certius
3057 5402 3252 5471 aliquid
3314 5415 3366 5458 et
3427 5409 3762 5463 consmntius
3808 5410 3952 5476 loqui

2375 5486 2666 5551 signiﬁcat:
2698 5504 2877 5542 rumor
2908 5492 3158 5547 incertius
3181 5496 3424 5563 quiddam
3460 5497 3635 5552 habet.
3661 5500 3945 5555 Acmcou.

2449 5576 2735 5647 A/ﬁngimr]
2767 5580 2867 5634 Alii
2911 5586 3143 5652 afﬁgitur
3196 5589 3396 5656 legunt,
3434 5591 3571 5656 quod
3622 5592 3945 5649 translatum

2375 5670 2585 5737 quidem
2608 5682 2705 5738 est,
2738 5675 2833 5727 sed
2863 5683 3039 5731 tamen
3069 5681 3259 5735 aotius.
3287 5685 3569 5737 Acatcuu.

2447 5758 2736 5829 Pcrfcruntl
2760 5765 3059 5822 Iuvenalis:
