4276 6260
371 365 479 423 955

1109 488 1328 553 Lateque
1354 501 1608 544 sonantem

494 542 704 593 Pertulit
731 543 915 593 Ionium
947 561 956 594 :

372 622 425 678 id
457 633 536 679 est
562 641 816 694 perpessa
859 635 959 682 est.
1015 629 1310 698 Aliquando
1353 647 1655 703 apportare,
1702 647 1759 691 ut
1802 641 1940 708 apud

367 712 685 769 Ciceronem
722 732 736 767 :
769 715 995 770 Litteras
1035 718 1099 771 ad
1138 727 1191 773 te
1221 720 1564 789 perferendas
1600 726 1741 781 dedi.
1783 726 1941 781 Acm—

365 817 520 858 εοιΑ.

441 894 701 965 0ﬂicinas)
730 897 971 964 Ofﬁcina,
1003 900 1068 952 ab
1093 901 1270 956 ofﬁcio
1292 905 1449 965 dicta.
1480 917 1556 959 est
1585 908 1732 961 locus
1754 909 1804 962 in
1833 925 1938 977 quo

368 985 584 1053 opifices
596 986 788 1051 ofﬁcia,
817 989 916 1043 hoc
937 1000 1018 1044 est
1039 1003 1180 1047 artes
1203 1010 1326 1047 suas
1349 1009 1617 1050 exercent.
1643 1000 1932 1054 AGRICOLA.

439 1078 748 1151 Fluitantes]
781 1080 834 1135 Id
858 1091 939 1136 est
959 1091 1077 1138 Sese
1105 1086 1368 1154 agitantes
1389 1090 1472 1142 vel
1497 1091 1820 1158 trepidantes
1849 1094 1931 1146 vel

363 1169 671 1236 gestientes.
715 1170 803 1225 Sic
839 1173 978 1226 enim
1018 1173 1203 1230 Cicero
1258 1177 1610 1232 inconsultum
1655 1183 1927 1248 gaudium,

362 1258 597 1312 laetitiam
629 1261 944 1328 gestientem
967 1277 1141 1330 vocat,
1166 1267 1307 1320 idest
1335 1268 1524 1322 crebro
1545 1285 1602 1323 se
1631 1282 1928 1327 moventem

361 1357 415 1402 et
439 1350 811 1418 trepidantem,
835 1354 992 1408 sicuti
1017 1372 1134 1410 mos
1160 1368 1240 1411 est
1266 1360 1418 1414 laetis.
1439 1359 1725 1416 AGRICOLA.

431 1437 861 1512 Perditissimum]
887 1444 1084 1500 Perditi
1123 1447 1373 1502 dicuntur
1401 1452 1486 1520 qui
1513 1467 1614 1505 non
1647 1453 1928 1507 mediocri-

360 1538 440 1583 ter
460 1538 550 1583 aut
577 1531 927 1588 tolerabiliter
963 1546 1085 1590 sunt
1122 1539 1268 1603 mali,
1295 1551 1347 1594 et
1374 1541 1439 1595 de
1460 1542 1647 1610 quibus
1678 1545 1818 1596 nulla
1847 1555 1928 1598 est

361 1621 587 1689 amplius
609 1637 731 1691 spes
753 1625 897 1691 boni,
923 1642 1055 1696 quos
1071 1629 1241 1684 Graeci
1264 1641 1317 1685 et
1339 1632 1523 1687 Cicero
1548 1648 1922 1705 nonnunquam

360 1723 479 1766 usus
500 1727 563 1766 eo
585 1715 764 1779 verbo,
793 1719 1020 1778 ἀσώτους
1049 1731 1252 1774 vocant.
1284 1723 1568 1778 Aamcou.

431 1801 696 1876 Insontes]
729 1806 913 1862 lnsons
942 1823 970 1860 a
1002 1824 1127 1862 sons
1167 1810 1380 1876 dicitur,
1413 1813 1553 1882 quod
1586 1814 1744 1868 etiam
1783 1833 1921 1872 ηιιηο

360 1903 483 1945 usus
510 1894 691 1960 habet,
722 1903 930 1951 veteres
953 1907 1126 1951 tamen
1145 1902 1340 1968 saepius
1360 1902 1608 1956 dixerunt
1633 1923 1643 1955 :
1681 1906 1920 1960 testimo-

359 1984 495 2036 nium
541 1993 622 2038 est
663 1985 804 2039 Festi
850 1988 1106 2056 Pompeii,
1139 1993 1225 2056 qui
1275 1995 1532 2047 sonticum
1584 1995 1780 2063 justum
1811 2001 1923 2051 Vult

358 2072 672 2142 signiﬁcare,
702 2091 903 2145 ponens
930 2081 1090 2132 verba
1120 2080 1301 2145 Naevii,
1327 2081 1576 2138 dicentis:

489 2165 731 2215 Senticam
777 2180 887 2216 esse
926 2176 1118 2229 Oportet
1145 2181 1352 2229 causam,
1395 2174 1706 2294 quamfbrelm
1747 2176 1920 2236 perdas

1564 2249 1642 2283 mu
1667 2248 1856 2285 ierem:

1564 2248 1820 2284 munerem
1845 2252 1856 2285 ἶ

358 2318 476 2361 eum
519 2309 712 2364 rectius
763 2309 984 2364 dixisset
1019 2311 1236 2374 Festus,
1290 2329 1504 2382 gravem
1543 2328 1633 2370 aut
1679 2320 1916 2371 noxiam.

356 2399 560 2453 Dictum
581 2411 788 2454 sontem
819 2402 1069 2470 arbitror,
1100 2403 1166 2457 de
1191 2420 1296 2472 quo
1319 2420 1482 2461 sonus
1514 2407 1624 2471 ﬁat,
1654 2409 1703 2462 id
1729 2419 1807 2463 est
1828 2412 1916 2479 qui

356 2485 406 2542 ln
435 2488 572 2543 fama
598 2499 650 2543 et
678 2504 810 2544 sono
837 2490 1108 2547 hominum
1135 2505 1394 2550 versatur.
1412 2501 1704 2554 AGRICOLA.

419 2576 662 2632 Cuntulus
699 2579 911 2649 accedit]
933 2582 1185 2638 Cumulos
1208 2585 1465 2640 malorum
1517 2589 1918 2655 proverbialiter

354 2665 544 2721 dicitur
571 2667 640 2722 de
677 2668 976 2738 ingentibus
1006 2672 1160 2725 malis
1193 2683 1248 2727 et
1288 2675 1676 2732 calamitatibus
1707 2696 1718 2730 :
1746 2688 1803 2733 ot
1826 2693 1912 2733 cu-

355 2757 528 2811 mulus
566 2772 660 2812 seu
682 2771 902 2815 acervus
952 2760 1234 2827 bonorum,
1265 2763 1333 2817 de
1361 2765 1548 2833 opibus
1595 2767 1912 2835 ingentibus.

351 2850 486 2903 Sunt
511 2858 562 2904 et
587 2850 673 2904 illa
699 2850 940 2906 Ciceroni
972 2852 1268 2922 familiaria,
1294 2856 1564 2911 cumulare
1589 2858 1796 2924 officiis,
1825 2876 1917 2915 cu-

354 2938 697 2995 mulatissime
717 2942 1046 3007 satisfacere,
1076 2946 1317 2999 cumulus
1345 2948 1674 3000 meritorum.

878 3034 940 3086 IN
991 3035 1278 3090 METRUM
1320 3038 1382 3090 ν.

427 3118 748 3188 Ostelliferij
780 3121 994 3176 Boetius
1041 3125 1140 3176 hoc
1183 3127 1420 3180 carmine
1467 3127 1913 3196 deplorateondi-

352 3211 546 3265 tionem
577 3210 820 3265 humana:
849 3220 1072 3278 naturae,
1103 3229 1220 3268 cum
1251 3216 1386 3270 Deus
1411 3219 1587 3271 omnia
1615 3235 1732 3286 qua:
1755 3220 1804 3272 in
1829 3235 1913 3274 re-
1941 3208 1985 3268 C

353 3315 467 3355 rum
487 3310 668 3356 natura
695 3311 820 3356 sunt
836 3304 902 3357 ad
926 3314 1122 3359 certam
1143 3307 1312 3375 legem
1335 3309 1909 3376 alligaverit,etomuia

354 3391 423 3443 ita
454 3391 760 3456 instituerit,
793 3403 846 3446 nt
867 3410 1048 3450 errare
1079 3406 1168 3450 aut
1197 3412 1418 3466 peccare
1452 3403 1731 3468 nequirent
1759 3419 1769 3452 :
1815 3402 1910 3455 soli

352 3481 552 3536 homini
582 3483 728 3538 dedit
757 3485 1079 3552 libertatem,
1110 3497 1167 3541 ut
1201 3499 1381 3557 posset
1408 3492 1542 3547 bene
1569 3503 1622 3546 et
1664 3494 1807 3548 male
1835 3493 1908 3546 fa-

353 3587 493 3638 cere,
517 3580 575 3627 et
601 3575 648 3628 ei
683 3577 998 3643 permiserit,
1030 3593 1084 3632 ut
1108 3579 1208 3634 hae
1235 3581 1474 3636 libertate
1498 3586 1913 3654 plerumqueab-

353 3667 620 3727 uteretur,
652 3674 706 3718 et
733 3667 855 3718 mali
903 3677 1208 3734 premerent
1247 3671 1512 3726 meliores.
1548 3672 1728 3728 Genus
1759 3679 1910 3730 metri

352 3761 434 3805 est
460 3754 838 3820 anapaesticum
863 3765 916 3809 et
933 3756 1289 3813 Pindaricum.
1315 3762 1706 3830 Anaptesticum
1735 3783 1762 3816 a
1781 3771 1913 3833 pede

353 3839 570 3904 dictum,
593 3844 840 3911 quoniam
866 3845 951 3899 ille
981 3848 1052 3900 sit
1079 3849 1128 3902 ei
1153 3864 1246 3917 pes
1274 3851 1540 3918 legitimus
1572 3871 1582 3903 :
1613 3856 1804 3923 recipit
1830 3866 1911 3908 ta-

351 3946 474 3987 men
497 3941 551 3986 et
577 3935 868 4002 spondeum
891 3947 945 3992 et
965 3938 1252 4010 dactylum.
1289 3943 1663 4000 Pindaricuma
1685 3948 1912 4003 Pindaro

351 4034 568 4080 auctore
590 4026 703 4095 ejus
730 4028 943 4083 dicitur.
998 4032 1132 4086 Dicit
1157 4049 1282 4102 ergo
1307 4052 1318 4086 :
1357 4035 1400 4087 0
1428 4035 1585 4103 Deus,
1605 4040 1690 4105 qui
1712 4041 1765 4093 in
1789 4043 1912 4094 caelo

352 4113 603 4180 habitans,
630 4120 873 4171 convertis
893 4121 1022 4173 illud
1047 4122 1203 4175 veloci
1233 4141 1405 4190 cursu,
1438 4137 1486 4179 et
1515 4129 1642 4197 facis
1679 4141 1734 4183 ut
1755 4133 1913 4185 stella:

353 4222 543 4276 semper
569 4210 793 4262 ordinem
817 4227 965 4264 suum
987 4225 1215 4282 servent,
1264 4227 1309 4270 et
1340 4219 1462 4272 luna
1504 4223 1654 4290 plena
1683 4227 1913 4291 opposita

349 4297 462 4356 soli,
495 4298 683 4352 lumine
707 4318 798 4353 suo
826 4303 1096 4358 abscondat
1114 4309 1331 4376 reliquas
1353 4312 1526 4365 stellas
1550 4331 1568 4367 :
1592 4333 1725 4368 nunc
1750 4318 1916 4372 vicina

353 4400 531 4438 rursus
559 4389 674 4451 soli,
703 4391 877 4457 perdat
901 4392 1070 4446 lumen
1090 4411 1256 4448 suum.
1283 4398 1370 4451 Sic
1392 4401 1516 4470 facis
1548 4405 1698 4456 etiam
1719 4413 1774 4457 ut
1807 4406 1914 4459 He-

352 4491 530 4542 sperus
558 4482 668 4543 jam
705 4489 816 4548 post
844 4482 1150 4537 occiden:em
1176 4487 1332 4539 solent
1361 4490 1545 4553 luceat,
1579 4496 1693 4562 jam
1721 4506 1912 4548 mutato

1252 377 1626 434 MUllMELLll
1667 382 1752 436 ET
1791 383 2151 439 AGRICOLIE
2188 387 2692 446 GUMMENlAlllA.

3513 409 3611 461 934

1973 503 2024 560 Α
2051 517 2162 554 nem
2187 504 2272 571 qui
2292 506 2344 556 in
2372 507 2492 558 caelo
2523 515 2614 568 est,
2657 507 2808 558 etium
2838 508 2889 560 in
2911 517 3096 561 terram
3123 513 3280 566 mitte.
3315 515 3608 572 Acntcou.

2118 592 2401 662 Conditor]
2431 594 2674 648 Condere
2703 597 3020 666 quandoque
3047 598 3222 656 facere
3250 603 3528 672 significat,
3553 618 3608 660 ut

2047 677 2152 743 hic,
2177 688 2230 733 el
2264 681 2404 750 Virg.
2435 682 2486 735 in
2512 683 2729 736 Bucol.:

2593 773 2750 822 Pallas
2771 787 2893 836 quas
2914 777 3127 827 condidit
3151 780 3322 843 urbes,

2228 831 2332 892 Ipsa
2355 833 2496 881 colat.

2042 913 2368 983 Quandoque
2396 916 2654 983 signiﬁcat
2679 918 3028 985 abscondere,
3053 923 3130 974 sic
3160 923 3293 977 infra
3317 926 3529 980 dicitur.

2404 1004 2586 1055 Condat
2609 1009 2778 1057 stellas
2798 1013 2904 1058 'una
2931 1013 3158 1061 minores.

2041 1084 2260 1153 Proprie
2282 1102 2410 1140 vero
2445 1089 2702 1157 signiﬁcat
2729 1106 3017 1161 congerere
3048 1103 3139 1147 aut
3166 1094 3442 1163 coll‘gere.
3495 1094 3596 1150 Ho-

2037 1183 2138 1228 rat.
2168 1178 2217 1229 in
2242 1192 2256 1229 l
2279 1176 2490 1232 Carm.:

2221 1265 2357 1314 lllum
2382 1271 2420 1316 si
2447 1274 2640 1331 preprio
2665 1272 2874 1320 condidit
2897 1273 3073 1322 horreo
3098 1289 3107 1319 :

2033 1357 2086 1400 et
2117 1347 2251 1402 idem
2277 1352 2325 1401 in
2348 1351 2517 1416 primo
2543 1352 2892 1421 Epistolarum
2927 1372 2938 1406 :

2155 1458 2316 1507 Qondo
2341 1469 2389 1508 et
2410 1472 2660 1521 compono,
2686 1476 2794 1523 qua:
2817 1476 2925 1512 mox
2944 1465 3237 1525 depromere
3262 1467 3454 1527 possim.

2029 1561 2314 1616 AGRICOLA.

2102 1652 2250 1706 Orbis
2278 1654 2297 1723 ]
2333 1655 2528 1709 Dicitur
2548 1657 2598 1710 id
2618 1661 2757 1727 quod
2788 1661 3121 1728 undiquaque
3163 1663 3444 1717 rotundum
3476 1674 3580 1731 est,

2027 1742 2164 1807 quod
2191 1743 2351 1797 etiam
2380 1745 2592 1813 globum
2625 1749 2870 1802 dicimus.
2912 1750 3062 1805 Unde
3083 1760 3134 1804 et
3171 1753 3424 1806 mundum
3461 1770 3586 1822 pro-

1953 1857 1998 1913 Β
2030 1845 2145 1898 pter
2174 1836 2549 1890 rotunditatem
2573 1840 2757 1893 orbem
2777 1855 3047 1905 vocamus,
3071 1841 3123 1894 id
3150 1850 3232 1896 est
3257 1844 3393 1909 quod
3414 1843 3586 1912 spine-

2026 1938 2135 1976 ram
2169 1935 2374 1978 vocant.
2413 1928 2699 1982 AGRICOLA.

2097 2013 2264 2068 Nixus
2288 2014 2305 2084 ]
2329 2016 2382 2068 ld
2404 2027 2484 2070 est
2510 2018 2768 2081 ﬁrmatus,
2801 2022 2880 2073 vel
2904 2023 3174 2076 insistens.
3201 2023 3510 2089 Quintilian.
3533 2025 3585 2079 in

2023 2102 2183 2156 Milite
2204 2103 2440 2158 Mariano
2472 2123 2483 2159 :
2505 2107 2572 2161 Ut
2600 2111 2755 2161 vitam
2780 2125 2916 2178 genu
2939 2113 3092 2164 nixus
3118 2115 3583 2179 petat.Acntcout.

2093 2193 2240 2247 Solio
2268 2195 2285 2264 ]
2318 2196 2542 2265 Solium,
2573 2202 2713 2269 regia
2741 2203 2892 2257 sella.
2922 2201 3073 2256 Unde
3095 2203 3299 2257 Seneca
3324 2203 3375 2256 in
3402 2204 3491 2257 lib.
3520 2204 3585 2257 de

2021 2282 2448 2352 Tranquillitate,
2464 2288 3449 2357 signiﬁcansmutabilitatemfortunae:
3475 2292 3584 2346 Mo-

2020 2383 2280 2440 mentum,
2308 2378 2497 2444 inquit,
2525 2381 2740 2433 interest
2776 2381 3140 2446 intersolium,
3164 2381 3212 2435 id
3239 2392 3578 2450 estregnum,

2020 2473 2072 2515 et
2102 2464 2273 2518 aliena
2319 2482 2522 2534 genua,
2566 2469 2613 2521 id
2646 2483 2722 2523 cst
2753 2473 3130 2540 captivitatem.
3176 2473 3395 2528 Veteres
3424 2474 3583 2531 etiam

2018 2569 2109 2607 vas
2129 2556 2392 2624 quoddam
2441 2559 2631 2612 solium
2658 2561 2917 2615 vocabant
2961 2563 3013 2616 in
3051 2563 3261 2629 balneo,
3314 2564 3452 2632 quod
3483 2565 3583 2618 im-

2019 2647 2258 2713 plebatur
2283 2664 2439 2717 aqua,
2473 2651 2525 2704 in
2552 2667 2654 2718 quo
2679 2653 2913 2708 lavantes
2943 2655 3216 2722 sedebant,
3246 2666 3300 2710 et
3324 2665 3383 2711 se
3402 2657 3580 2711 ablueo

2019 2738 2163 2792 bant.
2194 2739 2484 2795 Acntcout.

2087 2826 2279 2880 Catum
2308 2827 2450 2897 ]Alii
2479 2831 2628 2900 quasi
2659 2833 2899 2885 cmiatum
2918 2874 2932 2898 ,
2984 2834 3033 2887 iii
3062 2843 3144 2888 est
3173 2835 3430 2901 scalptum
3461 2850 3558 2903 pro

2020 2929 2135 2985 pter
2156 2920 2326 2973 varias
2357 2922 2631 2975 stellarum
2681 2922 2730 2974 in
2754 2924 2936 2991 agines
2975 2925 3368 2978 arbitrabantur
3395 2941 3409 2977 :
3443 2925 3579 2981 unde

2019 3019 2070 3062 et
2094 3010 2320 3063 mundus
2347 3013 2413 3064 ab
2443 3021 2632 3065 ornatu
2664 3012 2837 3066 dictus
2860 3013 3066 3067 videtur
3091 3031 3102 3064 :
3135 3013 3578 3080 quemadmodum

2015 3098 2152 3166 apud
2179 3096 2392 3153 Graecos
2422 3103 2579 3154 etiam
2611 3103 2819 3171 κόσμος,
2847 3101 2895 3152 id
2929 3110 3011 3154 est.
3034 3101 3281 3166 mundus,
3307 3103 3373 3153 ab
3389 3113 3579 3160 ornatu

2017 3188 2208 3242 dicitur
2236 3205 2250 3254 ;
2282 3191 2365 3243 alii
2397 3191 2588 3244 cmlum
2611 3193 2676 3244 ab
2699 3208 2763 3246 eo
2789 3194 2928 3260 quod
2957 3193 3140 3247 Grzeee
3169 3195 3362 3248 dicitur
3390 3198 3575 3261 κοῖλον,

2021 3282 2071 3334 id
2105 3292 2187 3335 est
2216 3296 2425 3334 cavum.
2469 3283 2522 3335 Si
2562 3284 2786 3349 prinmm
2829 3283 3068 3350 dicatur,
3103 3285 3440 3340 scribendum
3478 3289 3580 3340 erit

2019 3389 2112 3437 per
2141 3388 2185 3424 re
2215 3373 2630 3440 diphthongum;
2665 3373 2709 3426 si
2739 3375 3159 3443 seiundum,per
3187 3392 3249 3428 ae.
3287 3376 3416 3428 Nam
3443 3378 3580 3444 quod

2016 3465 2200 3530 vulgus
2234 3463 2356 3515 dicit
2380 3464 2571 3516 caelum
2603 3465 2750 3533 quasi
2790 3479 2965 3518 casam
3019 3469 3189 3532 ἡλίὸυ,
3224 3468 3274 3521 id
3306 3479 3388 3521 est
3425 3470 3576 3535 solis,

2017 3555 2251 3621 ineptum
2281 3566 2384 3619 est,
2417 3556 2557 3609 sicut
2585 3558 2747 3610 multa
2782 3558 3132 3612 indoctorum.
3162 3557 3450 3613 Acmcom.

2086 3644 2311 3696 Turbine
2340 3645 2359 3715 ]
2411 3646 2464 3699 ld
2496 3655 2579 3699 est
2611 3650 2804 3715 impetu
2836 3649 2917 3702 vel
2944 3659 3124 3717 raptu,
3155 3664 3184 3702 a
3218 3650 3478 3703 turbanJo
3500 3649 3580 3703 di-

2016 3736 2170 3788 citur.
2198 3735 2348 3791 Unde
2373 3736 2555 3801 Virgil.
2587 3738 2636 3790 in
2671 3753 2685 3790 ι
2715 3737 2930 3792 jEneid.
2963 3756 2974 3789 :

2599 3849 2655 3896 Et
2678 3852 2836 3897 terras
2862 3849 3056 3897 turbine
3082 3849 3305 3909 perﬂant.

2019 3948 2246 4002 Vocatur
2275 3949 2434 4002 etiam
2482 3949 2667 4007 turbo.
2714 3951 2854 4016 quod
2903 3951 3070 4004 Graeci
3097 3953 3301 4027 τρόχον
3334 3966 3429 4003 nos
3461 3951 3578 4006 indit

2017 4048 2289 4105 assumpto
2307 4039 2520 4092 nomine
2553 4039 2793 4092 trochum
2839 4054 3090 4092 vocamus
3115 4079 3130 4104 ,
3161 4054 3188 4092 a
3210 4044 3408 4116 τρέχω,
3441 4045 3580 4110 quod

2018 4138 2100 4182 est
2143 4144 2319 4191 curro,
2352 4129 2420 4182 ob
2448 4129 2688 4183 eamdem
2729 4143 2966 4194 causam,
3002 4130 3126 4198 quia
3159 4131 3393 4195 turbine,
3422 4134 3472 4185 id
3502 4143 3583 4186 est

2019 4221 2440 4288 itupetu,enrrit.
2467 4222 2729 4275 Turbonis
2750 4232 2923 4275 autem
2947 4239 3139 4279 nomen
3170 4236 3284 4279 erat
3312 4227 3583 4294 proprium

2020 4311 2654 4379 cuiusdam'gladiatoris.
2689 4317 2976 4368 AGRICOLA.

2093 4401 2277 4469 Legem
2302 4401 2322 4472 ]
2350 4403 2454 4456 Lex
2486 4402 2624 4456 dicta
2655 4416 2736 4457 eSt
2766 4419 2793 4455 a
2825 4405 3081 4473 legendo,
3109 4408 3231 4473 quia
3265 4409 3581 4476 prrelegeba-

2022 4503 2103 4544 tur
2125 4493 2191 4545 ad
2218 4493 2500 4560 p0pulum:
2528 4494 2719 4546 deinde
2750 4497 2935 4548 consul
2962 4496 3265 4566 interrogati
3304 4507 3358 4558 t,
3381 4500 3580 4553 vellent

351 4566 556 4618 nomine
585 4565 786 4636 Lucifer
828 4570 1061 4636 dicatur,
1085 4583 1130 4624 et
1154 4575 1395 4628 orientem
1436 4581 1591 4631 solem
1615 4584 1908 4645 prlecedat:
1943 4569 1995 4627 Ι)
2019 4583 2335 4649 iuberentne
2365 4585 2415 4636 id
2461 4585 2531 4635 ita
2553 4585 2662 4636 fieri
2692 4600 2704 4643 ;
2738 4585 2876 4650 quod
2927 4586 2968 4636 si
2999 4587 3222 4652 populus
3271 4587 3582 4655 afﬁrmaret,

349 4663 590 4720 praeterea
619 4654 780 4710 hieme
809 4661 974 4712 breves
1003 4661 1110 4714 dies
1131 4665 1279 4732 facis,
1312 4675 1482 4718 testate
1523 4669 1688 4722 breves
1718 4683 1908 4728 noctes.

349 4739 460 4794 Nec
484 4743 645 4796 solum
667 4745 738 4797 vis
761 4755 848 4798 tua
870 4749 1046 4801 caelum
1073 4753 1303 4806 ordinem
1326 4764 1491 4808 tenere
1517 4760 1668 4826 coyit,
1693 4761 1784 4812 sed
1811 4772 1913 4815 ter-

347 4848 432 4885 ras
455 4833 604 4886 etiam
632 4836 786 4888 simili
817 4839 1012 4892 ratione
1042 4843 1191 4912 regit,
1234 4851 1288 4894 ut
1317 4845 1521 4911 frondes
1546 4857 1790 4903 autumno
1825 4853 1914 4906 de-

348 4926 588 4989 cidentes,
619 4943 732 4980 vere
756 4943 1107 4996 renascantur,
1151 4947 1196 4986 et
1219 4951 1332 5003 qua:
1364 4949 1596 4990 seruntur
1627 4942 1806 5004 hieme,
1837 4961 1911 4997 ar-

349 5024 477 5069 state
503 5024 860 5072 maturescunt.
893 5022 956 5073 At
979 5039 1093 5074 cum
1124 5025 1229 5077 [nec
1253 5037 1355 5078 tum
1375 5044 1510 5079 certo
1528 5046 1680 5083 cursu
1703 5034 1915 5103 dirigas,

350 5105 459 5158 sola
492 5122 645 5175 opera
669 5109 930 5164 hominum
972 5117 1218 5183 permittis
1245 5133 1435 5171 errare.
1486 5119 1630 5174 Unde
1658 5126 1790 5177 enim
1819 5128 1916 5180 nisi

349 5195 402 5246 id
431 5195 500 5248 ita
520 5206 666 5263 esset,
699 5208 841 5254 tanta
865 5203 936 5255 uis
965 5204 1181 5272 fortuna:
1199 5245 1214 5270 ,
1247 5216 1300 5259 ut
1327 5225 1386 5260 ea
1411 5225 1544 5262 nunc
1572 5212 1791 5278 iniustas
1813 5233 1918 5283 poe-

354 5298 447 5335 nas
474 5284 821 5343 innocentibus
856 5291 1129 5360 inﬂigeret,
1160 5304 1334 5347 contra
1370 5313 1486 5349 vero
1516 5301 1678 5353 malos
1706 5303 1921 5357 extolle-

347 5375 466 5426 ret?
510 5373 802 5449 Negligitur
842 5391 887 5434 et
931 5384 1268 5437 contemnitur
1301 5387 1489 5453 virtus,
1536 5400 1581 5442 et
1625 5403 1916 5458 accusatur,

346 5464 496 5516 malis
522 5475 689 5519 autem
715 5467 854 5521 mala
870 5470 1058 5524 scelera
1084 5489 1185 5525 non
1206 5485 1388 5528 nocent
1410 5491 1428 5528 :
1450 5479 1570 5546 quin
1595 5480 1743 5531 etiam
1759 5498 1922 5550 quan-

345 5553 417 5606 do
445 5553 608 5623 placet
628 5561 870 5626 fortunae,
896 5562 1227 5630 potentissimi
1255 5580 1392 5634 reges
1421 5566 1725 5635 subdantur,
1761 5581 1806 5622 et
1823 5588 1916 5641 op-

345 5643 655 5709 primuntur.
691 5644 830 5718 Ergo
866 5651 1050 5716 etiam,
1076 5667 1104 5704 o
1127 5650 1284 5716 Deus,
1308 5670 1422 5723 rege
1452 5656 1602 5710 etiam
1635 5673 1714 5712 res
1746 5662 1914 5714 homi-

347 5745 488 5801 num,
511 5750 623 5803 qua:
645 5747 760 5790 sunt
791 5755 915 5806 pars
945 5741 1118 5793 mundi
1147 5758 1243 5794 non
1279 5746 1668 5813 contemnenda,
1693 5759 1741 5801 et
1773 5752 1908 5803 ordi-

2021 4674 2104 4726 lex
2131 4674 2289 4726 fiebat
2323 4690 2334 4724 :
2377 4673 2515 4741 quod
2553 4674 2722 4739 ipsum
2753 4675 2796 4724 si
2822 4675 3059 4726 tribunus
3085 4676 3254 4740 plebis
3282 4676 3500 4744 faceret,
3534 4679 3583 4733 id

2021 4779 2229 4832 quoque
2266 4764 2538 4816 decretum
2571 4775 2722 4829 erat,
2779 4767 3106 4832 plebiscitum
3157 4767 3428 4821 dicebatur
3457 4787 3470 4821 :
3503 4772 3585 4826 hie

2023 4864 2198 4907 autem
2231 4854 2313 4906 lex
2363 4869 2459 4921 per
2488 4855 2890 4910 translationem
2938 4858 3156 4924 figurate
3192 4875 3286 4928 pro
3325 4868 3473 4914 certo
3501 4874 3588 4914 or-

2023 4943 2146 4996 dine
2173 4943 2450 5011 accipitur.
2480 4944 2769 4998 Acmcout.

2100 5032 2260 5085 Plena
2283 5032 2482 5102 eorum]
2534 5035 2584 5086 ld
2615 5046 2694 5088 est
2741 5037 2968 5102 impletis
3013 5039 3299 5105 cornibus,
3349 5043 3489 5109 quod
3537 5045 3588 5099 itt

2027 5121 2321 5188 plenilunio
2353 5126 2429 5190 fit,
2462 5138 2582 5177 cum
2613 5124 2750 5178 enim
2783 5129 3027 5194 oppesita
3054 5140 3136 5181 est
3171 5131 3294 5194 soli,
3322 5142 3446 5184 tunc
3471 5148 3589 5200 pars

2027 5211 2143 5278 ejus
2171 5226 2288 5280 qua:
2316 5222 2399 5265 est
2419 5213 2486 5266 ad
2518 5227 2614 5267 nos
2637 5229 2812 5280 versa,
2871 5225 2980 5270 tota
3007 5232 3036 5270 a
3083 5218 3196 5273 sole
3241 5220 3590 5276 illummatur.

2026 5302 2140 5355 Non
2167 5306 2310 5356 enim
2340 5318 2406 5357 ex
2435 5319 2493 5358 se
2524 5305 2643 5358 luna
2675 5322 2703 5359 a
2733 5308 2846 5360 sole
2877 5307 3060 5362 illustr.
3088 5316 3136 5362 ta
3157 5350 3172 5370 ,
3207 5309 3384 5362 lumen
3410 5309 3588 5374 habet,

2029 5395 2121 5450 sed
2135 5396 2278 5464 quod
2307 5397 2419 5451 ﬁeri
2434 5399 2694 5467 videmus,
2711 5409 2768 5455 ut
2790 5417 2912 5454 vasa
2927 5403 3088 5470 polita
3114 5413 3388 5472 acceptum
3414 5403 3592 5459 lumen

2029 5485 2315 5539 refundant
2347 5504 2360 5539 :
2393 5488 2470 5541 sic
2504 5489 2624 5542 luna
2653 5504 2682 5542 a
2711 5492 2825 5544 sole
2854 5491 3144 5556 illustrata,
3191 5494 3364 5545 lumen
3397 5492 3591 5546 reddit.

2031 5575 2178 5631 Unde
2206 5593 2326 5631 cum
2356 5595 2540 5635 rursus
2569 5581 2633 5636 ad
2665 5583 2831 5637 solem
2861 5583 3087 5648 accedit,
3117 5593 3294 5652 partes
3323 5599 3525 5638 avet-ste
3563 5599 3593 5639 a

2028 5666 2178 5720 nobis
2208 5668 2477 5735 accipiunt
2528 5671 2703 5725 lumen
2726 5712 2740 5735 ,
2779 5673 2918 5741 quod
2952 5682 3166 5741 propter
3215 5673 3592 5727 rotunditatem

2024 5756 2136 5817 ejus
2170 5757 2640 5817 oaulatitnviiletur
2658 5765 2931 5826 extenuari
2963 5765 3014 5818 in
3045 5779 3266 5820 cornua.
3299 5767 3567 5820 Acntcout
