  <div class='ocr_page' id='page_1' title='image "/cluster/home/n/w/nwhite01/storage/ocr_20150623/63/hvd.32044073498792/473.png"; bbox 0 0 4216 6256; ppageno 0'>
   <div class='ocr_carea' id='block_1_1' title="bbox 726 348 3299 445">
    <p class='ocr_par' dir='ltr' id='par_1_1' title="bbox 726 348 3299 445">
     <span class='ocr_line' id='line_1_1' title="bbox 726 348 3299 445; baseline -0.003 -6"><span class='ocrx_word' id='word_1_1' title='bbox 726 390 792 445; x_wconf 69' lang='lat'><strong>35</strong></span> <span class='ocrx_word' id='word_1_2' title='bbox 1330 382 1665 437; x_wconf 61' lang='lat' dir='ltr'><strong>arcanam</strong></span> <span class='ocrx_word' id='word_1_3' title='bbox 1710 383 1800 436; x_wconf 83' lang='lat' dir='ltr'><strong>AD</strong></span> <span class='ocrx_word' id='word_1_4' title='bbox 1842 380 2085 435; x_wconf 75' lang='lat' dir='ltr'><strong>uanos</strong></span> <span class='ocrx_word' id='word_1_5' title='bbox 2125 379 2209 432; x_wconf 82' lang='lat' dir='ltr'><strong>DE</strong></span> <span class='ocrx_word' id='word_1_6' title='bbox 2247 348 2769 436; x_wconf 32' lang='lat' dir='ltr'><strong>CONSO&#39;LATIONE</strong></span> <span class='ocrx_word' id='word_1_7' title='bbox 2809 377 3299 440; x_wconf 64' lang='lat' dir='ltr'><strong>curiosorum.</strong></span> 
     </span>
    </p>
   </div>
   <div class='ocr_carea' id='block_1_2' title="bbox 3833 374 3933 429">
    <p class='ocr_par' dir='ltr' id='par_1_2' title="bbox 3833 374 3933 429">
     <span class='ocr_line' id='line_1_2' title="bbox 3833 374 3933 429; baseline -0.01 0"><span class='ocrx_word' id='word_1_8' title='bbox 3833 374 3933 429; x_wconf 67' lang='lat'><strong>956</strong></span> 
     </span>
    </p>
   </div>
   <div class='ocr_carea' id='block_1_3' title="bbox 760 486 3931 567">
    <p class='ocr_par' dir='ltr' id='par_1_3' title="bbox 760 486 3931 567">
     <span class='ocr_line' id='line_1_3' title="bbox 760 486 3931 567; baseline -0.005 -11"><span class='ocrx_word' id='word_1_9' title='bbox 760 503 1012 558; x_wconf 70' lang='lat' dir='ltr'><strong>Flaminia</strong></span> <span class='ocrx_word' id='word_1_10' title='bbox 1038 501 1057 554; x_wconf 86' lang='lat' dir='ltr'><strong>l</strong></span> <span class='ocrx_word' id='word_1_11' title='bbox 1079 503 1115 554; x_wconf 75' lang='grc' dir='ltr'>Α</span> <span class='ocrx_word' id='word_1_12' title='bbox 1148 501 1328 567; x_wconf 72' lang='lat' dir='ltr'><strong>flagro,</strong></span> <span class='ocrx_word' id='word_1_13' title='bbox 1350 498 1402 551; x_wconf 85' lang='lat' dir='ltr'><strong>id</strong></span> <span class='ocrx_word' id='word_1_14' title='bbox 1430 506 1514 551; x_wconf 87' lang='lat' dir='ltr'><strong>est</strong></span> <span class='ocrx_word' id='word_1_15' title='bbox 1542 495 1704 549; x_wconf 86' lang='lat' dir='ltr'><strong>ardeo</strong></span> <span class='ocrx_word' id='word_1_16' title='bbox 1728 495 1869 548; x_wconf 85' lang='lat' dir='ltr'><strong>dicta</strong></span> <span class='ocrx_word' id='word_1_17' title='bbox 1903 503 1986 548; x_wconf 82' lang='lat' dir='ltr'><strong>est</strong></span> <span class='ocrx_word' id='word_1_18' title='bbox 2017 494 2250 547; x_wconf 83' lang='lat' dir='ltr'><strong>llatmna.</strong></span> <span class='ocrx_word' id='word_1_19' title='bbox 2285 494 2335 550; x_wconf 77' lang='grc' dir='ltr'>Α</span> <span class='ocrx_word' id='word_1_20' title='bbox 2360 492 2481 545; x_wconf 90' lang='lat' dir='ltr'><strong>dine</strong></span> <span class='ocrx_word' id='word_1_21' title='bbox 2512 494 2729 547; x_wconf 84' lang='lat' dir='ltr'><strong>luminis</strong></span> <span class='ocrx_word' id='word_1_22' title='bbox 2757 494 2837 546; x_wconf 85' lang='lat' dir='ltr'><strong>sui</strong></span> <span class='ocrx_word' id='word_1_23' title='bbox 2866 493 3059 547; x_wconf 88' lang='lat' dir='ltr'><strong>occulit</strong></span> <span class='ocrx_word' id='word_1_24' title='bbox 3099 491 3223 544; x_wconf 91' lang='lat' dir='ltr'><strong>illud</strong></span> <span class='ocrx_word' id='word_1_25' title='bbox 3243 532 3255 552; x_wconf 91' lang='lat'><strong>,</strong></span> <span class='ocrx_word' id='word_1_26' title='bbox 3284 504 3351 543; x_wconf 92' lang='lat' dir='ltr'><strong>ne</strong></span> <span class='ocrx_word' id='word_1_27' title='bbox 3376 496 3540 555; x_wconf 79' lang='lat' dir='ltr'><strong>passu</strong></span> <span class='ocrx_word' id='word_1_28' title='bbox 3563 486 3767 551; x_wconf 79' lang='lat' dir='ltr'><strong>videri,</strong></span> <span class='ocrx_word' id='word_1_29' title='bbox 3798 487 3931 541; x_wconf 85' lang='lat' dir='ltr'><strong>dici-</strong></span> 
     </span>
    </p>
   </div>
   <div class='ocr_carea' id='block_1_4' title="bbox 694 604 981 648">
    <p class='ocr_par' dir='ltr' id='par_1_4' title="bbox 694 604 981 648">
     <span class='ocr_line' id='line_1_4' title="bbox 694 604 981 648; baseline -0.01 0"><span class='ocrx_word' id='word_1_30' title='bbox 694 604 981 648; x_wconf 71' lang='lat' dir='ltr'><strong>AGnICoLA.</strong></span> 
     </span>
    </p>
   </div>
   <div class='ocr_carea' id='block_1_5' title="bbox 768 677 2258 748">
    <p class='ocr_par' dir='ltr' id='par_1_5' title="bbox 768 677 2258 748">
     <span class='ocr_line' id='line_1_5' title="bbox 768 677 2258 748; baseline -0.005 -14"><span class='ocrx_word' id='word_1_31' title='bbox 768 677 1001 748; x_wconf 70' lang='lat' dir='ltr'><strong>Fratris]</strong></span> <span class='ocrx_word' id='word_1_32' title='bbox 1041 679 1093 731; x_wconf 88' lang='lat' dir='ltr'><strong>ld</strong></span> <span class='ocrx_word' id='word_1_33' title='bbox 1125 689 1234 739; x_wconf 81' lang='lat' dir='ltr'><strong>est,</strong></span> <span class='ocrx_word' id='word_1_34' title='bbox 1266 678 1413 731; x_wconf 83' lang='lat' dir='ltr'><strong>solis.</strong></span> <span class='ocrx_word' id='word_1_35' title='bbox 1438 677 1650 731; x_wconf 76' lang='lat' dir='ltr'><strong>Fabula:</strong></span> <span class='ocrx_word' id='word_1_36' title='bbox 1679 677 1821 731; x_wconf 89' lang='lat' dir='ltr'><strong>enim</strong></span> <span class='ocrx_word' id='word_1_37' title='bbox 1852 677 2069 730; x_wconf 84' lang='lat' dir='ltr'><strong>tradunt</strong></span> <span class='ocrx_word' id='word_1_38' title='bbox 2102 678 2258 729; x_wconf 82' lang='lat' dir='ltr'><strong>Lato-</strong></span> 
     </span>
    </p>
   </div>
   <div class='ocr_carea' id='block_1_6' title="bbox 692 767 2254 835">
    <p class='ocr_par' dir='ltr' id='par_1_6' title="bbox 692 767 2254 835">
     <span class='ocr_line' id='line_1_6' title="bbox 692 767 2254 835; baseline -0.005 -10"><span class='ocrx_word' id='word_1_39' title='bbox 692 788 813 825; x_wconf 89' lang='lat' dir='ltr'><strong>nam</strong></span> <span class='ocrx_word' id='word_1_40' title='bbox 840 772 988 823; x_wconf 90' lang='lat' dir='ltr'><strong>.lovis</strong></span> <span class='ocrx_word' id='word_1_41' title='bbox 1031 768 1311 822; x_wconf 89' lang='lat' dir='ltr'><strong>concubitu</strong></span> <span class='ocrx_word' id='word_1_42' title='bbox 1358 778 1708 835; x_wconf 67' lang='lat' dir='ltr'><strong>prrgnatam,</strong></span> <span class='ocrx_word' id='word_1_43' title='bbox 1751 768 2031 832; x_wconf 83' lang='lat' dir='ltr'><strong>Phoebum,</strong></span> <span class='ocrx_word' id='word_1_44' title='bbox 2089 767 2137 818; x_wconf 97' lang='lat' dir='ltr'><strong>id</strong></span> <span class='ocrx_word' id='word_1_45' title='bbox 2176 777 2254 819; x_wconf 89' lang='lat' dir='ltr'><strong>est</strong></span> 
     </span>
    </p>
   </div>
   <div class='ocr_carea' id='block_1_7' title="bbox 693 859 2254 931">
    <p class='ocr_par' dir='ltr' id='par_1_7' title="bbox 693 859 2254 931">
     <span class='ocr_line' id='line_1_7' title="bbox 693 859 2254 931; baseline -0.003 -16"><span class='ocrx_word' id='word_1_46' title='bbox 693 862 856 915; x_wconf 74' lang='lat' dir='ltr'><strong>solem</strong></span> <span class='ocrx_word' id='word_1_47' title='bbox 888 876 915 911; x_wconf 89' lang='lat' dir='ltr'><strong>a</strong></span> <span class='ocrx_word' id='word_1_48' title='bbox 952 860 1159 931; x_wconf 78' lang='grc' dir='ltr'><strong>φοιϐἐω,</strong></span> <span class='ocrx_word' id='word_1_49' title='bbox 1193 860 1244 911; x_wconf 92' lang='lat' dir='ltr'><strong>id</strong></span> <span class='ocrx_word' id='word_1_50' title='bbox 1274 868 1357 913; x_wconf 86' lang='lat' dir='ltr'><strong>est</strong></span> <span class='ocrx_word' id='word_1_51' title='bbox 1382 860 1575 924; x_wconf 89' lang='lat' dir='ltr'><strong>ardeo,</strong></span> <span class='ocrx_word' id='word_1_52' title='bbox 1606 867 1661 913; x_wconf 87' lang='lat' dir='ltr'><strong>et</strong></span> <span class='ocrx_word' id='word_1_53' title='bbox 1692 860 1906 911; x_wconf 83' lang='lat' dir='ltr'><strong>Dianam</strong></span> <span class='ocrx_word' id='word_1_54' title='bbox 1935 859 2254 927; x_wconf 87' lang='lat' dir='ltr'><strong>perperisse.</strong></span> 
     </span>
    </p>
   </div>
   <div class='ocr_carea' id='block_1_8' title="bbox 694 952 989 1008">
    <p class='ocr_par' dir='ltr' id='par_1_8' title="bbox 694 952 989 1008">
     <span class='ocr_line' id='line_1_8' title="bbox 694 952 989 1008; baseline -0.017 0"><span class='ocrx_word' id='word_1_55' title='bbox 694 952 989 1008; x_wconf 70' lang='lat' dir='ltr'><strong>Aonicou.</strong></span> 
     </span>
    </p>
   </div>
   <div class='ocr_carea' id='block_1_9' title="bbox 766 1040 2258 1111">
    <p class='ocr_par' dir='ltr' id='par_1_9' title="bbox 766 1040 2258 1111">
     <span class='ocr_line' id='line_1_9' title="bbox 766 1040 2258 1111; baseline 0 -18"><span class='ocrx_word' id='word_1_56' title='bbox 766 1041 913 1094; x_wconf 85' lang='lat' dir='ltr'><strong>Luna</strong></span> <span class='ocrx_word' id='word_1_57' title='bbox 946 1040 961 1111; x_wconf 84' lang='lat' dir='ltr'>J</span> <span class='ocrx_word' id='word_1_58' title='bbox 990 1042 1032 1094; x_wconf 78' lang='grc' dir='ltr'><strong>Α</strong></span> <span class='ocrx_word' id='word_1_59' title='bbox 1064 1040 1288 1095; x_wconf 91' lang='lat' dir='ltr'><strong>lucendo</strong></span> <span class='ocrx_word' id='word_1_60' title='bbox 1314 1040 1455 1094; x_wconf 86' lang='lat' dir='ltr'><strong>dicta</strong></span> <span class='ocrx_word' id='word_1_61' title='bbox 1487 1042 1713 1099; x_wconf 77' lang='lat' dir='ltr'><strong>videtur,</strong></span> <span class='ocrx_word' id='word_1_62' title='bbox 1744 1040 1883 1109; x_wconf 89' lang='lat' dir='ltr'><strong>quod</strong></span> <span class='ocrx_word' id='word_1_63' title='bbox 1918 1042 2055 1094; x_wconf 89' lang='lat' dir='ltr'><strong>inter</strong></span> <span class='ocrx_word' id='word_1_64' title='bbox 2084 1042 2258 1094; x_wconf 84' lang='lat' dir='ltr'><strong>sidera</strong></span> 
     </span>
    </p>
   </div>
   <div class='ocr_carea' id='block_1_10' title="bbox 695 1134 2263 1199">
    <p class='ocr_par' dir='ltr' id='par_1_10' title="bbox 695 1134 2263 1199">
     <span class='ocr_line' id='line_1_10' title="bbox 695 1134 2263 1199; baseline -0.002 -11"><span class='ocrx_word' id='word_1_65' title='bbox 695 1136 867 1188; x_wconf 88' lang='lat' dir='ltr'><strong>luceat</strong></span> <span class='ocrx_word' id='word_1_66' title='bbox 897 1152 910 1186; x_wconf 93' lang='lat'>:</span> <span class='ocrx_word' id='word_1_67' title='bbox 939 1136 1070 1185; x_wconf 86' lang='lat' dir='ltr'><strong>sicut</strong></span> <span class='ocrx_word' id='word_1_68' title='bbox 1104 1135 1291 1197; x_wconf 82' lang='lat' dir='ltr'><strong>solem,</strong></span> <span class='ocrx_word' id='word_1_69' title='bbox 1335 1134 1471 1199; x_wconf 86' lang='lat' dir='ltr'><strong>quod</strong></span> <span class='ocrx_word' id='word_1_70' title='bbox 1505 1135 1651 1186; x_wconf 77' lang='lat' dir='ltr'><strong>snlus</strong></span> <span class='ocrx_word' id='word_1_71' title='bbox 1682 1134 1876 1195; x_wconf 84' lang='lat' dir='ltr'><strong>luceat,</strong></span> <span class='ocrx_word' id='word_1_72' title='bbox 1910 1145 1961 1186; x_wconf 90' lang='lat' dir='ltr'><strong>et</strong></span> <span class='ocrx_word' id='word_1_73' title='bbox 1986 1134 2163 1185; x_wconf 79' lang='lat' dir='ltr'><strong>eninia</strong></span> <span class='ocrx_word' id='word_1_74' title='bbox 2189 1135 2263 1185; x_wconf 85' lang='lat' dir='ltr'><strong>si-</strong></span> 
     </span>
    </p>
   </div>
   <div class='ocr_carea' id='block_1_11' title="bbox 696 1222 2261 1285">
    <p class='ocr_par' dir='ltr' id='par_1_11' title="bbox 696 1222 2261 1285">
     <span class='ocr_line' id='line_1_11' title="bbox 696 1222 2261 1285; baseline 0 -9"><span class='ocrx_word' id='word_1_75' title='bbox 696 1224 820 1277; x_wconf 88' lang='lat' dir='ltr'><strong>dera</strong></span> <span class='ocrx_word' id='word_1_76' title='bbox 855 1222 1156 1275; x_wconf 88' lang='lat' dir='ltr'><strong>luminesuo</strong></span> <span class='ocrx_word' id='word_1_77' title='bbox 1178 1222 1698 1285; x_wconf 75' lang='lat' dir='ltr'><strong>abscomlat,dicmm</strong></span> <span class='ocrx_word' id='word_1_78' title='bbox 1727 1226 1927 1275; x_wconf 72' lang='lat' dir='ltr'><strong>volunt.</strong></span> <span class='ocrx_word' id='word_1_79' title='bbox 1970 1225 2261 1276; x_wconf 74' lang='lat' dir='ltr'><strong>AontcoLa.</strong></span> 
     </span>
    </p>
   </div>
   <div class='ocr_carea' id='block_1_12' title="bbox 768 1312 2266 1382">
    <p class='ocr_par' dir='ltr' id='par_1_12' title="bbox 768 1312 2266 1382">
     <span class='ocr_line' id='line_1_12' title="bbox 768 1312 2266 1382; baseline 0.001 -17"><span class='ocrx_word' id='word_1_80' title='bbox 768 1313 983 1365; x_wconf 83' lang='lat' dir='ltr'><strong>Lumina</strong></span> <span class='ocrx_word' id='word_1_81' title='bbox 1010 1314 1185 1381; x_wconf 82' lang='lat' dir='ltr'><strong>perdat</strong></span> <span class='ocrx_word' id='word_1_82' title='bbox 1208 1315 1225 1382; x_wconf 88' lang='lat'><strong>]</strong></span> <span class='ocrx_word' id='word_1_83' title='bbox 1259 1313 1365 1363; x_wconf 86' lang='lat' dir='ltr'><strong>lloc</strong></span> <span class='ocrx_word' id='word_1_84' title='bbox 1394 1312 1458 1364; x_wconf 80' lang='lat' dir='ltr'><strong>ad</strong></span> <span class='ocrx_word' id='word_1_85' title='bbox 1485 1324 1722 1365; x_wconf 81' lang='lat' dir='ltr'><strong>nostrum</strong></span> <span class='ocrx_word' id='word_1_86' title='bbox 1749 1323 2093 1379; x_wconf 78' lang='lat' dir='ltr'><strong>conSpectum</strong></span> <span class='ocrx_word' id='word_1_87' title='bbox 2127 1315 2266 1367; x_wconf 79' lang='lat' dir='ltr'><strong>\ide-</strong></span> 
     </span>
    </p>
   </div>
   <div class='ocr_carea' id='block_1_13' title="bbox 699 1404 2265 1471">
    <p class='ocr_par' dir='ltr' id='par_1_13' title="bbox 699 1404 2265 1471">
     <span class='ocr_line' id='line_1_13' title="bbox 699 1404 2265 1471; baseline 0 -13"><span class='ocrx_word' id='word_1_88' title='bbox 699 1414 805 1467; x_wconf 82' lang='lat' dir='ltr'><strong>tur,</strong></span> <span class='ocrx_word' id='word_1_89' title='bbox 840 1420 958 1458; x_wconf 91' lang='lat' dir='ltr'><strong>cum</strong></span> <span class='ocrx_word' id='word_1_90' title='bbox 985 1420 1248 1471; x_wconf 86' lang='lat' dir='ltr'><strong>nunquam</strong></span> <span class='ocrx_word' id='word_1_91' title='bbox 1280 1404 1347 1457; x_wconf 87' lang='lat' dir='ltr'><strong>sit</strong></span> <span class='ocrx_word' id='word_1_92' title='bbox 1377 1405 1541 1471; x_wconf 81' lang='lat' dir='ltr'><strong>magis</strong></span> <span class='ocrx_word' id='word_1_93' title='bbox 1574 1405 1866 1457; x_wconf 88' lang='lat' dir='ltr'><strong>illuminata</strong></span> <span class='ocrx_word' id='word_1_94' title='bbox 1902 1408 2041 1467; x_wconf 90' lang='lat' dir='ltr'><strong>luna,</strong></span> <span class='ocrx_word' id='word_1_95' title='bbox 2074 1415 2165 1457; x_wconf 79' lang='lat' dir='ltr'><strong>aut</strong></span> <span class='ocrx_word' id='word_1_96' title='bbox 2194 1407 2265 1458; x_wconf 88' lang='lat' dir='ltr'><strong>la-</strong></span> 
     </span>
    </p>
   </div>
   <div class='ocr_carea' id='block_1_14' title="bbox 698 1494 2261 1566">
    <p class='ocr_par' dir='ltr' id='par_1_14' title="bbox 698 1494 2261 1566">
     <span class='ocr_line' id='line_1_14' title="bbox 698 1494 2261 1566; baseline 0.002 -18"><span class='ocrx_word' id='word_1_97' title='bbox 698 1495 803 1548; x_wconf 86' lang='lat' dir='ltr'><strong>tins</strong></span> <span class='ocrx_word' id='word_1_98' title='bbox 831 1494 1051 1558; x_wconf 76' lang='lat' dir='ltr'><strong>accipiat</strong></span> <span class='ocrx_word' id='word_1_99' title='bbox 1077 1496 1281 1561; x_wconf 82' lang='lat' dir='ltr'><strong>lumen,</strong></span> <span class='ocrx_word' id='word_1_100' title='bbox 1313 1512 1470 1562; x_wconf 89' lang='lat' dir='ltr'><strong>quam</strong></span> <span class='ocrx_word' id='word_1_101' title='bbox 1498 1497 1717 1562; x_wconf 85' lang='lat' dir='ltr'><strong>quando</strong></span> <span class='ocrx_word' id='word_1_102' title='bbox 1750 1498 1845 1550; x_wconf 89' lang='lat' dir='ltr'><strong>soli</strong></span> <span class='ocrx_word' id='word_1_103' title='bbox 1882 1499 2118 1566; x_wconf 84' lang='lat' dir='ltr'><strong>proxima</strong></span> <span class='ocrx_word' id='word_1_104' title='bbox 2152 1508 2261 1553; x_wconf 78' lang='lat' dir='ltr'><strong>est:</strong></span> 
     </span>
    </p>
   </div>
   <div class='ocr_carea' id='block_1_15' title="bbox 699 1587 2269 1653">
    <p class='ocr_par' dir='ltr' id='par_1_15' title="bbox 699 1587 2269 1653">
     <span class='ocr_line' id='line_1_15' title="bbox 699 1587 2269 1653; baseline 0.005 -18"><span class='ocrx_word' id='word_1_105' title='bbox 699 1587 836 1653; x_wconf 86' lang='lat' dir='ltr'><strong>quod</strong></span> <span class='ocrx_word' id='word_1_106' title='bbox 870 1588 1089 1640; x_wconf 74' lang='lat' dir='ltr'><strong>eui-ncx</strong></span> <span class='ocrx_word' id='word_1_107' title='bbox 1120 1588 1485 1641; x_wconf 74' lang='lat' dir='ltr'><strong>mathematica</strong></span> <span class='ocrx_word' id='word_1_108' title='bbox 1511 1591 1715 1641; x_wconf 88' lang='lat' dir='ltr'><strong>ratione</strong></span> <span class='ocrx_word' id='word_1_109' title='bbox 1745 1589 1943 1641; x_wconf 89' lang='lat' dir='ltr'><strong>clarum</strong></span> <span class='ocrx_word' id='word_1_110' title='bbox 1972 1598 2071 1650; x_wconf 76' lang='lat' dir='ltr'><strong>est,</strong></span> <span class='ocrx_word' id='word_1_111' title='bbox 2094 1592 2269 1643; x_wconf 89' lang='lat' dir='ltr'><strong>minus</strong></span> 
     </span>
    </p>
   </div>
   <div class='ocr_carea' id='block_1_16' title="bbox 702 1677 2268 1747">
    <p class='ocr_par' dir='ltr' id='par_1_16' title="bbox 702 1677 2268 1747">
     <span class='ocr_line' id='line_1_16' title="bbox 702 1677 2268 1747; baseline 0.001 -18"><span class='ocrx_word' id='word_1_112' title='bbox 702 1678 1018 1730; x_wconf 88' lang='lat' dir='ltr'><strong>Iuminosum</strong></span> <span class='ocrx_word' id='word_1_113' title='bbox 1034 1693 1223 1745; x_wconf 88' lang='lat' dir='ltr'><strong>corpus</strong></span> <span class='ocrx_word' id='word_1_114' title='bbox 1243 1677 1426 1744; x_wconf 89' lang='lat' dir='ltr'><strong>majori</strong></span> <span class='ocrx_word' id='word_1_115' title='bbox 1454 1679 2047 1742; x_wconf 64' lang='lat' dir='ltr'><strong>luminosoadhibitum,</strong></span> <span class='ocrx_word' id='word_1_116' title='bbox 2069 1692 2268 1747; x_wconf 89' lang='lat' dir='ltr'><strong>quanto</strong></span> 
     </span>
    </p>
   </div>
   <div class='ocr_carea' id='block_1_17' title="bbox 700 1772 2264 1841">
    <p class='ocr_par' dir='ltr' id='par_1_17' title="bbox 700 1772 2264 1841">
     <span class='ocr_line' id='line_1_17' title="bbox 700 1772 2264 1841; baseline 0.002 -18"><span class='ocrx_word' id='word_1_117' title='bbox 700 1772 764 1823; x_wconf 87' lang='lat' dir='ltr'><strong>ad</strong></span> <span class='ocrx_word' id='word_1_118' title='bbox 810 1774 855 1823; x_wconf 90' lang='lat' dir='ltr'><strong>id</strong></span> <span class='ocrx_word' id='word_1_119' title='bbox 890 1772 1104 1839; x_wconf 87' lang='lat' dir='ltr'><strong>pr0pins</strong></span> <span class='ocrx_word' id='word_1_120' title='bbox 1136 1772 1360 1833; x_wconf 85' lang='lat' dir='ltr'><strong>accedit,</strong></span> <span class='ocrx_word' id='word_1_121' title='bbox 1404 1781 1550 1823; x_wconf 90' lang='lat' dir='ltr'><strong>tanto</strong></span> <span class='ocrx_word' id='word_1_122' title='bbox 1582 1772 1759 1839; x_wconf 83' lang='lat' dir='ltr'><strong>plures</strong></span> <span class='ocrx_word' id='word_1_123' title='bbox 1788 1773 1903 1840; x_wconf 81' lang='lat' dir='ltr'><strong>ejus</strong></span> <span class='ocrx_word' id='word_1_124' title='bbox 1938 1785 2115 1841; x_wconf 88' lang='lat' dir='ltr'><strong>partes</strong></span> <span class='ocrx_word' id='word_1_125' title='bbox 2148 1774 2264 1826; x_wconf 87' lang='lat' dir='ltr'><strong>illu-</strong></span> 
     </span>
    </p>
   </div>
   <div class='ocr_carea' id='block_1_18' title="bbox 701 1864 1309 1918">
    <p class='ocr_par' dir='ltr' id='par_1_18' title="bbox 701 1864 1309 1918">
     <span class='ocr_line' id='line_1_18' title="bbox 701 1864 1309 1918; baseline -0.005 0"><span class='ocrx_word' id='word_1_126' title='bbox 701 1864 992 1918; x_wconf 84' lang='lat' dir='ltr'><strong>minantur.</strong></span> <span class='ocrx_word' id='word_1_127' title='bbox 1025 1867 1309 1917; x_wconf 75' lang='lat' dir='ltr'><strong>AGRICOI.A.</strong></span> 
     </span>
    </p>
   </div>
   <div class='ocr_carea' id='block_1_19' title="bbox 771 1952 2263 2024">
    <p class='ocr_par' dir='ltr' id='par_1_19' title="bbox 771 1952 2263 2024">
     <span class='ocr_line' id='line_1_19' title="bbox 771 1952 2263 2024; baseline -0.001 -17"><span class='ocrx_word' id='word_1_128' title='bbox 771 1956 885 2024; x_wconf 78' lang='lat' dir='ltr'><strong>Agit</strong></span> <span class='ocrx_word' id='word_1_129' title='bbox 918 1954 1129 2024; x_wconf 80' lang='lat' dir='ltr'><strong>]Agere</strong></span> <span class='ocrx_word' id='word_1_130' title='bbox 1163 1956 1211 2005; x_wconf 91' lang='lat' dir='ltr'><strong>iu</strong></span> <span class='ocrx_word' id='word_1_131' title='bbox 1236 1954 1410 2007; x_wconf 85' lang='lat' dir='ltr'><strong>varias</strong></span> <span class='ocrx_word' id='word_1_132' title='bbox 1438 1952 1853 2017; x_wconf 69' lang='lat' dir='ltr'><strong>signiticttianes</strong></span> <span class='ocrx_word' id='word_1_133' title='bbox 1883 1954 2098 2007; x_wconf 84' lang='lat' dir='ltr'><strong>dicitur.</strong></span> <span class='ocrx_word' id='word_1_134' title='bbox 2132 1954 2263 2007; x_wconf 77' lang='lat' dir='ltr'><strong>Nam</strong></span> 
     </span>
    </p>
   </div>
   <div class='ocr_carea' id='block_1_20' title="bbox 702 2044 2272 2113">
    <p class='ocr_par' dir='ltr' id='par_1_20' title="bbox 702 2044 2272 2113">
     <span class='ocr_line' id='line_1_20' title="bbox 702 2044 2272 2113; baseline 0 -16"><span class='ocrx_word' id='word_1_135' title='bbox 702 2050 757 2097; x_wconf 84' lang='lat' dir='ltr'><strong>ct</strong></span> <span class='ocrx_word' id='word_1_136' title='bbox 780 2046 1105 2111; x_wconf 79' lang='lat' dir='ltr'><strong>negotiosum</strong></span> <span class='ocrx_word' id='word_1_137' title='bbox 1132 2059 1270 2105; x_wconf 88' lang='lat' dir='ltr'><strong>esse,</strong></span> <span class='ocrx_word' id='word_1_138' title='bbox 1304 2055 1393 2097; x_wconf 89' lang='lat' dir='ltr'><strong>aut</strong></span> <span class='ocrx_word' id='word_1_139' title='bbox 1425 2044 1599 2097; x_wconf 77' lang='lat' dir='ltr'><strong>facere</strong></span> <span class='ocrx_word' id='word_1_140' title='bbox 1627 2045 1826 2113; x_wconf 88' lang='lat' dir='ltr'><strong>aliquid</strong></span> <span class='ocrx_word' id='word_1_141' title='bbox 1856 2045 2138 2113; x_wconf 67' lang='lat' dir='ltr'><strong>signiﬁcat.</strong></span> <span class='ocrx_word' id='word_1_142' title='bbox 2172 2046 2272 2099; x_wconf 90' lang='lat' dir='ltr'><strong>llo-</strong></span> 
     </span>
    </p>
   </div>
   <div class='ocr_carea' id='block_1_21' title="bbox 704 2134 1223 2201">
    <p class='ocr_par' dir='ltr' id='par_1_21' title="bbox 704 2134 1223 2201">
     <span class='ocr_line' id='line_1_21' title="bbox 704 2134 1223 2201; baseline 0.004 -15"><span class='ocrx_word' id='word_1_143' title='bbox 704 2134 869 2201; x_wconf 82' lang='lat' dir='ltr'><strong>ratins</strong></span> <span class='ocrx_word' id='word_1_144' title='bbox 894 2134 944 2187; x_wconf 92' lang='lat' dir='ltr'><strong>in</strong></span> <span class='ocrx_word' id='word_1_145' title='bbox 976 2150 990 2187; x_wconf 86' lang='grc' dir='ltr'><strong>ι</strong></span> <span class='ocrx_word' id='word_1_146' title='bbox 1025 2136 1223 2200; x_wconf 54' lang='lat' dir='ltr'><strong>Epit:</strong></span> 
     </span>
    </p>
   </div>
   <div class='ocr_carea' id='block_1_22' title="bbox 816 2226 1442 2287">
    <p class='ocr_par' dir='ltr' id='par_1_22' title="bbox 816 2226 1442 2287">
     <span class='ocr_line' id='line_1_22' title="bbox 816 2226 1442 2287; baseline -0.01 -7"><span class='ocrx_word' id='word_1_147' title='bbox 816 2228 907 2284; x_wconf 85' lang='lat' dir='ltr'><strong>..Ou</strong></span> <span class='ocrx_word' id='word_1_148' title='bbox 929 2229 956 2275; x_wconf 96' lang='lat' dir='ltr'><strong>d</strong></span> <span class='ocrx_word' id='word_1_149' title='bbox 981 2228 1093 2275; x_wconf 89' lang='lat' dir='ltr'><strong>mihi</strong></span> <span class='ocrx_word' id='word_1_150' title='bbox 1112 2229 1272 2275; x_wconf 78' lang='lat' dir='ltr'><strong>celsus</strong></span> <span class='ocrx_word' id='word_1_151' title='bbox 1298 2226 1442 2287; x_wconf 82' lang='lat' dir='ltr'><strong>agit?</strong></span> 
     </span>
    </p>
   </div>
   <div class='ocr_carea' id='block_1_23' title="bbox 704 2310 2268 2380">
    <p class='ocr_par' dir='ltr' id='par_1_23' title="bbox 704 2310 2268 2380">
     <span class='ocr_line' id='line_1_23' title="bbox 704 2310 2268 2380; baseline 0.002 -21"><span class='ocrx_word' id='word_1_152' title='bbox 704 2310 1031 2378; x_wconf 67' lang='lat' dir='ltr'><strong>Q&#39;trinduque</strong></span> <span class='ocrx_word' id='word_1_153' title='bbox 1059 2310 1319 2379; x_wconf 78' lang='lat' dir='ltr'><strong>signiﬁcat</strong></span> <span class='ocrx_word' id='word_1_154' title='bbox 1345 2311 1540 2364; x_wconf 88' lang='lat' dir='ltr'><strong>ducere</strong></span> <span class='ocrx_word' id='word_1_155' title='bbox 1566 2320 1655 2363; x_wconf 86' lang='lat' dir='ltr'><strong>aut</strong></span> <span class='ocrx_word' id='word_1_156' title='bbox 1685 2310 2013 2378; x_wconf 79' lang='lat' dir='ltr'><strong>pronellere.</strong></span> <span class='ocrx_word' id='word_1_157' title='bbox 2052 2310 2194 2380; x_wconf 83' lang='lat' dir='ltr'><strong>Virg.</strong></span> <span class='ocrx_word' id='word_1_158' title='bbox 2218 2310 2268 2363; x_wconf 92' lang='lat' dir='ltr'><strong>in</strong></span> 
     </span>
    </p>
   </div>
   <div class='ocr_carea' id='block_1_24' title="bbox 706 2398 933 2453">
    <p class='ocr_par' dir='ltr' id='par_1_24' title="bbox 706 2398 933 2453">
     <span class='ocr_line' id='line_1_24' title="bbox 706 2398 933 2453; baseline -0.004 -1"><span class='ocrx_word' id='word_1_159' title='bbox 706 2398 887 2453; x_wconf 80' lang='lat' dir='ltr'><strong>BttCol.</strong></span> <span class='ocrx_word' id='word_1_160' title='bbox 920 2416 933 2451; x_wconf 72' lang='grc' dir='ltr'>ε</span> 
     </span>
    </p>
   </div>
   <div class='ocr_carea' id='block_1_25' title="bbox 833 2491 1384 2551">
    <p class='ocr_par' dir='ltr' id='par_1_25' title="bbox 833 2491 1384 2551">
     <span class='ocr_line' id='line_1_25' title="bbox 833 2491 1384 2551; baseline -0.004 -12"><span class='ocrx_word' id='word_1_161' title='bbox 833 2491 887 2539; x_wconf 87' lang='lat' dir='ltr'><strong>Et</strong></span> <span class='ocrx_word' id='word_1_162' title='bbox 913 2498 1071 2551; x_wconf 43' lang='lat' dir='ltr'><strong>potum</strong></span> <span class='ocrx_word' id='word_1_163' title='bbox 1091 2498 1250 2550; x_wconf 85' lang='lat' dir='ltr'><strong>pastas</strong></span> <span class='ocrx_word' id='word_1_164' title='bbox 1274 2501 1384 2549; x_wconf 74' lang='lat' dir='ltr'><strong>age.</strong></span> 
     </span>
    </p>
   </div>
   <div class='ocr_carea' id='block_1_26' title="bbox 719 2570 1739 2639">
    <p class='ocr_par' dir='ltr' id='par_1_26' title="bbox 719 2570 1739 2639">
     <span class='ocr_line' id='line_1_26' title="bbox 719 2570 1739 2639; baseline -0.004 -13"><span class='ocrx_word' id='word_1_165' title='bbox 719 2572 967 2626; x_wconf 83' lang='lat' dir='ltr'><strong>lloratius</strong></span> <span class='ocrx_word' id='word_1_166' title='bbox 998 2573 1047 2624; x_wconf 91' lang='lat' dir='ltr'><strong>in</strong></span> <span class='ocrx_word' id='word_1_167' title='bbox 1080 2574 1313 2625; x_wconf 90' lang='lat' dir='ltr'><strong>secundo</strong></span> <span class='ocrx_word' id='word_1_168' title='bbox 1344 2570 1697 2639; x_wconf 73' lang='lat' dir='ltr'><strong>Epistolarum</strong></span> <span class='ocrx_word' id='word_1_169' title='bbox 1718 2590 1739 2622; x_wconf 63' lang='grc' dir='ltr'><strong>τ</strong></span> 
     </span>
    </p>
   </div>
   <div class='ocr_carea' id='block_1_27' title="bbox 827 2664 1744 2725">
    <p class='ocr_par' dir='ltr' id='par_1_27' title="bbox 827 2664 1744 2725">
     <span class='ocr_line' id='line_1_27' title="bbox 827 2664 1744 2725; baseline 0 -12"><span class='ocrx_word' id='word_1_170' title='bbox 827 2664 1008 2713; x_wconf 83' lang='lat' dir='ltr'><strong>Navem</strong></span> <span class='ocrx_word' id='word_1_171' title='bbox 1034 2677 1183 2725; x_wconf 83' lang='lat' dir='ltr'><strong>agere</strong></span> <span class='ocrx_word' id='word_1_172' title='bbox 1213 2666 1413 2724; x_wconf 85' lang='lat' dir='ltr'><strong>ignarus</strong></span> <span class='ocrx_word' id='word_1_173' title='bbox 1434 2666 1566 2713; x_wconf 83' lang='lat' dir='ltr'><strong>navis</strong></span> <span class='ocrx_word' id='word_1_174' title='bbox 1588 2668 1744 2713; x_wconf 83' lang='lat' dir='ltr'><strong>timet.</strong></span> 
     </span>
    </p>
   </div>
   <div class='ocr_carea' id='block_1_28' title="bbox 704 2745 2271 2816">
    <p class='ocr_par' dir='ltr' id='par_1_28' title="bbox 704 2745 2271 2816">
     <span class='ocr_line' id='line_1_28' title="bbox 704 2745 2271 2816; baseline 0.001 -18"><span class='ocrx_word' id='word_1_175' title='bbox 704 2745 1030 2814; x_wconf 71' lang='lat' dir='ltr'><strong>Quandoque</strong></span> <span class='ocrx_word' id='word_1_176' title='bbox 1070 2749 1119 2799; x_wconf 91' lang='lat' dir='ltr'><strong>in</strong></span> <span class='ocrx_word' id='word_1_177' title='bbox 1155 2747 1354 2815; x_wconf 86' lang='lat' dir='ltr'><strong>judicio</strong></span> <span class='ocrx_word' id='word_1_178' title='bbox 1397 2748 1626 2816; x_wconf 74' lang='lat' dir='ltr'><strong>experiri</strong></span> <span class='ocrx_word' id='word_1_179' title='bbox 1660 2746 1939 2816; x_wconf 79' lang='lat' dir='ltr'><strong>significat.</strong></span> <span class='ocrx_word' id='word_1_180' title='bbox 2000 2746 2151 2801; x_wconf 83' lang='lat' dir='ltr'><strong>Unde</strong></span> <span class='ocrx_word' id='word_1_181' title='bbox 2190 2748 2271 2799; x_wconf 81' lang='lat' dir='ltr'><strong>di-</strong></span> 
     </span>
    </p>
   </div>
   <div class='ocr_carea' id='block_1_29' title="bbox 703 2838 2270 2907">
    <p class='ocr_par' dir='ltr' id='par_1_29' title="bbox 703 2838 2270 2907">
     <span class='ocr_line' id='line_1_29' title="bbox 703 2838 2270 2907; baseline -0.001 -14"><span class='ocrx_word' id='word_1_182' title='bbox 703 2853 899 2893; x_wconf 87' lang='lat' dir='ltr'><strong>cuntur</strong></span> <span class='ocrx_word' id='word_1_183' title='bbox 927 2839 976 2891; x_wconf 93' lang='lat' dir='ltr'><strong>iu</strong></span> <span class='ocrx_word' id='word_1_184' title='bbox 997 2838 1119 2907; x_wconf 86' lang='lat' dir='ltr'><strong>jure</strong></span> <span class='ocrx_word' id='word_1_185' title='bbox 1148 2838 1291 2891; x_wconf 81' lang='lat' dir='ltr'><strong>civili</strong></span> <span class='ocrx_word' id='word_1_186' title='bbox 1316 2839 1573 2899; x_wconf 83' lang='lat' dir='ltr'><strong>actiones,</strong></span> <span class='ocrx_word' id='word_1_187' title='bbox 1600 2850 1648 2891; x_wconf 89' lang='lat' dir='ltr'><strong>et</strong></span> <span class='ocrx_word' id='word_1_188' title='bbox 1673 2849 1821 2892; x_wconf 91' lang='lat' dir='ltr'><strong>actor</strong></span> <span class='ocrx_word' id='word_1_189' title='bbox 1849 2838 1937 2905; x_wconf 91' lang='lat' dir='ltr'><strong>qui</strong></span> <span class='ocrx_word' id='word_1_190' title='bbox 1970 2854 2119 2891; x_wconf 90' lang='lat' dir='ltr'><strong>reum</strong></span> <span class='ocrx_word' id='word_1_191' title='bbox 2152 2854 2270 2904; x_wconf 86' lang='lat' dir='ltr'><strong>per-</strong></span> 
     </span>
    </p>
   </div>
   <div class='ocr_carea' id='block_1_30' title="bbox 703 2928 2274 2997">
    <p class='ocr_par' dir='ltr' id='par_1_30' title="bbox 703 2928 2274 2997">
     <span class='ocr_line' id='line_1_30' title="bbox 703 2928 2274 2997; baseline -0.001 -15"><span class='ocrx_word' id='word_1_192' title='bbox 703 2929 976 2997; x_wconf 70' lang='lat' dir='ltr'><strong>sequitur:</strong></span> <span class='ocrx_word' id='word_1_193' title='bbox 1015 2928 1213 2981; x_wconf 77' lang='lat' dir='ltr'><strong>Dicitur</strong></span> <span class='ocrx_word' id='word_1_194' title='bbox 1238 2930 1395 2981; x_wconf 63' lang='lat' dir='ltr'><strong>etiam</strong></span> <span class='ocrx_word' id='word_1_195' title='bbox 1430 2928 1616 2983; x_wconf 81' lang='lat' dir='ltr'><strong>histrio</strong></span> <span class='ocrx_word' id='word_1_196' title='bbox 1645 2942 1823 2997; x_wconf 75' lang='lat' dir='ltr'><strong>agerc,</strong></span> <span class='ocrx_word' id='word_1_197' title='bbox 1858 2928 1906 2980; x_wconf 88' lang='lat' dir='ltr'><strong>itl</strong></span> <span class='ocrx_word' id='word_1_198' title='bbox 1930 2939 2009 2980; x_wconf 89' lang='lat' dir='ltr'><strong>cst</strong></span> <span class='ocrx_word' id='word_1_199' title='bbox 2041 2944 2274 2993; x_wconf 86' lang='lat' dir='ltr'><strong>pronun-</strong></span> 
     </span>
    </p>
   </div>
   <div class='ocr_carea' id='block_1_31' title="bbox 705 3016 2271 3085">
    <p class='ocr_par' dir='ltr' id='par_1_31' title="bbox 705 3016 2271 3085">
     <span class='ocr_line' id='line_1_31' title="bbox 705 3016 2271 3085; baseline -0.001 -14"><span class='ocrx_word' id='word_1_200' title='bbox 705 3018 862 3073; x_wconf 86' lang='lat' dir='ltr'><strong>tiare.</strong></span> <span class='ocrx_word' id='word_1_201' title='bbox 899 3016 1046 3072; x_wconf 84' lang='lat' dir='ltr'><strong>Unde</strong></span> <span class='ocrx_word' id='word_1_202' title='bbox 1078 3018 1267 3071; x_wconf 78' lang='lat' dir='ltr'><strong>Cicero</strong></span> <span class='ocrx_word' id='word_1_203' title='bbox 1300 3019 1563 3071; x_wconf 81' lang='lat' dir='ltr'><strong>actionem</strong></span> <span class='ocrx_word' id='word_1_204' title='bbox 1605 3033 1699 3085; x_wconf 89' lang='lat' dir='ltr'><strong>pro</strong></span> <span class='ocrx_word' id='word_1_205' title='bbox 1729 3018 2159 3083; x_wconf 82' lang='lat' dir='ltr'><strong>pronuntiatione</strong></span> <span class='ocrx_word' id='word_1_206' title='bbox 2182 3033 2271 3069; x_wconf 90' lang='lat' dir='ltr'><strong>ac-</strong></span> 
     </span>
    </p>
   </div>
   <div class='ocr_carea' id='block_1_32' title="bbox 706 3106 2275 3179">
    <p class='ocr_par' dir='ltr' id='par_1_32' title="bbox 706 3106 2275 3179">
     <span class='ocr_line' id='line_1_32' title="bbox 706 3106 2275 3179; baseline -0.003 -16"><span class='ocrx_word' id='word_1_207' title='bbox 706 3110 833 3179; x_wconf 80' lang='lat' dir='ltr'><strong>cipit</strong></span> <span class='ocrx_word' id='word_1_208' title='bbox 866 3127 879 3162; x_wconf 93' lang='lat'><strong>:</strong></span> <span class='ocrx_word' id='word_1_209' title='bbox 919 3119 971 3162; x_wconf 92' lang='lat' dir='ltr'><strong>et</strong></span> <span class='ocrx_word' id='word_1_210' title='bbox 993 3125 1149 3178; x_wconf 88' lang='lat' dir='ltr'><strong>agere</strong></span> <span class='ocrx_word' id='word_1_211' title='bbox 1177 3110 1408 3163; x_wconf 89' lang='lat' dir='ltr'><strong>animam</strong></span> <span class='ocrx_word' id='word_1_212' title='bbox 1430 3149 1444 3171; x_wconf 92' lang='lat'><strong>,</strong></span> <span class='ocrx_word' id='word_1_213' title='bbox 1472 3110 1605 3161; x_wconf 90' lang='lat' dir='ltr'><strong>mori</strong></span> <span class='ocrx_word' id='word_1_214' title='bbox 1638 3110 1905 3176; x_wconf 79' lang='lat' dir='ltr'><strong>signiticat</strong></span> <span class='ocrx_word' id='word_1_215' title='bbox 1937 3127 1949 3161; x_wconf 77' lang='grc' dir='ltr'>ε</span> <span class='ocrx_word' id='word_1_216' title='bbox 1980 3111 2057 3163; x_wconf 88' lang='lat' dir='ltr'><strong>sic</strong></span> <span class='ocrx_word' id='word_1_217' title='bbox 2086 3106 2275 3161; x_wconf 84' lang='lat' dir='ltr'><strong>Cicero</strong></span> 
     </span>
    </p>
   </div>
   <div class='ocr_carea' id='block_1_33' title="bbox 704 3199 2347 3268">
    <p class='ocr_par' dir='ltr' id='par_1_33' title="bbox 704 3199 2347 3268">
     <span class='ocr_line' id='line_1_33' title="bbox 704 3199 2347 3268; baseline -0.001 -17"><span class='ocrx_word' id='word_1_218' title='bbox 704 3213 802 3268; x_wconf 86' lang='lat' dir='ltr'><strong>pro</strong></span> <span class='ocrx_word' id='word_1_219' title='bbox 830 3199 873 3252; x_wconf 78' lang='grc' dir='ltr'><strong>Μ</strong></span> <span class='ocrx_word' id='word_1_220' title='bbox 901 3200 1019 3252; x_wconf 90' lang='lat' dir='ltr'><strong>Ione</strong></span> <span class='ocrx_word' id='word_1_221' title='bbox 1046 3217 1059 3251; x_wconf 90' lang='lat'><strong>:</strong></span> <span class='ocrx_word' id='word_1_222' title='bbox 1095 3201 1261 3265; x_wconf 87' lang='lat' dir='ltr'><strong>Quem</strong></span> <span class='ocrx_word' id='word_1_223' title='bbox 1296 3209 1540 3267; x_wconf 86' lang='lat' dir='ltr'><strong>agentem</strong></span> <span class='ocrx_word' id='word_1_224' title='bbox 1594 3199 1824 3251; x_wconf 88' lang='lat' dir='ltr'><strong>animam</strong></span> <span class='ocrx_word' id='word_1_225' title='bbox 1859 3199 2145 3265; x_wconf 85' lang='lat' dir='ltr'><strong>reliquerat</strong></span> <span class='ocrx_word' id='word_1_226' title='bbox 2178 3215 2190 3249; x_wconf 91' lang='lat'>:</span> <span class='ocrx_word' id='word_1_227' title='bbox 2222 3206 2275 3250; x_wconf 83' lang='lat' dir='ltr'><strong>et</strong></span> <span class='ocrx_word' id='word_1_228' title='bbox 2303 3207 2347 3267; x_wconf 74' lang='grc' dir='ltr'><strong>ί]</strong></span> 
     </span>
    </p>
   </div>
   <div class='ocr_carea' id='block_1_34' title="bbox 704 3288 2275 3359">
    <p class='ocr_par' dir='ltr' id='par_1_34' title="bbox 704 3288 2275 3359">
     <span class='ocr_line' id='line_1_34' title="bbox 704 3288 2275 3359; baseline 0 -18"><span class='ocrx_word' id='word_1_229' title='bbox 704 3304 863 3359; x_wconf 83' lang='lat' dir='ltr'><strong>agere</strong></span> <span class='ocrx_word' id='word_1_230' title='bbox 891 3292 1089 3357; x_wconf 66' lang='lat' dir='ltr'><strong>gratias</strong></span> <span class='ocrx_word' id='word_1_231' title='bbox 1114 3290 1374 3353; x_wconf 89' lang='lat' dir='ltr'><strong>dicimus,</strong></span> <span class='ocrx_word' id='word_1_232' title='bbox 1433 3289 1573 3356; x_wconf 88' lang='lat' dir='ltr'><strong>quod</strong></span> <span class='ocrx_word' id='word_1_233' title='bbox 1615 3289 1814 3342; x_wconf 88' lang='lat' dir='ltr'><strong>indocti</strong></span> <span class='ocrx_word' id='word_1_234' title='bbox 1870 3292 2144 3357; x_wconf 82' lang='lat' dir='ltr'><strong>regratiari</strong></span> <span class='ocrx_word' id='word_1_235' title='bbox 2192 3288 2275 3341; x_wconf 90' lang='lat' dir='ltr'><strong>di-</strong></span> 
     </span>
    </p>
   </div>
   <div class='ocr_carea' id='block_1_35' title="bbox 704 3381 1149 3433">
    <p class='ocr_par' dir='ltr' id='par_1_35' title="bbox 704 3381 1149 3433">
     <span class='ocr_line' id='line_1_35' title="bbox 704 3381 1149 3433; baseline -0.002 -1"><span class='ocrx_word' id='word_1_236' title='bbox 704 3390 849 3433; x_wconf 90' lang='lat' dir='ltr'><strong>cunt.</strong></span> <span class='ocrx_word' id='word_1_237' title='bbox 883 3381 1149 3432; x_wconf 69' lang='lat' dir='ltr'><strong>Aumcou</strong></span> 
     </span>
    </p>
   </div>
   <div class='ocr_carea' id='block_1_36' title="bbox 776 3467 2274 3537">
    <p class='ocr_par' dir='ltr' id='par_1_36' title="bbox 776 3467 2274 3537">
     <span class='ocr_line' id='line_1_36' title="bbox 776 3467 2274 3537; baseline 0 -17"><span class='ocrx_word' id='word_1_238' title='bbox 776 3467 1049 3537; x_wconf 80' lang='lat' dir='ltr'><strong>Algentes]</strong></span> <span class='ocrx_word' id='word_1_239' title='bbox 1106 3469 1299 3535; x_wconf 79' lang='lat' dir='ltr'><strong>Algcre</strong></span> <span class='ocrx_word' id='word_1_240' title='bbox 1324 3471 1566 3522; x_wconf 71' lang='lat' dir='ltr'><strong>(irtccum</strong></span> <span class='ocrx_word' id='word_1_241' title='bbox 1599 3479 1713 3532; x_wconf 87' lang='lat' dir='ltr'><strong>est,</strong></span> <span class='ocrx_word' id='word_1_242' title='bbox 1763 3468 1855 3521; x_wconf 89' lang='lat' dir='ltr'><strong>scd</strong></span> <span class='ocrx_word' id='word_1_243' title='bbox 1887 3469 2023 3535; x_wconf 89' lang='lat' dir='ltr'><strong>apud</strong></span> <span class='ocrx_word' id='word_1_244' title='bbox 2054 3472 2149 3521; x_wconf 87' lang='lat' dir='ltr'><strong>eos</strong></span> <span class='ocrx_word' id='word_1_245' title='bbox 2177 3468 2274 3520; x_wconf 87' lang='lat' dir='ltr'><strong>do-</strong></span> 
     </span>
    </p>
   </div>
   <div class='ocr_carea' id='block_1_37' title="bbox 705 3560 2269 3627">
    <p class='ocr_par' dir='ltr' id='par_1_37' title="bbox 705 3560 2269 3627">
     <span class='ocr_line' id='line_1_37' title="bbox 705 3560 2269 3627; baseline -0.001 -14"><span class='ocrx_word' id='word_1_246' title='bbox 705 3560 814 3614; x_wconf 87' lang='lat' dir='ltr'><strong>lere</strong></span> <span class='ocrx_word' id='word_1_247' title='bbox 842 3560 1277 3627; x_wconf 85' lang='lat' dir='ltr'><strong>signiticat,apnd</strong></span> <span class='ocrx_word' id='word_1_248' title='bbox 1312 3576 1406 3614; x_wconf 88' lang='lat' dir='ltr'><strong>nos</strong></span> <span class='ocrx_word' id='word_1_249' title='bbox 1431 3560 1783 3627; x_wconf 81' lang='lat' dir='ltr'><strong>vcrofrigere.</strong></span> <span class='ocrx_word' id='word_1_250' title='bbox 1820 3562 2001 3613; x_wconf 89' lang='lat' dir='ltr'><strong>llorat.</strong></span> <span class='ocrx_word' id='word_1_251' title='bbox 2036 3564 2085 3614; x_wconf 90' lang='lat' dir='ltr'><strong>in</strong></span> <span class='ocrx_word' id='word_1_252' title='bbox 2116 3564 2269 3613; x_wconf 86' lang='lat' dir='ltr'><strong>Arte:</strong></span> 
     </span>
    </p>
   </div>
   <div class='ocr_carea' id='block_1_38' title="bbox 829 3648 1963 3712">
    <p class='ocr_par' dir='ltr' id='par_1_38' title="bbox 829 3648 1963 3712">
     <span class='ocr_line' id='line_1_38' title="bbox 829 3648 1963 3712; baseline 0.004 -16"><span class='ocrx_word' id='word_1_253' title='bbox 829 3648 975 3697; x_wconf 80' lang='lat' dir='ltr'><strong>Multa</strong></span> <span class='ocrx_word' id='word_1_254' title='bbox 1004 3648 1133 3709; x_wconf 86' lang='lat' dir='ltr'><strong>tulit,</strong></span> <span class='ocrx_word' id='word_1_255' title='bbox 1160 3651 1372 3711; x_wconf 84' lang='lat' dir='ltr'><strong>fecitque</strong></span> <span class='ocrx_word' id='word_1_256' title='bbox 1397 3664 1539 3712; x_wconf 86' lang='lat' dir='ltr'><strong>puer,</strong></span> <span class='ocrx_word' id='word_1_257' title='bbox 1565 3652 1755 3699; x_wconf 82' lang='lat' dir='ltr'><strong>sudavit</strong></span> <span class='ocrx_word' id='word_1_258' title='bbox 1779 3659 1830 3699; x_wconf 86' lang='lat' dir='ltr'><strong>et</strong></span> <span class='ocrx_word' id='word_1_259' title='bbox 1855 3650 1963 3700; x_wconf 81' lang='lat' dir='ltr'><strong>alsit</strong></span> 
     </span>
    </p>
   </div>
   <div class='ocr_carea' id='block_1_39' title="bbox 706 3732 997 3787">
    <p class='ocr_par' dir='ltr' id='par_1_39' title="bbox 706 3732 997 3787">
     <span class='ocr_line' id='line_1_39' title="bbox 706 3732 997 3787; baseline -0.01 0"><span class='ocrx_word' id='word_1_260' title='bbox 706 3732 997 3787; x_wconf 69' lang='lat' dir='ltr'><strong>Acmcou.</strong></span> 
     </span>
    </p>
   </div>
   <div class='ocr_carea' id='block_1_40' title="bbox 778 3827 2271 3900">
    <p class='ocr_par' dir='ltr' id='par_1_40' title="bbox 778 3827 2271 3900">
     <span class='ocr_line' id='line_1_40' title="bbox 778 3827 2271 3900; baseline 0.003 -20"><span class='ocrx_word' id='word_1_261' title='bbox 778 3827 1037 3894; x_wconf 75' lang='lat' dir='ltr'><strong>Hesperus</strong></span> <span class='ocrx_word' id='word_1_262' title='bbox 1072 3839 1116 3881; x_wconf 85' lang='lat' dir='ltr'><strong>et</strong></span> <span class='ocrx_word' id='word_1_263' title='bbox 1156 3828 1405 3900; x_wconf 75' lang='lat' dir='ltr'><strong>Lucifer]</strong></span> <span class='ocrx_word' id='word_1_264' title='bbox 1453 3828 1649 3882; x_wconf 86' lang='lat' dir='ltr'><strong>Eadem</strong></span> <span class='ocrx_word' id='word_1_265' title='bbox 1690 3830 1841 3882; x_wconf 66' lang='lat' dir='ltr'><strong>stel?a</strong></span> <span class='ocrx_word' id='word_1_266' title='bbox 1873 3840 1989 3894; x_wconf 88' lang='lat' dir='ltr'><strong>est,</strong></span> <span class='ocrx_word' id='word_1_267' title='bbox 2053 3831 2271 3885; x_wconf 75' lang='lat' dir='ltr'><strong>Veneris</strong></span> 
     </span>
    </p>
   </div>
   <div class='ocr_carea' id='block_1_41' title="bbox 705 3919 2274 3991">
    <p class='ocr_par' dir='ltr' id='par_1_41' title="bbox 705 3919 2274 3991">
     <span class='ocr_line' id='line_1_41' title="bbox 705 3919 2274 3991; baseline 0.001 -19"><span class='ocrx_word' id='word_1_268' title='bbox 705 3920 992 3988; x_wconf 36' lang='lat' dir='ltr'><strong>appeliata,</strong></span> <span class='ocrx_word' id='word_1_269' title='bbox 1026 3920 1128 3973; x_wconf 80' lang='lat' dir='ltr'><strong>dici</strong></span> <span class='ocrx_word' id='word_1_270' title='bbox 1156 3937 1215 3972; x_wconf 92' lang='lat' dir='ltr'><strong>ur</strong></span> <span class='ocrx_word' id='word_1_271' title='bbox 1242 3922 1459 3991; x_wconf 72' lang='grc' dir='ltr'><strong>ἓσττερθς</strong></span> <span class='ocrx_word' id='word_1_272' title='bbox 1499 3919 1682 3973; x_wconf 73' lang='lat' dir='ltr'><strong>Gi-mce</strong></span> <span class='ocrx_word' id='word_1_273' title='bbox 1712 3924 1778 3972; x_wconf 90' lang='lat' dir='ltr'><strong>ab</strong></span> <span class='ocrx_word' id='word_1_274' title='bbox 1806 3936 1870 3973; x_wconf 89' lang='lat' dir='ltr'><strong>eo</strong></span> <span class='ocrx_word' id='word_1_275' title='bbox 1914 3922 2049 3988; x_wconf 88' lang='lat' dir='ltr'><strong>quod</strong></span> <span class='ocrx_word' id='word_1_276' title='bbox 2085 3924 2157 3975; x_wconf 90' lang='lat' dir='ltr'><strong>illi</strong></span> <span class='ocrx_word' id='word_1_277' title='bbox 2186 3924 2274 3973; x_wconf 86' lang='lat' dir='ltr'><strong>be-</strong></span> 
     </span>
    </p>
   </div>
   <div class='ocr_carea' id='block_1_42' title="bbox 706 3999 2271 4082">
    <p class='ocr_par' dir='ltr' id='par_1_42' title="bbox 706 3999 2271 4082">
     <span class='ocr_line' id='line_1_42' title="bbox 706 3999 2271 4082; baseline 0.001 -16"><span class='ocrx_word' id='word_1_278' title='bbox 706 3999 940 4077; x_wconf 79' lang='lat' dir='ltr'><strong>speram,</strong></span> <span class='ocrx_word' id='word_1_279' title='bbox 973 4028 1068 4065; x_wconf 90' lang='lat' dir='ltr'><strong>nos</strong></span> <span class='ocrx_word' id='word_1_280' title='bbox 1092 4027 1121 4065; x_wconf 89' lang='lat' dir='ltr'><strong>c</strong></span> <span class='ocrx_word' id='word_1_281' title='bbox 1145 4029 1345 4066; x_wconf 57' lang='lat' dir='ltr'><strong>inversa</strong></span> <span class='ocrx_word' id='word_1_282' title='bbox 1376 4015 1755 4082; x_wconf 66' lang='lat' dir='ltr'><strong>aspirationem</strong></span> <span class='ocrx_word' id='word_1_283' title='bbox 1802 4015 1852 4066; x_wconf 92' lang='lat' dir='ltr'><strong>in</strong></span> <span class='ocrx_word' id='word_1_284' title='bbox 1895 4031 1952 4078; x_wconf 83' lang='grc' dir='ltr'><strong>υ,</strong></span> <span class='ocrx_word' id='word_1_285' title='bbox 1994 4030 2271 4078; x_wconf 76' lang='lat' dir='ltr'><strong>vesperam</strong></span> 
     </span>
    </p>
   </div>
   <div class='ocr_carea' id='block_1_43' title="bbox 707 4104 2274 4170">
    <p class='ocr_par' dir='ltr' id='par_1_43' title="bbox 707 4104 2274 4170">
     <span class='ocr_line' id='line_1_43' title="bbox 707 4104 2274 4170; baseline 0.001 -15"><span class='ocrx_word' id='word_1_286' title='bbox 707 4117 955 4155; x_wconf 72' lang='lat' dir='ltr'><strong>vocamus</strong></span> <span class='ocrx_word' id='word_1_287' title='bbox 987 4120 999 4153; x_wconf 89' lang='lat'><strong>:</strong></span> <span class='ocrx_word' id='word_1_288' title='bbox 1032 4105 1279 4168; x_wconf 91' lang='lat' dir='ltr'><strong>quoniam</strong></span> <span class='ocrx_word' id='word_1_289' title='bbox 1314 4114 1429 4170; x_wconf 90' lang='lat' dir='ltr'><strong>post</strong></span> <span class='ocrx_word' id='word_1_290' title='bbox 1471 4104 1803 4157; x_wconf 86' lang='lat' dir='ltr'><strong>occidentem</strong></span> <span class='ocrx_word' id='word_1_291' title='bbox 1838 4105 2010 4157; x_wconf 76' lang='lat' dir='ltr'><strong>luceat</strong></span> <span class='ocrx_word' id='word_1_292' title='bbox 2041 4106 2274 4158; x_wconf 85' lang='lat' dir='ltr'><strong>occidat-</strong></span> 
     </span>
    </p>
   </div>
   <div class='ocr_carea' id='block_1_44' title="bbox 705 4192 2270 4264">
    <p class='ocr_par' dir='ltr' id='par_1_44' title="bbox 705 4192 2270 4264">
     <span class='ocr_line' id='line_1_44' title="bbox 705 4192 2270 4264; baseline 0 -17"><span class='ocrx_word' id='word_1_293' title='bbox 705 4210 809 4264; x_wconf 88' lang='lat' dir='ltr'><strong>que</strong></span> <span class='ocrx_word' id='word_1_294' title='bbox 842 4211 855 4245; x_wconf 91' lang='lat'>:</span> <span class='ocrx_word' id='word_1_295' title='bbox 890 4192 1099 4247; x_wconf 79' lang='lat' dir='ltr'><strong>Lucifer</strong></span> <span class='ocrx_word' id='word_1_296' title='bbox 1126 4207 1299 4246; x_wconf 90' lang='lat' dir='ltr'><strong>autem</strong></span> <span class='ocrx_word' id='word_1_297' title='bbox 1346 4210 1529 4253; x_wconf 79' lang='lat' dir='ltr'><strong>inane.</strong></span> <span class='ocrx_word' id='word_1_298' title='bbox 1562 4211 1678 4246; x_wconf 91' lang='lat' dir='ltr'><strong>cum</strong></span> <span class='ocrx_word' id='word_1_299' title='bbox 1710 4195 1965 4261; x_wconf 66' lang='lat' dir='ltr'><strong>praecedit</strong></span> <span class='ocrx_word' id='word_1_300' title='bbox 2014 4208 2270 4249; x_wconf 72' lang='lat' dir='ltr'><strong>orientem</strong></span> 
     </span>
    </p>
   </div>
   <div class='ocr_carea' id='block_1_45' title="bbox 705 4282 2265 4350">
    <p class='ocr_par' dir='ltr' id='par_1_45' title="bbox 705 4282 2265 4350">
     <span class='ocr_line' id='line_1_45' title="bbox 705 4282 2265 4350; baseline -0.001 -12"><span class='ocrx_word' id='word_1_301' title='bbox 705 4288 894 4346; x_wconf 83' lang='lat' dir='ltr'><strong>solem,</strong></span> <span class='ocrx_word' id='word_1_302' title='bbox 925 4295 977 4335; x_wconf 83' lang='lat' dir='ltr'><strong>et</strong></span> <span class='ocrx_word' id='word_1_303' title='bbox 1008 4295 1254 4350; x_wconf 85' lang='lat' dir='ltr'><strong>tanquam</strong></span> <span class='ocrx_word' id='word_1_304' title='bbox 1287 4282 1388 4334; x_wconf 75' lang='lat' dir='ltr'><strong>dux</strong></span> <span class='ocrx_word' id='word_1_305' title='bbox 1422 4283 1537 4348; x_wconf 89' lang='lat' dir='ltr'><strong>ejus</strong></span> <span class='ocrx_word' id='word_1_306' title='bbox 1577 4283 1713 4336; x_wconf 78' lang='lat' dir='ltr'><strong>ferat</strong></span> <span class='ocrx_word' id='word_1_307' title='bbox 1749 4286 1944 4337; x_wconf 83' lang='lat' dir='ltr'><strong>lucem.</strong></span> <span class='ocrx_word' id='word_1_308' title='bbox 1974 4286 2265 4337; x_wconf 69' lang='lat' dir='ltr'><strong>AontcoLa.</strong></span> 
     </span>
    </p>
   </div>
   <div class='ocr_carea' id='block_1_46' title="bbox 782 4371 2270 4441">
    <p class='ocr_par' dir='ltr' id='par_1_46' title="bbox 782 4371 2270 4441">
     <span class='ocr_line' id='line_1_46' title="bbox 782 4371 2270 4441; baseline 0 -16"><span class='ocrx_word' id='word_1_309' title='bbox 782 4371 972 4441; x_wconf 78' lang='lat' dir='ltr'><strong>Ortus]</strong></span> <span class='ocrx_word' id='word_1_310' title='bbox 998 4374 1125 4438; x_wconf 76' lang='lat' dir='ltr'><strong>Quia</strong></span> <span class='ocrx_word' id='word_1_311' title='bbox 1158 4374 1299 4425; x_wconf 86' lang='lat' dir='ltr'><strong>varia</strong></span> <span class='ocrx_word' id='word_1_312' title='bbox 1336 4372 1546 4425; x_wconf 89' lang='lat' dir='ltr'><strong>nomina</strong></span> <span class='ocrx_word' id='word_1_313' title='bbox 1578 4382 1663 4424; x_wconf 81' lang='lat' dir='ltr'><strong>oit</strong></span> <span class='ocrx_word' id='word_1_314' title='bbox 1686 4388 1728 4425; x_wconf 77' lang='lat' dir='ltr'><strong>is</strong></span> <span class='ocrx_word' id='word_1_315' title='bbox 1759 4383 1813 4425; x_wconf 90' lang='lat' dir='ltr'><strong>et</strong></span> <span class='ocrx_word' id='word_1_316' title='bbox 1841 4389 2060 4426; x_wconf 69' lang='grc' dir='ltr'><strong>οςςθςιιε</strong></span> <span class='ocrx_word' id='word_1_317' title='bbox 2091 4386 2270 4428; x_wconf 76' lang='lat' dir='ltr'><strong>astro-</strong></span> 
     </span>
    </p>
   </div>
   <div class='ocr_carea' id='block_1_47' title="bbox 704 4465 2271 4528">
    <p class='ocr_par' dir='ltr' id='par_1_47' title="bbox 704 4465 2271 4528">
     <span class='ocr_line' id='line_1_47' title="bbox 704 4465 2271 4528; baseline 0.001 -9"><span class='ocrx_word' id='word_1_318' title='bbox 704 4481 819 4519; x_wconf 86' lang='lat' dir='ltr'><strong>rum</strong></span> <span class='ocrx_word' id='word_1_319' title='bbox 850 4465 987 4527; x_wconf 83' lang='lat' dir='ltr'><strong>apud</strong></span> <span class='ocrx_word' id='word_1_320' title='bbox 1016 4476 1259 4517; x_wconf 75' lang='lat' dir='ltr'><strong>auctot&#39;es</strong></span> <span class='ocrx_word' id='word_1_321' title='bbox 1312 4466 1676 4528; x_wconf 75' lang='lat' dir='ltr'><strong>im&#39;eninntnr,</strong></span> <span class='ocrx_word' id='word_1_322' title='bbox 1759 4466 1906 4518; x_wconf 91' lang='lat' dir='ltr'><strong>locus</strong></span> <span class='ocrx_word' id='word_1_323' title='bbox 1946 4469 2155 4521; x_wconf 81' lang='lat' dir='ltr'><strong>videtur</strong></span> <span class='ocrx_word' id='word_1_324' title='bbox 2179 4485 2271 4520; x_wconf 78' lang='lat' dir='ltr'><strong>ex-</strong></span> 
     </span>
    </p>
   </div>
   <div class='ocr_carea' id='block_1_48' title="bbox 704 4557 3143 4653">
    <p class='ocr_par' dir='ltr' id='par_1_48' title="bbox 704 4557 3143 4653">
     <span class='ocr_line' id='line_1_48' title="bbox 704 4557 3143 4653; baseline -0 -43"><span class='ocrx_word' id='word_1_325' title='bbox 704 4572 942 4625; x_wconf 68' lang='lat' dir='ltr'><strong>poscere,</strong></span> <span class='ocrx_word' id='word_1_326' title='bbox 1000 4566 1057 4609; x_wconf 88' lang='lat' dir='ltr'><strong>ut</strong></span> <span class='ocrx_word' id='word_1_327' title='bbox 1109 4557 1288 4624; x_wconf 76' lang='lat' dir='ltr'><strong>paucis</strong></span> <span class='ocrx_word' id='word_1_328' title='bbox 1330 4566 1383 4609; x_wconf 90' lang='lat' dir='ltr'><strong>et</strong></span> <span class='ocrx_word' id='word_1_329' title='bbox 1411 4572 1567 4624; x_wconf 86' lang='lat' dir='ltr'><strong>quam</strong></span> <span class='ocrx_word' id='word_1_330' title='bbox 1622 4558 1936 4610; x_wconf 72' lang='lat' dir='ltr'><strong>brevssimc</strong></span> <span class='ocrx_word' id='word_1_331' title='bbox 1970 4575 2271 4623; x_wconf 73' lang='lat' dir='ltr'><strong>possumus,</strong></span> <span class='ocrx_word' id='word_1_332' title='bbox 2308 4564 2360 4621; x_wconf 73' lang='grc' dir='ltr'><strong>Ι)</strong></span> <span class='ocrx_word' id='word_1_333' title='bbox 2383 4586 2511 4636; x_wconf 54' lang='lat' dir='ltr'><strong>solis</strong></span> <span class='ocrx_word' id='word_1_334' title='bbox 2539 4557 2803 4646; x_wconf 48' lang='lat' dir='ltr'><strong>msmum&#39;</strong></span> <span class='ocrx_word' id='word_1_335' title='bbox 2839 4586 2928 4653; x_wconf 65' lang='lat' dir='ltr'><strong>qui</strong></span> <span class='ocrx_word' id='word_1_336' title='bbox 2960 4574 3143 4637; x_wconf 61' lang='lat' dir='ltr'><strong>Lmim</strong></span> 
     </span>
    </p>
   </div>
   <div class='ocr_carea' id='block_1_49' title="bbox 704 4651 2263 4718">
    <p class='ocr_par' dir='ltr' id='par_1_49' title="bbox 704 4651 2263 4718">
     <span class='ocr_line' id='line_1_49' title="bbox 704 4651 2263 4718; baseline 0.001 -14"><span class='ocrx_word' id='word_1_337' title='bbox 704 4666 818 4704; x_wconf 90' lang='lat' dir='ltr'><strong>cam</strong></span> <span class='ocrx_word' id='word_1_338' title='bbox 850 4665 959 4702; x_wconf 91' lang='lat' dir='ltr'><strong>rem</strong></span> <span class='ocrx_word' id='word_1_339' title='bbox 992 4651 1309 4716; x_wconf 86' lang='lat' dir='ltr'><strong>aperiamus.</strong></span> <span class='ocrx_word' id='word_1_340' title='bbox 1342 4652 1477 4702; x_wconf 76' lang='lat' dir='ltr'><strong>Ante</strong></span> <span class='ocrx_word' id='word_1_341' title='bbox 1500 4651 1673 4702; x_wconf 88' lang='lat' dir='ltr'><strong>omnia</strong></span> <span class='ocrx_word' id='word_1_342' title='bbox 1705 4666 1833 4718; x_wconf 84' lang='lat' dir='ltr'><strong>ergo</strong></span> <span class='ocrx_word' id='word_1_343' title='bbox 1858 4651 2263 4717; x_wconf 75' lang='lat' dir='ltr'><strong>sciamuSiipor-</strong></span> 
     </span>
    </p>
   </div>
   <div class='ocr_carea' id='block_1_50' title="bbox 704 4742 2262 4811">
    <p class='ocr_par' dir='ltr' id='par_1_50' title="bbox 704 4742 2262 4811">
     <span class='ocr_line' id='line_1_50' title="bbox 704 4742 2262 4811; baseline 0.001 -18"><span class='ocrx_word' id='word_1_344' title='bbox 704 4751 797 4804; x_wconf 89' lang='lat' dir='ltr'><strong>tet,</strong></span> <span class='ocrx_word' id='word_1_345' title='bbox 827 4742 1062 4807; x_wconf 84' lang='lat' dir='ltr'><strong>duplices</strong></span> <span class='ocrx_word' id='word_1_346' title='bbox 1086 4758 1205 4794; x_wconf 58' lang='lat' dir='ltr'><strong>esse</strong></span> <span class='ocrx_word' id='word_1_347' title='bbox 1234 4752 1382 4794; x_wconf 90' lang='lat' dir='ltr'><strong>ortus</strong></span> <span class='ocrx_word' id='word_1_348' title='bbox 1398 4750 1451 4795; x_wconf 89' lang='lat' dir='ltr'><strong>et</strong></span> <span class='ocrx_word' id='word_1_349' title='bbox 1478 4757 1699 4794; x_wconf 80' lang='lat' dir='ltr'><strong>occasus</strong></span> <span class='ocrx_word' id='word_1_350' title='bbox 1722 4752 2014 4803; x_wconf 83' lang='lat' dir='ltr'><strong>astrorum,</strong></span> <span class='ocrx_word' id='word_1_351' title='bbox 2039 4758 2262 4811; x_wconf 88' lang='lat' dir='ltr'><strong>quorum</strong></span> 
     </span>
    </p>
   </div>
   <div class='ocr_carea' id='block_1_51' title="bbox 703 4831 2262 4894">
    <p class='ocr_par' dir='ltr' id='par_1_51' title="bbox 703 4831 2262 4894">
     <span class='ocr_line' id='line_1_51' title="bbox 703 4831 2262 4894; baseline 0.002 -12"><span class='ocrx_word' id='word_1_352' title='bbox 703 4831 791 4883; x_wconf 79' lang='lat' dir='ltr'><strong>alii</strong></span> <span class='ocrx_word' id='word_1_353' title='bbox 824 4832 1072 4883; x_wconf 85' lang='lat' dir='ltr'><strong>tntnulani</strong></span> <span class='ocrx_word' id='word_1_354' title='bbox 1099 4842 1370 4894; x_wconf 81' lang='lat' dir='ltr'><strong>vocantur,</strong></span> <span class='ocrx_word' id='word_1_355' title='bbox 1406 4832 1495 4883; x_wconf 89' lang='lat' dir='ltr'><strong>alii</strong></span> <span class='ocrx_word' id='word_1_356' title='bbox 1526 4833 1747 4884; x_wconf 77' lang='lat' dir='ltr'><strong>salares.</strong></span> <span class='ocrx_word' id='word_1_357' title='bbox 1786 4833 2081 4885; x_wconf 61' lang='lat' dir='ltr'><strong>Mund-nua</strong></span> <span class='ocrx_word' id='word_1_358' title='bbox 2114 4842 2262 4885; x_wconf 86' lang='lat' dir='ltr'><strong>ortus</strong></span> 
     </span>
    </p>
   </div>
   <div class='ocr_carea' id='block_1_52' title="bbox 702 4925 2265 4991">
    <p class='ocr_par' dir='ltr' id='par_1_52' title="bbox 702 4925 2265 4991">
     <span class='ocr_line' id='line_1_52' title="bbox 702 4925 2265 4991; baseline 0.001 -16"><span class='ocrx_word' id='word_1_359' title='bbox 702 4932 804 4986; x_wconf 81' lang='lat' dir='ltr'><strong>est,</strong></span> <span class='ocrx_word' id='word_1_360' title='bbox 831 4925 1037 4990; x_wconf 72' lang='lat' dir='ltr'><strong>quoties</strong></span> <span class='ocrx_word' id='word_1_361' title='bbox 1066 4931 1264 4974; x_wconf 91' lang='lat' dir='ltr'><strong>astrum</strong></span> <span class='ocrx_word' id='word_1_362' title='bbox 1296 4925 1475 4974; x_wconf 90' lang='lat' dir='ltr'><strong>voluto</strong></span> <span class='ocrx_word' id='word_1_363' title='bbox 1502 4927 1638 4977; x_wconf 77' lang='lat' dir='ltr'><strong>ctclo</strong></span> <span class='ocrx_word' id='word_1_364' title='bbox 1670 4925 1857 4990; x_wconf 89' lang='lat' dir='ltr'><strong>incipit</strong></span> <span class='ocrx_word' id='word_1_365' title='bbox 1900 4926 2078 4978; x_wconf 74' lang='lat' dir='ltr'><strong>etlerri</strong></span> <span class='ocrx_word' id='word_1_366' title='bbox 2110 4940 2265 4991; x_wconf 87' lang='lat' dir='ltr'><strong>supra</strong></span> 
     </span>
    </p>
   </div>
   <div class='ocr_carea' id='block_1_53' title="bbox 706 5014 2251 5082">
    <p class='ocr_par' dir='ltr' id='par_1_53' title="bbox 706 5014 2251 5082">
     <span class='ocr_line' id='line_1_53' title="bbox 706 5014 2251 5082; baseline 0.001 -19"><span class='ocrx_word' id='word_1_367' title='bbox 706 5023 922 5072; x_wconf 89' lang='lat' dir='ltr'><strong>terram,</strong></span> <span class='ocrx_word' id='word_1_368' title='bbox 949 5014 1254 5077; x_wconf 70' lang='lat' dir='ltr'><strong>utconSpici</strong></span> <span class='ocrx_word' id='word_1_369' title='bbox 1284 5029 1311 5064; x_wconf 88' lang='lat' dir='ltr'><strong>a</strong></span> <span class='ocrx_word' id='word_1_370' title='bbox 1348 5014 1499 5066; x_wconf 88' lang='lat' dir='ltr'><strong>nobis</strong></span> <span class='ocrx_word' id='word_1_371' title='bbox 1532 5014 1631 5066; x_wconf 82' lang='lat' dir='ltr'><strong>tusi</strong></span> <span class='ocrx_word' id='word_1_372' title='bbox 1665 5016 1744 5067; x_wconf 90' lang='lat' dir='ltr'><strong>sol</strong></span> <span class='ocrx_word' id='word_1_373' title='bbox 1788 5016 1996 5078; x_wconf 78' lang='lat' dir='ltr'><strong>oliStet,</strong></span> <span class='ocrx_word' id='word_1_374' title='bbox 2042 5018 2210 5082; x_wconf 68' lang='lat' dir='ltr'><strong>possit</strong></span> <span class='ocrx_word' id='word_1_375' title='bbox 2240 5032 2251 5065; x_wconf 92' lang='lat'><strong>:</strong></span> 
     </span>
    </p>
   </div>
   <div class='ocr_carea' id='block_1_54' title="bbox 704 5090 2277 5168">
    <p class='ocr_par' dir='ltr' id='par_1_54' title="bbox 704 5090 2277 5168">
     <span class='ocr_line' id='line_1_54' title="bbox 704 5090 2277 5168; baseline 0.003 -13"><span class='ocrx_word' id='word_1_376' title='bbox 704 5110 887 5155; x_wconf 85' lang='lat' dir='ltr'><strong>contra</strong></span> <span class='ocrx_word' id='word_1_377' title='bbox 917 5118 1136 5158; x_wconf 88' lang='lat' dir='ltr'><strong>occasus</strong></span> <span class='ocrx_word' id='word_1_378' title='bbox 1174 5114 1286 5166; x_wconf 88' lang='lat' dir='ltr'><strong>est,</strong></span> <span class='ocrx_word' id='word_1_379' title='bbox 1316 5105 1525 5168; x_wconf 79' lang='lat' dir='ltr'><strong>quando</strong></span> <span class='ocrx_word' id='word_1_380' title='bbox 1554 5116 1754 5158; x_wconf 85' lang='lat' dir='ltr'><strong>astrqu</strong></span> <span class='ocrx_word' id='word_1_381' title='bbox 1784 5106 2045 5158; x_wconf 90' lang='lat' dir='ltr'><strong>occulitur</strong></span> <span class='ocrx_word' id='word_1_382' title='bbox 2076 5090 2277 5160; x_wconf 59' lang='lat' dir='ltr'><strong>rursus</strong></span> 
     </span>
    </p>
   </div>
   <div class='ocr_carea' id='block_1_55' title="bbox 703 5195 2261 5263">
    <p class='ocr_par' dir='ltr' id='par_1_55' title="bbox 703 5195 2261 5263">
     <span class='ocr_line' id='line_1_55' title="bbox 703 5195 2261 5263; baseline 0.004 -18"><span class='ocrx_word' id='word_1_383' title='bbox 703 5195 766 5246; x_wconf 91' lang='lat' dir='ltr'><strong>ad</strong></span> <span class='ocrx_word' id='word_1_384' title='bbox 798 5195 1125 5247; x_wconf 84' lang='lat' dir='ltr'><strong>occidentem</strong></span> <span class='ocrx_word' id='word_1_385' title='bbox 1154 5197 1252 5247; x_wconf 91' lang='lat' dir='ltr'><strong>sub</strong></span> <span class='ocrx_word' id='word_1_386' title='bbox 1284 5206 1445 5260; x_wconf 89' lang='lat' dir='ltr'><strong>terra,</strong></span> <span class='ocrx_word' id='word_1_387' title='bbox 1488 5205 1539 5249; x_wconf 88' lang='lat' dir='ltr'><strong>et</strong></span> <span class='ocrx_word' id='word_1_388' title='bbox 1567 5198 1801 5263; x_wconf 76' lang='lat' dir='ltr'><strong>aspectui</strong></span> <span class='ocrx_word' id='word_1_389' title='bbox 1843 5210 2025 5250; x_wconf 73' lang='lat' dir='ltr'><strong>nos1ro</strong></span> <span class='ocrx_word' id='word_1_390' title='bbox 2053 5200 2261 5251; x_wconf 82' lang='lat' dir='ltr'><strong>subtra-</strong></span> 
     </span>
    </p>
   </div>
   <div class='ocr_carea' id='block_1_56' title="bbox 702 5284 2262 5353">
    <p class='ocr_par' dir='ltr' id='par_1_56' title="bbox 702 5284 2262 5353">
     <span class='ocr_line' id='line_1_56' title="bbox 702 5284 2262 5353; baseline 0.004 -16"><span class='ocrx_word' id='word_1_391' title='bbox 702 5284 864 5341; x_wconf 77' lang='lat' dir='ltr'><strong>hitur.</strong></span> <span class='ocrx_word' id='word_1_392' title='bbox 896 5292 950 5338; x_wconf 89' lang='lat' dir='ltr'><strong>et</strong></span> <span class='ocrx_word' id='word_1_393' title='bbox 980 5286 1029 5336; x_wconf 91' lang='lat' dir='ltr'><strong>bi</strong></span> <span class='ocrx_word' id='word_1_394' title='bbox 1053 5294 1199 5337; x_wconf 88' lang='lat' dir='ltr'><strong>ortus</strong></span> <span class='ocrx_word' id='word_1_395' title='bbox 1227 5295 1280 5337; x_wconf 92' lang='lat' dir='ltr'><strong>et</strong></span> <span class='ocrx_word' id='word_1_396' title='bbox 1310 5300 1527 5339; x_wconf 76' lang='lat' dir='ltr'><strong>occasus</strong></span> <span class='ocrx_word' id='word_1_397' title='bbox 1558 5288 1804 5341; x_wconf 74' lang='lat' dir='ltr'><strong>omnibus</strong></span> <span class='ocrx_word' id='word_1_398' title='bbox 1834 5290 1996 5340; x_wconf 88' lang='lat' dir='ltr'><strong>astris</strong></span> <span class='ocrx_word' id='word_1_399' title='bbox 2025 5290 2262 5353; x_wconf 78' lang='lat' dir='ltr'><strong>quotidie</strong></span> 
     </span>
    </p>
   </div>
   <div class='ocr_carea' id='block_1_57' title="bbox 703 5376 2257 5448">
    <p class='ocr_par' dir='ltr' id='par_1_57' title="bbox 703 5376 2257 5448">
     <span class='ocr_line' id='line_1_57' title="bbox 703 5376 2257 5448; baseline 0.006 -24"><span class='ocrx_word' id='word_1_400' title='bbox 703 5384 917 5441; x_wconf 85' lang='lat' dir='ltr'><strong>propter</strong></span> <span class='ocrx_word' id='word_1_401' title='bbox 970 5376 1225 5444; x_wconf 66' lang='lat' dir='ltr'><strong>integram</strong></span> <span class='ocrx_word' id='word_1_402' title='bbox 1280 5377 1401 5430; x_wconf 65' lang='grc' dir='ltr'><strong>εαξη</strong></span> <span class='ocrx_word' id='word_1_403' title='bbox 1455 5380 1859 5431; x_wconf 82' lang='lat' dir='ltr'><strong>coaversioncm</strong></span> <span class='ocrx_word' id='word_1_404' title='bbox 1920 5381 2257 5448; x_wconf 84' lang='lat' dir='ltr'><strong>contingunt.</strong></span> 
     </span>
    </p>
   </div>
   <div class='ocr_carea' id='block_1_58' title="bbox 701 5463 2266 5537">
    <p class='ocr_par' dir='ltr' id='par_1_58' title="bbox 701 5463 2266 5537">
     <span class='ocr_line' id='line_1_58' title="bbox 701 5463 2266 5537; baseline 0.005 -20"><span class='ocrx_word' id='word_1_405' title='bbox 701 5463 902 5519; x_wconf 84' lang='lat' dir='ltr'><strong>Solaris</strong></span> <span class='ocrx_word' id='word_1_406' title='bbox 927 5476 1101 5519; x_wconf 88' lang='lat' dir='ltr'><strong>autem</strong></span> <span class='ocrx_word' id='word_1_407' title='bbox 1128 5478 1274 5519; x_wconf 85' lang='lat' dir='ltr'><strong>ortus</strong></span> <span class='ocrx_word' id='word_1_408' title='bbox 1299 5478 1352 5520; x_wconf 89' lang='lat' dir='ltr'><strong>et</strong></span> <span class='ocrx_word' id='word_1_409' title='bbox 1388 5482 1609 5522; x_wconf 85' lang='lat' dir='ltr'><strong>occasus</strong></span> <span class='ocrx_word' id='word_1_410' title='bbox 1640 5469 1825 5537; x_wconf 84' lang='lat' dir='ltr'><strong>quales</strong></span> <span class='ocrx_word' id='word_1_411' title='bbox 1858 5480 1981 5524; x_wconf 89' lang='lat' dir='ltr'><strong>sunt</strong></span> <span class='ocrx_word' id='word_1_412' title='bbox 2004 5514 2018 5533; x_wconf 95' lang='lat'><strong>,</strong></span> <span class='ocrx_word' id='word_1_413' title='bbox 2056 5476 2132 5525; x_wconf 89' lang='lat' dir='ltr'><strong>sic</strong></span> <span class='ocrx_word' id='word_1_414' title='bbox 2174 5476 2266 5525; x_wconf 86' lang='lat' dir='ltr'><strong>lia-</strong></span> 
     </span>
    </p>
   </div>
   <div class='ocr_carea' id='block_1_59' title="bbox 700 5553 2247 5631">
    <p class='ocr_par' dir='ltr' id='par_1_59' title="bbox 700 5553 2247 5631">
     <span class='ocr_line' id='line_1_59' title="bbox 700 5553 2247 5631; baseline 0.005 -21"><span class='ocrx_word' id='word_1_415' title='bbox 700 5553 861 5610; x_wconf 81' lang='lat' dir='ltr'><strong>bclo:</strong></span> <span class='ocrx_word' id='word_1_416' title='bbox 912 5558 991 5610; x_wconf 89' lang='lat' dir='ltr'><strong>sol</strong></span> <span class='ocrx_word' id='word_1_417' title='bbox 1039 5560 1455 5627; x_wconf 78' lang='lat' dir='ltr'><strong>quandocupque</strong></span> <span class='ocrx_word' id='word_1_418' title='bbox 1506 5561 1718 5627; x_wconf 86' lang='lat' dir='ltr'><strong>aliquod</strong></span> <span class='ocrx_word' id='word_1_419' title='bbox 1774 5574 1977 5617; x_wconf 87' lang='lat' dir='ltr'><strong>astrum</strong></span> <span class='ocrx_word' id='word_1_420' title='bbox 2029 5565 2247 5631; x_wconf 85' lang='lat' dir='ltr'><strong>propius</strong></span> 
     </span>
    </p>
   </div>
   <div class='ocr_carea' id='block_1_60' title="bbox 700 5648 2250 5724">
    <p class='ocr_par' dir='ltr' id='par_1_60' title="bbox 700 5648 2250 5724">
     <span class='ocr_line' id='line_1_60' title="bbox 700 5648 2250 5724; baseline 0.008 -27"><span class='ocrx_word' id='word_1_421' title='bbox 700 5648 998 5714; x_wconf 87' lang='lat' dir='ltr'><strong>quindecim</strong></span> <span class='ocrx_word' id='word_1_422' title='bbox 1032 5651 1264 5716; x_wconf 86' lang='lat' dir='ltr'><strong>partibus</strong></span> <span class='ocrx_word' id='word_1_423' title='bbox 1285 5692 1299 5715; x_wconf 88' lang='lat'><strong>,</strong></span> <span class='ocrx_word' id='word_1_424' title='bbox 1336 5654 1415 5706; x_wconf 85' lang='lat' dir='ltr'><strong>vel</strong></span> <span class='ocrx_word' id='word_1_425' title='bbox 1448 5652 1711 5722; x_wconf 73' lang='lat' dir='ltr'><strong>(ur‘vulgo</strong></span> <span class='ocrx_word' id='word_1_426' title='bbox 1758 5657 2045 5724; x_wconf 86' lang='lat' dir='ltr'><strong>loquimur)</strong></span> <span class='ocrx_word' id='word_1_427' title='bbox 2077 5656 2250 5724; x_wconf 85' lang='lat' dir='ltr'><strong>gradi-</strong></span> 
     </span>
    </p>
   </div>
   <div class='ocr_carea' id='block_1_61' title="bbox 701 5734 2242 5820">
    <p class='ocr_par' dir='ltr' id='par_1_61' title="bbox 701 5734 2242 5820">
     <span class='ocr_line' id='line_1_61' title="bbox 701 5734 2242 5820; baseline 0.012 -33"><span class='ocrx_word' id='word_1_428' title='bbox 701 5734 799 5789; x_wconf 83' lang='lat' dir='ltr'><strong>bus</strong></span> <span class='ocrx_word' id='word_1_429' title='bbox 825 5738 1043 5804; x_wconf 83' lang='lat' dir='ltr'><strong>alicujus</strong></span> <span class='ocrx_word' id='word_1_430' title='bbox 1072 5742 1554 5810; x_wconf 70' lang='lat' dir='ltr'><strong>signiconjunctuzn</strong></span> <span class='ocrx_word' id='word_1_431' title='bbox 1582 5747 1653 5799; x_wconf 90' lang='lat' dir='ltr'><strong>illi</strong></span> <span class='ocrx_word' id='word_1_432' title='bbox 1683 5758 1793 5813; x_wconf 91' lang='lat' dir='ltr'><strong>est,</strong></span> <span class='ocrx_word' id='word_1_433' title='bbox 1827 5758 1950 5803; x_wconf 85' lang='lat' dir='ltr'><strong>tunc</strong></span> <span class='ocrx_word' id='word_1_434' title='bbox 1982 5747 2242 5820; x_wconf 59' lang='lat' dir='ltr'><strong>magnitu-</strong></span> 
     </span>
    </p>
   </div>
   <div class='ocr_carea' id='block_1_62' title="bbox 2367 582 3932 653">
    <p class='ocr_par' dir='ltr' id='par_1_62' title="bbox 2367 582 3932 653">
     <span class='ocr_line' id='line_1_62' title="bbox 2367 582 3932 653; baseline 0 -16"><span class='ocrx_word' id='word_1_435' title='bbox 2367 594 2557 653; x_wconf 86' lang='lat' dir='ltr'><strong>turque</strong></span> <span class='ocrx_word' id='word_1_436' title='bbox 2585 596 2788 639; x_wconf 89' lang='lat' dir='ltr'><strong>astrum</strong></span> <span class='ocrx_word' id='word_1_437' title='bbox 2828 586 2926 639; x_wconf 89' lang='lat' dir='ltr'><strong>sub</strong></span> <span class='ocrx_word' id='word_1_438' title='bbox 2962 585 3120 639; x_wconf 83' lang='lat' dir='ltr'><strong>radiis</strong></span> <span class='ocrx_word' id='word_1_439' title='bbox 3150 599 3298 646; x_wconf 81' lang='lat' dir='ltr'><strong>esse,</strong></span> <span class='ocrx_word' id='word_1_440' title='bbox 3326 582 3516 636; x_wconf 89' lang='lat' dir='ltr'><strong>deinde</strong></span> <span class='ocrx_word' id='word_1_441' title='bbox 3549 592 3823 649; x_wconf 89' lang='lat' dir='ltr'><strong>postquam</strong></span> <span class='ocrx_word' id='word_1_442' title='bbox 3850 585 3932 637; x_wconf 87' lang='lat' dir='ltr'><strong>sol</strong></span> 
     </span>
    </p>
   </div>
   <div class='ocr_carea' id='block_1_63' title="bbox 2365 674 3933 747">
    <p class='ocr_par' dir='ltr' id='par_1_63' title="bbox 2365 674 3933 747">
     <span class='ocr_line' id='line_1_63' title="bbox 2365 674 3933 747; baseline -0.002 -18"><span class='ocrx_word' id='word_1_443' title='bbox 2365 694 2680 747; x_wconf 83' lang='lat' dir='ltr'><strong>progressus</strong></span> <span class='ocrx_word' id='word_1_444' title='bbox 2707 689 2791 732; x_wconf 90' lang='lat' dir='ltr'><strong>est</strong></span> <span class='ocrx_word' id='word_1_445' title='bbox 2822 679 2955 730; x_wconf 89' lang='lat' dir='ltr'><strong>ultra</strong></span> <span class='ocrx_word' id='word_1_446' title='bbox 2980 678 3281 747; x_wconf 86' lang='lat' dir='ltr'><strong>quindecim</strong></span> <span class='ocrx_word' id='word_1_447' title='bbox 3311 684 3423 735; x_wconf 82' lang='lat' dir='ltr'><strong>aut.</strong></span> <span class='ocrx_word' id='word_1_448' title='bbox 3455 683 3512 727; x_wconf 89' lang='lat' dir='ltr'><strong>ut</strong></span> <span class='ocrx_word' id='word_1_449' title='bbox 3541 674 3710 727; x_wconf 80' lang='lat' dir='ltr'><strong>l’linio</strong></span> <span class='ocrx_word' id='word_1_450' title='bbox 3739 674 3933 741; x_wconf 71' lang='lat' dir='ltr'><strong>placet,</strong></span> 
     </span>
    </p>
   </div>
   <div class='ocr_carea' id='block_1_64' title="bbox 2363 764 3921 834">
    <p class='ocr_par' dir='ltr' id='par_1_64' title="bbox 2363 764 3921 834">
     <span class='ocr_line' id='line_1_64' title="bbox 2363 764 3921 834; baseline -0.003 -13"><span class='ocrx_word' id='word_1_451' title='bbox 2363 769 2609 821; x_wconf 77' lang='lat' dir='ltr'><strong>undecim</strong></span> <span class='ocrx_word' id='word_1_452' title='bbox 2666 769 2899 834; x_wconf 79' lang='lat' dir='ltr'><strong>gradus,</strong></span> <span class='ocrx_word' id='word_1_453' title='bbox 2935 779 3057 820; x_wconf 87' lang='lat' dir='ltr'><strong>tunc</strong></span> <span class='ocrx_word' id='word_1_454' title='bbox 3111 768 3296 833; x_wconf 85' lang='lat' dir='ltr'><strong>incipit</strong></span> <span class='ocrx_word' id='word_1_455' title='bbox 3340 779 3612 832; x_wconf 87' lang='lat' dir='ltr'><strong>cmergere</strong></span> <span class='ocrx_word' id='word_1_456' title='bbox 3657 780 3688 817; x_wconf 90' lang='lat' dir='ltr'><strong>e</strong></span> <span class='ocrx_word' id='word_1_457' title='bbox 3756 764 3921 817; x_wconf 85' lang='lat' dir='ltr'><strong>radiis</strong></span> 
     </span>
    </p>
   </div>
   <div class='ocr_carea' id='block_1_65' title="bbox 2364 857 3927 927">
    <p class='ocr_par' dir='ltr' id='par_1_65' title="bbox 2364 857 3927 927">
     <span class='ocr_line' id='line_1_65' title="bbox 2364 857 3927 927; baseline -0.001 -15"><span class='ocrx_word' id='word_1_458' title='bbox 2364 870 2566 913; x_wconf 90' lang='lat' dir='ltr'><strong>astrum</strong></span> <span class='ocrx_word' id='word_1_459' title='bbox 2589 870 2642 912; x_wconf 88' lang='lat' dir='ltr'><strong>et</strong></span> <span class='ocrx_word' id='word_1_460' title='bbox 2663 875 2922 927; x_wconf 80' lang='lat' dir='ltr'><strong>apparere</strong></span> <span class='ocrx_word' id='word_1_461' title='bbox 2955 875 3106 911; x_wconf 90' lang='lat' dir='ltr'><strong>mane</strong></span> <span class='ocrx_word' id='word_1_462' title='bbox 3131 867 3252 911; x_wconf 86' lang='lat' dir='ltr'><strong>ante</strong></span> <span class='ocrx_word' id='word_1_463' title='bbox 3282 858 3539 910; x_wconf 84' lang='lat' dir='ltr'><strong>orientem</strong></span> <span class='ocrx_word' id='word_1_464' title='bbox 3560 857 3751 918; x_wconf 89' lang='lat' dir='ltr'><strong>solem,</strong></span> <span class='ocrx_word' id='word_1_465' title='bbox 3778 859 3927 922; x_wconf 77' lang='lat' dir='ltr'><strong>isquo</strong></span> 
     </span>
    </p>
   </div>
   <div class='ocr_carea' id='block_1_66' title="bbox 2370 947 3933 1013">
    <p class='ocr_par' dir='ltr' id='par_1_66' title="bbox 2370 947 3933 1013">
     <span class='ocr_line' id='line_1_66' title="bbox 2370 947 3933 1013; baseline -0.001 -14"><span class='ocrx_word' id='word_1_466' title='bbox 2370 960 2591 1001; x_wconf 76' lang='lat' dir='ltr'><strong>vocatur</strong></span> <span class='ocrx_word' id='word_1_467' title='bbox 2629 959 2849 1002; x_wconf 72' lang='lat' dir='ltr'><strong>exortus</strong></span> <span class='ocrx_word' id='word_1_468' title='bbox 2879 949 3185 1000; x_wconf 75' lang='lat' dir='ltr'><strong>nzatutinus.</strong></span> <span class='ocrx_word' id='word_1_469' title='bbox 3241 948 3465 1011; x_wconf 80' lang='lat' dir='ltr'><strong>Quando</strong></span> <span class='ocrx_word' id='word_1_470' title='bbox 3495 956 3670 1000; x_wconf 88' lang='lat' dir='ltr'><strong>autem</strong></span> <span class='ocrx_word' id='word_1_471' title='bbox 3695 947 3775 998; x_wconf 90' lang='lat' dir='ltr'><strong>sol</strong></span> <span class='ocrx_word' id='word_1_472' title='bbox 3811 962 3933 1013; x_wconf 80' lang='lat' dir='ltr'><strong>pro-</strong></span> 
     </span>
    </p>
   </div>
   <div class='ocr_carea' id='block_1_67' title="bbox 2364 1039 3932 1108">
    <p class='ocr_par' dir='ltr' id='par_1_67' title="bbox 2364 1039 3932 1108">
     <span class='ocr_line' id='line_1_67' title="bbox 2364 1039 3932 1108; baseline -0.002 -16"><span class='ocrx_word' id='word_1_473' title='bbox 2364 1055 2584 1107; x_wconf 80' lang='lat' dir='ltr'><strong>gressus</strong></span> <span class='ocrx_word' id='word_1_474' title='bbox 2613 1052 2695 1094; x_wconf 83' lang='lat' dir='ltr'><strong>est</strong></span> <span class='ocrx_word' id='word_1_475' title='bbox 2745 1057 2911 1108; x_wconf 74' lang='lat' dir='ltr'><strong>u~que</strong></span> <span class='ocrx_word' id='word_1_476' title='bbox 2961 1042 3024 1093; x_wconf 90' lang='lat' dir='ltr'><strong>ad</strong></span> <span class='ocrx_word' id='word_1_477' title='bbox 3073 1040 3265 1107; x_wconf 85' lang='lat' dir='ltr'><strong>gradus</strong></span> <span class='ocrx_word' id='word_1_478' title='bbox 3314 1048 3525 1092; x_wconf 87' lang='lat' dir='ltr'><strong>centum</strong></span> <span class='ocrx_word' id='word_1_479' title='bbox 3562 1040 3829 1105; x_wconf 83' lang='lat' dir='ltr'><strong>octoginta</strong></span> <span class='ocrx_word' id='word_1_480' title='bbox 3866 1039 3932 1089; x_wconf 88' lang='lat' dir='ltr'><strong>ab</strong></span> 
     </span>
    </p>
   </div>
   <div class='ocr_carea' id='block_1_68' title="bbox 2365 1127 3933 1197">
    <p class='ocr_par' dir='ltr' id='par_1_68' title="bbox 2365 1127 3933 1197">
     <span class='ocr_line' id='line_1_68' title="bbox 2365 1127 3933 1197; baseline -0.002 -16"><span class='ocrx_word' id='word_1_481' title='bbox 2365 1139 2533 1191; x_wconf 83' lang='lat' dir='ltr'><strong>astro,</strong></span> <span class='ocrx_word' id='word_1_482' title='bbox 2560 1141 2682 1182; x_wconf 83' lang='lat' dir='ltr'><strong>tunc</strong></span> <span class='ocrx_word' id='word_1_483' title='bbox 2711 1134 2987 1197; x_wconf 65' lang='lat' dir='ltr'><strong>oppositus</strong></span> <span class='ocrx_word' id='word_1_484' title='bbox 3015 1130 3207 1182; x_wconf 67' lang='lat' dir='ltr'><strong>dicitur</strong></span> <span class='ocrx_word' id='word_1_485' title='bbox 3239 1141 3403 1192; x_wconf 83' lang='lat' dir='ltr'><strong>astro,</strong></span> <span class='ocrx_word' id='word_1_486' title='bbox 3440 1138 3555 1194; x_wconf 88' lang='lat' dir='ltr'><strong>post</strong></span> <span class='ocrx_word' id='word_1_487' title='bbox 3586 1127 3635 1179; x_wconf 88' lang='lat' dir='ltr'><strong>id</strong></span> <span class='ocrx_word' id='word_1_488' title='bbox 3668 1144 3793 1179; x_wconf 89' lang='lat' dir='ltr'><strong>vero</strong></span> <span class='ocrx_word' id='word_1_489' title='bbox 3815 1141 3933 1194; x_wconf 81' lang='lat' dir='ltr'><strong>pro-</strong></span> 
     </span>
    </p>
   </div>
   <div class='ocr_carea' id='block_1_69' title="bbox 2369 1219 3932 1289">
    <p class='ocr_par' dir='ltr' id='par_1_69' title="bbox 2369 1219 3932 1289">
     <span class='ocr_line' id='line_1_69' title="bbox 2369 1219 3932 1289; baseline -0.001 -18"><span class='ocrx_word' id='word_1_490' title='bbox 2369 1235 2588 1285; x_wconf 71' lang='lat' dir='ltr'><strong>gressus</strong></span> <span class='ocrx_word' id='word_1_491' title='bbox 2619 1220 2920 1288; x_wconf 85' lang='lat' dir='ltr'><strong>quindecim</strong></span> <span class='ocrx_word' id='word_1_492' title='bbox 2952 1222 3147 1289; x_wconf 86' lang='lat' dir='ltr'><strong>gradus</strong></span> <span class='ocrx_word' id='word_1_493' title='bbox 3177 1231 3293 1287; x_wconf 85' lang='lat' dir='ltr'><strong>post</strong></span> <span class='ocrx_word' id='word_1_494' title='bbox 3324 1220 3651 1273; x_wconf 84' lang='lat' dir='ltr'><strong>occidentem</strong></span> <span class='ocrx_word' id='word_1_495' title='bbox 3676 1219 3932 1271; x_wconf 70' lang='lat' dir='ltr'><strong>stilemin-</strong></span> 
     </span>
    </p>
   </div>
   <div class='ocr_carea' id='block_1_70' title="bbox 2368 1311 3932 1379">
    <p class='ocr_par' dir='ltr' id='par_1_70' title="bbox 2368 1311 3932 1379">
     <span class='ocr_line' id='line_1_70' title="bbox 2368 1311 3932 1379; baseline -0.003 -17"><span class='ocrx_word' id='word_1_496' title='bbox 2368 1311 2495 1376; x_wconf 87' lang='lat' dir='ltr'><strong>cipit</strong></span> <span class='ocrx_word' id='word_1_497' title='bbox 2517 1311 2643 1361; x_wconf 89' lang='lat' dir='ltr'><strong>oriri</strong></span> <span class='ocrx_word' id='word_1_498' title='bbox 2664 1320 2884 1371; x_wconf 87' lang='lat' dir='ltr'><strong>astrum,</strong></span> <span class='ocrx_word' id='word_1_499' title='bbox 2918 1312 3067 1379; x_wconf 89' lang='lat' dir='ltr'><strong>isque</strong></span> <span class='ocrx_word' id='word_1_500' title='bbox 3092 1320 3310 1363; x_wconf 87' lang='lat' dir='ltr'><strong>vocatur</strong></span> <span class='ocrx_word' id='word_1_501' title='bbox 3336 1321 3551 1362; x_wconf 79' lang='lat' dir='ltr'><strong>exortus</strong></span> <span class='ocrx_word' id='word_1_502' title='bbox 3582 1311 3932 1375; x_wconf 82' lang='lat' dir='ltr'><strong>vc5pcrtinus.</strong></span> 
     </span>
    </p>
   </div>
   <div class='ocr_carea' id='block_1_71' title="bbox 2372 1400 3931 1468">
    <p class='ocr_par' dir='ltr' id='par_1_71' title="bbox 2372 1400 3931 1468">
     <span class='ocr_line' id='line_1_71' title="bbox 2372 1400 3931 1468; baseline 0.001 -17"><span class='ocrx_word' id='word_1_503' title='bbox 2372 1400 2573 1453; x_wconf 79' lang='lat' dir='ltr'><strong>Rursus</strong></span> <span class='ocrx_word' id='word_1_504' title='bbox 2605 1403 3218 1468; x_wconf 82' lang='lat' dir='ltr'><strong>appropinquansastro,</strong></span> <span class='ocrx_word' id='word_1_505' title='bbox 3249 1416 3369 1453; x_wconf 90' lang='lat' dir='ltr'><strong>cmn</strong></span> <span class='ocrx_word' id='word_1_506' title='bbox 3404 1400 3586 1465; x_wconf 83' lang='lat' dir='ltr'><strong>incipit</strong></span> <span class='ocrx_word' id='word_1_507' title='bbox 3614 1401 3677 1449; x_wconf 91' lang='lat' dir='ltr'><strong>ad</strong></span> <span class='ocrx_word' id='word_1_508' title='bbox 3701 1400 3931 1467; x_wconf 53' lang='grc' dir='ltr'><strong>(γεωδαι-</strong></span> 
     </span>
    </p>
   </div>
   <div class='ocr_carea' id='block_1_72' title="bbox 2371 1492 3933 1559">
    <p class='ocr_par' dir='ltr' id='par_1_72' title="bbox 2371 1492 3933 1559">
     <span class='ocr_line' id='line_1_72' title="bbox 2371 1492 3933 1559; baseline -0.001 -16"><span class='ocrx_word' id='word_1_509' title='bbox 2371 1492 2472 1543; x_wconf 91' lang='lat' dir='ltr'><strong>cim</strong></span> <span class='ocrx_word' id='word_1_510' title='bbox 2504 1493 2700 1559; x_wconf 83' lang='lat' dir='ltr'><strong>gradus</strong></span> <span class='ocrx_word' id='word_1_511' title='bbox 2731 1493 3006 1555; x_wconf 83' lang='lat' dir='ltr'><strong>accedere,</strong></span> <span class='ocrx_word' id='word_1_512' title='bbox 3052 1492 3176 1544; x_wconf 90' lang='lat' dir='ltr'><strong>illud</strong></span> <span class='ocrx_word' id='word_1_513' title='bbox 3208 1502 3427 1543; x_wconf 85' lang='lat' dir='ltr'><strong>vocatur</strong></span> <span class='ocrx_word' id='word_1_514' title='bbox 3457 1506 3677 1543; x_wconf 88' lang='lat' dir='ltr'><strong>occasus</strong></span> <span class='ocrx_word' id='word_1_515' title='bbox 3711 1499 3933 1558; x_wconf 74' lang='lat' dir='ltr'><strong>vesper-</strong></span> 
     </span>
    </p>
   </div>
   <div class='ocr_carea' id='block_1_73' title="bbox 2372 1585 3933 1656">
    <p class='ocr_par' dir='ltr' id='par_1_73' title="bbox 2372 1585 3933 1656">
     <span class='ocr_line' id='line_1_73' title="bbox 2372 1585 3933 1656; baseline -0.001 -17"><span class='ocrx_word' id='word_1_516' title='bbox 2372 1587 2536 1651; x_wconf 89' lang='lat' dir='ltr'><strong>tinus,</strong></span> <span class='ocrx_word' id='word_1_517' title='bbox 2566 1589 2814 1656; x_wconf 89' lang='lat' dir='ltr'><strong>quoniam</strong></span> <span class='ocrx_word' id='word_1_518' title='bbox 2845 1589 3118 1641; x_wconf 89' lang='lat' dir='ltr'><strong>occidente</strong></span> <span class='ocrx_word' id='word_1_519' title='bbox 3142 1587 3253 1638; x_wconf 84' lang='lat' dir='ltr'><strong>sole</strong></span> <span class='ocrx_word' id='word_1_520' title='bbox 3281 1586 3329 1637; x_wconf 91' lang='lat' dir='ltr'><strong>id</strong></span> <span class='ocrx_word' id='word_1_521' title='bbox 3357 1596 3554 1638; x_wconf 90' lang='lat' dir='ltr'><strong>astrum</strong></span> <span class='ocrx_word' id='word_1_522' title='bbox 3586 1585 3823 1653; x_wconf 77' lang='lat' dir='ltr'><strong>proxime</strong></span> <span class='ocrx_word' id='word_1_523' title='bbox 3844 1598 3933 1637; x_wconf 54' lang='lat' dir='ltr'><strong>nc.</strong></span> 
     </span>
    </p>
   </div>
   <div class='ocr_carea' id='block_1_74' title="bbox 2373 1675 3932 1743">
    <p class='ocr_par' dir='ltr' id='par_1_74' title="bbox 2373 1675 3932 1743">
     <span class='ocr_line' id='line_1_74' title="bbox 2373 1675 3932 1743; baseline -0.004 -12"><span class='ocrx_word' id='word_1_524' title='bbox 2373 1678 2541 1731; x_wconf 86' lang='lat' dir='ltr'><strong>cidat.</strong></span> <span class='ocrx_word' id='word_1_525' title='bbox 2593 1678 2903 1743; x_wconf 69' lang='lat' dir='ltr'><strong>Postremo,</strong></span> <span class='ocrx_word' id='word_1_526' title='bbox 2929 1694 3046 1729; x_wconf 87' lang='lat' dir='ltr'><strong>cum</strong></span> <span class='ocrx_word' id='word_1_527' title='bbox 3080 1676 3263 1743; x_wconf 88' lang='lat' dir='ltr'><strong>incipit</strong></span> <span class='ocrx_word' id='word_1_528' title='bbox 3304 1692 3489 1728; x_wconf 80' lang='lat' dir='ltr'><strong>rursus</strong></span> <span class='ocrx_word' id='word_1_529' title='bbox 3519 1676 3594 1728; x_wconf 85' lang='lat' dir='ltr'><strong>sol</strong></span> <span class='ocrx_word' id='word_1_530' title='bbox 3627 1675 3932 1742; x_wconf 86' lang='lat' dir='ltr'><strong>quindecim</strong></span> 
     </span>
    </p>
   </div>
   <div class='ocr_carea' id='block_1_75' title="bbox 2373 1764 3938 1835">
    <p class='ocr_par' dir='ltr' id='par_1_75' title="bbox 2373 1764 3938 1835">
     <span class='ocr_line' id='line_1_75' title="bbox 2373 1764 3938 1835; baseline -0.003 -16"><span class='ocrx_word' id='word_1_531' title='bbox 2373 1769 2569 1835; x_wconf 77' lang='lat' dir='ltr'><strong>gradus</strong></span> <span class='ocrx_word' id='word_1_532' title='bbox 2606 1769 2860 1821; x_wconf 74' lang='lat' dir='ltr'><strong>accedi-re</strong></span> <span class='ocrx_word' id='word_1_533' title='bbox 2907 1768 2971 1819; x_wconf 83' lang='lat' dir='ltr'><strong>ad</strong></span> <span class='ocrx_word' id='word_1_534' title='bbox 3014 1769 3403 1834; x_wconf 80' lang='lat' dir='ltr'><strong>oppositionem</strong></span> <span class='ocrx_word' id='word_1_535' title='bbox 3458 1766 3762 1832; x_wconf 77' lang='lat' dir='ltr'><strong>proximos,</strong></span> <span class='ocrx_word' id='word_1_536' title='bbox 3815 1764 3938 1831; x_wconf 83' lang='lat' dir='ltr'><strong>quit</strong></span> 
     </span>
    </p>
   </div>
   <div class='ocr_carea' id='block_1_76' title="bbox 2300 1845 3937 1923">
    <p class='ocr_par' dir='ltr' id='par_1_76' title="bbox 2300 1845 3937 1923">
     <span class='ocr_line' id='line_1_76' title="bbox 2300 1845 3937 1923; baseline 0.002 -18"><span class='ocrx_word' id='word_1_537' title='bbox 2300 1845 2348 1905; x_wconf 76' lang='grc' dir='ltr'>Ε</span> <span class='ocrx_word' id='word_1_538' title='bbox 2379 1867 2497 1910; x_wconf 91' lang='lat' dir='ltr'><strong>tunc</strong></span> <span class='ocrx_word' id='word_1_539' title='bbox 2525 1860 2729 1911; x_wconf 83' lang='lat' dir='ltr'><strong>oriente</strong></span> <span class='ocrx_word' id='word_1_540' title='bbox 2751 1874 2790 1910; x_wconf 68' lang='lat' dir='ltr'><strong>si</strong></span> <span class='ocrx_word' id='word_1_541' title='bbox 2815 1858 2861 1910; x_wconf 91' lang='lat' dir='ltr'><strong>le</strong></span> <span class='ocrx_word' id='word_1_542' title='bbox 2895 1858 2942 1910; x_wconf 92' lang='lat' dir='ltr'><strong>id</strong></span> <span class='ocrx_word' id='word_1_543' title='bbox 2967 1869 3165 1909; x_wconf 77' lang='lat' dir='ltr'><strong>astrum</strong></span> <span class='ocrx_word' id='word_1_544' title='bbox 3200 1868 3524 1923; x_wconf 88' lang='lat' dir='ltr'><strong>postremum</strong></span> <span class='ocrx_word' id='word_1_545' title='bbox 3559 1856 3765 1907; x_wconf 89' lang='lat' dir='ltr'><strong>videtur</strong></span> <span class='ocrx_word' id='word_1_546' title='bbox 3792 1856 3937 1909; x_wconf 85' lang='lat' dir='ltr'><strong>occi-</strong></span> 
     </span>
    </p>
   </div>
   <div class='ocr_carea' id='block_1_77' title="bbox 2377 1946 3939 2015">
    <p class='ocr_par' dir='ltr' id='par_1_77' title="bbox 2377 1946 3939 2015">
     <span class='ocr_line' id='line_1_77' title="bbox 2377 1946 3939 2015; baseline -0.004 -11"><span class='ocrx_word' id='word_1_547' title='bbox 2377 1954 2522 2015; x_wconf 79' lang='lat' dir='ltr'><strong>tle&#39;re,</strong></span> <span class='ocrx_word' id='word_1_548' title='bbox 2557 1952 2752 2004; x_wconf 72' lang='lat' dir='ltr'><strong>dicitur</strong></span> <span class='ocrx_word' id='word_1_549' title='bbox 2778 1965 2998 2003; x_wconf 86' lang='lat' dir='ltr'><strong>occasus</strong></span> <span class='ocrx_word' id='word_1_550' title='bbox 3044 1950 3355 2005; x_wconf 85' lang='lat' dir='ltr'><strong>matutinos.</strong></span> <span class='ocrx_word' id='word_1_551' title='bbox 3402 1950 3456 2000; x_wconf 90' lang='lat' dir='ltr'><strong>lu</strong></span> <span class='ocrx_word' id='word_1_552' title='bbox 3488 1949 3687 2001; x_wconf 76' lang='lat' dir='ltr'><strong>Venere</strong></span> <span class='ocrx_word' id='word_1_553' title='bbox 3716 1957 3770 1999; x_wconf 86' lang='lat' dir='ltr'><strong>et</strong></span> <span class='ocrx_word' id='word_1_554' title='bbox 3801 1946 3939 2000; x_wconf 61' lang='lat' dir='ltr'><strong>Mer.</strong></span> 
     </span>
    </p>
   </div>
   <div class='ocr_carea' id='block_1_78' title="bbox 2376 2042 3939 2107">
    <p class='ocr_par' dir='ltr' id='par_1_78' title="bbox 2376 2042 3939 2107">
     <span class='ocr_line' id='line_1_78' title="bbox 2376 2042 3939 2107; baseline -0.008 -8"><span class='ocrx_word' id='word_1_555' title='bbox 2376 2046 2525 2099; x_wconf 75' lang='lat' dir='ltr'><strong>CIH&#39;iO</strong></span> <span class='ocrx_word' id='word_1_556' title='bbox 2553 2044 2748 2095; x_wconf 84' lang='lat' dir='ltr'><strong>reetins</strong></span> <span class='ocrx_word' id='word_1_557' title='bbox 2769 2042 2887 2106; x_wconf 88' lang='lat' dir='ltr'><strong>quis</strong></span> <span class='ocrx_word' id='word_1_558' title='bbox 2910 2044 3057 2093; x_wconf 73' lang='lat' dir='ltr'><strong>ortus</strong></span> <span class='ocrx_word' id='word_1_559' title='bbox 3088 2042 3421 2107; x_wconf 82' lang='lat' dir='ltr'><strong>veSpertinos</strong></span> <span class='ocrx_word' id='word_1_560' title='bbox 3449 2048 3500 2090; x_wconf 88' lang='lat' dir='ltr'><strong>et</strong></span> <span class='ocrx_word' id='word_1_561' title='bbox 3523 2053 3742 2090; x_wconf 83' lang='lat' dir='ltr'><strong>occasus</strong></span> <span class='ocrx_word' id='word_1_562' title='bbox 3770 2048 3939 2089; x_wconf 86' lang='lat' dir='ltr'><strong>matu-</strong></span> 
     </span>
    </p>
   </div>
   <div class='ocr_carea' id='block_1_79' title="bbox 2376 2128 3942 2195">
    <p class='ocr_par' dir='ltr' id='par_1_79' title="bbox 2376 2128 3942 2195">
     <span class='ocr_line' id='line_1_79' title="bbox 2376 2128 3942 2195; baseline -0.007 -6"><span class='ocrx_word' id='word_1_563' title='bbox 2376 2137 2520 2189; x_wconf 84' lang='lat' dir='ltr'><strong>tinos</strong></span> <span class='ocrx_word' id='word_1_564' title='bbox 2567 2133 2833 2187; x_wconf 80' lang='lat' dir='ltr'><strong>vocaverit.</strong></span> <span class='ocrx_word' id='word_1_565' title='bbox 2875 2133 3201 2185; x_wconf 77' lang='lat' dir='ltr'><strong>emersioncs</strong></span> <span class='ocrx_word' id='word_1_566' title='bbox 3257 2141 3310 2185; x_wconf 80' lang='lat' dir='ltr'><strong>et</strong></span> <span class='ocrx_word' id='word_1_567' title='bbox 3360 2130 3777 2183; x_wconf 87' lang='lat' dir='ltr'><strong>occultationes:</strong></span> <span class='ocrx_word' id='word_1_568' title='bbox 3818 2128 3942 2195; x_wconf 78' lang='lat' dir='ltr'><strong>quia</strong></span> 
     </span>
    </p>
   </div>
   <div class='ocr_carea' id='block_1_80' title="bbox 2376 2222 3944 2293">
    <p class='ocr_par' dir='ltr' id='par_1_80' title="bbox 2376 2222 3944 2293">
     <span class='ocr_line' id='line_1_80' title="bbox 2376 2222 3944 2293; baseline -0.008 -12"><span class='ocrx_word' id='word_1_569' title='bbox 2376 2242 2592 2293; x_wconf 85' lang='lat' dir='ltr'><strong>semper</strong></span> <span class='ocrx_word' id='word_1_570' title='bbox 2623 2236 3013 2293; x_wconf 85' lang='lat' dir='ltr'><strong>prosequuntur</strong></span> <span class='ocrx_word' id='word_1_571' title='bbox 3039 2225 3139 2278; x_wconf 81' lang='lat' dir='ltr'><strong>ista</strong></span> <span class='ocrx_word' id='word_1_572' title='bbox 3168 2224 3275 2275; x_wconf 90' lang='lat' dir='ltr'><strong>duo</strong></span> <span class='ocrx_word' id='word_1_573' title='bbox 3318 2224 3483 2276; x_wconf 89' lang='lat' dir='ltr'><strong>solem</strong></span> <span class='ocrx_word' id='word_1_574' title='bbox 3510 2262 3523 2285; x_wconf 88' lang='lat'><strong>,</strong></span> <span class='ocrx_word' id='word_1_575' title='bbox 3574 2232 3627 2275; x_wconf 87' lang='lat' dir='ltr'><strong>et</strong></span> <span class='ocrx_word' id='word_1_576' title='bbox 3661 2223 3734 2274; x_wconf 94' lang='lat' dir='ltr'><strong>illi</strong></span> <span class='ocrx_word' id='word_1_577' title='bbox 3763 2222 3944 2272; x_wconf 70' lang='lat' dir='ltr'><strong>adlue-</strong></span> 
     </span>
    </p>
   </div>
   <div class='ocr_carea' id='block_1_81' title="bbox 2377 2312 3944 2385">
    <p class='ocr_par' dir='ltr' id='par_1_81' title="bbox 2377 2312 3944 2385">
     <span class='ocr_line' id='line_1_81' title="bbox 2377 2312 3944 2385; baseline -0.004 -16"><span class='ocrx_word' id='word_1_578' title='bbox 2377 2328 2525 2381; x_wconf 89' lang='lat' dir='ltr'><strong>rcnt;</strong></span> <span class='ocrx_word' id='word_1_579' title='bbox 2558 2318 2647 2370; x_wconf 88' lang='lat' dir='ltr'><strong>sel</strong></span> <span class='ocrx_word' id='word_1_580' title='bbox 2675 2318 2886 2385; x_wconf 88' lang='lat' dir='ltr'><strong>quando</strong></span> <span class='ocrx_word' id='word_1_581' title='bbox 2910 2332 3063 2369; x_wconf 87' lang='lat' dir='ltr'><strong>mane</strong></span> <span class='ocrx_word' id='word_1_582' title='bbox 3094 2316 3354 2381; x_wconf 87' lang='lat' dir='ltr'><strong>incipiunt</strong></span> <span class='ocrx_word' id='word_1_583' title='bbox 3394 2329 3665 2380; x_wconf 81' lang='lat' dir='ltr'><strong>emergere</strong></span> <span class='ocrx_word' id='word_1_584' title='bbox 3692 2330 3756 2366; x_wconf 76' lang='lat' dir='ltr'><strong>ex</strong></span> <span class='ocrx_word' id='word_1_585' title='bbox 3780 2312 3944 2366; x_wconf 68' lang='lat' dir='ltr'><strong>radii!</strong></span> 
     </span>
    </p>
   </div>
   <div class='ocr_carea' id='block_1_82' title="bbox 2376 2405 3943 2475">
    <p class='ocr_par' dir='ltr' id='par_1_82' title="bbox 2376 2405 3943 2475">
     <span class='ocr_line' id='line_1_82' title="bbox 2376 2405 3943 2475; baseline -0.003 -14"><span class='ocrx_word' id='word_1_586' title='bbox 2376 2418 2428 2461; x_wconf 91' lang='lat' dir='ltr'><strong>et</strong></span> <span class='ocrx_word' id='word_1_587' title='bbox 2457 2416 2749 2475; x_wconf 83' lang='lat' dir='ltr'><strong>apparere,</strong></span> <span class='ocrx_word' id='word_1_588' title='bbox 2782 2406 3028 2461; x_wconf 86' lang='lat' dir='ltr'><strong>t&#39;icuutur</strong></span> <span class='ocrx_word' id='word_1_589' title='bbox 3070 2407 3198 2460; x_wconf 70' lang='lat' dir='ltr'><strong>orLri</strong></span> <span class='ocrx_word' id='word_1_590' title='bbox 3248 2416 3366 2460; x_wconf 89' lang='lat' dir='ltr'><strong>ortu</strong></span> <span class='ocrx_word' id='word_1_591' title='bbox 3417 2405 3715 2459; x_wconf 79' lang='lat' dir='ltr'><strong>matutino:</strong></span> <span class='ocrx_word' id='word_1_592' title='bbox 3762 2420 3943 2458; x_wconf 84' lang='lat' dir='ltr'><strong>rursm</strong></span> 
     </span>
    </p>
   </div>
   <div class='ocr_carea' id='block_1_83' title="bbox 2376 2496 3943 2565">
    <p class='ocr_par' dir='ltr' id='par_1_83' title="bbox 2376 2496 3943 2565">
     <span class='ocr_line' id='line_1_83' title="bbox 2376 2496 3943 2565; baseline -0.001 -16"><span class='ocrx_word' id='word_1_593' title='bbox 2376 2499 2585 2565; x_wconf 89' lang='lat' dir='ltr'><strong>quando</strong></span> <span class='ocrx_word' id='word_1_594' title='bbox 2604 2498 2827 2550; x_wconf 82' lang='lat' dir='ltr'><strong>redeunt</strong></span> <span class='ocrx_word' id='word_1_595' title='bbox 2848 2505 3004 2550; x_wconf 84' lang='lat' dir='ltr'><strong>inane</strong></span> <span class='ocrx_word' id='word_1_596' title='bbox 3018 2497 3080 2549; x_wconf 87' lang='lat' dir='ltr'><strong>ad</strong></span> <span class='ocrx_word' id='word_1_597' title='bbox 3098 2498 3286 2561; x_wconf 90' lang='lat' dir='ltr'><strong>solem,</strong></span> <span class='ocrx_word' id='word_1_598' title='bbox 3305 2506 3359 2550; x_wconf 84' lang='lat' dir='ltr'><strong>et</strong></span> <span class='ocrx_word' id='word_1_599' title='bbox 3378 2513 3470 2564; x_wconf 86' lang='lat' dir='ltr'><strong>par</strong></span> <span class='ocrx_word' id='word_1_600' title='bbox 3504 2498 3845 2553; x_wconf 82' lang='lat' dir='ltr'><strong>ntoccullari.</strong></span> <span class='ocrx_word' id='word_1_601' title='bbox 3862 2496 3943 2547; x_wconf 87' lang='lat' dir='ltr'><strong>di-</strong></span> 
     </span>
    </p>
   </div>
   <div class='ocr_carea' id='block_1_84' title="bbox 2376 2587 3942 2655">
    <p class='ocr_par' dir='ltr' id='par_1_84' title="bbox 2376 2587 3942 2655">
     <span class='ocr_line' id='line_1_84' title="bbox 2376 2587 3942 2655; baseline 0.001 -13"><span class='ocrx_word' id='word_1_602' title='bbox 2376 2601 2567 2642; x_wconf 88' lang='lat' dir='ltr'><strong>cuntur</strong></span> <span class='ocrx_word' id='word_1_603' title='bbox 2586 2588 2829 2641; x_wconf 87' lang='lat' dir='ltr'><strong>occidere</strong></span> <span class='ocrx_word' id='word_1_604' title='bbox 2850 2604 3041 2640; x_wconf 87' lang='lat' dir='ltr'><strong>occasu</strong></span> <span class='ocrx_word' id='word_1_605' title='bbox 3063 2590 3356 2641; x_wconf 88' lang='lat' dir='ltr'><strong>matutino:</strong></span> <span class='ocrx_word' id='word_1_606' title='bbox 3387 2587 3629 2642; x_wconf 88' lang='lat' dir='ltr'><strong>similiter</strong></span> <span class='ocrx_word' id='word_1_607' title='bbox 3654 2598 3707 2641; x_wconf 90' lang='lat' dir='ltr'><strong>et</strong></span> <span class='ocrx_word' id='word_1_608' title='bbox 3726 2604 3942 2655; x_wconf 69' lang='lat' dir='ltr'><strong>vespere</strong></span> 
     </span>
    </p>
   </div>
   <div class='ocr_carea' id='block_1_85' title="bbox 2378 2679 3941 2745">
    <p class='ocr_par' dir='ltr' id='par_1_85' title="bbox 2378 2679 3941 2745">
     <span class='ocr_line' id='line_1_85' title="bbox 2378 2679 3941 2745; baseline 0 -14"><span class='ocrx_word' id='word_1_609' title='bbox 2378 2681 2730 2745; x_wconf 78' lang='lat' dir='ltr'><strong>emergentia,</strong></span> <span class='ocrx_word' id='word_1_610' title='bbox 2788 2679 2913 2731; x_wconf 91' lang='lat' dir='ltr'><strong>oriri</strong></span> <span class='ocrx_word' id='word_1_611' title='bbox 2946 2689 2999 2733; x_wconf 89' lang='lat' dir='ltr'><strong>et</strong></span> <span class='ocrx_word' id='word_1_612' title='bbox 3043 2679 3315 2732; x_wconf 77' lang='lat' dir='ltr'><strong>redeuntia</strong></span> <span class='ocrx_word' id='word_1_613' title='bbox 3348 2680 3447 2731; x_wconf 89' lang='lat' dir='ltr'><strong>sub</strong></span> <span class='ocrx_word' id='word_1_614' title='bbox 3476 2681 3655 2732; x_wconf 88' lang='lat' dir='ltr'><strong>radios</strong></span> <span class='ocrx_word' id='word_1_615' title='bbox 3696 2680 3941 2732; x_wconf 78' lang='lat' dir='ltr'><strong>occidere</strong></span> 
     </span>
    </p>
   </div>
   <div class='ocr_carea' id='block_1_86' title="bbox 2378 2768 3941 2838">
    <p class='ocr_par' dir='ltr' id='par_1_86' title="bbox 2378 2768 3941 2838">
     <span class='ocr_line' id='line_1_86' title="bbox 2378 2768 3941 2838; baseline 0.001 -17"><span class='ocrx_word' id='word_1_616' title='bbox 2378 2772 2661 2824; x_wconf 72' lang='lat' dir='ltr'><strong>dicuntur:</strong></span> <span class='ocrx_word' id='word_1_617' title='bbox 2691 2782 2743 2823; x_wconf 88' lang='lat' dir='ltr'><strong>et</strong></span> <span class='ocrx_word' id='word_1_618' title='bbox 2775 2772 2872 2823; x_wconf 91' lang='lat' dir='ltr'><strong>hoc</strong></span> <span class='ocrx_word' id='word_1_619' title='bbox 2902 2779 2982 2823; x_wconf 90' lang='lat' dir='ltr'><strong>est</strong></span> <span class='ocrx_word' id='word_1_620' title='bbox 3017 2772 3155 2838; x_wconf 90' lang='lat' dir='ltr'><strong>quod</strong></span> <span class='ocrx_word' id='word_1_621' title='bbox 3188 2770 3272 2823; x_wconf 91' lang='lat' dir='ltr'><strong>hic</strong></span> <span class='ocrx_word' id='word_1_622' title='bbox 3294 2770 3421 2823; x_wconf 87' lang='lat' dir='ltr'><strong>dicit</strong></span> <span class='ocrx_word' id='word_1_623' title='bbox 3447 2770 3659 2822; x_wconf 87' lang='lat' dir='ltr'><strong>Boetius</strong></span> <span class='ocrx_word' id='word_1_624' title='bbox 3687 2772 3812 2822; x_wconf 89' lang='lat' dir='ltr'><strong>oriri</strong></span> <span class='ocrx_word' id='word_1_625' title='bbox 3841 2768 3941 2822; x_wconf 82' lang='lat' dir='ltr'><strong>Ve-</strong></span> 
     </span>
    </p>
   </div>
   <div class='ocr_carea' id='block_1_87' title="bbox 2380 2858 3941 2929">
    <p class='ocr_par' dir='ltr' id='par_1_87' title="bbox 2380 2858 3941 2929">
     <span class='ocr_line' id='line_1_87' title="bbox 2380 2858 3941 2929; baseline -0.001 -15"><span class='ocrx_word' id='word_1_626' title='bbox 2380 2878 2562 2915; x_wconf 85' lang='lat' dir='ltr'><strong>nerem</strong></span> <span class='ocrx_word' id='word_1_627' title='bbox 2609 2858 2813 2929; x_wconf 65' lang='lat' dir='ltr'><strong>vesperi</strong></span> <span class='ocrx_word' id='word_1_628' title='bbox 2840 2902 2853 2924; x_wconf 94' lang='lat'><strong>,</strong></span> <span class='ocrx_word' id='word_1_629' title='bbox 2897 2863 2945 2913; x_wconf 93' lang='lat' dir='ltr'><strong>id</strong></span> <span class='ocrx_word' id='word_1_630' title='bbox 2975 2870 3056 2914; x_wconf 88' lang='lat' dir='ltr'><strong>est</strong></span> <span class='ocrx_word' id='word_1_631' title='bbox 3104 2861 3334 2928; x_wconf 81' lang='lat' dir='ltr'><strong>incipere</strong></span> <span class='ocrx_word' id='word_1_632' title='bbox 3374 2875 3631 2928; x_wconf 84' lang='lat' dir='ltr'><strong>apparere</strong></span> <span class='ocrx_word' id='word_1_633' title='bbox 3664 2872 3779 2928; x_wconf 89' lang='lat' dir='ltr'><strong>post</strong></span> <span class='ocrx_word' id='word_1_634' title='bbox 3806 2862 3941 2913; x_wconf 78' lang='lat' dir='ltr'><strong>occi-</strong></span> 
     </span>
    </p>
   </div>
   <div class='ocr_carea' id='block_1_88' title="bbox 2378 2953 3941 3021">
    <p class='ocr_par' dir='ltr' id='par_1_88' title="bbox 2378 2953 3941 3021">
     <span class='ocr_line' id='line_1_88' title="bbox 2378 2953 3941 3021; baseline -0.001 -16"><span class='ocrx_word' id='word_1_635' title='bbox 2378 2954 2590 3005; x_wconf 88' lang='lat' dir='ltr'><strong>dentem</strong></span> <span class='ocrx_word' id='word_1_636' title='bbox 2615 2954 2802 3016; x_wconf 86' lang='lat' dir='ltr'><strong>solem,</strong></span> <span class='ocrx_word' id='word_1_637' title='bbox 2836 2968 2992 3019; x_wconf 90' lang='lat' dir='ltr'><strong>quam</strong></span> <span class='ocrx_word' id='word_1_638' title='bbox 3022 2953 3425 3021; x_wconf 80' lang='lat' dir='ltr'><strong>cxp’icationem</strong></span> <span class='ocrx_word' id='word_1_639' title='bbox 3457 2953 3759 3015; x_wconf 60' lang='lat' dir='ltr'><strong>diligentius</strong></span> <span class='ocrx_word' id='word_1_640' title='bbox 3794 2963 3941 3005; x_wconf 83' lang='lat' dir='ltr'><strong>nota-</strong></span> 
     </span>
    </p>
   </div>
   <div class='ocr_carea' id='block_1_89' title="bbox 2380 3044 3939 3113">
    <p class='ocr_par' dir='ltr' id='par_1_89' title="bbox 2380 3044 3939 3113">
     <span class='ocr_line' id='line_1_89' title="bbox 2380 3044 3939 3113; baseline -0.001 -16"><span class='ocrx_word' id='word_1_641' title='bbox 2380 3056 2452 3109; x_wconf 88' lang='lat' dir='ltr'><strong>to,</strong></span> <span class='ocrx_word' id='word_1_642' title='bbox 2484 3045 2729 3113; x_wconf 90' lang='lat' dir='ltr'><strong>quoniam</strong></span> <span class='ocrx_word' id='word_1_643' title='bbox 2762 3046 2946 3097; x_wconf 76' lang='lat' dir='ltr'><strong>crebra</strong></span> <span class='ocrx_word' id='word_1_644' title='bbox 2989 3044 3144 3111; x_wconf 87' lang='lat' dir='ltr'><strong>hujus</strong></span> <span class='ocrx_word' id='word_1_645' title='bbox 3172 3046 3247 3098; x_wconf 88' lang='lat' dir='ltr'><strong>rei</strong></span> <span class='ocrx_word' id='word_1_646' title='bbox 3279 3048 3477 3097; x_wconf 89' lang='lat' dir='ltr'><strong>mentio</strong></span> <span class='ocrx_word' id='word_1_647' title='bbox 3506 3046 3643 3112; x_wconf 91' lang='lat' dir='ltr'><strong>apud</strong></span> <span class='ocrx_word' id='word_1_648' title='bbox 3676 3045 3939 3098; x_wconf 81' lang='lat' dir='ltr'><strong>litteratos</strong></span> 
     </span>
    </p>
   </div>
   <div class='ocr_carea' id='block_1_90' title="bbox 2378 3137 3698 3202">
    <p class='ocr_par' dir='ltr' id='par_1_90' title="bbox 2378 3137 3698 3202">
     <span class='ocr_line' id='line_1_90' title="bbox 2378 3137 3698 3202; baseline -0.003 -12"><span class='ocrx_word' id='word_1_649' title='bbox 2378 3146 2481 3201; x_wconf 84' lang='lat' dir='ltr'><strong>est,</strong></span> <span class='ocrx_word' id='word_1_650' title='bbox 2512 3149 2561 3189; x_wconf 91' lang='lat' dir='ltr'><strong>et</strong></span> <span class='ocrx_word' id='word_1_651' title='bbox 2597 3152 2717 3189; x_wconf 89' lang='lat' dir='ltr'><strong>raro</strong></span> <span class='ocrx_word' id='word_1_652' title='bbox 2746 3137 2872 3189; x_wconf 86' lang='lat' dir='ltr'><strong>satis</strong></span> <span class='ocrx_word' id='word_1_653' title='bbox 2894 3147 3079 3189; x_wconf 68' lang='lat' dir='ltr'><strong>exacte</strong></span> <span class='ocrx_word' id='word_1_654' title='bbox 3104 3137 3382 3202; x_wconf 76' lang='lat' dir='ltr'><strong>explicata.</strong></span> <span class='ocrx_word' id='word_1_655' title='bbox 3410 3138 3698 3190; x_wconf 56' lang='lat' dir='ltr'><strong>Acmen”.</strong></span> 
     </span>
    </p>
   </div>
   <div class='ocr_carea' id='block_1_91' title="bbox 2455 3225 3938 3298">
    <p class='ocr_par' dir='ltr' id='par_1_91' title="bbox 2455 3225 3938 3298">
     <span class='ocr_line' id='line_1_91' title="bbox 2455 3225 3938 3298; baseline -0.001 -19"><span class='ocrx_word' id='word_1_656' title='bbox 2455 3227 2696 3280; x_wconf 68' lang='lat' dir='ltr'><strong>Hebenus</strong></span> <span class='ocrx_word' id='word_1_657' title='bbox 2723 3227 2740 3298; x_wconf 96' lang='lat'><strong>]</strong></span> <span class='ocrx_word' id='word_1_658' title='bbox 2790 3228 3016 3279; x_wconf 74' lang='lat' dir='ltr'><strong>Ilahcnm</strong></span> <span class='ocrx_word' id='word_1_659' title='bbox 3039 3228 3105 3279; x_wconf 92' lang='lat' dir='ltr'><strong>ab</strong></span> <span class='ocrx_word' id='word_1_660' title='bbox 3138 3228 3406 3291; x_wconf 74' lang='lat' dir='ltr'><strong>habendo,</strong></span> <span class='ocrx_word' id='word_1_661' title='bbox 3439 3228 3488 3279; x_wconf 90' lang='lat' dir='ltr'><strong>id</strong></span> <span class='ocrx_word' id='word_1_662' title='bbox 3514 3237 3595 3281; x_wconf 83' lang='lat' dir='ltr'><strong>est</strong></span> <span class='ocrx_word' id='word_1_663' title='bbox 3639 3225 3938 3286; x_wconf 83' lang='lat' dir='ltr'><strong>retinendo.</strong></span> 
     </span>
    </p>
   </div>
   <div class='ocr_carea' id='block_1_92' title="bbox 2378 3319 3938 3386">
    <p class='ocr_par' dir='ltr' id='par_1_92' title="bbox 2378 3319 3938 3386">
     <span class='ocr_line' id='line_1_92' title="bbox 2378 3319 3938 3386; baseline 0.001 -15"><span class='ocrx_word' id='word_1_664' title='bbox 2378 3320 2657 3383; x_wconf 83' lang='lat' dir='ltr'><strong>dicuntur,</strong></span> <span class='ocrx_word' id='word_1_665' title='bbox 2693 3319 2812 3386; x_wconf 91' lang='lat' dir='ltr'><strong>quia</strong></span> <span class='ocrx_word' id='word_1_666' title='bbox 2843 3319 2964 3385; x_wconf 89' lang='lat' dir='ltr'><strong>equi</strong></span> <span class='ocrx_word' id='word_1_667' title='bbox 2997 3320 3100 3371; x_wconf 88' lang='lat' dir='ltr'><strong>illis</strong></span> <span class='ocrx_word' id='word_1_668' title='bbox 3131 3320 3481 3371; x_wconf 80' lang='lat' dir='ltr'><strong>cohibeantur</strong></span> <span class='ocrx_word' id='word_1_669' title='bbox 3521 3329 3576 3373; x_wconf 85' lang='lat' dir='ltr'><strong>et</strong></span> <span class='ocrx_word' id='word_1_670' title='bbox 3622 3328 3938 3373; x_wconf 85' lang='lat' dir='ltr'><strong>teneantur:</strong></span> 
     </span>
    </p>
   </div>
   <div class='ocr_carea' id='block_1_93' title="bbox 2380 3410 3925 3480">
    <p class='ocr_par' dir='ltr' id='par_1_93' title="bbox 2380 3410 3925 3480">
     <span class='ocr_line' id='line_1_93' title="bbox 2380 3410 3925 3480; baseline 0.001 -18"><span class='ocrx_word' id='word_1_671' title='bbox 2380 3410 2464 3463; x_wconf 89' lang='lat' dir='ltr'><strong>hic</strong></span> <span class='ocrx_word' id='word_1_672' title='bbox 2495 3412 2713 3478; x_wconf 87' lang='lat' dir='ltr'><strong>lignratc</strong></span> <span class='ocrx_word' id='word_1_673' title='bbox 2739 3426 2831 3475; x_wconf 90' lang='lat' dir='ltr'><strong>pro</strong></span> <span class='ocrx_word' id='word_1_674' title='bbox 2859 3410 3045 3462; x_wconf 78' lang='lat' dir='ltr'><strong>ordine</strong></span> <span class='ocrx_word' id='word_1_675' title='bbox 3073 3418 3163 3461; x_wconf 88' lang='lat' dir='ltr'><strong>aut</strong></span> <span class='ocrx_word' id='word_1_676' title='bbox 3200 3426 3357 3463; x_wconf 91' lang='lat' dir='ltr'><strong>cursu</strong></span> <span class='ocrx_word' id='word_1_677' title='bbox 3388 3413 3619 3480; x_wconf 84' lang='lat' dir='ltr'><strong>ponitur.</strong></span> <span class='ocrx_word' id='word_1_678' title='bbox 3642 3416 3925 3467; x_wconf 70' lang='lat' dir='ltr'><strong>Acmcou.</strong></span> 
     </span>
    </p>
   </div>
   <div class='ocr_carea' id='block_1_94' title="bbox 2448 3498 3929 3569">
    <p class='ocr_par' dir='ltr' id='par_1_94' title="bbox 2448 3498 3929 3569">
     <span class='ocr_line' id='line_1_94' title="bbox 2448 3498 3929 3569; baseline 0.001 -17"><span class='ocrx_word' id='word_1_679' title='bbox 2448 3498 2818 3569; x_wconf 77' lang='lat' dir='ltr'><strong>Frondi/Ium]</strong></span> <span class='ocrx_word' id='word_1_680' title='bbox 2870 3501 3002 3566; x_wconf 85' lang='lat' dir='ltr'><strong>Quia</strong></span> <span class='ocrx_word' id='word_1_681' title='bbox 3053 3498 3269 3554; x_wconf 79' lang='lat' dir='ltr'><strong>frondes</strong></span> <span class='ocrx_word' id='word_1_682' title='bbox 3304 3502 3371 3553; x_wconf 88' lang='lat' dir='ltr'><strong>ab</strong></span> <span class='ocrx_word' id='word_1_683' title='bbox 3419 3500 3697 3555; x_wconf 74' lang='lat' dir='ltr'><strong>arboribus</strong></span> <span class='ocrx_word' id='word_1_684' title='bbox 3744 3502 3929 3554; x_wconf 80' lang='lat' dir='ltr'><strong>ﬂuant.</strong></span> 
     </span>
    </p>
   </div>
   <div class='ocr_carea' id='block_1_95' title="bbox 2378 3594 2667 3647">
    <p class='ocr_par' dir='ltr' id='par_1_95' title="bbox 2378 3594 2667 3647">
     <span class='ocr_line' id='line_1_95' title="bbox 2378 3594 2667 3647; baseline -0.014 0"><span class='ocrx_word' id='word_1_685' title='bbox 2378 3594 2667 3647; x_wconf 65' lang='lat' dir='ltr'><strong>Acraeam.</strong></span> 
     </span>
    </p>
   </div>
   <div class='ocr_carea' id='block_1_96' title="bbox 2448 3681 3933 3752">
    <p class='ocr_par' dir='ltr' id='par_1_96' title="bbox 2448 3681 3933 3752">
     <span class='ocr_line' id='line_1_96' title="bbox 2448 3681 3933 3752; baseline 0.001 -16"><span class='ocrx_word' id='word_1_686' title='bbox 2448 3684 2651 3736; x_wconf 77' lang='lat' dir='ltr'><strong>Bruma:</strong></span> <span class='ocrx_word' id='word_1_687' title='bbox 2682 3681 2700 3752; x_wconf 88' lang='lat'><strong>]</strong></span> <span class='ocrx_word' id='word_1_688' title='bbox 2734 3684 2921 3735; x_wconf 79' lang='lat' dir='ltr'><strong>Bruma</strong></span> <span class='ocrx_word' id='word_1_689' title='bbox 2961 3697 2989 3735; x_wconf 92' lang='lat' dir='ltr'><strong>a</strong></span> <span class='ocrx_word' id='word_1_690' title='bbox 3020 3683 3277 3736; x_wconf 65' lang='lat' dir='ltr'><strong>brevitate</strong></span> <span class='ocrx_word' id='word_1_691' title='bbox 3304 3684 3436 3737; x_wconf 86' lang='lat' dir='ltr'><strong>dicta</strong></span> <span class='ocrx_word' id='word_1_692' title='bbox 3462 3694 3562 3742; x_wconf 71' lang='lat' dir='ltr'><strong>est.</strong></span> <span class='ocrx_word' id='word_1_693' title='bbox 3595 3685 3847 3752; x_wconf 83' lang='lat' dir='ltr'><strong>quoniam</strong></span> <span class='ocrx_word' id='word_1_694' title='bbox 3874 3700 3933 3737; x_wconf 85' lang='lat' dir='ltr'><strong>ea</strong></span> 
     </span>
    </p>
   </div>
   <div class='ocr_carea' id='block_1_97' title="bbox 2378 3775 3942 3845">
    <p class='ocr_par' dir='ltr' id='par_1_97' title="bbox 2378 3775 3942 3845">
     <span class='ocr_line' id='line_1_97' title="bbox 2378 3775 3942 3845; baseline 0.001 -18"><span class='ocrx_word' id='word_1_695' title='bbox 2378 3777 2540 3827; x_wconf 90' lang='lat' dir='ltr'><strong>totius</strong></span> <span class='ocrx_word' id='word_1_696' title='bbox 2569 3775 2689 3825; x_wconf 91' lang='lat' dir='ltr'><strong>anni</strong></span> <span class='ocrx_word' id='word_1_697' title='bbox 2720 3775 3027 3825; x_wconf 61' lang='lat' dir='ltr'><strong>brevissima</strong></span> <span class='ocrx_word' id='word_1_698' title='bbox 3059 3775 3124 3826; x_wconf 86' lang='lat' dir='ltr'><strong>sit</strong></span> <span class='ocrx_word' id='word_1_699' title='bbox 3151 3818 3162 3835; x_wconf 81' lang='grc'>,</span> <span class='ocrx_word' id='word_1_700' title='bbox 3211 3776 3346 3827; x_wconf 52' lang='lat' dir='ltr'><strong>sicut</strong></span> <span class='ocrx_word' id='word_1_701' title='bbox 3377 3777 3660 3829; x_wconf 62' lang='lat' dir='ltr'><strong>solstitium</strong></span> <span class='ocrx_word' id='word_1_702' title='bbox 3693 3777 3942 3845; x_wconf 85' lang='lat' dir='ltr'><strong>longissi-</strong></span> 
     </span>
    </p>
   </div>
   <div class='ocr_carea' id='block_1_98' title="bbox 2378 3864 3541 3926">
    <p class='ocr_par' dir='ltr' id='par_1_98' title="bbox 2378 3864 3541 3926">
     <span class='ocr_line' id='line_1_98' title="bbox 2378 3864 3541 3926; baseline 0.001 -8"><span class='ocrx_word' id='word_1_703' title='bbox 2378 3881 2459 3918; x_wconf 71' lang='lat' dir='ltr'><strong>ma</strong></span> <span class='ocrx_word' id='word_1_704' title='bbox 2501 3866 2637 3926; x_wconf 79' lang='lat' dir='ltr'><strong>dics,</strong></span> <span class='ocrx_word' id='word_1_705' title='bbox 2668 3874 2851 3915; x_wconf 84' lang='lat' dir='ltr'><strong>auctor</strong></span> <span class='ocrx_word' id='word_1_706' title='bbox 2878 3874 2960 3917; x_wconf 87' lang='lat' dir='ltr'><strong>est</strong></span> <span class='ocrx_word' id='word_1_707' title='bbox 3001 3864 3219 3917; x_wconf 74' lang='lat' dir='ltr'><strong>Plinius.</strong></span> <span class='ocrx_word' id='word_1_708' title='bbox 3252 3868 3541 3920; x_wconf 69' lang='lat' dir='ltr'><strong>Acmcou.</strong></span> 
     </span>
    </p>
   </div>
   <div class='ocr_carea' id='block_1_99' title="bbox 2455 3955 3941 4025">
    <p class='ocr_par' dir='ltr' id='par_1_99' title="bbox 2455 3955 3941 4025">
     <span class='ocr_line' id='line_1_99' title="bbox 2455 3955 3941 4025; baseline 0.004 -16"><span class='ocrx_word' id='word_1_709' title='bbox 2455 3955 2633 4009; x_wconf 69' lang='grc' dir='ltr'><strong>Ᾱὶδιαδ</strong></span> <span class='ocrx_word' id='word_1_710' title='bbox 2656 3959 2670 4025; x_wconf 84' lang='lat' dir='ltr'>j</span> <span class='ocrx_word' id='word_1_711' title='bbox 2690 3958 2767 4008; x_wconf 86' lang='lat' dir='ltr'><strong>Ab</strong></span> <span class='ocrx_word' id='word_1_712' title='bbox 2796 3965 2951 4019; x_wconf 88' lang='lat' dir='ltr'><strong>a-stu,</strong></span> <span class='ocrx_word' id='word_1_713' title='bbox 2985 3956 3032 4008; x_wconf 92' lang='lat' dir='ltr'><strong>id</strong></span> <span class='ocrx_word' id='word_1_714' title='bbox 3058 3959 3347 4019; x_wconf 82' lang='lat' dir='ltr'><strong>estcalore,</strong></span> <span class='ocrx_word' id='word_1_715' title='bbox 3368 3960 3505 4011; x_wconf 88' lang='lat' dir='ltr'><strong>dicta</strong></span> <span class='ocrx_word' id='word_1_716' title='bbox 3530 3968 3626 4012; x_wconf 84' lang='lat' dir='ltr'><strong>est.</strong></span> <span class='ocrx_word' id='word_1_717' title='bbox 3648 3961 3941 4015; x_wconf 72' lang='lat' dir='ltr'><strong>Aca&#39;cou.</strong></span> 
     </span>
    </p>
   </div>
   <div class='ocr_carea' id='block_1_100' title="bbox 2450 4046 3945 4119">
    <p class='ocr_par' dir='ltr' id='par_1_100' title="bbox 2450 4046 3945 4119">
     <span class='ocr_line' id='line_1_100' title="bbox 2450 4046 3945 4119; baseline 0.006 -20"><span class='ocrx_word' id='word_1_718' title='bbox 2450 4046 2665 4117; x_wconf 76' lang='lat' dir='ltr'><strong>Agiti-s]</strong></span> <span class='ocrx_word' id='word_1_719' title='bbox 2722 4048 2937 4113; x_wconf 83' lang='lat' dir='ltr'><strong>l‘mprie</strong></span> <span class='ocrx_word' id='word_1_720' title='bbox 2989 4049 3290 4114; x_wconf 77' lang='lat' dir='ltr'><strong>negotiosos</strong></span> <span class='ocrx_word' id='word_1_721' title='bbox 3334 4050 3579 4117; x_wconf 73' lang='lat' dir='ltr'><strong>dicimus,</strong></span> <span class='ocrx_word' id='word_1_722' title='bbox 3612 4054 3699 4119; x_wconf 90' lang='lat' dir='ltr'><strong>qui</strong></span> <span class='ocrx_word' id='word_1_723' title='bbox 3744 4052 3945 4119; x_wconf 86' lang='lat' dir='ltr'><strong>aliquid</strong></span> 
     </span>
    </p>
   </div>
   <div class='ocr_carea' id='block_1_101' title="bbox 2379 4138 3168 4207">
    <p class='ocr_par' dir='ltr' id='par_1_101' title="bbox 2379 4138 3168 4207">
     <span class='ocr_line' id='line_1_101' title="bbox 2379 4138 3168 4207; baseline -0.004 -15"><span class='ocrx_word' id='word_1_724' title='bbox 2379 4150 2562 4207; x_wconf 82' lang='lat' dir='ltr'><strong>agunt.</strong></span> <span class='ocrx_word' id='word_1_725' title='bbox 2599 4138 2781 4189; x_wconf 85' lang='lat' dir='ltr'><strong>llnrat.</strong></span> <span class='ocrx_word' id='word_1_726' title='bbox 2818 4139 2910 4191; x_wconf 83' lang='lat' dir='ltr'><strong>int</strong></span> <span class='ocrx_word' id='word_1_727' title='bbox 2945 4139 3114 4206; x_wconf 81' lang='lat' dir='ltr'><strong>Epist.</strong></span> <span class='ocrx_word' id='word_1_728' title='bbox 3156 4158 3168 4189; x_wconf 88' lang='lat'>:</span> 
     </span>
    </p>
   </div>
   <div class='ocr_carea' id='block_1_102' title="bbox 2503 4227 3581 4286">
    <p class='ocr_par' dir='ltr' id='par_1_102' title="bbox 2503 4227 3581 4286">
     <span class='ocr_line' id='line_1_102' title="bbox 2503 4227 3581 4286; baseline 0 -11"><span class='ocrx_word' id='word_1_729' title='bbox 2503 4227 2637 4275; x_wconf 71' lang='lat' dir='ltr'><strong>Nunc</strong></span> <span class='ocrx_word' id='word_1_730' title='bbox 2657 4227 2798 4286; x_wconf 80' lang='lat' dir='ltr'><strong>agilis</strong></span> <span class='ocrx_word' id='word_1_731' title='bbox 2822 4227 2898 4281; x_wconf 83' lang='lat' dir='ltr'><strong>ﬁo,</strong></span> <span class='ocrx_word' id='word_1_732' title='bbox 2926 4236 2976 4274; x_wconf 85' lang='lat' dir='ltr'><strong>et</strong></span> <span class='ocrx_word' id='word_1_733' title='bbox 3000 4242 3165 4275; x_wconf 80' lang='lat' dir='ltr'><strong>versor</strong></span> <span class='ocrx_word' id='word_1_734' title='bbox 3188 4227 3408 4276; x_wconf 75' lang='lat' dir='ltr'><strong>civilibus</strong></span> <span class='ocrx_word' id='word_1_735' title='bbox 3430 4229 3581 4277; x_wconf 79' lang='lat' dir='ltr'><strong>undis.</strong></span> 
     </span>
    </p>
   </div>
   <div class='ocr_carea' id='block_1_103' title="bbox 2385 4311 3371 4378">
    <p class='ocr_par' dir='ltr' id='par_1_103' title="bbox 2385 4311 3371 4378">
     <span class='ocr_line' id='line_1_103' title="bbox 2385 4311 3371 4378; baseline -0.001 -13"><span class='ocrx_word' id='word_1_736' title='bbox 2385 4311 2479 4365; x_wconf 88' lang='lat' dir='ltr'><strong>llic</strong></span> <span class='ocrx_word' id='word_1_737' title='bbox 2512 4327 2603 4378; x_wconf 90' lang='lat' dir='ltr'><strong>pro</strong></span> <span class='ocrx_word' id='word_1_738' title='bbox 2630 4312 2791 4363; x_wconf 86' lang='lat' dir='ltr'><strong>celeri</strong></span> <span class='ocrx_word' id='word_1_739' title='bbox 2823 4311 3051 4376; x_wconf 88' lang='lat' dir='ltr'><strong>ponitur.</strong></span> <span class='ocrx_word' id='word_1_740' title='bbox 3082 4311 3371 4365; x_wconf 70' lang='lat' dir='ltr'><strong>Acmcou.</strong></span> 
     </span>
    </p>
   </div>
   <div class='ocr_carea' id='block_1_104' title="bbox 2456 4400 3570 4470">
    <p class='ocr_par' dir='ltr' id='par_1_104' title="bbox 2456 4400 3570 4470">
     <span class='ocr_line' id='line_1_104' title="bbox 2456 4400 3570 4470; baseline 0.002 -18"><span class='ocrx_word' id='word_1_741' title='bbox 2456 4401 2626 4453; x_wconf 79' lang='lat' dir='ltr'><strong>Horas</strong></span> <span class='ocrx_word' id='word_1_742' title='bbox 2660 4400 2676 4470; x_wconf 90' lang='lat'><strong>]</strong></span> <span class='ocrx_word' id='word_1_743' title='bbox 2710 4403 2844 4451; x_wconf 85' lang='lat' dir='ltr'><strong>llora</strong></span> <span class='ocrx_word' id='word_1_744' title='bbox 2869 4400 3111 4453; x_wconf 78' lang='lat' dir='ltr'><strong>Graecum</strong></span> <span class='ocrx_word' id='word_1_745' title='bbox 3143 4411 3244 4452; x_wconf 87' lang='lat' dir='ltr'><strong>est.</strong></span> <span class='ocrx_word' id='word_1_746' title='bbox 3280 4405 3570 4455; x_wconf 73' lang='lat' dir='ltr'><strong>Acmcou.</strong></span> 
     </span>
    </p>
   </div>
   <div class='ocr_carea' id='block_1_105' title="bbox 2450 4489 3945 4559">
    <p class='ocr_par' dir='ltr' id='par_1_105' title="bbox 2450 4489 3945 4559">
     <span class='ocr_line' id='line_1_105' title="bbox 2450 4489 3945 4559; baseline 0.001 -16"><span class='ocrx_word' id='word_1_747' title='bbox 2450 4489 2685 4559; x_wconf 80' lang='lat' dir='ltr'><strong>Boreas]</strong></span> <span class='ocrx_word' id='word_1_748' title='bbox 2721 4490 2918 4543; x_wconf 70' lang='lat' dir='ltr'><strong>Ventus</strong></span> <span class='ocrx_word' id='word_1_749' title='bbox 2957 4501 3037 4542; x_wconf 88' lang='lat' dir='ltr'><strong>est</strong></span> <span class='ocrx_word' id='word_1_750' title='bbox 3076 4492 3212 4543; x_wconf 88' lang='lat' dir='ltr'><strong>inter</strong></span> <span class='ocrx_word' id='word_1_751' title='bbox 3238 4492 3652 4558; x_wconf 77' lang='lat' dir='ltr'><strong>septentrionem</strong></span> <span class='ocrx_word' id='word_1_752' title='bbox 3686 4501 3735 4545; x_wconf 91' lang='lat' dir='ltr'><strong>et</strong></span> <span class='ocrx_word' id='word_1_753' title='bbox 3770 4499 3945 4545; x_wconf 87' lang='lat' dir='ltr'><strong>ortum</strong></span> 
     </span>
    </p>
   </div>
   <div class='ocr_carea' id='block_1_106' title="bbox 3172 4586 3947 4653">
    <p class='ocr_par' dir='ltr' id='par_1_106' title="bbox 3172 4586 3947 4653">
     <span class='ocr_line' id='line_1_106' title="bbox 3172 4586 3947 4653; baseline 0.001 -16"><span class='ocrx_word' id='word_1_754' title='bbox 3172 4586 3365 4653; x_wconf 78' lang='lat' dir='ltr'><strong>Aquilo</strong></span> <span class='ocrx_word' id='word_1_755' title='bbox 3394 4586 3603 4638; x_wconf 85' lang='lat' dir='ltr'><strong>dicitur.</strong></span> <span class='ocrx_word' id='word_1_756' title='bbox 3651 4588 3947 4638; x_wconf 55' lang='lat' dir='ltr'><strong>Acmcma.</strong></span> 
     </span>
    </p>
   </div>
   <div class='ocr_carea' id='block_1_107' title="bbox 2450 4670 3948 4745">
    <p class='ocr_par' dir='ltr' id='par_1_107' title="bbox 2450 4670 3948 4745">
     <span class='ocr_line' id='line_1_107' title="bbox 2450 4670 3948 4745; baseline 0.003 -18"><span class='ocrx_word' id='word_1_757' title='bbox 2450 4675 2713 4743; x_wconf 74' lang='lat' dir='ltr'><strong>Zephyrus</strong></span> <span class='ocrx_word' id='word_1_758' title='bbox 2742 4675 2759 4744; x_wconf 88' lang='lat'><strong>]</strong></span> <span class='ocrx_word' id='word_1_759' title='bbox 2788 4670 2951 4741; x_wconf 81' lang='lat' dir='ltr'><strong>Quein</strong></span> <span class='ocrx_word' id='word_1_760' title='bbox 2999 4677 3182 4731; x_wconf 84' lang='lat' dir='ltr'><strong>Latine</strong></span> <span class='ocrx_word' id='word_1_761' title='bbox 3224 4678 3519 4730; x_wconf 80' lang='lat' dir='ltr'><strong>Favonium</strong></span> <span class='ocrx_word' id='word_1_762' title='bbox 3550 4678 3809 4745; x_wconf 87' lang='lat' dir='ltr'><strong>dicimus,</strong></span> <span class='ocrx_word' id='word_1_763' title='bbox 3858 4680 3948 4735; x_wconf 83' lang='lat' dir='ltr'><strong>ﬂat</strong></span> 
     </span>
    </p>
   </div>
   <div class='ocr_carea' id='block_1_108' title="bbox 2380 4764 3377 4835">
    <p class='ocr_par' dir='ltr' id='par_1_108' title="bbox 2380 4764 3377 4835">
     <span class='ocr_line' id='line_1_108' title="bbox 2380 4764 3377 4835; baseline 0.006 -18"><span class='ocrx_word' id='word_1_764' title='bbox 2380 4764 2447 4818; x_wconf 84' lang='lat' dir='ltr'><strong>ab</strong></span> <span class='ocrx_word' id='word_1_765' title='bbox 2478 4769 3071 4835; x_wconf 56' lang='grc' dir='ltr'><strong>0613811εΙηΙΙῘΙΙΟΕΙῘΞΙΙί.</strong></span> <span class='ocrx_word' id='word_1_766' title='bbox 3107 4771 3377 4823; x_wconf 71' lang='lat' dir='ltr'><strong>AcntcoLa</strong></span> 
     </span>
    </p>
   </div>
   <div class='ocr_carea' id='block_1_109' title="bbox 2452 4855 3948 4924">
    <p class='ocr_par' dir='ltr' id='par_1_109' title="bbox 2452 4855 3948 4924">
     <span class='ocr_line' id='line_1_109' title="bbox 2452 4855 3948 4924; baseline 0.005 -19"><span class='ocrx_word' id='word_1_767' title='bbox 2452 4855 2737 4924; x_wconf 73' lang='lat' dir='ltr'><strong>Arcturus]</strong></span> <span class='ocrx_word' id='word_1_768' title='bbox 2769 4855 2972 4919; x_wconf 66' lang='lat' dir='ltr'><strong>Grarce,</strong></span> <span class='ocrx_word' id='word_1_769' title='bbox 3006 4859 3380 4924; x_wconf 83' lang='lat' dir='ltr'><strong>interpretatur</strong></span> <span class='ocrx_word' id='word_1_770' title='bbox 3411 4874 3547 4912; x_wconf 78' lang='lat' dir='ltr'><strong>ursa:</strong></span> <span class='ocrx_word' id='word_1_771' title='bbox 3574 4860 3770 4923; x_wconf 89' lang='lat' dir='ltr'><strong>cauda,</strong></span> <span class='ocrx_word' id='word_1_772' title='bbox 3801 4862 3948 4915; x_wconf 68' lang='lat' dir='ltr'><strong>sidus</strong></span> 
     </span>
    </p>
   </div>
   <div class='ocr_carea' id='block_1_110' title="bbox 2379 4946 3947 5015">
    <p class='ocr_par' dir='ltr' id='par_1_110' title="bbox 2379 4946 3947 5015">
     <span class='ocr_line' id='line_1_110' title="bbox 2379 4946 3947 5015; baseline 0.005 -18"><span class='ocrx_word' id='word_1_773' title='bbox 2379 4953 2461 4997; x_wconf 88' lang='lat' dir='ltr'><strong>est</strong></span> <span class='ocrx_word' id='word_1_774' title='bbox 2496 4946 2636 5012; x_wconf 89' lang='lat' dir='ltr'><strong>quod</strong></span> <span class='ocrx_word' id='word_1_775' title='bbox 2681 4947 2962 5001; x_wconf 80' lang='lat' dir='ltr'><strong>Novembri</strong></span> <span class='ocrx_word' id='word_1_776' title='bbox 3001 4965 3183 5001; x_wconf 74' lang='lat' dir='ltr'><strong>mense</strong></span> <span class='ocrx_word' id='word_1_777' title='bbox 3225 4966 3439 5005; x_wconf 63' lang='lat' dir='ltr'><strong>chrtus</strong></span> <span class='ocrx_word' id='word_1_778' title='bbox 3477 4956 3763 5007; x_wconf 85' lang='lat' dir='ltr'><strong>matutinos</strong></span> <span class='ocrx_word' id='word_1_779' title='bbox 3805 4954 3947 5015; x_wconf 81' lang='lat' dir='ltr'><strong>facit,</strong></span> 
     </span>
    </p>
   </div>
   <div class='ocr_carea' id='block_1_111' title="bbox 2376 5037 3415 5103">
    <p class='ocr_par' dir='ltr' id='par_1_111' title="bbox 2376 5037 3415 5103">
     <span class='ocr_line' id='line_1_111' title="bbox 2376 5037 3415 5103; baseline 0.01 -17"><span class='ocrx_word' id='word_1_780' title='bbox 2376 5037 2593 5101; x_wconf 87' lang='lat' dir='ltr'><strong>quando</strong></span> <span class='ocrx_word' id='word_1_781' title='bbox 2624 5038 2870 5103; x_wconf 66' lang='lat' dir='ltr'><strong>agricola:</strong></span> <span class='ocrx_word' id='word_1_782' title='bbox 2893 5052 3095 5092; x_wconf 81' lang='lat' dir='ltr'><strong>serunt.</strong></span> <span class='ocrx_word' id='word_1_783' title='bbox 3128 5045 3415 5096; x_wconf 73' lang='lat' dir='ltr'><strong>Acattzou.</strong></span> 
     </span>
    </p>
   </div>
   <div class='ocr_carea' id='block_1_112' title="bbox 2452 5126 3944 5201">
    <p class='ocr_par' dir='ltr' id='par_1_112' title="bbox 2452 5126 3944 5201">
     <span class='ocr_line' id='line_1_112' title="bbox 2452 5126 3944 5201; baseline 0.005 -23"><span class='ocrx_word' id='word_1_784' title='bbox 2452 5126 2662 5179; x_wconf 84' lang='lat' dir='ltr'><strong>Semina</strong></span> <span class='ocrx_word' id='word_1_785' title='bbox 2683 5140 2729 5180; x_wconf 81' lang='lat' dir='ltr'><strong>et</strong></span> <span class='ocrx_word' id='word_1_786' title='bbox 2751 5127 2971 5198; x_wconf 79' lang='lat' dir='ltr'><strong>segetes]</strong></span> <span class='ocrx_word' id='word_1_787' title='bbox 3008 5131 3285 5195; x_wconf 80' lang='lat' dir='ltr'><strong>Dill&#39;crnnt,</strong></span> <span class='ocrx_word' id='word_1_788' title='bbox 3316 5132 3562 5201; x_wconf 86' lang='lat' dir='ltr'><strong>quoniam</strong></span> <span class='ocrx_word' id='word_1_789' title='bbox 3581 5132 3787 5185; x_wconf 82' lang='lat' dir='ltr'><strong>semina</strong></span> <span class='ocrx_word' id='word_1_790' title='bbox 3820 5143 3944 5185; x_wconf 84' lang='lat' dir='ltr'><strong>sunt</strong></span> 
     </span>
    </p>
   </div>
   <div class='ocr_carea' id='block_1_113' title="bbox 2377 5222 3945 5292">
    <p class='ocr_par' dir='ltr' id='par_1_113' title="bbox 2377 5222 3945 5292">
     <span class='ocr_line' id='line_1_113' title="bbox 2377 5222 3945 5292; baseline 0.001 -20"><span class='ocrx_word' id='word_1_791' title='bbox 2377 5233 2437 5272; x_wconf 85' lang='lat' dir='ltr'><strong>ea</strong></span> <span class='ocrx_word' id='word_1_792' title='bbox 2464 5234 2580 5286; x_wconf 68' lang='lat' dir='ltr'><strong>quae</strong></span> <span class='ocrx_word' id='word_1_793' title='bbox 2610 5223 2837 5273; x_wconf 80' lang='lat' dir='ltr'><strong>serendo</strong></span> <span class='ocrx_word' id='word_1_794' title='bbox 2882 5222 2930 5273; x_wconf 94' lang='lat' dir='ltr'><strong>in</strong></span> <span class='ocrx_word' id='word_1_795' title='bbox 2958 5238 3111 5289; x_wconf 86' lang='lat' dir='ltr'><strong>agros</strong></span> <span class='ocrx_word' id='word_1_796' title='bbox 3158 5233 3433 5291; x_wconf 78' lang='lat' dir='ltr'><strong>Spargunt,</strong></span> <span class='ocrx_word' id='word_1_797' title='bbox 3457 5234 3663 5292; x_wconf 72' lang='lat' dir='ltr'><strong>svgctes</strong></span> <span class='ocrx_word' id='word_1_798' title='bbox 3700 5239 3776 5276; x_wconf 77' lang='lat' dir='ltr'><strong>ea:</strong></span> <span class='ocrx_word' id='word_1_799' title='bbox 3825 5232 3945 5275; x_wconf 88' lang='lat' dir='ltr'><strong>sunt</strong></span> 
     </span>
    </p>
   </div>
   <div class='ocr_carea' id='block_1_114' title="bbox 2377 5312 3752 5379">
    <p class='ocr_par' dir='ltr' id='par_1_114' title="bbox 2377 5312 3752 5379">
     <span class='ocr_line' id='line_1_114' title="bbox 2377 5312 3752 5379; baseline 0.003 -20"><span class='ocrx_word' id='word_1_800' title='bbox 2377 5325 2494 5377; x_wconf 71' lang='lat' dir='ltr'><strong>qua:</strong></span> <span class='ocrx_word' id='word_1_801' title='bbox 2519 5325 2581 5361; x_wconf 79' lang='lat' dir='ltr'><strong>ex</strong></span> <span class='ocrx_word' id='word_1_802' title='bbox 2612 5312 2902 5363; x_wconf 83' lang='lat' dir='ltr'><strong>seminibus</strong></span> <span class='ocrx_word' id='word_1_803' title='bbox 2926 5312 2973 5363; x_wconf 92' lang='lat' dir='ltr'><strong>in</strong></span> <span class='ocrx_word' id='word_1_804' title='bbox 3001 5328 3127 5379; x_wconf 87' lang='lat' dir='ltr'><strong>agro</strong></span> <span class='ocrx_word' id='word_1_805' title='bbox 3157 5324 3461 5366; x_wconf 87' lang='lat' dir='ltr'><strong>nascuntur.</strong></span> <span class='ocrx_word' id='word_1_806' title='bbox 3493 5313 3707 5366; x_wconf 86' lang='lat' dir='ltr'><strong>Persius</strong></span> <span class='ocrx_word' id='word_1_807' title='bbox 3738 5330 3752 5363; x_wconf 91' lang='lat'><strong>:</strong></span> 
     </span>
    </p>
   </div>
   <div class='ocr_carea' id='block_1_115' title="bbox 2500 5400 3212 5457">
    <p class='ocr_par' dir='ltr' id='par_1_115' title="bbox 2500 5400 3212 5457">
     <span class='ocr_line' id='line_1_115' title="bbox 2500 5400 3212 5457; baseline 0.006 -13"><span class='ocrx_word' id='word_1_808' title='bbox 2500 5400 2656 5457; x_wconf 78' lang='lat' dir='ltr'><strong>Seges</strong></span> <span class='ocrx_word' id='word_1_809' title='bbox 2682 5400 2833 5447; x_wconf 85' lang='lat' dir='ltr'><strong>altera</strong></span> <span class='ocrx_word' id='word_1_810' title='bbox 2859 5402 2907 5447; x_wconf 87' lang='lat' dir='ltr'><strong>in</strong></span> <span class='ocrx_word' id='word_1_811' title='bbox 2942 5401 3091 5448; x_wconf 86' lang='lat' dir='ltr'><strong>herba</strong></span> <span class='ocrx_word' id='word_1_812' title='bbox 3120 5409 3212 5449; x_wconf 88' lang='lat' dir='ltr'><strong>cst.</strong></span> 
     </span>
    </p>
   </div>
   <div class='ocr_carea' id='block_1_116' title="bbox 2378 5482 2662 5535">
    <p class='ocr_par' dir='ltr' id='par_1_116' title="bbox 2378 5482 2662 5535">
     <span class='ocr_line' id='line_1_116' title="bbox 2378 5482 2662 5535; baseline -0.007 0"><span class='ocrx_word' id='word_1_813' title='bbox 2378 5482 2662 5535; x_wconf 70' lang='lat' dir='ltr'><strong>AGRICOLA.</strong></span> 
     </span>
    </p>
   </div>
   <div class='ocr_carea' id='block_1_117' title="bbox 2448 5571 3940 5644">
    <p class='ocr_par' dir='ltr' id='par_1_117' title="bbox 2448 5571 3940 5644">
     <span class='ocr_line' id='line_1_117' title="bbox 2448 5571 3940 5644; baseline 0.003 -17"><span class='ocrx_word' id='word_1_814' title='bbox 2448 5571 2662 5641; x_wconf 81' lang='lat' dir='ltr'><strong>Sirius]</strong></span> <span class='ocrx_word' id='word_1_815' title='bbox 2706 5574 2866 5626; x_wconf 81' lang='lat' dir='ltr'><strong>Stella</strong></span> <span class='ocrx_word' id='word_1_816' title='bbox 2910 5591 2969 5629; x_wconf 92' lang='lat' dir='ltr'><strong>ca</strong></span> <span class='ocrx_word' id='word_1_817' title='bbox 3012 5586 3091 5630; x_wconf 88' lang='lat' dir='ltr'><strong>est</strong></span> <span class='ocrx_word' id='word_1_818' title='bbox 3130 5592 3285 5644; x_wconf 91' lang='lat' dir='ltr'><strong>quam</strong></span> <span class='ocrx_word' id='word_1_819' title='bbox 3328 5578 3618 5630; x_wconf 87' lang='lat' dir='ltr'><strong>caniculam</strong></span> <span class='ocrx_word' id='word_1_820' title='bbox 3651 5592 3940 5637; x_wconf 81' lang='lat' dir='ltr'><strong>vocamus.</strong></span> 
     </span>
    </p>
   </div>
   <div class='ocr_carea' id='block_1_118' title="bbox 2377 5667 3942 5736">
    <p class='ocr_par' dir='ltr' id='par_1_118' title="bbox 2377 5667 3942 5736">
     <span class='ocr_line' id='line_1_118' title="bbox 2377 5667 3942 5736; baseline 0.004 -22"><span class='ocrx_word' id='word_1_821' title='bbox 2377 5680 2492 5733; x_wconf 73' lang='lat' dir='ltr'><strong>qum</strong></span> <span class='ocrx_word' id='word_1_822' title='bbox 2515 5667 2798 5719; x_wconf 87' lang='lat' dir='ltr'><strong>matutinos</strong></span> <span class='ocrx_word' id='word_1_823' title='bbox 2825 5677 2972 5722; x_wconf 90' lang='lat' dir='ltr'><strong>ortus</strong></span> <span class='ocrx_word' id='word_1_824' title='bbox 3000 5668 3049 5723; x_wconf 90' lang='lat' dir='ltr'><strong>in</strong></span> <span class='ocrx_word' id='word_1_825' title='bbox 3080 5669 3219 5725; x_wconf 83' lang='lat' dir='ltr'><strong>Julio</strong></span> <span class='ocrx_word' id='word_1_826' title='bbox 3244 5669 3390 5736; x_wconf 72' lang='lat' dir='ltr'><strong>facit,</strong></span> <span class='ocrx_word' id='word_1_827' title='bbox 3414 5686 3532 5724; x_wconf 92' lang='lat' dir='ltr'><strong>cum</strong></span> <span class='ocrx_word' id='word_1_828' title='bbox 3576 5680 3942 5726; x_wconf 86' lang='lat' dir='ltr'><strong>maturescunt</strong></span> 
     </span>
    </p>
   </div>
   <div class='ocr_carea' id='block_1_119' title="bbox 2378 5760 2914 5824">
    <p class='ocr_par' dir='ltr' id='par_1_119' title="bbox 2378 5760 2914 5824">
     <span class='ocr_line' id='line_1_119' title="bbox 2378 5760 2914 5824; baseline 0.006 -15"><span class='ocrx_word' id='word_1_829' title='bbox 2378 5769 2599 5824; x_wconf 74' lang='lat' dir='ltr'><strong>segetes.</strong></span> <span class='ocrx_word' id='word_1_830' title='bbox 2630 5760 2914 5812; x_wconf 71' lang='lat' dir='ltr'><strong>Acmcou.</strong></span> 
     </span>
    </p>
   </div>
  </div>
