4216 6256
322 413 422 464 8937

387 524 639 579 Stationis
667 522 680 592 J
709 524 878 578 Statio
915 524 1061 577 locus
1094 524 1143 575 in
1189 523 1377 576 CJSll‘iS
1410 524 1688 577 dicebatur
1715 527 1897 592 cujus-
1928 530 1971 585 Α

316 630 441 680 que,
465 616 553 682 qui
578 614 771 682 cuique
800 614 1029 666 tributus
1060 623 1151 666 aut
1178 614 1242 666 ad
1276 615 1643 667 excubandum
1673 624 1765 668 aut
1798 617 1893 670 de-

315 703 638 757 fendendum
668 714 802 757 erat.
836 702 1193 769 Quintilianus
1236 701 1289 755 in
1320 702 1486 756 Milite
1522 703 1756 757 Mariano
1787 722 1799 757 :
1832 704 1898 757 Et

313 795 381 847 ab
414 793 683 861 assignata
713 792 944 846 statione
976 792 1125 845 miles
1154 791 1468 855 abducitur,
1500 792 1693 845 dicitur
1711 801 1891 846 autem

312 896 367 938 et
399 885 573 949 locus,
597 886 649 936 in
674 899 778 952 quo
802 884 920 952 quis
944 887 1106 937 homo
1127 884 1211 937 vel
1238 898 1324 937 res
1354 884 1615 937 consistit.
1640 883 1895 953 Virgilius

324 973 376 1027 in
414 988 449 1026 ιι
473 971 686 1028 ΑΞιιεὶᾱ.
720 988 735 1027 :

450 1060 590 1109 Nunc
624 1066 808 1109 tantum
832 1061 986 1120 sinus,
1010 1067 1061 1109 et
1084 1062 1226 1109 statio
1250 1060 1467 1109 malefida
1488 1063 1680 1111 carinis.

313 1143 610 1198 AGRICOLA.

392 1231 579 1284 Omnia
605 1239 740 1285 certo
779 1231 903 1298 fine,
951 1229 1103 1301 etc.]
1149 1231 1371 1291 lndocti,
1442 1246 1669 1300 quorum
1716 1232 1893 1285 omnia

316 1339 528 1393 semper
549 1334 672 1378 sunt
722 1324 875 1393 plena
895 1365 910 1389 ,
942 1324 1041 1377 hoc
1067 1325 1182 1377 luco
1220 1323 1462 1377 Boetium
1496 1323 1894 1390 reprehendere

317 1416 510 1479 solent,
552 1416 701 1484 quasi
724 1430 826 1469 non
856 1416 984 1467 satis
1018 1423 1161 1467 recte
1185 1422 1240 1465 et
1260 1414 1416 1481 digne
1445 1412 1749 1468 Christiano
1772 1415 1892 1468 viro

318 1508 569 1561 senserit.
604 1506 734 1559 Cum
771 1506 911 1559 enim
940 1505 1329 1567 dieatBoetius,
1354 1503 1631 1557 Hominum
1650 1506 1787 1558 solos
1805 1521 1887 1559 re-

310 1597 457 1666 spuis
507 1606 648 1648 actus
671 1637 687 1661 ,
733 1597 1147 1662 interpretantur
1171 1594 1318 1664 quasi
1348 1594 1474 1648 velit
1502 1594 1680 1648 dicere
1721 1595 1886 1647 Deum

322 1700 406 1738 res
438 1684 694 1738 humanas
728 1690 883 1736 extra
924 1696 1105 1735 curam
1131 1696 1279 1735 suam
1311 1683 1570 1749 posuisse,
1596 1696 1768 1749 neque
1796 1697 1884 1736 re-

320 1789 445 1843 gere
475 1787 640 1841 opera
670 1773 943 1826 hominum
973 1786 1067 1824 sua
1106 1770 1432 1837 providentia
1463 1789 1475 1824 :
1517 1787 1637 1825 cum
1672 1772 1887 1824 Boetius

1267 410 1640 465 MURMELLII
1682 410 1766 465 ET
1808 410 2175 466 AGRICOLIE
2214 409 2724 467 COMMENTARIA.

3474 416 3575 468 958

2188 508 2493 584 Ferrumque
2512 535 2703 571 armare
2724 534 2931 571 veneno.

2007 605 2203 659 Verum
2238 604 2341 659 hoc
2382 605 2673 659 modeStius
2702 614 2815 656 est:
2860 618 2980 657 nam
3024 612 3325 673 serpentem
3368 618 3573 660 veneno

1998 703 2257 748 armatum
2296 709 2401 747 non
2461 695 2638 763 inepte
2690 693 2955 759 dicimus;
2988 695 3080 748 sed
3116 705 3385 763 comptum
3414 710 3570 764 quem

1996 784 2207 847 colore,
2257 799 2440 853 parum
2474 784 2763 851 prudenter
2793 785 3007 838 dixeris.
3063 785 3202 839 Sane
3260 785 3572 853 Theophra-

1995 886 2113 929 stus
2142 890 2247 930 non
2290 876 2408 929 sine
2441 878 2650 929 ratione
2692 877 2941 943 przecepit
2980 877 3378 930 translationem
3420 890 3571 931 vere-

1994 964 2220 1021 cundam
2251 980 2371 1020 esse
2393 965 2607 1019 debere.
2650 967 2936 1019 AGBICOLA.

2068 1058 2174 1112 Sed
2221 1074 2335 1109 cum
2370 1058 2544 1121 libuit,
2604 1067 2708 1111 etc.
2762 1056 2779 1128 ]
2842 1057 3085 1126 Plerique
3136 1059 3231 1111 hos
3292 1068 3400 1113 tres
3452 1072 3570 1113 ver-

1995 1160 2085 1199 sus
2118 1148 2315 1215 legunt,
2374 1156 2430 1200 ut
2484 1156 2737 1200 nocentes
2779 1146 3023 1199 dicantur
3060 1146 3295 1215 gaudete
3337 1146 3569 1202 subdere

1994 1251 2233 1291 summos
2266 1252 2442 1306 reges,
2483 1238 2646 1305 fitque
2675 1236 2897 1305 frigidus
2924 1237 3004 1304 (ut
3030 1235 3262 1306 videtur)
3306 1244 3359 1291 et
3384 1238 3568 1291 absur-

1994 1326 2095 1379 dus
2117 1341 2306 1380 sensus
2334 1344 2345 1379 :
2378 1328 2575 1381 rectius
2601 1326 2702 1379 erit
2731 1342 2858 1394 ergo
2880 1336 2935 1379 ut
2958 1327 3183 1395 legatur,
3210 1328 3417 1380 fortuna
3440 1342 3568 1395 gau-

1994 1416 2085 1470 det
2114 1406 2347 1470 subdere
2376 1430 2612 1469 snmmos
2643 1431 2815 1485 reges,
2844 1430 2963 1469 cum
2988 1416 3141 1469 libuit
3170 1417 3217 1470 ei
3248 1417 3319 1469 uti
3346 1416 3560 1481 viribus,

1995 1505 2367 1574 scribaturque
2401 1506 2634 1574 gaudet,
2676 1521 2781 1558 non
2817 1505 3067 1574 gaudent.
3116 1506 3387 1573 Duplicem
3422 1506 3562 1559 enim

1998 1597 2288 1663 potentiam
2319 1596 2545 1648 fortuna:
2568 1595 2799 1647 ostendit
2831 1613 2845 1649 :
2874 1596 3101 1663 primum
3131 1597 3285 1649 docet
3310 1604 3563 1664 quantum

1999 1688 2163 1756 possit
2190 1688 2501 1741 fraudibus:
2552 1686 2743 1740 deinde
2783 1686 2869 1740 hic
2915 1694 3168 1755 quantum
3218 1685 3442 1751 viribus,
3474 1686 3566 1739 de—

1994 1787 2289 1844 monstrat,
2344 1791 2463 1843 qua:
2512 1777 2679 1845 possit
2729 1790 2966 1830 summos
3024 1790 3177 1845 reges
3237 1777 3561 1845 opprimere.

318 1879 425 1919 non
452 1865 501 1917 id
530 1864 698 1926 dicat,
724 1862 816 1915 sed
856 1862 1027 1915 solum
1060 1861 1327 1928 deploret,
1353 1860 1491 1928 quod
1533 1862 1708 1914 omnia
1740 1869 1887 1914 recto
1918 1873 1963 1931 Β

618 1874 698 1926 at,
724 1862 816 1915 sed
856 1862 1027 1915 solum
1060 1861 1327 1928 deploret,
1353 1860 1491 1928 quod
1533 1862 1708 1914 omnia
1740 1869 1887 1914 recto
1918 1873 1963 1931 Β
1991 1869 2283 1923 Αςκιίῖοιλ,

319 1955 506 2008 ordine.
530 1964 805 2022 regantur,
837 1962 890 2006 et
911 1966 1016 2005 nou
1047 1961 1265 2015 errent,
1301 1966 1475 2018 neque
1509 1962 1756 2019 peccem,
1786 1952 1886 2005 soli

320 2047 523 2100 homini
551 2046 672 2099 data
714 2027 946 2113 potestas
977 2051 1057 2097 est
1085 2044 1219 2095 bene
1261 2053 1311 2095 et
1344 2043 1482 2096 male
1510 2043 1775 2107 faciendi,
1809 2044 1889 2097 id-

318 2151 424 2205 que
446 2151 551 2189 non
577 2145 659 2189 est
688 2134 908 2187 difficile
934 2133 1114 2186 videre
1152 2147 1214 2185 ex
1262 2147 1326 2186 eo
1347 2133 1488 2200 quod
1515 2135 1568 2186 in
1598 2134 1703 2187 line
1735 2134 1888 2202 hujus

322 2228 571 2281 carminis
600 2227 741 2287 dicit.
779 2235 831 2280 et
856 2241 961 2294 quo
982 2225 1174 2279 coelum
1218 2225 1377 2293 regis,
1410 2233 1511 2279 etc.
1539 2267 1552 2289 ,
1596 2226 1757 2295 cujus
1781 2242 1887 2279 non

322 2328 405 2372 est
441 2318 573 2371 alius
603 2331 813 2377 sensus,
845 2330 1001 2383 quam
1027 2316 1142 2383 ejus
1167 2316 1313 2383 qund-
1350 2316 1590 2384 quotidie
1630 2332 1845 2370 oramus
1871 2334 1885 2371 :

330 2407 448 2461 Fiat
473 2407 722 2460 voluntas
749 2415 859 2467 tua,
884 2406 1020 2459 sicut
1039 2406 1088 2458 in
1112 2406 1250 2459 coelo
1265 2406 1386 2459 etin
1405 2416 1563 2460 terra.
1590 2412 1879 2462 AGBICOLA.

391 2496 691 2566 Gubernas]
726 2495 974 2550 Guberno
1001 2511 1031 2549 a
1060 2498 1246 2551 Graeco
1274 2498 1529 2572 κυϐερνάω
1565 2498 1709 2565 dicit,
1748 2502 1886 2565 quod

322 2586 460 2641 idem
483 2587 763 2655 significat.
802 2586 1093 2640 Acmcou.

395 2673 656 2746 Respuis]
690 2676 742 2729 Id
768 2685 848 2729 est
892 2690 1125 2740 recusas,
1172 2677 1402 2745 spernis,
1445 2679 1648 2743 renuis,
1701 2690 1888 2747 estque

322 2768 588 2822 sordidior
606 2767 924 2820 ‘translatio.
959 2769 1252 2822 Acutcou.
1708 2750 1715 2759 ’

393 2857 665 2911 Lubricum
688 2855 706 2925 Ῑ
732 2859 771 2909 Λ
802 2855 998 2909 tuendo
1018 2897 1031 2919 ,
1057 2856 1108 2908 id
1135 2865 1216 2908 est
1244 2856 1471 2909 lavando
1498 2856 1719 2921 dictum,
1751 2858 1891 2912 unde

324 2960 379 3003 et
422 2949 639 3002 delubra
668 2947 951 3011 dicuntur,
1005 2948 1053 2999 id
1086 2957 1169 3009 est
1200 2950 1391 3015 templa
1426 2966 1436 2999 :
1493 2950 1742 3016 quoniam
1775 2966 1892 3017 qua:

326 3042 458 3100 luta,
489 3039 537 3091 id
568 3048 647 3091 est
670 3038 963 3091 madefacta
982 3047 1128 3099 sunt,
1156 3038 1354 3090 lubrica
1383 3040 1507 3091 sint.
1545 3043 1832 3094 AGRICOLA.

397 3128 569 3182 Noxia
596 3125 613 3199 ]
648 3130 687 3180 A
714 3127 956 3181 nocendo
980 3127 1193 3179 dicitur.
1232 3133 1525 3181 AGRICOLA.

401 3218 557 3272 Pana
586 3217 603 3287 ]
629 3221 669 3271 A
704 3219 863 3285 punio
884 3257 899 3280 ,
929 3217 1065 3271 sicut
1093 3232 1119 3267 a
1147 3219 1327 3270 mnnio
1354 3222 1570 3271 muenia.
1603 3221 1891 3273 Acntcou.
1926 3227 1971 3287 ο
2040 3220 2045 3223 ¹

403 3307 644 3360 Resideut
668 3305 689 3376 ]
715 3307 815 3360 Pro
837 3306 1023 3360 sedent
1057 3307 1211 3359 metri
1238 3322 1418 3360 causa.
1457 3311 1744 3363 Acutcou.

399 3397 545 3453 Celso
582 3399 592 3468 |
626 3400 670 3452 A
692 3398 827 3451 cello
850 3397 1013 3452 veteri
1049 3398 1215 3450 verbo
1240 3398 1430 3452 dicitur
1462 3400 1654 3462 celsus,
1690 3400 1829 3454 unde
1846 3411 1899 3454 et

325 3488 536 3543 excelle
553 3487 819 3549 excelsus,
844 3487 936 3540 sed
969 3487 1202 3554 procello
1220 3487 1492 3554 perculsus
1515 3488 1639 3542 facit
1665 3506 1675 3541 :
1701 3489 1901 3543 dictus-

326 3592 432 3646 que
454 3578 629 3631 celsus
660 3586 771 3639 est,
808 3576 927 3651 quia
954 3575 1200 3635 cellatnr,
1244 3575 1297 3627 id
1323 3585 1406 3628 est
1431 3577 1537 3629 alte
1579 3578 1897 3641 concitetur,

326 3664 775 3736 quemadmodum
789 3663 1022 3731 jaculum
1048 3672 1137 3714 aut
1162 3662 1320 3715 telum
1340 3663 1582 3717 missum.
1608 3667 1897 3719 AGRICOLA.

398 3752 601 3823 Justus]
625 3756 667 3806 Δ
683 3753 803 3821 jure
820 3752 1035 3817 dicitur,
1055 3750 1178 3818 quia
1203 3750 1326 3803 facit
1351 3750 1401 3803 id
1418 3752 1555 3819 quod
1583 3752 1701 3820 jure
1716 3755 1903 3820 βιηνοὶ-

329 3846 491 3914 pitur.
516 3842 609 3895 Jus
629 3852 805 3895 autem
833 3857 861 3893 a
878 3841 1110 3909 jubendo
1127 3842 1339 3904 dicitur,
1365 3843 1486 3908 quia
1508 3844 1656 3907 jussu
1686 3845 1903 3911 majoris

330 3932 606 4001 potestatis
648 3931 857 3999 jussutn
908 3928 994 3982 sit.
1050 3931 1277 3983 Sanctus
1316 3940 1491 3983 autem
1525 3948 1552 3982 a
1593 3934 1901 3995 sanciendo,

330 4024 583 4091 quoniam
612 4022 750 4092 quod
784 4030 1024 4074 sanctum
1068 4023 1156 4085 sit,
1208 4022 1259 4074 id
1314 4022 1513 4074 violare
1564 4039 1669 4076 non
1728 4026 1901 4089 liceat,

329 4129 556 4181 eumque
576 4112 1156 4180 dupliciterdicimus:
1204 4128 1321 4164 nam
1361 4122 1608 4166 sanctum
1647 4130 1904 4168 vocamus

330 4206 637 4257 inviolatum
661 4218 690 4255 a
716 4202 876 4255 vitiis.
910 4201 1179 4253 Juvenalis
1214 4218 1227 4252 :

457 4296 723 4355 Egregium
749 4300 1066 4351 sanctumque
1094 4293 1265 4339 virum.

332 4377 633 4443 Aliquando
668 4375 927 4436 dicimus,
958 4374 1044 4426 cui
1082 4388 1187 4426 non
1220 4373 1344 4427 licet
1381 4375 1485 4426 vim
1513 4374 1624 4427 ﬁeri
1645 4416 1659 4439 ,
1685 4376 1762 4429 sic
1783 4390 1902 4429 san-

331 4476 447 4519 ctos
475 4469 673 4532 legatos
698 4464 927 4516 dicimus
952 4476 1004 4514 et
1031 4462 1212 4529 Virgil.
1251 4479 1266 4513 :

739 4554 1063 4613 Sanctamque
1083 4560 1320 4601 senatum.

332 4628 387 4669 ct
416 4616 689 4670 Juvenalis
723 4634 733 4665 :

460 4707 711 4755 Prmterea
736 4709 953 4752 sanctum
987 4702 1103 4750 nihil
1129 4709 1226 4763 est,
1254 4709 1339 4751 aut
1360 4704 1559 4763 inguine
1579 4708 1753 4751 tutum.

336 4794 626 4843 AGRICOLA.

410 4878 546 4949 Nil]
581 4878 627 4930 A
676 4876 808 4930 nihil
850 4874 944 4945 per
990 4889 1278 4944 sync0pam
1316 4876 1515 4928 dictum
1551 4891 1564 4927 :
1598 4876 1736 4929 sicut
1777 4877 1847 4930 mi
1878 4892 1905 4931 a

336 4969 489 5031 mihi,
521 4977 575 5021 et
603 4966 807 5033 prendo
837 4983 863 5019 a
890 4965 1183 5034 prehendo.
1218 4966 1509 5019 Acutcou.

408 5057 626 5125 Compta
649 5055 853 5125 colore]
884 5055 1009 5109 Haec
1033 5055 1308 5109 translatio
1326 5064 1509 5122 parum
1534 5055 1913 5124 circumspecte

336 5168 366 5202 τι
392 5150 574 5204 Boetio
605 5149 738 5203 facta
768 5148 1008 5211 videtur,
1039 5148 1164 5201 licet
1203 5160 1418 5200 comere
1452 5159 1546 5211 pro
1567 5160 1760 5199 ornare
1791 5155 1913 5215 apte

337 5240 738 5303 transferatur;
794 5248 972 5292 tamen
1017 5247 1074 5291 ut
1116 5236 1297 5289 colore
1326 5245 1597 5303 comptum
1646 5236 1909 5301 dicamus,

340 5346 446 5384 non
468 5332 739 5393 convenit,
772 5332 1011 5396 fiuntque
1034 5327 1291 5380 translata
1338 5326 1451 5379 haec
1480 5328 1791 5395 pugnantia,
1823 5335 1915 5379 aut

337 5420 651 5474 dissidentia
686 5420 824 5471 inter
870 5434 927 5471 se
960 5458 974 5479 ,
1028 5416 1216 5469 fuisset
1267 5416 1407 5469 enim
1448 5417 1720 5470 cuba-rens
1758 5418 1801 5475 si
1835 5417 1913 5471 di-

342 5511 503 5564 xisse'
540 5511 699 5563 tincta
732 5509 915 5562 colore
939 5549 952 5571 ,
994 5516 1274 5573 utrumque
1304 5509 1446 5560 enim
1486 5508 1661 5562 adhuc
1684 5509 1913 5561 transla-

342 5611 457 5655 tum
492 5600 717 5662 fuisset;
748 5613 889 5652 nunc
928 5599 1068 5651 comi
1121 5598 1301 5653 colore
1329 5612 1432 5650 non
1477 5600 1643 5666 magis
1672 5599 1914 5651 convenit

344 5708 504 5759 quam
537 5688 768 5745 colorari
792 5690 1018 5756 pectine.
1063 5686 1298 5741 Conatus
1334 5698 1416 5742 est
1442 5698 1617 5744 autem
1650 5688 1826 5743 simile
1852 5689 1916 5740 il-

346 5789 451 5841 lius
473 5786 647 5838 facere
675 5782 818 5851 quod
846 5781 1099 5849 Virgilius
1126 5779 1258 5833 dixit
1294 5797 1306 5831 :

510 5898 781 5959 Parnm...
812 5892 1016 5954 LXIII

1934 4573 1987 4630 D

2069 1959 2197 2013 Vilis
2224 1958 2243 2029 ]
2271 1958 2324 2013 id
2355 1968 2436 2012 est
2469 1955 2917 2021 contemnendus,
2954 1955 3110 2009 facile
3135 1954 3388 2022 parabilis
3420 1974 3430 2005 :
3485 1954 3563 2009 sic

1990 2049 2219 2103 dicimus
2248 2049 2568 2101 frumentum
2619 2048 2747 2112 vile,
2779 2047 2992 2115 quando
3043 2046 3255 2100 modico
3294 2045 3557 2099 venditur.

1994 2139 2179 2192 llurat.
2214 2156 2225 2189 :
3184 2148 3189 2153 ν

2173 2229 2296 2277 Vilis
2320 2230 2581 2277 amicorum
2608 2235 2684 2276 est
2702 2238 2895 2275 annona
2916 2227 3069 2287 bonis,
3098 2226 3181 2273 ubi
3203 2224 3317 2287 quid
3341 2225 3498 2275 deest.

1994 2315 2285 2365 AGRICOLA.

2065 2402 2191 2455 Salo
2218 2400 2437 2470 JSalum
2458 2415 2608 2453 mare
2627 2400 2887 2463 dieitur,a
2907 2397 3021 2452 sale
3042 2397 3242 2452 dictum
3267 2405 3366 2450 est.
3401 2398 3561 2449 Acm-

1993 2506 2146 2545 COLA.

2064 2579 2399 2635 Immensum.
2426 2578 2446 2649 ]
2469 2580 2513 2633 A
2542 2580 2752 2645 metior,
2782 2578 2923 2648 quod
2956 2593 3199 2633 mensum
3227 2576 3371 2631 iacit.
3402 2577 3563 2631 Aetn-

1994 2687 2148 2725 COLA.

2064 2760 2327 2814 Carminis
2359 2760 2516 2827 hujus
2551 2774 2721 2827 genus
2750 2760 2841 2812 alii
2874 2759 3209 2813 Pindaricum
3245 2757 3448 2821 dicunt,
3472 2756 3563 2809 alii

1996 2852 2422 2907 Arebilochium.
2468 2852 2565 2904 Est
2605 2860 2781 2904 autem
2819 2852 3223 2921 anaptesticum,
3254 2846 3564 2915 dimetrum,

1995 2943 2363 2996 aeatalectum.
2394 2942 2580 2996 Simile
2607 2950 2689 2993 est
2718 2941 2794 2993 illi
2827 2957 2839 2992 :

2241 3033 2445 3093 Adytum
2472 3031 2683 3081 Veneris
2706 3032 2820 3091 fuge
2848 3034 2982 3094 virgo
3001 3046 3161 3094 sagax.

1998 3115 2063 3168 Et
2092 3115 2165 3168 illi
2194 3115 2415 3169 Seneca:
2447 3130 2462 3167 :

2245 3202 2353 3250 Jam
2377 3215 2486 3250 rara
2511 3204 2687 3251 micant
2708 3204 2868 3251 sidera
2895 3217 3046 3262 prono

2249 3262 2497 3327 [.auguida
2518 3265 2838 3327 mundotnox
2872 3266 2994 3312 \icta
3025 3278 3169 3327 vagos

2246 3322 2495 3373 Contrahit
2518 3327 2660 3383 ignes
2684 3322 2832 3373 {luce
2858 3335 3047 3383 renata,

2243 3383 2385 3443 Cogit
2407 3385 2608 3432 nitidum
2635 3384 2930 3446 phosphoros
2953 3400 3146 3447 agmen.

2070 3464 2216 3518 Totis
2242 3465 2415 3533 fratris
2444 3463 2462 3533 j
2497 3466 2592 3517 llic
2612 3479 2796 3518 versus
2819 3465 2894 3517 sic
2928 3466 3181 3534 legendus
3203 3477 3289 3519 est
3319 3485 3333 3520 :

2247 3552 2384 3601 Totis
2407 3551 2567 3600 fratris
2585 3562 2635 3601 et
2652 3554 2791 3601 obvia
2818 3554 3037 3603 flammis.

2002 3634 2135 3689 Nam
2163 3636 2215 3688 in
2246 3650 2311 3688 eo
2340 3635 2607 3687 trochaeus
2634 3634 2807 3687 locum
2841 3649 2944 3687 non
2978 3636 3155 3690 habet.
3187 3638 3479 3693 Acmcom.

2074 3724 2331 3793 Hesperus
2360 3722 2379 3792 ]
2414 3724 2487 3778 De
2515 3724 2738 3778 lucifero
2774 3737 2826 3777 et
2867 3739 3087 3793 vespere
3117 3728 3258 3781 aliud
3294 3740 3465 3796 poetae
3493 3731 3574 3785 di-

2003 3826 2152 3880 cunt,
2179 3816 2317 3869 aliud
2365 3815 2636 3882 astrologi.
2682 3814 2860 3868 Poene
2893 3826 3141 3871 asserunt
3168 3832 3274 3886 quo
3303 3821 3391 3874 die
3419 3822 3574 3875 Luci-

2006 3910 2084 3959 fer
2112 3915 2233 3959 ante
2250 3906 2509 3957 orientem
2541 3904 2708 3957 solem
2732 3905 2996 3973 apparuit,
3026 3907 3213 3959 eodem
3242 3908 3572 3964 occidentem

2005 4000 2172 4051 solem
2197 3995 2470 4062 subsequi.
2502 3995 2612 4047 Hoc
2638 3994 2889 4063 astrologi
2909 3995 3120 4061 quidam
3142 3995 3327 4049 eodem
3346 3997 3433 4052 die
3459 3998 3575 4055 fieri

2008 4101 2162 4153 posse
2186 4094 2399 4151 negant.
2430 4083 2686 4136 Fatentur
2706 4092 2885 4136 autem
2918 4082 3220 4137 Luciferum
3253 4086 3413 4139 modo
3434 4101 3575 4155 prae-

2007 4180 2197 4231 cedere
2220 4191 2375 4229 mane
2398 4176 2587 4236 solem,
2632 4174 2792 4227 modo
2820 4175 3072 4243 subsequi
3101 4166 3449 4243 occidentem,
3481 4178 3575 4233 sed

2009 4271 2234 4323 diversis
2264 4267 2471 4320 diebus.
2529 4266 2597 4320 Et
2632 4276 2817 4335 poetas
2846 4266 3085 4319 fortassis
3116 4280 3183 4320 eo
3220 4268 3456 4335 potuisse
3486 4270 3579 4325 de-

2006 4359 2130 4427 cipi,
2158 4358 2298 4428 quod
2325 4373 2479 4411 inane
2510 4357 2813 4411 Luciferum
2840 4357 3119 4419 vidissent,
3144 4357 3460 4412 Mercurium
3488 4374 3577 4414 ve-

2008 4465 2070 4502 ro
2098 4458 2218 4517 post
2247 4448 2413 4501 solent
2442 4446 2795 4500 occidentem.
2827 4444 2995 4497 Cinna
3028 4444 3079 4495 in
3110 4444 3336 4512 Smyrna
3364 4463 3374 4495 :

2192 4541 2266 4589 Te
2292 4541 2559 4589 matutinus
2584 4539 2782 4585 flentem
2816 4536 3069 4593 conspexit
3094 4534 3241 4591 Eous,

2194 4602 2253 4649 Et
2276 4603 2472 4648 ﬂentem
2496 4598 2635 4657 paulo
2673 4597 2786 4644 vidit
2822 4603 2927 4655 post
2952 4595 3191 4653 hesperns
3214 4594 3359 4639 idem.

2012 4684 2260 4739 Horatius
2292 4697 2306 4735 :

2255 4766 2330 4815 Tu
2354 4779 2409 4812 se
2431 4782 2438 4807 I
2462 4777 2549 4824 per
2576 4776 2724 4822 urges
2743 4762 2986 4824 ﬂebilibus
3005 4760 3155 4806 modis

2260 4828 2444 4887 Mysten
2463 4821 2765 4887 ademptum,
2793 4834 2885 4868 nec
2908 4821 2994 4869 tibi
3018 4831 3223 4879 vespero

2255 4884 2513 4947 surgente
2528 4884 2761 4947 decidunt
2784 4887 2990 4947 amores,

2262 4942 2599 5005 Nec'rapidum
2622 4944 2841 5004 fugiente
2867 4942 3033 4989 solem.

2019 5030 2265 5098 Virgilius
2292 5029 2359 5081 de
2381 5027 2517 5080 rosis
2545 5044 2556 5075 :

2140 5122 2291 5180 Quam
2314 5120 2456 5169 modo
2480 5122 2765 5166 nascentem
2789 5112 2963 5161 rutilus
2992 5114 3249 5180 conspexit
3272 5113 3419 5175 Eous,

2203 5182 2340 5231 Hauc
2360 5183 2562 5229 rediens
2584 5189 2700 5226 sero
2732 5188 2944 5235 vespere
2972 5175 3086 5223 vidit
3103 5188 3243 5223 anum

2019 5265 2241 5321 Manlius
2263 5265 2314 5317 in
2344 5263 2481 5316 libro
2514 5260 2685 5327 primo
2715 5258 3125 5311 Astronomieon
3160 5274 3171 5308 :

2141 5355 2245 5403 Nec
2268 5354 2516 5402 matutinis
2537 5350 2753 5411 fulgeret
2774 5347 2965 5411 Lucifer
2982 5349 3132 5411 horis,

2141 5416 2391 5475 HeSperus
2416 5408 2642 5459 immerin
2662 5408 2867 5457 dederat
2887 5410 2971 5469 qui
2997 5408 3159 5455 lumen
3185 5408 3388 5470 Olympo

2022 5500 2224 5563 Seneca
2256 5495 2309 5548 in
2340 5494 2622 5559 Hippolyto
2650 5510 2662 5544 :

2269 5604 2431 5659 Qualis
2456 5611 2530 5650 est
2554 5604 2730 5661 primas
2754 5600 2979 5649 referens
3001 5602 3231 5649 tenebras

2272 5665 2481 5712 Nuntius
2502 5664 2676 5721 noctis,
2703 5663 2844 5708 modo
2876 5662 2999 5708 lotus
3023 5662 3163 5708 undis

2272 5725 2562 5786 Hesperus,”
2583 5726 2732 5786 pulsis
2758 5726 2932 5779 iterutn
2952 5723 3173 5770 tenebris

2424 5784 2616 5833 Lucd‘er
2640 5784 2781 5832 idem.

3007 5895 3088 5956 30
