4216 6256
647 304 751 357 945

1248 304 1573 358 ΑΡΡΕΝΟΙΧ
1616 305 1706 357 AD
1746 303 1983 357 LIBROS
2026 305 2107 357 Illi
2146 301 2655 363 CONSULATIONE
2697 301 3178 356 PIIILOSOI’IIIIE.

3795 312 3899 361 9-H

647 420 815 489 magis
846 434 910 473 ex
942 435 1040 473 usu
1085 420 1335 487 loquendi
1380 419 1674 483 hominum,
1711 433 1867 486 quam
1914 434 1979 471 ex
2026 421 2218 471 virtute
2248 421 2295 478 Α
2326 410 2531 478 urbem,
2564 422 2618 466 et
2648 414 2913 467 civitatem
2958 412 3227 466 hominum
3260 422 3312 467 et
3341 412 3578 477 deorum,
3614 423 3667 468 et
3700 432 3897 471 unum-

647 511 791 565 verbi
822 520 912 563 aut
940 525 1061 563 vera
1088 507 1473 577 signiﬁcatione
1503 509 1715 561 dicitur.
1749 510 2039 561 Acmcou.

717 598 1024 668 Alfectuunt]
1069 599 1302 653 Allectus
1345 599 1534 652 dicitur
1569 599 1617 652 t‘d
1658 598 1795 667 quod
1827 597 1995 652 Graeci
2029 607 2217 651 vocant

643 694 819 754 πάθος,
854 689 993 757 quod
1025 691 1189 742 nostri
1222 689 1380 743 hodie
1420 688 1589 758 ignari
1616 688 1888 741 Ciceronis
1916 699 1968 742 et
1996 690 2214 742 aliorum

644 791 918 833 auctorum
962 780 1146 833 Latine
1187 780 1533 848 loquentium,
1574 780 1875 848 passionem
1916 779 2078 831 animi
2121 795 2212 833 vo-

642 881 784 924 cant.
821 870 912 922 Est
938 880 1112 922 autem
1143 869 1362 923 aﬂectus
1386 871 1554 937 major
1584 870 1794 937 quidam
1826 868 1987 921 animi
2020 879 2213 934 motus,

643 958 893 1012 desinens
940 958 1155 1012 tandem
1194 975 1207 1010 :
1249 974 1367 1010 nam
1417 959 1461 1011 si
1504 959 1678 1023 duret,
1707 959 1813 1026 jam
1859 974 2049 1013 nomen
2091 960 2217 1013 alI'e-

642 1058 759 1103 ctus
781 1048 996 1112 amittit,
1021 1057 1076 1102 et
1099 1048 1427 1102 consuetudo
1447 1048 1673 1102 dicetur.
1700 1048 1877 1116 Itaque
1901 1052 1972 1101 ira
1998 1050 2217 1104 all‘ectus

642 1148 746 1203 est,
794 1138 1064 1193 iracundia
1112 1153 1240 1191 vero
1286 1139 1572 1192 assuetudo
1605 1155 1618 1190 :
1653 1138 1987 1215 aﬁectionem
2039 1150 2214 1195 autem

642 1229 833 1285 Cicero
854 1230 1007 1283 vocat
1031 1244 1243 1283 omnem
1276 1231 1661 1298 permotionem
1692 1246 1796 1285 non
1829 1232 1988 1285 animi
2020 1234 2213 1297 solum,

642 1323 735 1377 sed
764 1332 817 1376 et
845 1322 1105 1389 corporis,
1145 1322 1198 1373 id
1240 1323 1379 1388 quod
1411 1321 1674 1374 dialectici
1711 1324 1874 1375 nostri
1908 1323 2213 1391 dispositio-

642 1429 763 1470 nem
793 1422 983 1467 vocant
1019 1428 1031 1464 :
1067 1412 1510 1479 quemadmodum
1549 1413 1689 1477 quod
1733 1413 1808 1467 illi
1848 1413 2083 1467 habitum
2127 1430 2218 1468 vo—

639 1514 786 1573 cant,
806 1504 995 1558 melius
1016 1503 1475 1563 consuetudinem,
1499 1503 1584 1557 vel
1610 1517 1784 1567 usum,
1810 1504 1890 1558 vel
1921 1506 2216 1559 assuetudi-

642 1612 764 1651 nem
805 1604 1076 1659 vocarent,
1109 1604 1165 1647 ut
1201 1596 1270 1647 sit
1314 1594 1522 1648 aliectio
1566 1603 1782 1657 tremor,
1826 1596 1912 1663 qui
1960 1611 2025 1650 ex
2072 1605 2216 1651 metu

642 1686 929 1756 provenit,
983 1685 1270 1739 assuetudo
1313 1699 1439 1739 vero
1480 1694 1679 1739 tremor
1721 1684 1810 1754 qui
1848 1701 1910 1739 ex
1953 1687 2101 1767 senio
2132 1688 2212 1741 vel

642 1777 828 1831 morbo
853 1777 1090 1829 relictus.
1122 1776 1416 1830 AGRICOLA.

712 1865 982 1935 Incubuit]
1030 1866 1132 1919 Per
1159 1867 1522 1933 metaphoram
1547 1867 1743 1921 dictum
1775 1879 1889 1933 est,
1932 1870 1982 1923 id
2011 1880 2093 1925 est
2131 1873 2203 1925 in-

644 1959 808 2013 vasit:
843 1958 1058 2026 pr0prie
1086 1958 1227 2011 enim
1272 1972 1431 2026 super
1460 1958 1599 2011 aliud
1620 1959 1817 2026 jacere.
1857 1961 2029 2031 \‘irg.:

799 2043 1117 2100 Incubuitque
1142 2051 1256 2089 toto.

643 2120 930 2175 AGRICOLA.
2050 2178 2053 2179 ν

716 2208 803 2263 Uti
828 2225 963 2262 nunc
981 2210 1181 2281 mentis]
1206 2211 1406 2265 Dictum
1435 2224 1512 2267 est
1544 2215 1608 2267 ad
1636 2216 1779 2271 illam
1804 2219 2046 2287 ﬁguram,
2074 2225 2212 2278 sicut

644 2306 886 2369 dicimus,
918 2322 1034 2360 sum
1059 2308 1192 2361 laetze
1222 2309 1437 2362 mentis.
1463 2310 1675 2365 Ovidius
1702 2330 1713 2364 :
1956 2294 1970 2311 ’

795 2396 854 2446 Ει
881 2397 1037 2446 vultus
1059 2397 1272 2446 melioris
1291 2401 1402 2449 eris.

644 2477 907 2546 habetque
932 2479 1155 2548 gratiam
1181 2493 1286 2533 non
1314 2480 1620 2537 indecoram
1648 2484 1734 2538 illa
1770 2486 1941 2540 forma
1972 2488 2207 2543 dicendi.

643 2568 929 2622 Acmcou.
2015 2584 2025 2595 ‘

719 2658 961 2712 Nondum
991 2670 1038 2713 te
1064 2662 1330 2724 validiora,
1363 2663 1493 2733 etc.]
1520 2665 1698 2733 Longe
1720 2677 1773 2720 et
1802 2671 2005 2724 crebra:
2040 2681 2213 2727 trans-

644 2748 873 2801 lationes
922 2749 1225 2817 conjunctaa
1274 2757 1426 2815 sunt,
1467 2764 1521 2806 et
1574 2769 1741 2823 prope
1790 2758 1843 2810 in
1901 2760 2209 2829 allegoriam

644 2837 865 2891 vertitur
894 2839 1083 2892 oratio.
1115 2844 1401 2893 AGBICOLA.

713 2924 836 2979 Non
863 2927 1065 2995 quidem
1102 2929 1280 2994 pulsus
1319 2944 1390 2994 es,
1424 2932 1512 2982 sed
1562 2933 1822 3004 aberrasti]
1856 2936 2110 3005 Loquitur
2145 2955 2211 2994 ex

641 3016 944 3071 Stoicorum
975 3021 1260 3083 sententia,
1293 3022 1381 3087 qui
1412 3024 1558 3075 aiunt
1592 3026 1858 3081 hominem
1917 3031 2210 3097 sapientem

582 3152 587 3155 .
642 3104 856 3159 civitate
879 3105 1070 3174 depelli
1101 3123 1205 3162 non
1238 3124 1417 3175 posse,
1447 3113 1544 3164 nisi
1576 3114 1687 3179 ipse
1715 3118 1887 3182 pravis
1908 3122 2209 3188 cupiditati-
2238 3122 2281 3181 C

642 3198 744 3251 bus
773 3198 941 3252 victus
968 3198 1179 3253 aberret
1216 3200 1285 3254 ab
1314 3216 1397 3256 ea.
1430 3204 1617 3259 Cicero
1648 3207 1697 3258 in
1738 3208 2025 3266 Paradoxis
2063 3230 2076 3267 :
2107 3216 2206 3269 Sa-

641 3286 835 3355 pientis
864 3288 1074 3341 animus
1112 3291 1476 3358 magnitudine
1520 3298 1751 3364 censilii,
1793 3300 2074 3357 tolerantia
2125 3323 2209 3361 re-

642 3389 757 3427 rum
787 3376 1151 3441 humanarum,
1177 3383 1625 3449 contemplatione
1650 3386 1895 3455 fortunae,
1925 3395 2207 3450 virtutibus

644 3461 879 3531 denique
905 3465 1149 3519 omnibus
1183 3477 1238 3520 ιιι
1267 3473 1533 3526 moenibus
1560 3485 1744 3543 septus
1770 3481 2014 3537 vincetur
2040 3496 2092 3540 et
2117 3502 2208 3541 ex-

642 3553 978 3622 pugnabitur,
1005 3556 1094 3624 qui
1124 3572 1189 3611 ne
1217 3561 1433 3615 civitate
1463 3564 1675 3631 quidem
1699 3570 1819 3636 pelli
1854 3578 2065 3638 potest?

711 3644 851 3698 Ἀλλά
894 3642 961 3704 εἷς
1007 3647 1248 3721 βασιλεὺς
1278 3650 1433 3713 ἔστιν,
1480 3653 1550 3715 εἷς
1597 3661 1852 3735 κοίρανος]
1891 3664 2013 3719 Hmc
2047 3671 2205 3725 verba

641 3740 767 3785 sunt
809 3734 860 3785 in
882 3736 1176 3805 exemplari
1228 3742 1366 3807 quod
1402 3741 1743 3799 doctissimus
1773 3748 2037 3807 Caasarius
2078 3759 2207 3813 mihi

638 3822 1015 3878 commodavit.
1048 3826 1470 3895 Interpretantur
1494 3845 1669 3887 autem
1692 3837 1787 3890 sic.
1814 3841 1917 3895 Sed
1951 3858 2087 3898 unus
2111 3862 2202 3901 rex

639 3916 744 3973 est,
774 3925 909 3965 unus
941 3911 1216 3969 Dominus.
1241 3915 1511 3972 Habentur
1540 3931 1594 3975 ct
1625 3925 1701 3977 sic
1746 3926 1800 3980 in
1829 3930 2017 3985 eodem
2066 3950 2207 3990 mar-

636 3997 760 4091 giae
806 4003 1033 4068 ascripta
1054 4044 1069 4068 ,
1094 4004 1240 4060 ’Λλλά
1262 4003 1330 4068 εἷς
1379 4011 1605 4085 κοίρανος
1640 4011 1798 4084 ἔστιν,
1833 4016 1902 4079 εἷς
1930 4022 2202 4091 βασιλεὺςε

637 4073 743 4140 Sed
774 4104 908 4149 unus
958 4091 1207 4148 dominus
1257 4105 1357 4158 est,
1392 4073 1527 4151 unus
1577 4117 1689 4156 rex.
1731 4104 1786 4157 In
1823 4073 2042 4175 epistola
2082 4130 2206 4168 vero

635 4176 903 4232 Edicollii
925 4180 1079 4247 paulo
1101 4182 1274 4249 aliter,
1298 4183 1378 4244 Εἷς
1400 4194 1628 4262 κοίρανος
1650 4190 1809 4262 ἔστω,
1839 4193 1917 4257 εἷς
1939 4200 2197 4268 βασιλεύςῖ

636 4266 785 4323 Unus
813 4268 1062 4325 dominus
1084 4272 1171 4338 sit,
1206 4290 1338 4329 unus
1361 4293 1475 4330 rex.
1521 4282 1766 4348 Agricola
1799 4266 1945 4341 vero
1971 4290 2109 4347 hunc
2150 4294 2201 4347 in

632 4360 849 4414 modum
882 4361 1031 4432 legit,
1062 4360 1133 4425 εἷς
1155 4367 1323 4443 κύριός
1346 4369 1501 4436 ἐστιν,
1529 4369 1599 4433 εἷς
1627 4374 1883 4443 βασιλεὺς.
1919 4381 2196 4451 Sqmptum

2321 520 2585 574 quemque
2609 515 2845 559 nostrum
2878 505 2992 572 ejus
3024 505 3206 559 mundi
3247 520 3368 560 esse
3395 516 3615 574 partem.
3670 508 3810 562 Idem
3844 511 3896 562 in

2325 596 2655 648 Paradoxis:
2689 595 2827 647 Mors
2862 594 3113 649 terribilis
3142 604 3223 646 est
3254 596 3316 648 iis
3369 611 3594 664 quorum
3626 611 3750 650 cum
3789 601 3838 650 vi
3868 614 3897 650 a

2321 687 2502 741 omnia
2553 688 2984 753 exstinguuntur,
3021 702 3124 738 non
3166 687 3247 739 his
3304 694 3527 754 quarum
3563 688 3676 743 laus
3726 696 3896 745 emori

2320 789 2424 829 non
2451 786 2642 841 potest.
2677 776 2933 829 Exsilium
2969 787 3143 830 autem
3170 777 3406 832 terribile
3430 780 3510 832 his
3530 782 3719 848 quibus
3745 785 3896 852 quasi

2320 870 2755 937 circumscriptus
2802 880 2883 924 est
2929 870 3199 923 habitandi
3255 871 3446 937 locus,
3503 888 3605 925 non
3670 874 3753 928 his
3806 877 3897 944 qui

2319 976 2530 1016 omnem
2562 962 2747 1015 orbem
2780 970 3041 1014 terrarum
3076 975 3233 1013 unam
3292 962 3476 1016 urbem
3522 977 3642 1016 esse
3687 964 3891 1019 dicunt.

2318 1050 2461 1104 Idem
2491 1051 2545 1104 in
2576 1050 2888 1105 Tusculanis
2914 1051 3307 1117 Qumstiorribus
3338 1070 3351 1105 :
3386 1054 3566 1122 Itaque
3588 1055 3651 1108 ad
3681 1072 3894 1111 omnem

2318 1141 2578 1195 rationem
2604 1141 2794 1194 Teucri
2818 1156 2919 1195 vox
2950 1141 3341 1195 accommodari
3381 1152 3583 1207 potest:
3611 1144 3783 1198 Patria
3814 1158 3897 1201 est

2319 1232 2619 1299 ubicunque
2649 1240 2735 1284 est
2764 1231 2923 1285 bene.
2950 1232 3199 1286 Socrates
3226 1230 3439 1299 quidem
3471 1247 3592 1286 cum
3621 1248 3897 1302 rogaretur

2316 1325 2643 1387 cujatensem
2697 1337 2818 1375 esse
2865 1323 3089 1386 diceret,
3121 1322 3442 1376 mundanum
3491 1323 3678 1393 inquit.
3712 1326 3897 1380 Totius

2317 1414 2462 1468 enim
2494 1415 2676 1468 mundi
2699 1431 2757 1469 se
2781 1416 3008 1468 incolam
3032 1426 3085 1470 et
3112 1418 3281 1471 civem
3312 1419 3690 1474 arbitrabatur.
3739 1423 3894 1475 Prosa

2316 1518 2433 1571 per,
2459 1505 2696 1560 eruditus
2728 1514 2782 1559 et
2810 1506 3145 1562 Christianus
3178 1519 3329 1576 poeta
3354 1527 3367 1565 :

2414 1598 2518 1645 Non
2543 1604 2709 1647 metuo
2735 1599 2982 1653 exsilium,
3010 1600 3215 1647 mundus
3246 1601 3415 1649 domus
3437 1604 3661 1651 omnibus
3682 1617 3771 1651 una
3798 1613 3893 1653 est.

2319 1677 2478 1732 Divus
2510 1680 2826 1732 Ambrosius
2856 1683 2905 1732 in
2938 1681 2969 1734 6
2998 1683 3155 1747 epist.
3185 1701 3195 1733 :
3234 1684 3565 1754 Quocunque
3610 1691 3896 1742 accesserit

2245 1773 2290 1829 Β
2317 1768 2545 1836 sapiens,
2580 1769 2771 1835 ubique
2792 1770 2922 1821 civis
2944 1779 3046 1833 est,
3072 1772 3266 1839 ubique
3290 1789 3385 1826 sua
3418 1776 3595 1828 omnia
3623 1778 3893 1847 intelligit,

2314 1872 2574 1924 nusquam
2603 1873 2660 1910 se
2693 1861 3049 1927 peregrinum,
3084 1877 3340 1930 nusquam
3375 1863 3636 1933 hospitem
3665 1869 3888 1935 judicat.

2313 1946 2710 2015 Theophrastus
2731 1948 2904 2002 dicere
2920 1952 3119 2004 solebat
3136 1952 3348 2007 doctum
3370 1955 3657 2023 hominem,
3685 1976 3748 2013 ex
3776 1976 3892 2015 om-

2314 2038 2470 2091 nibus
2497 2039 2689 2104 solum,
2723 2041 2957 2106 nequein
2989 2042 3176 2095 alienis
3208 2044 3336 2098 locis
3376 2048 3706 2116 peregrinum
3747 2066 3890 2117 esse,

2317 2143 2487 2196 neque
2508 2129 2715 2195 inOpem
2746 2132 3059 2186 amicorum.
3087 2134 3247 2187 Vetus
3278 2136 3517 2205 adagium
3543 2148 3625 2192 est
3648 2158 3657 2191 :
3680 2140 3891 2205 Quaevis

2316 2224 2453 2268 terra
2480 2220 2668 2284 patria,
2694 2234 2797 2287 quo
2814 2221 3162 2275 admonemur
3192 2226 3361 2278 virum
3392 2232 3679 2295 sapientem
3707 2246 3769 2284 ac
3796 2232 3890 2283 bo-

2315 2321 2460 2370 num,
2495 2307 2791 2376 ubicunque
2804 2314 3034 2377 gentium
3050 2314 3256 2378 vixerit,
3277 2315 3480 2370 l'elicem
3504 2333 3642 2371 eSSt'.
3658 2320 3809 2373 Ovid.
3836 2323 3888 2375 in

2316 2394 2485 2447 Fastis
2512 2411 2525 2445 :
3103 2419 3106 2422 ’

2436 2485 2592 2531 Omne
2614 2483 2767 2531 solum
2794 2486 2899 2533 l'orti
2925 2490 3074 2546 patria
3101 2498 3193 2547 est,
3223 2498 3274 2539 ut
3304 2495 3515 2558 piscibus
3540 2508 3729 2557 zequor.

2316 2563 2562 2632 Papinius
2590 2564 2641 2618 in
2671 2565 2941 2620 Thebaide
2966 2587 2979 2620 :

2446 2656 2601 2705 Omne
2628 2657 2809 2705 homini
2836 2660 2997 2709 natale
3022 2662 3194 2712 solum.

2390 2738 2562 2809 Eijus
2578 2740 2813 2795 exsulare
2842 2760 2939 2795 non
2965 2744 3090 2814 esse]
3126 2745 3178 2798 Id
3226 2758 3304 2800 est
3334 2764 3435 2800 non
3470 2750 3631 2804 licere
3660 2754 3707 2805 ei
3730 2767 3886 2806 exsu-

2316 2827 2418 2882 lem
2447 2845 2583 2896 esse,
2608 2847 2703 2885 seu
2732 2834 2836 2900 pati
2870 2835 3136 2888 exsilium.
3163 2836 3279 2891 Meo
3305 2839 3506 2906 judicio
3533 2843 3777 2897 exsulare
3801 2844 3884 2898 hie

2316 2922 2533 2973 verbum
2566 2933 2664 2985 est,
2700 2927 2905 2978 tametsi
2934 2942 3089 2981 secus
3116 2929 3310 2982 sentiat
3334 2931 3597 2999 Agricola.
3634 2934 3809 2990 Potest
3832 2948 3884 2990 et

2316 3013 2392 3062 sic
2429 3013 2643 3075 exponi,
2687 3014 2771 3079 jus
2802 3017 3065 3081 exsulare,
3107 3017 3205 3071 hoc
3234 3030 3315 3073 est
3357 3021 3443 3089 jus
3483 3025 3755 3079 exsulandi
3784 3067 3798 3091 ,
3831 3038 3883 3080 ut

2318 3104 2453 3169 apud
2489 3104 2761 3156 Horatium
2793 3124 2803 3155 :
3054 3100 3056 3103 ’

2863 3196 3077 3258 Tempus
3095 3202 3227 3249 abire
3252 3203 3333 3251 tibi
3356 3219 3368 3261 ;

2776 3278 2823 3330 id
2847 3292 2925 3331 ρει
2943 3289 3146 3347 tempus
3177 3285 3425 3339 abeundi.

2856 3368 2919 3421 IN
2960 3370 3243 3425 METRUM
3288 3373 3375 3427 VI.

2383 3450 2507 3503 Cum
2536 3451 2713 3506 Phoebi
2739 3456 2919 3527 radiis]
2967 3458 3193 3512 Carmen
3227 3460 3325 3514 hoc
3351 3478 3413 3515 ex
3458 3466 3878 3530 praecedentibus

2314 3554 2412 3605 pen
2438 3545 2543 3593 let:
2597 3543 2718 3610 quia
2773 3544 2912 3597 enim
2959 3548 3203 3612 praedixit
3260 3548 3601 3619 Philos‘0phia
3641 3556 3778 3610 velle
3826 3575 3885 3612 se

2313 3628 2537 3695 primum
2574 3633 2708 3684 mala
2740 3645 2791 3687 ct
2825 3635 3037 3689 dolores
3082 3637 3247 3691 Boetii
3289 3642 3589 3697 mitioribus
3629 3649 3882 3702 remediis

2312 3719 2543 3785 mollire,
2579 3731 2632 3774 ut
2659 3724 2735 3775 sic
2764 3724 2955 3779 deinde
2977 3725 3040 3777 ad
3073 3730 3278 3782 acriora
3323 3732 3674 3787 medicamina
3700 3740 3879 3804 perci-

2310 3810 2499 3876 pienda
2526 3812 2700 3879 aptior
2724 3814 2896 3868 iicret.
2942 3818 2994 3868 In
3027 3818 3125 3871 hoc
3146 3821 3380 3876 carmine
3410 3824 3574 3891 velut,
3606 3834 3875 3880 communi

2310 3901 2534 3965 quadam
2559 3905 2843 3969 sententia,
2877 3908 3111 3961 ostendit
3134 3910 3183 3961 in
3218 3912 3464 3965 omnibus
3494 3915 3651 3967 rebus
3678 3917 3747 3968 ita
3786 3918 3881 3969 de-

2310 3988 2436 4042 bere
2468 3990 2603 4054 ﬂeri,
2638 4001 2693 4044 ut
2723 3996 2970 4062 quodque
2992 4011 3087 4051 suo
3117 4010 3355 4069 tempore
3395 4019 3712 4075 peragatur:
3736 4010 3877 4077 quod

2308 4077 2351 4129 si
2402 4088 2522 4132 ante
2569 4089 2777 4149 tempus
2809 4084 3151 4149 festinemus,
3190 4092 3271 4144 vel
3301 4101 3453 4145 extra
3485 4102 3692 4162 tempus
3720 4112 3879 4150 cone-

2308 4182 2428 4220 mur
2452 4169 2669 4236 aliquid,
2701 4171 2891 4226 frustra
2946 4191 3042 4229 nos
3070 4187 3141 4230 et
3168 4180 3284 4233 sine
3327 4181 3513 4236 ell'ectu
3545 4186 3878 4239 Iaboraturos

2306 4272 2446 4312 esse.
2479 4261 2702 4315 Mettum
2727 4272 2809 4316 est
2831 4264 3164 4335 Glyconiuin,
3190 4272 3384 4326 dictum
3406 4274 3473 4326 ab
3502 4288 3720 4331 auctare
3749 4279 3878 4346 Gly-

2304 4363 2437 4402 cone
2482 4368 2494 4401 :
2543 4354 2856 4415 trimetrum,
2902 4356 3001 4410 hoc
3037 4370 3119 4412 est
3163 4362 3329 4415 tribus
3356 4365 3574 4431 pedibus
3603 4378 3875 4430 constans,

632 4458 797 4506 estex
824 4451 1180 4524 Homero,qui
1212 4441 1262 4510 in
1294 4462 1525 4515 secunda
1572 4441 1762 4521 Iliados
1800 4441 2083 4540 rhapsodia
2125 4476 2203 4530 sic
2230 4484 2283 4542 D
2306 4441 2543 4505 Spondeo
2574 4452 2626 4542 (ξι
2655 4444 2859 4542 quam”
2901 4447 3147 4542 daqylis'
3186 4454 3319 4507 Dic"
3349 4461 3436 4523 qm
3476 4460 3572 4523 pel:
3610 4470 3876 4523 msmem’

632 4536 831 4608 inquit:

770 4631 871 4682 Οὐκ
891 4633 1075 4702 ἀγαθὸν
1104 4635 1473 4711 πλουκοιρανίη,
1498 4640 1567 4701 εἷς
1588 4649 1816 4721 κοίρανος
1852 4649 2004 4717 ἔστω,

768 4717 849 4779 Εἷς
864 4722 1108 4793 βασιλεύς
1130 4743 1141 4775 :

630 4810 677 4863 id
710 4820 811 4877 est,
855 4830 961 4867 non
987 4816 1181 4873 bonum
1231 4824 1514 4878 multorum
1544 4827 1835 4885 dominatio
1866 4850 1879 4897 ;
1917 4852 2051 4891 unus
2099 4829 2195 4894 do-

625 4903 801 4956 minus
827 4904 915 4967 sit,
940 4920 1078 4959 unus
1106 4923 1223 4974 rex,
1252 4915 1394 4980 quod
1420 4918 1500 4985 (ut
1526 4918 1770 4989 Philippo
1793 4924 2056 4983 Beroal'do
2078 4932 2193 5000 pla—

624 4991 731 5058 cet)
762 5007 867 5047 uno
896 5009 1053 5050 versu
1080 4998 1157 5053 sic
1178 5002 1324 5056 reddi
1352 5015 1560 5074 potest,

775 5083 879 5193 :3:
902 5099 1024 5196 32::
1047 5097 1098 5137 ut
1118 5091 1274 5152 multi,
1301 5096 1387 5144 sed
1410 5100 1635 5162 princeps
1655 5104 1868 5164 imperet
1891 5122 2035 5166 unus,

620 5223 908 5281 Possumus
933 5237 988 5283 et
1014 5231 1091 5285 sic
1120 5233 1366 5300 reddere,

765 5316 873 5426 ἓξὲξ
1045 5320 1304 5373 multorum
1327 5326 1607 5390 dominatio,
1633 5334 1695 5381 sit
1711 5335 1952 5398 dominus,
1977 5344 2042 5389 sit

687 5476 809 5532 Tute
827 5481 1064 5552 civitatis]
1096 5484 1335 5565 Civit‘atis
1355 5491 1675 5557 sapientum.
1706 5497 1894 5554 Cicero
1937 5503 1988 5555 in
2033 5520 2085 5556 III
2116 5507 2179 5560 tle

616 5561 787 5620 Finib.
816 5566 883 5622 de
903 5569 1095 5626 Stoicis
1117 5561 1242 5630 hare
1262 5578 1421 5632 tradit
1447 5581 1733 5640 :Mundum
1756 5597 1928 5643 autem
1960 5606 2178 5649 censent

614 5652 721 5718 regi
744 5657 960 5716 numine
990 5660 1232 5732 deorum,
1266 5680 1495 5737 eumque
1513 5686 1631 5728 esse
1658 5678 1808 5743 quasi
1832 5693 2169 5738 communem

2305 4543 2424 4581 cum
2455 4532 2632 4585 omnia
2673 4534 2877 4589 fervent
2906 4540 3188 4605 caloribus,
3249 4559 3426 4599 serere
3471 4550 3630 4615 volet,
3680 4552 3877 4605 frustra

2302 4621 2536 4687 sperabit
2567 4639 2793 4678 messem
2834 4642 2848 4679 :
2881 4628 2959 4681 sic
2984 4632 3140 4682 etiam
3169 4649 3262 4700 per
3302 4636 3531 4691 hiemem
3563 4641 3726 4694 violas
3768 4658 3875 4695 nan

2302 4724 2420 4762 esse
2448 4711 2714 4779 legendas,
2748 4729 2846 4768 nec
2870 4732 2996 4769 uvas
3014 4720 3341 4787 colligendas
3372 4741 3526 4788 vere;
3561 4728 3699 4782 Deus
3723 4732 3872 4783 enim

2302 4798 2547 4851 omnibus
2571 4801 2730 4854 rebus
2760 4812 2995 4870 tempora
3020 4822 3111 4860 sua
3145 4809 3311 4876 dedit,
3343 4830 3461 4883 qua:
3505 4812 3595 4885 qui
3648 4834 3751 4870 non
3783 4834 3867 4873 se-

2299 4897 2511 4954 quetur,
2573 4906 2673 4942 non
2728 4893 2941 4946 habebit
2980 4898 3155 4950 laetum
3203 4903 3359 4957 linem
3399 4920 3576 4958 rerum
3624 4923 3867 4961 suarum.

2299 4979 2589 5033 AGBICOLA.

2368 5069 2494 5121 Cum
2526 5070 2700 5127 Phoebi
2721 5076 2880 5131 radiis
2917 5093 3088 5147 grave,
3117 5084 3246 5154 δια]
3304 5087 3495 5141 Totum
3538 5093 3869 5160 periphrasis

2294 5168 2392 5221 est,
2428 5162 2477 5213 id
2508 5172 2591 5215 est
2616 5164 3016 5226 circumlocutio
3046 5177 3265 5229 mstatis.
3288 5181 3571 5233 Aeatcout.

2364 5248 2584 5320 Cancri]
2634 5252 2838 5310 Cancer
2890 5272 2971 5314 est
3023 5264 3228 5332 signum
3274 5270 3516 5336 cmleste,
3566 5271 3618 5324 in
3646 5286 3752 5341 quo
3779 5277 3863 5327 sol

2289 5346 2472 5391 a-state
2530 5339 2651 5393 facit
2704 5346 3011 5415 solstitium,
3067 5370 3171 5423 quo
3222 5370 3462 5427 tempore
3501 5362 3863 5422 fervidissima

2284 5435 2439 5478 aestas
2465 5438 2563 5480 est.
2598 5432 2885 5491 AGBICOLA.

2357 5512 2703 5588 Νερρηιὶὸαδ]
2752 5521 2954 5591 Negare
2996 5532 3186 5587 dicitur
3221 5547 3268 5589 et
3295 5538 3469 5593 verbis
3501 5541 3757 5611 abnuere,
3799 5556 3859 5598 ut

2282 5606 2496 5661 Terent.
2531 5608 2582 5660 in
2615 5608 2912 5670 Eunucho:

2400 5699 2498 5759 Ait,
2518 5700 2625 5758 aio;
2649 5711 2811 5763 uegit,
2838 5721 2982 5771 nego.
