4216 6256
345 453 446 508 9-53

345 583 396 623 et
426 582 588 636 opere
622 579 728 621 non
754 562 995 630 obsequi.
1029 560 1274 614 Lucanus
1311 560 1362 612 in
1387 559 1559 625 primo
1586 575 1597 606 :

837 655 1148 713 Summisque
1174 656 1403 710 negatum

466 720 607 769 Stare
625 718 726 767 diu.

347 809 635 858 Acutcou.

419 888 614 959 Saleio]
653 886 841 942 Sulcus
880 891 961 937 est
990 881 1193 936 cavitas
1221 879 1448 948 oblonga
1490 877 1576 930 illa
1627 889 1745 942 qu:e
1781 875 1918 925 inter

335 995 546 1038 terram
581 981 828 1047 utrinque
853 975 920 1029 ah
944 983 1123 1028 aratro
1149 973 1372 1041 disjecta
1411 971 1464 1024 in
1495 968 1635 1036 agris
1665 963 1917 1031 relinqui-

346 1089 453 1134 tur.
477 1077 764 1130 Acmcou.

415 1160 682 1234 Credidit]
711 1159 944 1215 Credere
996 1156 1210 1226 proprie
1252 1152 1515 1221 significat
1561 1149 1714 1202 alicui
1761 1146 1916 1200 tidem

343 1261 620 1322 adhibere,
653 1254 792 1310 unde
806 1253 1026 1307 credere
1051 1251 1300 1315 dicimus,
1347 1243 1629 1314 aliquando
1665 1243 1912 1296 commit-

342 1362 458 1407 tere
485 1347 686 1418 aliquid
727 1343 900 1406 alteri,
931 1343 1016 1397 vel
1067 1342 1296 1404 tradere,
1330 1346 1386 1391 ut
1413 1337 1689 1405 pecuniam
1721 1335 1802 1388 vel
1835 1349 1918 1388 se-

344 1437 550 1495 cretum
583 1437 751 1505 :,.quia
781 1434 934 1502 cuius
965 1432 1085 1486 ﬁdei
1119 1446 1220 1483 non
1245 1429 1533 1492 credimus,
1569 1427 1640 1480 illi
1673 1426 1782 1480 fere
1813 1439 1916 1478 non

347 1531 600 1585 tradimus
623 1527 784 1580 ullam
816 1540 949 1578 rem.
987 1525 1276 1576 Aentcom.

416 1616 668 1686 Quemne]
699 1616 789 1670 Sic
829 1613 1042 1682 proprie
1065 1611 1287 1665 facimus
1312 1610 1667 1680 possessivum
1699 1624 1726 1660 a
1755 1621 1916 1675 quer-

345 1726 434 1774 cu,
460 1723 564 1763 non
593 1705 902 1775 quercinas,
929 1712 986 1757 ut
1003 1703 1188 1771 vulgus
1209 1701 1438 1757 barba-re
1459 1701 1607 1754 dicit.
1628 1700 1720 1753 Est
1741 1706 1916 1750 autem

345 1813 571 1870 quercus
605 1798 767 1851 arbor
792 1794 1104 1864 glandifera,
1131 1794 1305 1861 ignota
1339 1792 1537 1846 nostris
1580 1789 1916 1858 regionibus:

1246 397 1622 501 MUi‘MELLII
1661 444 1752 499 ET
1790 436 2154 495 AGRICOLIE
2196 433 2707 490 COMMENTABIA.

1948 555 1995 608 A
2026 560 2145 602 ctus
2183 558 2280 611 est,
2315 549 2401 616 qui
2428 556 2560 601 teste
2581 547 2737 599 Festo
2763 541 3035 610 Pompeio,
3055 541 3195 592 ﬁlum
3226 537 3594 607 eratlaneum,

3501 419 3601 479 946

2023 653 2130 707 quo
2162 639 2375 700 ﬂamen,
2405 647 2562 706 caput
2607 637 2999 702 circtimligans.
3046 636 3242 696 crines,
3274 645 3341 683 ne
3379 642 3600 698 sparge-

2023 745 2226 794 rentur,
2253 731 2576 783 continebat.
2607 730 2898 782 Aeatcout.

2095 818 2304 890 O/ﬁciis]
2328 819 2569 872 Ofﬁcium
2600 816 2885 886 aliquando
2926 812 3170 866 meritum
3203 808 3464 879 signiﬁcat
3510 805 3594 861 vel

2021 910 2365 964 beneficium.
2394 909 2580 962 Cicero
2610 907 2696 960 int
2726 905 2981 973 Epistol.:
3011 906 3116 971 Ego
3144 900 3288 954 omni
3326 897 3504 953 ofﬁcio
3531 907 3595 951 ac

2019 999 2196 1067 potius
2247 999 2439 1068 pietate
2487 998 2696 1052 caeteris
2737 1012 2858 1063 erga
2909 1004 2960 1048 te
3017 991 3282 1047 satisfacio
3322 988 3590 1042 omnibus.

2021 1089 2171 1144 Unde
2183 1099 2235 1144 et
2247 1090 2307 1144 of
2307 1090 2516 1143 liciosus
2536 1089 2729 1144 dicitur
2747 1088 2796 1141 in
2817 1088 2912 1140 hac
2926 1085 3329 1155 signiﬁcatione.
3342 1079 3594 1148 Quando-

2019 1194 2124 1246 que
2151 1179 2417 1248 signiﬁcat
2455 1179 2509 1232 id
2555 1178 2696 1248 quod
2741 1177 2970 1247 quisque
3018 1190 3083 1229 ex
3120 1172 3453 1243 professione
3498 1165 3592 1222 sua

2021 1269 2188 1325 facit:
2213 1272 2352 1324 sicut
2380 1269 2613 1323 ofﬁcium
2645 1268 2934 1322 mediciest
2963 1261 3428 1330 sanare,‘ofﬁcium
3459 1257 3592 1312 fabri

2019 1372 2247 1428 struere,
2297 1363 2532 1416 ofﬁcium
2563 1361 2686 1415 boni
2719 1359 2816 1411 viri
2850 1367 2996 1412 recte
3027 1358 3217 1408 facere.
3272 1353 3360 1408 Sic
3405 1350 3594 1405 Cicero

2020 1455 2214 1508 librum
2262 1454 2575 1508 Ofﬁciorum
2617 1450 2919 1520 appellavit,
2974 1449 3222 1518 quoniam
3278 1445 3388 1499 illic
3421 1443 3488 1498 de
3517 1442 3592 1495 ol-

2021 1544 2156 1598 ﬁciis
2215 1544 2335 1598 boni
2394 1543 2490 1596 viri
2547 1541 2782 1595 disserit.
2817 1541 3104 1594 AGRICOLA.

2093 1631 2375 1704 Pra'cipiti]
2407 1635 2448 1686 A
2492 1646 2600 1700 prce
2637 1639 2690 1683 et
2727 1639 2889 1697 caput
2931 1629 3127 1681 dictum
3167 1635 3267 1688 est,
3297 1624 3594 1688 diciturque

2021 1723 2159 1777 mitti
2185 1736 2447 1792 prmreps,
2473 1721 2560 1790 qui
2595 1721 2673 1774 sic
2705 1720 2931 1772 mittitur
2959 1717 3025 1770 ab
3047 1717 3174 1778 alto,
3207 1724 3263 1768 ut
3295 1721 3452 1781 caput
3480 1713 3594 1780 ejus

2023 1813 2308 1882 praecedat,
2333 1822 2387 1867 et
2416 1821 2707 1876 sequantur
2755 1809 2936 1877 pedes.
2969 1808 3168 1862 Deinde
3197 1815 3249 1858 et
3280 1805 3427 1858 locus
3465 1803 3594 1856 diei-

345 1890 486 1959 q‘wd
515 1888 658 1943 enim
691 1900 788 1939 "os
815 1898 1068 1978 Ψηῗτωω
1099 1897 1373 1948 vocamur
1404 1883 1617 1952 proprie
1647 1881 1812 1935 τουπ
1841 1877 1919 1931 ἀί·
1951 1897 1996 1954 Β
2026 1877 2110 1958 tur
2132 1919 2394 1974 praeceps,
2426 1905 2511 1973 qui
2544 1905 2750 1957 directe
2784 1914 2838 1956 et
2878 1903 2942 1955 ad
2972 1899 3401 1971 perpendiculum
3431 1898 3483 1950 in
3515 1897 3594 1950 al;

344 1981 498 2034 citur.
528 1978 820 2033 Acmcou.

417 2067 745 2136 Purpureum
784 2064 981 2134 uentus]
1035 2064 1147 2118 Non
1205 2064 1335 2118 satis
1377 2062 1712 2116 considerate
1749 2059 1923 2130 posuit

349 2157 562 2212 Boetius
607 2157 705 2209 hoc
769 2155 1115 2222 adjectivum.
1169 2152 1430 2207 Describit
1476 2151 1617 2206 enim
1669 2149 1919 2211 hiemem,

346 2264 452 2318 quo
485 2257 724 2316 tempore
752 2246 877 2299 dicit
903 2245 966 2297 ad
995 2244 1247 2312 legendas
1275 2242 1441 2296 violas
1467 2254 1795 2316 purpureum
1828 2253 1920 2291 ne-

346 2353 466 2392 mus
505 2353 607 2391 nou
639 2352 756 2391 esse
786 2335 1080 2405 petendum
1110 2353 1122 2386 :
1157 2349 1338 2388 verum
1385 2349 1450 2388 eo
1491 2343 1730 2400 tempore
1781 2346 1923 2382 nun-

345 2444 502 2498 quam
535 2442 724 2482 nemus
770 2437 849 2481 est
893 2439 1252 2496 purpureum,
1315 2423 1567 2486 quoniam
1619 2420 1748 2474 nulli
1799 2427 1922 2472 tunc

345 2525 470 2571 sunt.
501 2517 682 2571 ﬂores.
715 2516 860 2584 Ergo
889 2530 1072 2583 parum
1113 2515 1519 2580 circumspecte,
1556 2525 1676 2564 cum
1726 2508 1922 2562 oratio-

346 2623 467 2662 nem
493 2607 559 2679 ad
601 2607 733 2661 illud
767 2616 975 2673 tempus
1000 2605 1216 2666 referat,
1253 2605 1464 2658 videtur
1493 2603 1695 2656 dixisse
1725 2615 1920 2670 purpu-

346 2715 495 2754 reum
522 2713 711 2754 nemus
730 2740 744 2763 ,
779 2699 878 2752 nisi
902 2698 967 2751 ad
993 2698 1231 2752 Graecam
1268 2697 1422 2764 hujus
1452 2695 1600 2750 verbi
1624 2693 1919 2763 proprieta-

347 2799 452 2843 tem
475 2787 674 2841 allusit.
706 2787 782 2841 Illi
809 2785 1108 2862 πορφύρεον,
1135 2787 1182 2838 id
1207 2796 1288 2839 est
1311 2800 1469 2854 porro
1496 2784 1784 2857 φυρόμενον,
1821 2782 1921 2836 hoc

345 2887 428 2934 est
463 2895 680 2949 prorsus
709 2880 925 2932 mistum
957 2887 1010 2932 et
1041 2880 1294 2948 agitatum
1343 2877 1527 2931 dicunt
1566 2893 1580 2928 :
1613 2875 1733 2929 inde
1756 2874 1914 2928 etiam

347 2969 434 3022 hic
481 2983 801 3037 purpureum
852 2983 1039 3022 nemus
1087 2967 1283 3021 dixerit
1317 2967 1510 3041 hiemis
1556 2966 1701 3018 velut
1750 2963 1921 3017 ventis

345 3058 613 3112 turbidum
640 3067 694 3112 et
718 3058 1028 3124 inquietum.
1065 3058 1352 3112 AGBICDLA.

419 3148 633 3220 Nemus]
655 3149 700 3204 A
725 3149 910 3205 Graeco
935 3151 1063 3220 νέμω
1094 3148 1144 3202 id
1178 3159 1261 3202 est
1293 3162 1471 3216 pasco,
1519 3146 1733 3198 dicitur.
1777 3144 1921 3211 Quo-

348 3239 489 3291 niam
516 3240 674 3306 prisci
707 3255 801 3308 per
829 3253 1069 3300 nemora,
1101 3238 1546 3307 quemadmodum
1575 3234 1748 3288 adhuc
1786 3234 1922 3287 mul-
1952 3246 1996 3306 ί]

349 3329 416 3382 tis
443 3328 748 3396 regionibus
777 3329 854 3388 ﬁt,
887 3337 1124 3382 armenta
1152 3328 1454 3396 pascebant.
1487 3329 1775 3380 Acmcom.

417 3416 682 3487 Lecturus]
711 3417 854 3486 Lego
882 3419 1096 3486 preprie
1131 3418 1180 3471 id
1226 3417 1366 3486 quod
1398 3415 1590 3483 colligo
1626 3413 1917 3482 signiﬁcat:

349 3506 486 3560 unde
514 3514 567 3560 et
587 3506 762 3575 legere
805 3506 1012 3561 litteras
1055 3507 1319 3561 dicimus:
1353 3506 1602 3573 quoniam
1626 3503 1922 3573 colligendo

345 3603 402 3649 et
427 3595 796 3665 conjungendo
822 3586 934 3662 eas,
967 3598 1144 3664 verba,
1179 3609 1234 3654 et
1255 3613 1318 3653 ex
1350 3598 1450 3664 his,
1479 3597 1770 3653 sententias
1808 3597 1924 3651 efti-

346 3685 540 3740 cimus.
565 3687 854 3741 Acatcou.

420 3773 706 3844 lit/torruit]
723 3776 772 3829 Id
797 3786 1183 3832 estconcussus
1202 3786 1282 3832 est
1302 3777 1760 3845 veleanperatus.
1790 3776 1922 3830 lior-

349 3876 468 3917 rere
496 3863 712 3932 proprie
741 3875 824 3920 est
853 3875 996 3920 metu
1028 3866 1111 3920 vel
1133 3867 1326 3935 frigore
1345 3867 1580 3920 concuti.
1615 3866 1916 3920 iuvenalis:

598 3963 602 3966 '
626 3952 840 4014 Simplex
866 3967 930 4002 ne
956 3954 1104 4011 furor.
1128 3959 1354 4005 sestertia
1387 3964 1581 4005 centum

472 4011 714 4075 Perdere,
731 4011 788 4062 et
812 4015 1029 4064 horrenti
1053 4018 1260 4065 tunicam
1286 4029 1379 4065 non
1401 4019 1613 4066 reddere
1637 4019 1814 4066 servo?

350 4095 641 4148 AGltICOLA.
719 4129 722 4133 -

425 4180 639 4252 Vernos]
669 4181 772 4236 Ver
795 4183 934 4236 sicut
963 4184 1211 4250 pleraque
1234 4184 1419 4238 Latina
1456 4201 1485 4239 a
1523 4187 1712 4241 Grmco
1737 4189 1799 4262 ἥρ
1821 4189 1919 4242 du-

348 4287 488 4330 ctum
520 4289 622 4341 est,
655 4280 937 4348 praeposita
976 4280 1184 4336 littera:
1221 4283 1350 4338 sicut
1393 4284 1466 4336 illi
1490 4283 1558 4346 ἴς,
1591 4294 1695 4339 nos‘
1733 4287 1811 4340 vis
1841 4288 1921 4340 di-

347 4367 535 4419 cimus.
571 4369 860 4422 AGRICOLA.

421 4455 704 4526 Palmites]
737 4458 989 4512 Dicuntur
1037 4463 1166 4514 rami
1221 4462 1437 4524 vitium,
1502 4466 1748 4532 quoniam
1779 4468 1922 4517 velet

345 4546 608 4614 palpando
638 4548 974 4604 adminiculis
1023 4552 1212 4618 quibus
1239 4562 1601 4606 sustentantur
1621 4555 1912 4606 adltmrenl.

345 4636 634 4692 ΔοιιιεοιΑ.

416 4726 694 4797 Autumno]
718 4730 1040 4783 Autumnum
1075 4731 1272 4784 dictum
1301 4732 1480 4796 credo,
1499 4735 1636 4800 quod
1668 4735 1710 4786 is
1739 4744 1923 4786 auctor

344 4817 585 4876 laborum
627 4821 862 4872 omnium
927 4820 1013 4887 qui
1068 4838 1159 4883 per
1207 4833 1375 4874 totum
1446 4838 1638 4875 annum
1683 4824 1920 4876 colend;c

348 4919 506 4964 terra:
538 4909 920 4978 suscipiuntur,
980 4911 1104 4977 quia
1153 4925 1438 4966 autumnus
1470 4916 1662 4982 estqui
1696 4915 1920 4968 fructum

340 5001 587 5054 laborum
623 5000 802 5054 refert.
842 5005 1130 5056 Acntcou.

416 5093 652 5147 Bacchus
681 5093 698 5163 ]
731 5095 976 5149 Grrcum
1003 5103 1209 5151 nomen
1241 5105 1320 5150 est
1349 5096 1488 5163 quod
1527 5097 1578 5146 Di
1602 5111 1686 5148 um
1713 5095 1819 5148 vini
1852 5099 1924 5146 si.

345 5183 580 5252 gniﬁcat,
611 5193 664 5239 et
687 5184 874 5238 Latine
899 5187 1058 5240 Liber
1088 5198 1234 5254 pater
1263 5186 1478 5238 dicitur.
1505 5188 1791 5239 Acu'com.

420 5272 693 5343 Tempora]
710 5275 944 5344 Tempus
968 5292 995 5328 a
1027 5277 1294 5331 tendendo
1317 5276 1516 5329 dietum
1539 5276 1765 5340 videtur,
1795 5293 1924 5345 quo-

345 5363 487 5414 niam
528 5379 624 5430 per
660 5366 836 5419 omnia
866 5366 1132 5431 tendatur,
1186 5377 1240 5419 et
1286 5368 1673 5433 complectatur
1721 5369 1920 5422 omnia.

347 5455 638 5508 AGRICOLA.
953 5510 956 5512 γ

416 5543 633 5614 Aptans]
671 5544 724 5598 ld
757 5558 834 5598 est
868 5535 1297 5610 accommodans,
1331 5547 1529 5601 dictum
1565 5558 1645 5601 est
1673 5563 1698 5599 a
1745 5559 1923 5602 vetere

343 5634 510 5688 verbo
537 5650 661 5702 apo.
715 5637 853 5703 apis,
886 5651 1066 5704 apere,
1117 5638 1255 5705 quwd
1307 5638 1571 5705 signiﬁcat
1625 5649 1914 5700 connecto,

344 5724 484 5777 unde
515 5735 566 5778 et
593 5727 824 5794 apiscor,
855 5744 880 5778 a
911 5744 1014 5796 quo
1041 5729 1302 5794 :ttlipisCtir
1342 5729 1533 5782 dicitur
1561 5747 1572 5780 :
1610 5731 1744 5782 sicut
1783 5745 1810 5781 a
1845 5729 1918 5780 l‘a-

341 5812 427 5865 cio
457 5814 704 5880 faciscor,
732 5825 784 5870 et
815 5824 990 5870 tamen
1038 5818 1362 5882 proﬁciscor.
1401 5820 1530 5871 llinc
1573 5832 1626 5873 et
1675 5837 1806 5888 apex
1841 5823 1890 5872 di

2026 2006 2129 2050 tum
2163 1997 2349 2061 tendit,
2376 2010 2423 2046 et
2460 2011 2562 2048 non
2593 1994 2854 2064 fastigiate
2874 2004 2927 2047 et
2950 1993 3197 2046 molliter.
3234 1991 3524 2044 Acntcou.

2026 2089 2030 2095 ’
2107 2084 2234 2157 Via]
2260 2087 2320 2142 Ut
2354 2088 2427 2140 ait
2457 2087 2643 2152 Varro,
2679 2101 2708 2139 a
2746 2083 2990 2140 vehendo
3016 2083 3153 2137 dicta
3183 2089 3284 2145 est,
3327 2079 3477 2148 quasi
3505 2092 3595 2131 ve-

2025 2177 2115 2241 ha,
2146 2178 2268 2244 quia
2305 2189 2399 2244 per
2419 2191 2536 2230 eam
2566 2190 2655 2230 res
2680 2174 2965 2238 vehuntur,
3000 2173 3138 2226 sicut
3179 2171 3278 2224 iter
3308 2168 3373 2224 ab
3421 2165 3625 2222 eundo.

2023 2267 2234 2325 dicitur.
2263 2265 2552 2321 AGBICOLA.

2580 2375 2644 2429 IN
2674 2373 2944 2430 PROSAM
2975 2371 3058 2426 Vl.

2095 2469 2326 2522 Primum
2371 2465 2556 2539 igitur]
2585 2466 2682 2520 Hic
2729 2465 3069 2534 PhilosOphia
3102 2459 3599 2530 interrogationibus

2025 2558 2344 2628 quibusdam
2375 2564 2638 2625 praeparat
2693 2556 2926 2609 animum
2977 2552 3143 2606 Boetii
3191 2550 3258 2604 ad
3303 2565 3361 2604 ea
3403 2564 3522 2616 qua:
3547 2549 3598 2601 in

2023 2651 2444 2704 consolationem
2474 2648 2621 2702 illius
2645 2647 2910 2715 prolatura
2940 2653 3043 2710 est,
3068 2643 3256 2697 melius
3269 2639 3596 2708 accipienda.

2025 2741 2208 2808 Itaque
2239 2737 2686 2806 quemadmodum
2733 2745 3022 2804 geometra:
3064 2733 3237 2786 solent
3278 2728 3600 2799 suppositio-

2026 2848 2121 2884 nes
2142 2830 2395 2898 quasdam
2418 2842 2740 2897 proponere,
2765 2828 2958 2895 quibus
2979 2824 3248 2878 concessis
3277 2822 3478 2891 possint
3508 2820 3600 2873 ad-

2027 2919 2263 2972 versario
2293 2918 2342 2972 id
2373 2917 2513 2986 quod
2539 2918 2727 2971 volunt
2752 2932 2819 2971 ex
2853 2916 2956 2968 illis
3001 2915 3389 2975 demonstrare,
3422 2911 3490 2964 ita
3519 2911 3601 2963 hic

2027 3009 2367 3076 Philosophia
2401 3008 2545 3060 facit.
2595 3007 2730 3073 Quia
2785 3006 2926 3060 enim
2955 3005 3062 3057 duo
3091 3011 3217 3056 sunt
3241 3001 3505 3078 praecipua
3536 2998 3600 3052 ad

2027 3098 2418 3152 ostendendum
2464 3097 2604 3166 quod
2656 3097 2785 3149 nihil
2828 3095 3122 3148 debeamus
3167 3095 3388 3146 moleste
3438 3092 3603 3154 ferre,

2027 3189 2277 3258 quidquid
2298 3173 2452 3242 nobis
2479 3187 2684 3240 accidat
2712 3185 2918 3240 advevsi
2942 3226 2960 3253 ,
3019 3199 3240 3254 quorum
3269 3177 3494 3252 primum
3526 3192 3604 3239 est

2029 3279 2147 3344 quia
2176 3279 2311 3330 Deus
2341 3277 2591 3330 mundum
2619 3275 2947 3345 proVidentia
2978 3289 3070 3326 sua
3097 3275 3248 3342 tegit,
3280 3281 3482 3327 certum
3521 3284 3603 3328 est

2030 3367 2159 3420 nihil
2189 3368 2255 3420 ab
2285 3381 2348 3419 eo
2380 3367 2430 3420 in
2464 3366 2661 3419 mundo
2716 3366 2818 3418 nisi
2871 3363 3149 3418 beneﬁeri.
3185 3364 3322 3432 Ergo
3349 3361 3600 3431 quidquid

2026 3462 2092 3512 ab
2123 3461 2213 3513 illo
2255 3460 2410 3512 nobis
2465 3457 2785 3521 immittitur,
2828 3457 3023 3511 bonum
3055 3467 3170 3520 est,
3223 3470 3319 3509 nec
3349 3437 3601 3508 debemus

2028 3560 2243 3618 propter
2262 3550 2335 3615 id,
2359 3550 2724 3618 qualecunque
2744 3548 2919 3609 fuerit,
2939 3547 3138 3601 dolere.
3159 3545 3460 3601 Secundum
3479 3561 3602 3599 vero

2025 3651 2106 3694 est
2164 3641 2283 3710 quia
2319 3641 2478 3694 homo
2505 3649 2586 3693 est
2633 3640 2851 3693 sortitus
2889 3639 3118 3691 animant
3147 3653 3264 3706 qua:
3292 3637 3603 3690 immortalis

2025 3741 2206 3786 estet
2261 3732 2326 3785 ad
2396 3741 2650 3786 aeternam
2717 3729 3096 3783 beatitudinem
3172 3727 3602 3798 consequendam

2026 3826 2301 3888 tacta;est
2331 3838 2436 3876 non
2468 3822 2624 3877 debet
2649 3837 2777 3891 ergo
2825 3821 3101 3890 quisquam
3151 3821 3334 3874 dolere
3387 3830 3602 3888 prepter

2027 3917 2127 3968 ulla
2153 3915 2406 3977 adversa,
2439 3915 2561 3982 quia
2593 3915 2681 3967 illa
2707 3915 2881 3968 brevia
2900 3922 3040 3977 sunt,
3071 3922 3121 3966 et
3143 3927 3234 3980 per
3265 3912 3350 3965 illa
3381 3912 3443 3964 ad
3473 3913 3600 3966 bea-

2026 4007 2302 4061 titudinem
2353 4007 2589 4076 aperitur
2631 4005 2782 4059 nobis
2850 4006 2947 4057 tia.
3007 4005 3145 4060 Sane
3186 4003 3367 4057 Boetio
3412 4003 3600 4070 horum

2027 4107 2310 4169 utrumque
2337 4099 2735 4155 concedendum
2764 4096 2880 4160 fuit,
2933 4113 3037 4150 non
3088 4096 3258 4150 solum
3287 4096 3408 4164 quia
3444 4097 3600 4151 Chri-

2025 4191 2228 4242 stianus
2249 4200 2382 4253 erat,
2407 4188 2500 4242 sed
2527 4189 2684 4242 etiam
2703 4203 2767 4241 ex
2797 4196 2942 4242 secta
2967 4187 3316 4256 philosophia:
3339 4201 3492 4256 quam
3517 4202 3601 4242 se-

2025 4280 2309 4350 quebatur,
2349 4295 2467 4348 quae
2517 4256 2808 4334 eratovetus
2837 4279 3122 4332 Academia
3152 4293 3215 4331 ex
3268 4277 3600 4332 institutione

2026 4370 2284 4423 Platonis.
2312 4369 2558 4438 Epicurei
2584 4368 2797 4438 quidem
2819 4379 3103 4436 utrumque
3132 4378 3184 4421 et
3215 4369 3598 4435 providentiam

2024 4471 2078 4514 et
2103 4461 2292 4512 animm
2323 4460 2773 4513 immortalitatem
2826 4459 3107 4525 negabant,
3156 4465 3209 4510 et
3246 4456 3370 4510 item
3413 4472 3600 4511 omnes

2029 4552 2138 4605 fere
2169 4551 2373 4622 physici
2403 4560 2614 4606 veteres
2634 4591 2648 4613 ,
2681 4565 2903 4618 quorum
2963 4548 3277 4602 sententiam
3309 4549 3446 4618 apud
3501 4563 3600 4600 nos

2028 4641 2302 4716 Lucretius
2343 4642 2392 4693 in
2427 4649 2669 4708 poemate
2697 4639 2911 4706 copiose
2957 4638 3226 4706 explicuit.
3273 4637 3435 4692 Stoici
3477 4653 3602 4706 pro-

2027 4731 2313 4785 videntiam
2345 4730 2433 4783 Dei
2466 4737 2736 4798 regentem
2770 4729 3025 4780 mundum
3055 4726 3344 4796 ponebant,
3379 4727 3602 4781 immor-

2027 4824 2282 4876 talitatem
2311 4823 2609 4874 animorum
2638 4820 2919 4890 negabant.
2947 4821 3084 4888 Ergo
3107 4819 3292 4872 sicum
3316 4818 3396 4872 his
3421 4819 3602 4886 dispu—

2028 4911 2240 4964 tandum
2267 4911 2472 4977 fuisset,
2499 4920 2781 4979 utrumque
2806 4926 2990 4966 eorum
3012 4921 3102 4964 aut
3125 4910 3350 4965 alterum
3373 4911 3601 4979 probano

2030 5003 2152 5055 dum
2184 5010 2308 5054 ante
2361 5011 2497 5065 erat,
2530 5016 2596 5054 ne
2626 5015 2692 5054 ex
2734 5015 2840 5055 non
2884 5001 3144 5056 confessis
3187 5001 3600 5070 procederetur:

2032 5111 2170 5148 mine
2194 5095 2431 5148 Boetiuin
2491 5093 2797 5148 credentem
2849 5094 2946 5147 ista
2987 5094 3114 5148 satis
3159 5093 3257 5147 fuit
3305 5093 3599 5148 admoneri.

2035 5185 2262 5237 l'iitnunt
2293 5202 2419 5253 ergo
2449 5187 2637 5238 horum
2667 5185 2882 5237 Boetius
2924 5185 3170 5239 celeriter
3198 5186 3465 5240 concedit.
3522 5185 3604 5239 Ad

2027 5278 2317 5331 secundum
2351 5291 2480 5332 vero
2509 5293 2628 5330 cum
2659 5277 2998 5346 Philosophia
3030 5278 3080 5331 id
3110 5278 3290 5332 multis
3312 5277 3606 5346 interroga-

2035 5368 2268 5421 tionibus
2294 5379 2515 5422 conetur
2538 5369 2756 5433 elicere,
2791 5378 2850 5420 ut
2877 5377 3056 5422 servet
3083 5368 3332 5422 decorum
3381 5382 3605 5435 persona

2034 5457 2200 5509 ltoetii
2229 5497 2243 5518 ,
2283 5459 2370 5524 qui
2402 5457 2570 5509 tristis
2598 5469 2651 5510 et
2680 5458 2987 5524 perturbato
3009 5457 3184 5508 animo
3216 5468 3352 5521 erat,
3383 5471 3482 5509 nec
3513 5470 3616 5523 po--

2034 5558 2166 5601 terat
2193 5564 2300 5616 pra:
2331 5563 2563 5602 merre
2603 5548 2899 5617 intelligere
2944 5549 3069 5616 quid
3115 5547 3321 5602 diceret
3368 5545 3605 5600 Philoso-

2036 5639 2176 5704 phia,
2209 5638 2341 5691 nihil
2368 5648 2571 5691 certum
2597 5638 2905 5707 respondet,
2947 5653 3066 5692 etim
3098 5637 3146 5690 id
3177 5637 3334 5690 etiam
3369 5636 3604 5706 philoso-
3646 5667 3660 5674 -

2033 5731 2149 5795 phia
2180 5745 2283 5781 non
2311 5741 2495 5798 aperte
2523 5737 2804 5798 proponat,
2831 5729 2924 5783 sed
2961 5737 3134 5783 tamen
3164 5729 3359 5783 elicere
3383 5743 3452 5782 ex
3489 5720 3640 5779 aliis.

2031 5822 2530 5889 interrogationibus
2559 5823 2754 5890 cupiat.
2781 5821 2842 5875 Et
2865 5821 3154 5876 secundum
3178 5822 3387 5890 quidem
3423 5819 3520 5874 hoc
3553 5820 3634 5876 in.
