4216 6256
623 357 723 409 9.57

1153 342 1168 352 ’
1230 361 1567 419 APPENDIX
1607 365 1697 417 AD
1736 366 1979 421 LIBROS
2010 367 2097 420 DF.
2136 368 2647 427 CONr’OLATIONE
2685 373 3175 437 PHILOSOPIIIIE.

3783 384 3890 438 948

619 479 756 530 duas
788 477 1376 547 partitsupphsitiones.
1427 482 1499 533 Ex
1546 483 1647 537 hoc
1673 483 1813 536 enim
1854 485 1992 553 quod
2026 484 2199 536 anima
2232 490 2273 544 A
2306 488 2517 559 Colligit
2577 508 2704 558 ergo
2758 495 2853 547 bas
2895 506 3002 551 tres
3065 496 3457 565 suppositiones
3506 512 3656 551 more
3690 512 3786 552 suo
3818 501 3889 553 ab

620 569 936 622 immortalis
956 577 1059 633 est,
1092 572 1381 638 conjuncto
1426 587 1548 624 cum
1592 589 1655 625 eo
1693 574 1832 641 quod
1864 575 2194 642 providentia

620 663 823 730 regitur
862 662 1109 725 mundus,
1167 664 1511 731 consequitur
1575 666 1731 717 linem
1784 667 1974 719 anima:
2035 667 2197 719 Deum

621 768 764 814 esse,
796 752 896 805 hoc
934 762 1014 805 est
1043 753 1444 819 beatitudinem,
1479 757 1542 808 ad
1567 772 1722 823 quam
1757 771 1785 809 a
1817 757 1925 811 Deo
1954 757 2197 811 ordinata

616 852 718 897 est.
753 844 1222 913 lnterrogatigitur
1246 847 1469 913 primum
1500 847 1845 915 Philosophia
1874 849 2113 903 Boetium
2133 866 2197 903 an

615 935 801 989 credat
854 936 1031 990 divina
1087 940 1293 991 ratione
1339 940 1592 993 mundum
1630 941 1777 1009 regi,
1812 942 1950 1010 quod
1986 942 2199 1010 quidem

615 1024 872 1097 expedite.
926 1027 1136 1081 Boetius
1176 1029 1387 1083 tfatetur
1416 1071 1431 1092 ,
1506 1032 1950 1097 quemadmodum
1998 1033 2106 1099 jam
2149 1032 2198 1084 iu

616 1119 863 1185 proximo
887 1121 1122 1174 carmine
1146 1122 1433 1175 cecinerat.
1454 1124 1651 1176 Deinde
1679 1126 1933 1194 perquirit
1960 1125 2199 1179 Philoso-
2224 1132 2225 1135 “

617 1208 738 1271 phia
769 1223 835 1260 an
866 1210 999 1263 sciat
1035 1210 1249 1264 Boetius
1301 1214 1495 1281 quibus
1543 1215 1917 1283 gubernaculis
1972 1216 2201 1269 mundus

617 1308 851 1367 regatur.
878 1300 955 1353 Ad
991 1301 1131 1368 quod
1155 1303 1446 1370 respondet
1505 1306 1593 1358 vix
1648 1320 1707 1359 se
1739 1307 2034 1374 intelligere
2074 1308 2198 1374 quid

616 1388 757 1441 dicat
780 1390 1122 1459 Philosophia
1146 1409 1161 1455 ;
1199 1393 1378 1461 itaque
1404 1410 1505 1448 non
1532 1395 1684 1449 facile
1712 1412 1869 1464 posse
1892 1412 1948 1451 se
1968 1412 2199 1465 respon-

617 1478 745 1532 dere
775 1479 839 1534 ad
870 1480 1192 1550 interrogata
1219 1499 1232 1534 :
1261 1499 1425 1550 quare
1468 1485 1683 1553 subjicit
1724 1488 2063 1556 Philosoiihia
2096 1505 2200 1542 non

617 1574 811 1627 mirum
860 1588 979 1629 esse
1018 1576 1060 1627 si
1096 1579 1144 1627 in
1174 1592 1233 1629 ea
1278 1578 1578 1645 ignorantia
1630 1589 1715 1629 aut
1760 1594 1943 1633 errore
1992 1588 2203 1648 pertur-

617 1662 858 1716 batione<
888 1664 1081 1732 aliqua:
1110 1666 1344 1719 animum
1376 1667 1493 1734 ejus
1521 1669 1835 1722 invaserint.
1889 1670 1981 1722 Est
2019 1680 2195 1723 autem

620 1753 701 1816 (ut
750 1768 933 1807 verum
991 1754 1226 1825 dicatur)
1268 1767 1385 1824 post
1440 1759 1674 1826 priorem
1728 1759 2198 1828 interrogationem

2308 582 2490 634 ultima
2519 583 2800 651 incipiens.
2834 585 3094 651 Quoniam
3128 588 3270 641 enim
3303 586 3497 640 oblitus
3518 597 3601 641 est
3647 591 3750 652 sui,
3784 592 3888 644 hoc

2304 681 2405 735 est,
2437 674 2604 726 nescit
2632 674 2697 726 ad
2732 675 3086 729 immortalem
3109 692 3169 731 se
3192 677 3568 730 beatitudinem
3608 678 3885 741 destinari,

2306 767 2504 820 idcirco
2536 778 2787 835 tanquam
2830 773 3069 824 exsulem
3102 781 3150 826 et
3176 771 3330 825 bonis
3373 772 3483 826 suis
3522 774 3803 838 Spoliatum
3827 789 3887 826 se

2312 856 2489 911 deﬂet.
2522 859 2672 925 Quod
2695 861 2804 914 ﬁeri
2836 876 2938 913 non
2967 872 3142 926 potest
3172 903 3186 921 ,
3258 877 3378 915 nam
3432 863 3721 919 immortali
3753 867 3884 920 nihil

2305 950 2529 1001 mortale
2555 950 2749 1002 bonum
2774 953 2860 1004 vel
2908 953 3103 1003 malmn
3134 967 3253 1006 esse
3279 962 3476 1021 potest.
3506 956 3725 1022 Deinde,
3762 959 3880 1025 quia

2308 1039 2515 1107 ignoret
2545 1041 2702 1094 finem
2738 1059 2937 1105 rerum,
2965 1045 3139 1108 dccipi
3171 1044 3290 1098 eum
3330 1054 3386 1098 ut
3409 1047 3587 1101 felices
3618 1058 3763 1115 putet
3790 1065 3884 1103 eos

2305 1146 2529 1198 quorum
2565 1146 2817 1199 prospera
2846 1143 2970 1185 sunt
2993 1135 3195 1187 scelera
3232 1176 3245 1198 ,
3271 1151 3392 1188 cum
3426 1136 3601 1203 potius
3631 1138 3884 1193 infelicis-

2304 1221 2467 1273 simos
2496 1235 2588 1275 eos
2611 1231 2800 1290 putare
2827 1222 3067 1288 deberet,
3105 1233 3160 1276 ut
3203 1239 3337 1287 quos
3358 1227 3686 1291 gravissima:
3710 1243 3881 1291 preme

2307 1320 2557 1365 maneant
2608 1313 2868 1366 scelerum
2914 1328 3151 1367 suorum.
3208 1315 3507 1379 Postremo,
3555 1318 3675 1383 quia
3737 1330 3884 1384 putet

2307 1402 2692 1467 providentiam
2736 1418 2839 1457 non
2897 1418 3017 1457 esse
3060 1420 3178 1475 qur
3221 1408 3476 1459 mundum
3520 1418 3693 1475 regat,
3727 1418 3881 1477 putat

2303 1493 2478 1545 omnia
2504 1493 2705 1545 incerta
2730 1503 2874 1546 sorte
2910 1503 2962 1545 et
2995 1493 3215 1546 fortuito
3247 1494 3461 1547 evenire
3498 1511 3513 1549 :
3548 1496 3907 1565 quierrores,

2304 1580 2387 1633 ad‘
2410 1596 2623 1635 omnem
2657 1580 3058 1635 subversionem
3100 1590 3155 1636 et
3198 1583 3490 1651 perniciem
3528 1586 3722 1641 mentis
3751 1588 3882 1641 satis

2304 1672 2478 1737 magni
2507 1681 2649 1725 sunt.
2681 1675 2968 1727 Acmcou.

2376 1759 2601 1831 Pataris]
2652 1762 2832 1815 Patior
2861 1761 3177 1831 quandoque
3202 1763 3463 1829 significat
3503 1767 3782 1832 permitto,
3827 1776 3884 1820 ut

620 1845 736 1900 haec
784 1846 1048 1915 posterior
1096 1861 1449 1916 supervaCua,
1498 1865 1669 1917 neque
1716 1851 1927 1904 videtur
1988 1852 2200 1913 Boetius
2234 1840 2281 1899 Β
2308 1851 2418 1912 hic.
2449 1860 2503 1903 et
2529 1850 2719 1905 Cicero
2743 1853 2792 1904 in
2838 1852 3122 1906 Catilinam
3161 1854 3313 1907 :Non
3338 1858 3531 1922 patiar,
3560 1872 3663 1910 non
3692 1857 3883 1921 feram,

619 1936 749 1991 satis
777 1936 1061 2007 diligenter
1091 1949 1332 1993 naturam
1361 1942 1711 2009 quaestionum
1762 1942 1978 1995 istarum
2010 1941 2202 1995 distiu-

621 2027 782 2082 xisse.
810 2028 942 2081 Nam
971 2031 1013 2080 si
1039 2031 1352 2085 COnCeditor
1379 2032 1635 2085 mundum
1682 2048 1786 2085 non
1829 2032 1939 2101 regi
1969 2032 2201 2086 fortuitis

620 2118 963 2183 casibus,sed
987 2118 1161 2172 divina
1194 2122 1422 2181 rati0ne,
1444 2122 1567 2190 quid
1598 2136 1732 2189 opus
1761 2133 1875 2176 erat
1897 2123 2090 2177 deinde
2116 2122 2198 2175 in-

621 2215 896 2276 terrogare
953 2209 1148 2277 quibus
1192 2213 1568 2279 gubernaculis
1624 2213 1851 2267 mundus
1905 2222 2196 2282 regeretur.

622 2313 742 2353 cum
774 2308 981 2353 certum
1008 2301 1118 2369 jam
1151 2302 1219 2354 sit
1250 2318 1315 2355 ex
1340 2304 1504 2371 priori
1533 2304 1870 2357 confessione
1910 2303 2086 2357 divina
2115 2320 2201 2356 ra-

622 2388 790 2451 tione,
840 2390 890 2442 id
942 2400 1025 2444 est
1057 2391 1443 2459 providentiam
1476 2408 1612 2457 esse,
1663 2408 1756 2462 per
1793 2408 1951 2462 quam
2002 2397 2201 2462 regitur

622 2481 890 2534 mundus?
916 2482 1055 2536 Sane
1089 2484 1315 2551 primttm
1342 2485 1777 2553 interrogandum
1813 2494 1929 2539 erat
1975 2501 2040 2538 an
2083 2501 2199 2540 cre-

623 2575 770 2630 deret
802 2592 921 2631 esse
951 2578 1112 2631 ullum
1143 2578 1335 2643 Deum,
1364 2579 1503 2646 quod
1527 2580 1762 2632 nonnulli
1794 2581 2011 2633 omnino
2041 2594 2199 2648 nega-

625 2672 751 2725 bant
789 2692 801 2726 :
854 2674 939 2725 alii
972 2677 1049 2743 (ut
1084 2673 1343 2742 Epicurus
1389 2683 1441 2728 et
1482 2684 1774 2727 sectatores
1817 2674 1922 2742 sui)
1952 2674 2197 2727 dicebant

624 2778 743 2818 esse
765 2765 955 2819 Deum.
990 2767 1080 2819 Sed
1110 2768 1339 2819 otiosum
1366 2776 1417 2820 et
1452 2782 1555 2819 non
1588 2775 1861 2819 curantem
1896 2781 1980 2819 res
2008 2766 2192 2817 huma-

625 2872 740 2911 nas.
798 2856 1016 2925 Utrique
1044 2859 1201 2926 igitur
1230 2857 1317 2911 isti
1381 2860 1649 2927 ponebant
1702 2858 1925 2910 fortuitis
1984 2858 2195 2911 casibus

626 2947 758 3014 regi,
786 2962 911 3016 ergo
939 2963 1057 3001 cum
1086 2948 1443 3001 concessisset
1494 2948 1706 3000 Boetius
1745 2960 1864 2999 esse
1905 2946 2090 3007 Deum,
2121 2955 2187 2996 ta-

627 3051 747 3090 men
788 3036 1158 3103 inquirendum
1191 3046 1307 3092 erat
1352 3038 1663 3108 crederetne
1694 3035 2021 3104 providentia
2056 3035 2196 3087 illius

627 3125 739 3195 regi
765 3129 1039 3181 mundum.
1066 3129 1231 3182 Nemo
1262 3130 1404 3183 enim
1433 3131 1669 3182 omnium
1703 3129 1951 3182 inventus
1973 3137 2053 3181 est
2083 3128 2193 3196 qui,

633 3235 752 3274 cum
784 3220 1031 3275 crederet
1075 3220 1241 3273 Deum
1284 3220 1614 3274 conditorem
1651 3220 1935 3286 praesidere
1984 3218 2202 3280 mundo,

629 3313 714 3381 qui
746 3322 955 3380 putaret
978 3312 1209 3365 fortuitis
1240 3312 1453 3366 ensibus
1484 3328 1568 3364 res
1591 3312 1802 3379 agitari,
1830 3311 1923 3365 sed
1957 3310 2207 3364 credebat

629 3404 804 3457 omnia
834 3404 1164 3473 providentia
1194 3403 1498 3471 gubernari.
1538 3402 1827 3456 Acmcou.

702 3493 807 3546 Sed
836 3495 917 3544 dic
938 3494 1084 3557 mihi,
1119 3494 1411 3551 meministi,
1442 3491 1588 3562 etc.]
1640 3492 1734 3545 Hic
1765 3502 1989 3545 conatur
2015 3492 2208 3545 elicere

542 3619 548 3626 -
632 3581 918 3636 secundam
936 3582 1378 3649 suppositionem,
1402 3597 1521 3649 qua:
1552 3592 1654 3641 est,
1695 3582 1964 3635 hominem
1988 3586 2051 3634 ad
2082 3584 2207 3636 hea-

633 3669 913 3722 titudinem
967 3670 1394 3737 consequendam
1450 3672 1643 3723 factum
1704 3685 1821 3723 esse
1869 3672 2209 3738 :interrogat

634 3774 762 3828 ergo
798 3758 1138 3826 Philosophia
1169 3774 1234 3809 au
1268 3760 1570 3811 meminerit
1598 3758 1810 3812 Boetius
1834 3760 1952 3825 quis
1981 3761 2049 3812 sit
2094 3763 2211 3813 linis

636 3866 811 3905 rerum
831 3894 846 3915 ,
874 3850 1013 3920 quod
1043 3851 1196 3917 quale
1221 3852 1289 3902 sit
1338 3852 1547 3903 Boetius
1576 3851 1701 3903 dicit
1732 3851 1955 3904 oblitum
1982 3868 2041 3905 se
2069 3868 2207 3907 esse.

637 3941 689 3995 Id
705 3956 888 3995 rursus
905 3952 1069 3995 ten'at
1088 3941 1428 4007 Philosophia
1453 3942 1553 3993 alia
1578 3943 1977 4008 percontatione
1993 3944 2209 4008 elicere,

641 4032 935 4098 quaeritque
964 4046 1027 4082 an
1083 4031 1221 4098 quod
1277 4032 1344 4083 sit
1375 4030 1609 4082 onmium
1666 4032 1983 4098 principium
2032 4032 2207 4084 sciat'

639 4121 726 4190 qui
755 4120 1030 4187 respondit
1072 4121 1234 4174 Deum
1270 4137 1407 4185 esse,
1438 4132 1494 4173 ut
1542 4122 1697 4189 paulo
1719 4130 1843 4174 ante
1887 4121 2038 4175 dixit.
2079 4121 2215 4177 Dicit

640 4225 769 4279 ergo
796 4210 1133 4278 Philosophia
1171 4212 1367 4262 mirum
1388 4227 1527 4272 esse,
1561 4227 1683 4265 cum
1732 4211 1867 4264 sciat
1898 4211 2214 4279 principium

642 4300 878 4354 onmium
910 4316 1111 4363 rerum,
1143 4309 1199 4351 ut
1227 4302 1382 4355 linem
1412 4304 1640 4369 ignoret.
1672 4300 1781 4354 lloc
1809 4300 1928 4353 ideo
1950 4311 2053 4361 est,
2086 4318 2218 4375 quo.

643 4395 782 4448 niam
810 4394 951 4447 enim
974 4395 1074 4447 scit
1097 4394 1261 4447 Deum
1286 4395 1599 4461 principium
1631 4395 1866 4446 omnium
1892 4407 2031 4457 esse,
2059 4393 2218 4447 debe-

645 4486 734 4537 hat
765 4486 902 4538 scire
933 4483 1101 4538 Deum
1128 4484 1306 4536 omnia
1340 4484 1550 4546 fecisse,
1584 4491 1644 4536 ut
1671 4491 1851 4537 essent
1884 4482 2044 4546 bona,
2096 4482 2215 4551 quia

2303 1961 2406 1999 non
2431 1949 2601 1999 sinam
2628 1966 2640 1999 :
2666 1947 2985 2014 quandoque
3006 1948 3260 2016 significat
3278 1950 3587 2006 maleafftci.
3612 1952 3882 2007 JuvenaL;

2580 2035 2770 2084 Lateris
2789 2037 2920 2097 vigili
2940 2050 3051 2086 cum
3069 2038 3212 2087 febre
3234 2038 3450 2089 dolorem

2426 2097 2476 2145 Si
2502 2110 2702 2158 coepere
2724 2100 2842 2159 pati.

2302 2178 2587 2231 Acmen“.

2374 2269 2611 2338 Statum]
2643 2271 2822 2324 Status
2859 2272 3180 2341 quandoque
3196 2272 3391 2327 dicitur
3416 2274 3626 2327 habitus
3643 2276 3883 2344 corporis

2303 2360 2352 2411 in
2386 2361 2546 2425 pedes
2573 2360 2758 2427 erecti,
2784 2370 2837 2412 ut
2871 2361 3115 2425 dicimus,
3140 2371 3326 2425 status,
3354 2365 3544 2428 sessio,
3567 2367 3878 2429 accubitio;

2300 2452 2617 2519 quandoque
2648 2451 2910 2520 significat
2937 2452 3318 2507 conditionem.
3356 2453 3571 2523 V'irgil..

2425 2541 2514 2599 Qui
2535 2548 2689 2590 status
2714 2543 2911 2602 antiquo
2938 2541 3073 2590 Latio
3096 2542 3120 2591 ‘P

2306 2626 2595 2678 Acmcol..t.

2352 2700 2675 2785 Curatiom’s]
2696 2714 2893 2768 Curare
2911 2717 3123 2784 proprie
3140 2731 3320 2770 curam
3334 2717 3585 2771 adhibere
3598 2716 3877 2786 significat,

2298 2806 2427 2865 inde
2452 2807 2698 2875 quoniam
2728 2809 2992 2876 przccioua
3021 2818 3104 2861 est
3123 2808 3313 2861 medici
3344 2809 3485 2863 circa
3509 2819 3762 2877 aegrotum
3793 2825 3879 2861 sa-

2300 2897 2533 2949 nandum
2562 2910 2723 2957 cura;
2766 2911 2955 2950 curare
2979 2898 3140 2950 etiam
3182 2913 3278 2960 pro
3302 2911 3529 2961 sanare;
3563 2898 3878 2967 quandoque

2305 3001 2411 3039 non
2436 3001 2645 3047 sanare,
2672 2985 2764 3039 sed
2794 3000 2973 3039 curam
3003 2986 3243 3039 sanitatis
3281 2986 3478 3040 habere
3505 3004 3516 3038 :
3548 2987 3689 3040 unde
3718 2987 3879 3040 etiam

2300 3084 2358 3129 ut
2378 3092 2482 3129 non
2513 3086 2734 3129 sanetur
2756 3091 2915 3143 a-ger,
2942 3076 3181 3130 medicus
3207 3092 3395 3131 curare
3431 3076 3626 3130 dicitur
3651 3094 3665 3140 ;
3699 3086 3876 3132 tamen

2234 3196 2279 3257 Ο
2313 3167 2494 3221 Horat.
2520 3170 2569 3220 in
2599 3183 2633 3219 ιι
2668 3166 2892 3232 Epistol.
2916 3166 3019 3217 ait:

2685 3256 2929 3315 Fugeres,
2954 3258 3117 3303 radice
3138 3256 3214 3302 vel
3242 3255 3393 3303 herba

2618 3317 2908 3365 PPOlit'il'nl".
2932 3318 3049 3364 nihil
3075 3318 3310 3364 curarier.

2314 3402 2492 3455 Potest
2518 3416 2645 3469 ergo
2689 3402 2862 3453 curari
2912 3401 3087 3454 radice
3116 3400 3244 3453 nihil
3279 3402 3621 3467 proliciente,
3668 3401 3760 3455 sed
3794 3418 3883 3453 ne-

2309 3507 2519 3560 quaque
2544 3492 2741 3543 sanari.
2774 3494 3061 3544 AGRICOLA.

2382 3579 2664 3648 Arbitratu]
2691 3580 2743 3631 Id
2783 3588 2867 3633 est
2912 3581 3183 3632 voluntate
3234 3580 3315 3632 vel
3360 3579 3581 3646 judicio.
3628 3581 3885 3634 Arbitrari

2314 3683 2523 3724 veteres
2550 3673 2793 3724 dicebant
2832 3672 3099 3739 inspicere
3130 3673 3211 3726 vel
3261 3688 3608 3740 cognoscere,
3637 3675 3777 3727 unde
3807 3690 3889 3726 re-

2258 3815 2267 3824 ,
2316 3764 2473 3815 motis
2503 3763 2713 3814 arbitris
2743 3762 2883 3830 loqui
2906 3763 3119 3827 dicitur,
3150 3762 3241 3829 qui
3265 3763 3413 3816 solus
3450 3778 3569 3817 cum
3594 3764 3773 3832 aliquo
3804 3766 3886 3816 lo-

2316 3854 2513 3921 quitur,
2539 3866 2589 3906 et
2616 3853 2991 3920 arbiterjudex
3027 3863 3266 3906 vocatus.
3303 3854 3593 3906 Acmcou.

2394 3942 2609 4011 Ullum]
2660 3943 2742 3995 Ab
2788 3958 2894 3995 uno
2950 3943 3188 3995 nonnulli
3231 3944 3374 3997 ullus
3423 3944 3620 3996 dictum
3682 3944 3889 3997 volunt.

2318 4038 2605 4089 AGRICOLA.

2394 4128 2686 4199 Conditum]
2716 4130 2960 4183 Condere
2983 4131 3299 4197 quandoque
3328 4130 3806 4195 signiﬁcatfacere,
3842 4140 3900 4183 ut

2323 4222 2408 4275 hic
2428 4233 2479 4277 et
2505 4237 2658 4289 supra
2684 4240 2693 4273 :

2637 4312 2677 4362 Ο
2704 4312 2926 4361 stelliferi
2955 4311 3174 4359 conditor
3197 4310 3344 4357 orbis.

2331 4397 2657 4463 Quandoque
2685 4395 2950 4463 colligere.
2987 4394 3232 4445 Horatius
3260 4393 3310 4444 in
3344 4406 3357 4442 l
3385 4390 3717 4443 Carminum:

2364 4490 2369 4495 ’
2484 4487 2625 4535 Illum
2647 4490 2685 4532 si
2707 4486 2901 4547 praprio
2921 4483 3133 4531 condidit
3158 4484 3349 4529 horreo.

643 4577 855 4631 bonitas
878 4576 1158 4644 eujusque.
1186 4575 1457 4628 beatitudo
1488 4574 1603 4642 ejus
1632 4583 1715 4629 est
1738 4592 1753 4640 ;
1776 4589 1903 4643 ergo
1932 4575 2111 4627 omnia
2134 4590 2221 4625 νο·
2254 4552 2309 4612 Ῑ)
2336 4572 2664 4639 Quandoque
2692 4570 3041 4623 abscondere.
3080 4567 3265 4635 Virgil.
3301 4568 3352 4617 in
3385 4563 3642 4617 Bucolicis
3670 4580 3680 4613 :

645 4668 742 4722 luit
763 4684 885 4723 esse
924 4669 1098 4735 beata,
1144 4677 1405 4736 quatenus
1451 4679 1653 4721 natura
1687 4666 2104 4735 uniuscujusque
2144 4666 2226 4732 (ut

644 4759 721 4810 ait
750 4758 923 4826 Plato)
951 4773 1116 4828 capax
1150 4757 1497 4812 beatitudinis
1516 4772 1635 4811 esse
1660 4764 1888 4826 poterat.
1910 4755 2107 4808 Deinde
2130 4753 2222 4815 ibi,

647 4848 754 4904 Sed
786 4849 881 4903 hoc
904 4866 1124 4919 quoque,
1160 4858 1289 4911 etc.,
1335 4851 1547 4903 tertium
1589 4849 1656 4902 de
1703 4848 1865 4901 animi
1913 4846 2226 4900 immortali-

648 4949 758 4995 tate
785 4940 1061 5010 perquirit.
1086 4941 1426 5009 Qumritergo
1447 4955 1511 4992 an
1544 4941 1847 4994 meminerit
1867 4937 2135 4991 hominem
2163 4952 2221 4990 se

647 5048 771 5087 esse
796 5075 811 5098 ,
841 5033 1034 5087 deinde
1058 5048 1125 5086 an
1149 5034 1283 5086 sciat
1304 5034 1428 5102 quid
1460 5034 1725 5087 sithmno.
1742 5033 1819 5087 Ad
1843 5034 1985 5101 quod
2008 5046 2228 5099 respon-

649 5124 741 5175 det
763 5122 997 5187 Boetius,
1036 5137 1100 5176 ex
1127 5123 1391 5177 sententia
1434 5123 1736 5192 Porphyrii,
1787 5122 2056 5174 hominem
2112 5137 2229 5174 esse

649 5211 845 5265 animal
874 5211 1132 5267 rationale
1178 5213 1426 5275 mortale,
1487 5228 1605 5265 cum
1659 5211 1853 5265 rectius
1900 5210 2229 5264 deﬁnivisset

654 5304 922 5356 hominem
952 5316 1072 5356 esse
1096 5300 1292 5355 animal
1321 5318 1382 5355 ex
1407 5316 1634 5369 corpore
1656 5306 1710 5354 et
1739 5300 1983 5353 rationali
2011 5301 2228 5351 immoi-

651 5392 741 5446 tali
764 5391 939 5445 anima
963 5390 1335 5459 compositum.
1358 5388 1489 5442 Cum
1514 5390 1653 5443 cnim
1687 5388 1884 5443 oblitus
1928 5385 1996 5440 sit
2016 5387 2231 5441 Boetius

649 5492 898 5539 constare
927 5498 985 5537 se
1011 5497 1081 5537 ex
1111 5482 1285 5534 anima
1334 5481 1644 5544 immortali,
1686 5494 1789 5533 non
1820 5486 1903 5532 est
1933 5477 2230 5532 mirandum

651 5578 709 5632 si
749 5577 1000 5631 brevibus
1049 5576 1165 5629 istis
1215 5573 1628 5627 adversitatibus
1687 5570 2024 5639 perturbetur
2061 5587 2071 5619 :
2105 5569 2231 5620 dicit

652 5683 784 5737 ergo
806 5668 940 5721 hanc
966 5668 1123 5721 etiam
1148 5681 1266 5720 esse
1289 5666 1371 5719 vel
1401 5666 1718 5732 praecipuam
1743 5663 1863 5715 mali
1888 5661 1964 5713 sui
1990 5674 2226 5725 causam,

658 5755 799 5820 (epiod
863 5759 943 5806 sui
992 5755 1185 5807 oblitus
1244 5756 1332 5817 sit,
1378 5754 1701 5818 desieritque
1752 5751 1985 5817 seipsum
2046 5760 2223 5800 nosse.

2460 4663 2549 4710 His
2572 4676 2667 4721 ego
2689 4673 2822 4721 saepe
2840 4660 3006 4720 lupum
3031 4656 3137 4706 fieri
3163 4663 3215 4705 et
3232 4669 3287 4704 se
3302 4655 3517 4703 condere
3538 4654 3687 4703 silvis.

2336 4746 2624 4797 Acutcom.

2406 4832 2667 4901 Exsortes]
2700 4833 2893 4884 Exsors
2918 4831 2985 4882 ab
3004 4830 3067 4881 ad
3099 4839 3153 4882 et
3177 4842 3295 4880 sors
3324 4827 3536 4892 dicitur,
3574 4825 3722 4892 quasi
3759 4834 3908 4877 extra

2334 4933 2554 4985 sortem,
2606 4924 2652 4974 id
2699 4932 2781 4974 est
2810 4930 3034 4989 partem,
3068 4919 3157 4988 qui
3190 4928 3406 4985 prorsus
3436 4918 3669 4984 privatus
3707 4924 3791 4967 est
3830 4930 3908 4966 re.

2338 5020 2624 5069 AGRICOLA.

2412 5104 2610 5175 Papre]
2642 5104 2937 5172 interjectio
2980 5101 3242 5167 stupentis
3284 5099 3365 5153 vel
3406 5096 3717 5151 admirantis
3737 5104 3840 5157 est,
3884 5111 3911 5143 a

2336 5196 2524 5252 Grmco
2548 5198 2704 5251 Βαϐαί
2731 5197 2907 5247 ducta.
2944 5199 3227 5248 Acntcout.

2411 5289 2671 5344 Sententia
2694 5285 2910 5357 locatus]
2937 5285 3141 5353 Frigida
3169 5296 3222 5337 et
3248 5282 3423 5350 Segnis
3446 5280 3653 5333 videtur
3674 5292 3791 5331 esse
3815 5278 3915 5327 ista

2344 5386 2635 5447 translatio,
2672 5384 2830 5436 locari
2872 5385 2922 5434 in
2963 5379 3223 5434 sententia
3251 5395 3263 5438 ς
3295 5379 3493 5429 rectius
3508 5382 3622 5428 erat
3646 5382 3919 5437 utcunque

2341 5485 2429 5527 aut
2449 5475 2673 5527 locatam
2704 5474 2753 5525 in
2772 5487 2893 5526 eum
2922 5471 3270 5529 sententiam;
3297 5466 3485 5518 melius
3509 5465 3689 5531 utique
3714 5470 3766 5513 et
3795 5476 3916 5512 mo-

2341 5567 2541 5619 destius
2566 5575 2699 5626 erat,
2734 5580 2831 5616 cur
2871 5573 2975 5616 tam
3008 5562 3274 5613 Saluhrcm
3306 5557 3506 5610 habens
3552 5553 3870 5607 sententiam
3898 5568 3915 5609 ;

2341 5667 2428 5708 aut
2453 5655 2639 5715 fretus,
2664 5664 2753 5707 aut
2784 5654 3059 5721 praiditus,
3091 5651 3172 5704 vel
3197 5650 3352 5702 nixus
3378 5643 3637 5700 sententia
3669 5651 3914 5710 mgrotet.

2338 5747 2617 5801 Aontcom,
