4216 6256
350 376 353 377 ν
436 336 527 389 MD
1344 329 1716 387 MURMELIJI
1759 329 1845 383 ET
1885 326 2249 383 AGRICOL/E
2296 328 2805 385 COMMENTARIA.

3566 329 3667 383 ΟΞὶο

496 446 758 516 Confecto]
786 445 838 500 Id
869 454 951 500 est
978 447 1251 513 suspicor:
1285 445 1423 497 unde
1452 443 1785 510 coniectores
1814 440 1999 495 dieun-
2031 443 2079 498 Α
2106 443 2176 493 tiu
2221 441 2557 509 PhiIOSOphia
2613 437 2889 509 promittit.
2937 437 3169 490 Primum
3198 437 3408 506 quidem
3441 437 3587 491 lazvia
3619 450 3671 492 et

430 545 510 591 tur
556 537 921 597 somniorum,
969 542 1061 587 aut
1116 533 1364 586 similium
1416 547 1591 585 rerum
1644 533 1995 599 interpretes,

430 628 671 695 quoniam
694 624 1084 692 suspicionibus
1117 622 1289 676 futura
1314 623 1587 689 colligunt.
1618 622 1903 674 Aontcout.

500 714 744 785 Ambigis]
776 712 1080 781 Ambigere,
1135 711 1202 765 ab
1237 725 1320 763 am
1352 709 1491 778 quod
1537 710 1737 763 circum
1773 723 1826 760 ιη
1854 721 1999 760 com-

431 802 709 866 positione,
754 810 809 854 et
834 814 935 866 ago
955 799 1151 852 dictum
1184 812 1277 866 per
1308 796 1767 865 interpositionem
1803 795 1831 845 b
1861 794 2001 848 litte-

432 908 523 945 ras.
549 896 831 946 AGBICOLA.

504 981 648 1035 Num
683 982 864 1051 inquit,
897 979 1027 1049 ete.]
1071 978 1344 1033 Sententia
1380 986 1482 1031 est.
1539 976 1651 1030 Non
1692 975 1995 1031 dubitabam

433 1078 557 1141 quin
580 1089 730 1130 error
758 1083 899 1129 esset
926 1074 1113 1139 aliquis
1147 1075 1195 1126 in
1238 1084 1307 1136 te,
1336 1072 1426 1140 qui
1452 1084 1608 1125 causa
1640 1078 1785 1123 esset
1823 1079 1878 1121 ut
1900 1068 1995 1121 do-

430 1170 510 1220 lor
532 1168 635 1221 iste
664 1182 843 1222 rerum
876 1166 1222 1220 adversarum
1256 1176 1433 1233 posset
1467 1162 1735 1217 intrarein
1765 1162 1996 1214 animum

428 1270 594 1313 tuum.
625 1259 913 1315 AGBICOLA.

502 1353 691 1406 lliaute
746 1352 864 1404 valli
915 1347 1127 1419 robore]
1172 1347 1477 1402 Similitudo
1529 1362 1558 1398 a
1613 1343 2000 1398 munitionibus

428 1444 583 1495 ducta
615 1452 699 1496 est
728 1460 742 1507 ;
772 1442 983 1510 quando
1008 1440 1149 1493 enim
1174 1438 1372 1503 aliquid
1414 1437 1567 1490 deest
1610 1436 1752 1487 vallo
1782 1443 1836 1487 ut
1868 1434 1998 1493 hiet,

430 1535 480 1587 id
512 1519 592 1586 est
618 1542 861 1601 apertum
888 1532 977 1593 sit,
1012 1532 1165 1584 datur
1195 1529 1369 1583 aditus
1394 1527 1633 1581 hOStibus
1662 1527 1712 1578 in
1757 1524 1998 1577 munitio—

369 1608 377 1615 .
430 1641 543 1680 nes.
573 1626 837 1679 Acntcota

501 1715 741 1786 Morbus].
783 1715 865 1767 hic
915 1729 1006 1781 per
1037 1712 1437 1766 translationem
1468 1710 1643 1762 dictus
1687 1715 1805 1760 est:
1834 1705 1997 1759 credo

2101 533 2385 586 mediocria
2409 533 2471 586 ad
2494 531 2869 586 removendam
2889 529 3339 597 perturbationum
3367 529 3668 598 caliginem.

2102 640 2217 690 qua:
2257 624 2637 692 impedimento
2669 634 2749 676 est
2793 623 2971 674 animo
3008 636 3112 688 quo
3156 620 3332 674 minus
3356 626 3519 688 'queat
3547 634 3671 688 spe-

2101 717 2265 770 culari
2295 721 2591 769 veritatem.
2626 714 2823 768 Deinde
2842 728 2970 768 vero
2986 714 3195 767 acriora
3223 712 3581 782 Iirmioraque,
3617 720 3674 765 ut

2101 806 2248 859 falsae
2292 806 2559 859 felicitatis
2603 805 2782 870 specie
2827 811 3125 871 perspecta,
3158 818 3297 856 vera:
3334 802 3673 856 beatitudinis

2102 898 2322 953 formam
2347 896 2513 964 possit
2542 890 2753 949 intueri.
3199 929 3208 937 .

2618 986 2681 1038 IN
2716 984 3002 1037 METRUM
3048 983 3151 1035 VII.

2174 1080 2401 1134 Carmen
2431 1087 2512 1132 est
2538 1077 2811 1137 adonium,
2835 1076 3045 1145 dactylo
3061 1085 3309 1128 conSIans
3339 1082 3391 1126 et
3416 1073 3672 1141 spondeo:

2105 1188 2210 1241 quo
2234 1173 2391 1225 docet
2422 1168 2759 1237 Philosophia
2795 1168 2961 1219 tribus
2993 1164 3361 1234 pulcherrimis
3397 1179 3673 1232 compara-

2103 1262 2337 1316 tionibus
2359 1262 2432 1313 ita
2462 1269 2692 1314 mentem
2719 1256 2949 1311 hominis
2973 1256 3425 1322 perturbationum
3452 1253 3679 1321 caligine

2105 1351 2380 1413 confundi,
2431 1361 2483 1404 et
2512 1351 2819 1418 passionum
2854 1347 3080 1401 inculis
3124 1346 3405 1414 obstringi,
3440 1357 3497 1397 ut
3542 1362 3677 1399 non-

2105 1460 2371 1512 nunquam
2400 1443 2451 1495 in
2493 1444 2805 1497 servitutem
2856 1442 3092 1504 redacta,
3142 1440 3421 1494 veritatem
3459 1439 3679 1493 minime

2104 1536 2271 1604 possit
2299 1534 2513 1587 intueri.
2544 1532 2826 1587 Sciendum
2855 1541 2935 1585 est
2959 1542 3184 1600 quatuor
3214 1531 3532 1599 principales
3560 1545 3679 1585 esse

2105 1624 2297 1678 animae
2326 1623 2774 1692 perturbationes,
2825 1637 2947 1691 quae
2979 1631 3036 1675 et
3069 1620 3376 1675 atiectiones
3407 1621 3676 1687 dicuntur,

2109 1726 2160 1770 et
2214 1732 2241 1768 a
2278 1714 2577 1783 junioribus
2627 1713 2923 1782 passiones.
2960 1713 3153 1765 Harum
3185 1712 3305 1765 duze
3341 1712 3553 1779 quidem
3609 1727 3679 1765 ex

428 1808 624 1860 dictum
655 1820 684 1857 a
717 1816 905 1867 morte,
936 1804 1185 1872 quoniam
1212 1801 1428 1854 morbus
1458 1799 1523 1853 ad
1548 1806 1774 1852 mortem
1821 1795 1997 1850 ducat.
2034 1793 2082 1851 B
2109 1808 2357 1873 opinione
2380 1806 2503 1859 boni
2534 1814 2842 1870 nascuntur,
2874 1804 3122 1873 gaudium
3149 1814 3202 1858 et
3219 1818 3342 1872 spes
3369 1822 3381 1855 :
3415 1804 3534 1857 dum
3558 1819 3681 1858 vero

430 1902 714 1954 Anntcou.

504 1986 817 2059 Exstirpare]
833 1988 878 2041 Α
901 1987 1066 2056 stirpe
1087 1985 1305 2048 dicitur,
1334 1983 1471 2053 quod
1495 1982 1786 2035 masculino
1806 1993 2004 2048 genere

430 2080 662 2133 radicem
686 2079 971 2147 significat,
992 2078 1145 2146 quasi
1168 2076 1412 2143 stirpitus
1427 2073 1679 2128 evellere.
1712 2074 1999 2126 Acmcou.

508 2170 601 2223 Vel
630 2167 926 2239 maximam]
950 2166 1045 2223 Vel
1073 2165 1163 2219 hic
1184 2179 1286 2219 non
1311 2163 1628 2231 disjunctive
1648 2160 1879 2229 ponitur,
1908 2159 2002 2214 sed

431 2261 483 2316 id
510 2261 621 2316 l'ere
646 2261 786 2332 quod
811 2263 972 2317 etiam
994 2259 1256 2329 significat
1287 2275 1301 2310 ε
1331 2258 1407 2311 sic
1435 2257 1737 2323 Propertius
1762 2272 1776 2308 :

553 2353 704 2405 Nocte
730 2367 826 2404 una
849 2354 1008 2416 quivis
1031 2351 1108 2402 vel
1138 2351 1273 2400 Deus
1296 2361 1407 2399 esse
1428 2354 1602 2409 potest.

428 2446 717 2501 Acmcout.
802 2496 810 2504 ,

502 2534 916 2589 Reconciliandaz
960 2530 1272 2602 sospitatis.]
1302 2531 1438 2583 Dura
1494 2527 1810 2589 translatio,
1862 2525 2000 2578 sicut

431 2627 595 2681 Boetii
629 2628 914 2695 pleneque,
943 2639 1038 2691 pro
1065 2623 1377 2692 reparandae
1404 2621 1483 2675 vel
1514 2618 1891 2687 recuperandae
1921 2625 2003 2670 est

428 2719 647 2772 dierum.
683 2717 1113 2771 Reconciliantur
1166 2714 1308 2768 enim
1340 2711 1553 2781 proprie
1594 2710 1683 2779 qui
1720 2724 1784 2762 ex
1815 2707 2003 2762 amicis

430 2811 643 2877 Inimici
682 2809 826 2875 lacti,
858 2823 1044 2862 rursus
1091 2807 1317 2860 redeunt
1362 2806 1413 2858 in
1444 2803 1687 2873 gratiam.
1722 2803 1763 2854 Α
1813 2800 2003 2854 concio

431 2898 575 2951 enim
603 2898 881 2949 concilium
918 2896 1117 2948 dctum
1142 2903 1242 2955 est,
1292 2893 1340 2945 id
1376 2906 1461 2947 eSt
1505 2898 1799 2945 conventus
1833 2889 2003 2943 homi-

431 3001 594 3043 num:
629 2988 762 3042 uude
790 2984 1340 3043 conciliarebmuincs
1367 2983 1432 3037 ad
1458 2996 1774 3038 consensum
1804 2979 2000 3053 pertin—

428 3099 568 3137 cere.
601 3083 713 3137 Fuit
738 3099 866 3137 sane
897 3083 1187 3135 modestior
1233 3082 1503 3147 aliquanto
1550 3079 1847 3141 translatio,
1902 3091 1999 3131 nec

432 3175 519 3227 isti
564 3178 787 3228 multum
825 3174 1094 3229 dissimilis
1153 3184 1326 3227 tamen
1370 3187 1527 3239 quam
1572 3171 1622 3222 in
1665 3170 1878 3239 Tyrone
1903 3184 1999 3222 suo

429 3266 660 3333 graviter
690 3266 915 3334 castigat
936 3266 1146 3328 Cicero,
1172 3264 1313 3333 quod
1342 3264 1427 3316 ille
1456 3262 1684 3322 dixerat,
1712 3260 1997 3314 valetudini

429 3356 652 3409 tideiiter
676 3356 978 3409 serviendo.
1013 3358 1302 3407 AGRICDLA.

500 3443 755 3515 Nequam]
779 3445 833 3498 Id
863 3453 946 3497 est
968 3460 1070 3497 non
1100 3444 1431 3512 cujusquam,
1468 3443 1568 3496 hoc
1593 3452 1695 3501 est,
1727 3442 1815 3511 qui
1846 3440 1998 3493 nihili

429 3534 588 3588 homo
616 3544 698 3589 est
718 3546 771 3589 et
797 3522 994 3587 nullius
1035 3535 1220 3603 pretii:
1252 3535 1404 3598 cujus
1426 3536 1751 3587 contrarium
1780 3545 1881 3597 εει,
1908 3533 1999 3599 qui

427 3628 621 3681 dicitur
645 3628 801 3697 frugi,
826 3628 911 3695 qui
939 3626 1141 3694 frugem
1166 3625 1393 3694 aliquam
1429 3626 1620 3679 bonam
1645 3635 1698 3678 et
1721 3626 1811 3678 util
1840 3633 1998 3678 tatem

428 3721 512 3774 sui
544 3721 767 3788 prmbet.
802 3719 983 3786 Itaque
1014 3720 1226 3772 Plautus
1255 3734 1527 3771 nummum
1581 3733 1808 3787 nequam
1840 3719 1995 3783 dixit,

426 3811 514 3877 qui
545 3812 714 3863 bonus
744 3824 847 3863 non
884 3818 1046 3862 esset.
1073 3808 1361 3863 Acmcout.

508 3899 667 3971 Vives]
696 3900 748 3954 Id
773 3908 873 3965 est,
900 3899 1319 3963 vicissitudines,
1353 3898 1785 3966 permutationes.
1836 3898 1997 3952 Aem-

425 4005 575 4044 COLA.
607 3990 627 4009 ‘

404 4112 407 4115 ν
494 4082 717 4150 Reliqua
750 4080 1014 4149 Rodolpbi
1046 4080 1306 4149 Agricolae
1334 4094 1452 4148 qum
1496 4080 1547 4132 in
1579 4079 1819 4133 Boetium
1870 4078 1998 4132 scri-

424 4175 597 4243 psisse
648 4175 817 4229 fertur
864 4175 916 4227 in
950 4188 1137 4227 manus
1176 4187 1322 4226 meas
1342 4189 1445 4225 non
1475 4180 1850 4240 pervenerunt,
1877 4188 1996 4241 qua:

424 4265 622 4319 utinam
645 4266 1039 4334 pervenissent!
1058 4265 1187 4318 Nam
1212 4273 1270 4317 ut
1293 4265 1423 4328 haec,
1440 4266 1506 4317 ita
1523 4266 1671 4318 etilla
1698 4280 1825 4318 sane
1839 4272 1994 4333 quam

423 4354 594 4411 libens
616 4357 709 4411 tibi
722 4358 1188 4412 communicarem.
1203 4358 1466 4412 Caeterum
1484 4367 1555 4423 te,
1568 4358 1790 4411 candide
1809 4357 1992 4420 lector,

422 4457 628 4501 oratum
657 4449 814 4502 velim
843 4457 900 4502 ut
931 4448 1222 4503 hisaostris
1253 4448 1707 4516 qualibuscunque
1737 4448 1993 4516 tantisper

421 4545 702 4593 contentus
730 4539 822 4603 sis,
848 4539 973 4592 dum
1003 4539 1166 4593 fueris
1197 4542 1421 4605 adeptus
1464 4540 1702 4591 meliora.

492 4627 599 4681 Sed
620 4628 875 4697 sospitatis
900 4632 1097 4681 auctori
1125 4627 1320 4698 gratesj
1346 4633 1616 4682 Attentum
1636 4630 1792 4682 simul
1824 4641 1873 4683 et
1902 4630 1993 4682 be-

422 4720 665 4772 nevolum
694 4719 863 4773 reddit
900 4720 1163 4781 Boetium,
1197 4721 1379 4773 dicens
1409 4735 1512 4772 non
1544 4720 1762 4772 omnino
1790 4721 1857 4773 de
1878 4720 1993 4785 ejus

419 4812 591 4865 salute
611 4811 1001 4881 desperandum
1047 4828 1188 4875 esse,
1222 4812 1312 4867 sed
1346 4812 1451 4865 Deo
1491 4811 1687 4878 gratias
1726 4812 1986 4880 agendas,

420 4902 556 4966 quod
586 4901 847 4955 elementa
880 4903 1258 4969 recuperanda:
1281 4902 1469 4955 salutis
1502 4903 1610 4955 sint
1630 4902 1835 4956 relicta.

488 4990 787 5061 Sospitatis]
820 4992 1219 5046 Incolumitatis.

486 5081 717 5151 Aucto‘n‘]
754 5082 883 5135 Deo.

484 5172 683 5243 Grates]
714 5173 925 5227 Gratias
949 5173 1169 5227 subaudi
1199 5187 1439 5239 agamus.

484 5263 592 5317 Sed
633 5266 873 5332 quoniam
942 5264 1291 5331 ﬁrmioribus]
1345 5264 1589 5317 Ostendit
1631 5279 1732 5331 qua
1780 5267 1985 5318 ratione

418 5352 593 5407 Boetio
622 5356 818 5408 sanitas
846 5356 1050 5408 restitui
1080 5357 1266 5422 possit.

482 5446 699 5515 Tempus
728 5446 821 5516 uti]
855 5446 955 5499 Pro
986 5448 1189 5511 utendi,
1230 5449 1447 5513 ﬁgurata
1477 5448 1673 5500 locutio
1713 5459 1810 5501 est.

482 5537 649 5605 Illinc]
679 5538 1139 5590 Perturhationuut
1171 5538 1469 5603 caliginem.

479 5628 761 5700 Fomeutis]
789 5630 1078 5683 Remediis.
1115 5630 1348 5698 lluplicia
1378 5640 1553 5685 autctn
1584 5630 1813 5683 remedia
1850 5631 1979 5684 Iloc—

2022 4508 2076 4568 D

2110 1912 2174 1952 ex
2204 1897 2456 1966 opinione
2477 1897 2622 1961 mali,
2646 1897 2801 1950 dolor
2826 1904 2879 1949 et
2929 1906 3124 1949 metus.
3163 1894 3448 1960 Gaudium,
3476 1911 3594 1963 qua:
3628 1903 3681 1948 et

2108 1989 2354 2055 voluptas
2384 1990 2619 2058 gestiens
2650 1987 2723 2055 (id
2747 1996 2829 2041 est
2851 1996 3043 2055 praeter
3071 1987 3284 2039 modum
3306 1987 3440 2040 elata
3472 1986 3680 2054 la'titia)

2107 2079 2325 2143 dicitur,
2377 2088 2459 2132 est
2502 2078 2667 2131 animi
2710 2075 2920 2130 at‘l'ectio
2974 2070 3293 2143 proveniens
3321 2089 3388 2129 ex
3431 2073 3680 2142 opinione

2107 2170 2387 2240 praesentis
2416 2164 2593 2238 inagni
2615 2167 2909 2237 cujuspiam
2940 2166 3084 2230 boni,
3121 2166 3312 2220 rationi
3344 2180 3448 2219 non
3471 2166 3680 2221 obtem-

2106 2277 2322 2332 perans.
2354 2262 2488 2329 Spes
2514 2276 2633 2331 qua:
2662 2272 2715 2315 et
2741 2260 3001 2329 cupiditas
3028 2267 3267 2326 vocatur,
3303 2267 3385 2312 est
3412 2258 3574 2311 animi
3606 2260 3662 2311 ai

2108 2352 2269 2408 fectio
2297 2352 2618 2421 proveniens
2640 2366 2705 2404 ex
2732 2350 2982 2419 opinione
3011 2349 3170 2403 t'uturi
3197 2348 3493 2418 cujuspiam
3533 2349 3679 2415 boni,

2107 2442 2298 2496 rationi
2351 2457 2465 2494 non
2498 2441 2893 2509 obtemperans.
2936 2440 3098 2493 Dolor
3143 2455 3238 2494 seu
3293 2440 3555 2508 aegritudo
3596 2452 3675 2493 est

2106 2534 2266 2587 animi
2290 2533 2502 2587 aﬂ'ectio
2523 2534 2840 2601 proveniens
2860 2533 3189 2603 exopiuione
3204 2534 3379 2602 magni
3406 2533 3529 2587 mali
3545 2547 3679 2601 prm-

2105 2626 2276 2679 sentis
2298 2626 2618 2678 ratioui-non
2645 2625 3041 2694 obtemperans.
3069 2624 3239 2679 Metus
3264 2636 3345 2679 est
3367 2625 3530 2677 animi
3556 2639 3674 2693 per»

2107 2714 2355 2775 turbatio,
2374 2716 2621 2769 accidens
2645 2730 2709 2769 ex
2733 2716 2987 2784 Opinione
3008 2716 3184 2784 magni
3215 2716 3339 2768 mali
3364 2715 3678 2785 impenden-

2107 2806 2198 2871 tis,
2221 2814 2414 2872 prazter
2442 2815 2641 2860 rectam
2666 2807 2948 2859 rationem.
2980 2806 3084 2860 Has
3104 2806 3534 2875 perturbationes
3561 2821 3677 2859 ma-

2104 2910 2239 2963 gnus
2264 2906 2414 2963 poeta
2439 2897 2621 2963 paucis
2643 2895 2960 2963 complexus
2978 2905 3082 2958 est,
3111 2897 3162 2947 iu
3197 2895 3457 2949 IEneidos
3488 2905 3674 2949 sexto:

2229 2986 2372 3037 Hunc
2406 2991 2630 3036 metuunt
2652 2987 2971 3049 cupiuntque,
3014 2985 3181 3035 dolent
3216 2985 3553 3049 gaudentque,
3587 2997 3681 3035 nee

3524 3063 3535 3094 ι
3572 3064 3578 3073 ,

2236 3110 2533 3172 Respieiunt,
2561 3109 2734 3159 clausae
2759 3110 2979 3158 tenebris
3005 3117 3053 3157 et
3079 3121 3279 3157 carcere
3299 3049 3523 3158 c.'r:c.o.[al
3541 3061 3620 3096 ras

2106 3196 2183 3250 Ex
2216 3196 2296 3249 his
2324 3196 2506 3249 vitium
2540 3209 2698 3248 omne
2726 3196 2960 3246 nascitur
2982 3210 2994 3246 :
3014 3193 3155 3247 unde
3175 3193 3413 3247 Francis.
3447 3193 3672 3261 Pliilelp.

2102 3288 2153 3339 in
2187 3286 2403 3341 Sailris:

2224 3375 2454 3424 Dedecus
2476 3386 2618 3423 omne
2644 3374 2793 3422 audet
2816 3386 2955 3423 mens
2978 3374 3259 3434 perturbata
3286 3372 3537 3435 nefasque.

2176 3458 2358 3511 Danda
2382 3459 2537 3527 igitur
2565 3472 2684 3511 cum
2718 3456 2901 3525 primis
2926 3471 3084 3525 opera
3108 3465 3192 3510 est
3221 3455 3372 3509 nobis
3404 3465 3459 3508 ut
3485 3472 3514 3507 e
3533 3471 3575 3508 is
3598 3458 3675 3508 vel

2101 3551 2477 3617 exstirpemus,
2503 3550 2584 3603 vel
2629 3558 2775 3603 certe
2828 3549 3049 3601 rationis
3098 3547 3384 3601 subdamus
3416 3548 3668 3614 imperio.

2104 3651 2160 3696 ut
2189 3650 2465 3710 compotes
2504 3640 2771 3694 beatitatis
2812 3639 3119 3693 evadamus.
3174 3638 3335 3692 Divus
3360 3637 3676 3691 Ambrosius

2103 3733 2152 3786 in
2172 3748 2206 3785 ιι
2226 3732 2589 3798 Epistularum
2610 3748 2620 3781 ε
2644 3729 2874 3797 Insurgit
2899 3729 3040 3782 enim
3070 3729 3281 3796 sapiens
3302 3730 3474 3797 quasi,
3509 3730 3676 3782 vietor

2102 3823 2378 3877 debellatis
2409 3837 2437 3875 a
2468 3837 2528 3875 se
2556 3836 2618 3874 ac
2650 3820 3010 3889 triumphalis,
3046 3819 3272 3883 libidini,
3300 3818 3498 3881 timori,
3532 3819 3677 3886 ἱειιτιο

2103 3915 2226 3973 vite.
2257 3913 2627 3978 mcestitudini,
2650 3911 2970 3981 coaterisque
2987 3910 3147 3973 vitiis,
3172 3908 3342 3962 donec
3365 3924 3424 3962 αι
3456 3908 3524 3962 de
3549 3924 3675 3977 pos-

2101 4005 2343 4059 ses~ione
2370 4018 2479 4059 sua:
2505 4004 2699 4058 mentis
2734 4003 2995 4067 eliminet,
3047 4010 3101 4055 et
3132 4001 3389 4055 omnibus.
3438 4002 3679 4055 terminis

2102 4096 2400 4165 ﬁnibusque
2426 4096 2535 4148 suis
2566 4095 2861 4163 propulset,
2892 4102 3050 4163 atque
3081 4101 3280 4147 arceat.
3309 4092 3544 4148 Joannes
3576 4094 3687 4148 Bo-

2099 4187 2278 4241 cacius
2310 4187 2361 4239 in
2392 4186 2653 4239 Bucolicis
2678 4202 2691 4237 :

2220 4279 2260 4327 Ο
2290 4279 2493 4338 Οδηιηη,
2523 4279 2723 4335 Damon,
2751 4284 2983 4340 quantum
3007 4278 3099 4340 sibi
3124 4278 3331 4338 quisque
3357 4278 3539 4334 heavit,

2224 4341 2316 4399 Qui
2340 4348 2495 4400 potuit
2518 4342 2697 4389 mentis
2719 4339 2912 4387 rabidos
2934 4339 3108 4387 sedare
3134 4347 3367 4386 tumores.

2101 4425 2331 4493 Baptista
2366 4426 2711 4478 Mantuanus:

2224 4517 2383 4565 Ardua
2408 4528 2507 4573 res,
2533 4517 2707 4563 vicisse
2733 4515 2854 4562 alios
2876 4529 2887 4562 :
2915 4515 3109 4562 victoria
3136 4514 3283 4573 major

2286 4577 2370 4624 Est
2392 4578 2538 4624 animi
2565 4580 2736 4623 tinctus
2760 4576 3088 4633 composuisse
3106 4575 3200 4620 sui.

2225 4637 2502 4695 Subjecisse
2528 4644 2705 4697 metus,
2736 4642 2786 4683 et
2818 4636 3094 4693 debellasse
3122 4643 3337 4697 tumores

2290 4697 2490 4756 Gaudia,
2512 4696 2749 4757 spemque
2777 4697 2909 4757 gravi
2934 4697 3247 4755 supposuisse
3264 4696 3400 4755 jugo.

2171 4782 2277 4835 Nos
2299 4795 2509 4848 quoque
2538 4795 2710 4833 annos
2736 4780 2933 4834 abhinc
2956 4787 3160 4847 septem
3194 4779 3245 4832 in
3272 4778 3681 4847 Eclogismura-r

2102 4874 2240 4927 libus
2269 4874 2409 4926 hunc
2442 4874 2491 4925 in
2526 4872 2737 4925 modum
2768 4873 3025 4925 lusimus:

2346 4964 2569 5011 Portibus
2592 4962 2734 5011 bellis
2766 4966 2947 5011 animos
2971 4963 3178 5022 domate,

2344 5024 2549 5074 Vinculo
2577 5028 2705 5085 pacis
2730 5030 3021 5085 repritnatur
3048 5026 3136 5083 ira,

2342 5086 2463 5136 Cura
2498 5089 2560 5135 sit
2585 5087 2777 5133 tnordax
2811 5088 2994 5148 procul,
3021 5092 3239 5135 arceatur

2467 5148 2616 5194 Priva
2636 5148 2826 5207 cupido.

2342 5209 2496 5256 Nemo
2520 5217 2743 5269 captores
2766 5210 2924 5258 rutilis
2948 5211 2992 5256 in
3018 5211 3162 5257 armis

2342 5270 2541 5317 Urbium
2562 5272 2727 5328 jactet.
2757 5284 2781 5316 c
2800 5271 2982 5317 λΙριιΓρς
3007 5272 3273 5330 triumphos

2343 5331 2497 5378 Nemo
2521 5336 2742 5389 miretur,
2769 5332 2944 5391 quibus
2971 5333 3299 5378 intumescunt.

2461 5394 2603 5448 Stepe
2631 5397 2830 5451 tyranni.

2336 5452 2566 5500 Gestiens
2589 5455 2809 5512 quisquis
2839 5454 3018 5513 pepulit
3048 5454 3218 5511 quieto

2338 5515 2571 5560 Gaudium
2600 5523 2643 5559 et
2673 5516 2817 5561 duros
2841 5518 2997 5561 attinto
3021 5514 3233 5569 dolores,

2332 5575 2785 5634 Spesmiltelantes,
2818 5578 3138 5635 pavidumque
3165 5576 3295 5622 vicit.

2457 5637 2612 5684 Corde
2638 5638 2860 5682 timorem
2890 5652 2897 5660 ί

466 5723 477 5735 ⁸
508 5721 748 5769 Delicium
777 5720 964 5780 Ag"ic0l
985 5734 1009 5765 η
1034 5722 1374 5768 commentaria
1405 5733 1414 5767 :
1443 5722 1573 5768 S'IIIIS
1596 5720 1831 5781 deinceps
1857 5722 2259 5769 eutnmentabitur
2282 5716 2591 5765 Murnellius.
2629 5716 2759 5765 limi.
