4216 6256
599 302 697 359 951
1252 317 1596 376 APPENMX
1637 321 1726 376 AD
1764 324 2004 381 LIBROS
2049 329 2132 382 DE
2172 331 2689 396 CONSOLATIONE
2732 344 3224 403 PHILOSOPIIIJE.

842 418 985 489 ξυιυς
1006 423 1084 474 hic
1107 425 1229 489 lauri
1255 433 1433 479 meruit
1455 433 1696 489 coronam,

843 480 1113 557 {turparem
1137 488 1283 557 solus,
1310 489 1493 557 placide
1520 480 1840 557 triumphans.

847 541 1125 595 Proximam
1150 541 1319 599 sedem
1345 554 1421 600 cui
1448 554 1528 604 dat
1549 541 1695 605 beato

969 605 1097 656 Vera
1126 611 1362 671 voluptas.

663 694 729 749 Et
749 694 801 749 in
832 708 1021 765 quarto
1052 701 1352 771 Elegiarum
1381 708 1519 762 libro
1545 727 1559 762 :

771 795 1031 875 Splendida
1058 814 1150 850 non
1176 803 1356 875 faciunt
1380 806 1584 858 fortuna;
1612 823 1813 875 munera
1833 824 2026 875 regem,

835 859 1024 929 Blattea
1053 876 1145 929 n_ec
1173 869 1338 925 vestis,
1367 882 1460 917 nec
1485 883 1725 929 generosa
1746 859 1933 923 domus.

768 915 877 994 Ben:
905 927 981 969 est
1002 926 1082 983 qui
1102 938 1234 987 sese,
1247 915 1411 994 rectae
1435 915 1637 994 rabo-nis
1652 915 1867 982 habenis

830 980 1157 1053 Compescens
1180 980 1325 1053 animi
1353 993 1497 1038 noxia
1524 1002 1651 1050 vota,
1676 980 1827 1053 regit.

768 1039 872 1115 Non
896 1039 1075 1115 merito
1099 1048 1237 1115 fortis
1257 1062 1508 1109 censetur,
1533 1039 1963 1115 qiuiiiiim‘is‘audax

830 1102 1239 1175 Tristiaterribili
1266 1124 1473 1173 corpore
1498 1102 1628 1168 bella
1648 1118 1795 1175 gerit.

768 1160 926 1235 Fortis
947 1169 1129 1235 eximio
1154 1160 1578 1235 virtutis'przedita
1598 1160 1725 1224 36116

826 1224 965 1299 Mens
988 1230 1080 1288 pia,
1108 1246 1249 1299 mens
1272 1224 1408 1281 alma:
1433 1238 1622 1283 conseia
1641 1239 1863 1299 justitiae,

764 1284 881 1362 Quae
903 1284 1290 1362 domat'atfectus
1313 1304 1449 1344 recto
1467 1284 1807 1362 intolerantiae
1826 1284 2023 1362 pravos,

824 1347 1090 1416 Corporeas
1112 1356 1313 1416 vincens
1336 1358 1560 1416 [gnaviter
1585 1347 1861 1409 illecebras.

760 1406 983 1483 Cuj‘usad
1010 1414 1266 1483 imperium
1288 1406 1411 1477 fugit
1437 1406 1727 1469 illecebrosa
1750 1406 1991 1483 voluptas,

846 1471 879 1519 Et
898 1472 1031 1521 dolor
1057 1471 1265 1538 impigre
1288 1471 1505 1540 spesque
1528 1488 1789 1541 metusque
1815 1471 1946 1544 fu'ga.

653 1548 891 1623 Volcens]
932 1554 1233 1622 Exagitans.

642 1638 903 1697 Turbidus
928 1646 1121 1717 auster]
1145 1648 1506 1707 Turbulentus
1543 1664 1753 1717 ventus,
1800 1656 2011 1723 species
2060 1672 2156 1722 pro

568 1746 767 1802 genere
794 1736 988 1803 posita.

636 1823 872 1895 Euam]
901 1828 1062 1884 Maris
1089 1842 1314 1886 motum.

647 1913 848 1987 Vitrea]
881 1921 1185 1989 perspicua.

639 2006 765 2077 Par]
786 2008 1007 2064 Similis.

572 2087 3473 2115 Μ

2204 451 2256 507 Λ
2361 450 2562 508 Visibus
2584 457 2770 529 obstat]
2800 461 2984 516 Visum
3019 480 3123 519 non
3143 469 3467 521 transmittit.

2353 540 2590 616 θαμειαί]
2622 546 2881 603 Deorsum
2917 552 3109 608 ﬂuens.

2350 632 2581 703 Resistit]
2623 636 2962 695 Hemoratnr.

2354 722 2526 795 Obice]
2559 726 2894 795 Objectione.

2350 810 2481 867 Saa‘i
2505 816 2661 869 soluti
2682 818 2829 891 rupe]
2856 820 3108 878 Dissoluti
3137 840 3166 879 a
3192 841 3342 895 rupe.

2342 902 2582 975 Lumine]
2615 907 2749 962 visu.

2342 993 2587 1068 Cernere]
2616 998 2822 1056 videre.

2347 1082 2556 1157 Verum]
2591 1087 2901 1146 Veritatem.

2339 1175 2560 1245 Carpere
2581 1181 2783 1252 callem]
2812 1183 2911 1238 lre.
2938 1184 3027 1239 Sic
3050 1185 3304 1242 Ovidius:

2452 1266 2503 1315 "ai
2528 1272 2633 1316 rota
2656 1269 2888 1333 defuerit,
2918 1278 2969 1322 tu
2996 1275 3123 1334 pede
3145 1289 3290 1339 carpe
3315 1281 3459 1329 viam.

2336 1345 2559 1419 Nubila]
2584 1349 2897 1417 Obscurata,
2924 1359 3248 1423 perturbata.

2339 1436 2459 1508 Ubi]
2491 1438 2546 1492 ln
2579 1456 2678 1509 qua
2710 1454 2907 1497 mente.

2335 1528 2481 1600 Hcce]
2516 1532 2606 1585 lla:
2635 1535 3084 1601 perturbationes,
3114 1538 3179 1594 de
3223 1540 3413 1609 quibus
3443 1542 3754 1611 Philelphus
3792 1547 3848 1600 in

2261 1620 2448 1675 Satiris
2472 1638 2483 1672 :
3466 1676 3473 1683 ,

2388 1710 2475 1759 Hic
2502 1712 2659 1771 timet,
2691 1712 2775 1762 ille
2799 1717 2953 1776 cupit,
2981 1717 3119 1765 dolor
3140 1718 3250 1767 hinc
3272 1718 3408 1782 furit,
3435 1719 3549 1769 inde
3576 1722 3818 1785 voluptas,

2184 1808 2233 1865 Β
2266 1788 2333 1842 Et
2365 1805 2463 1843 nos
2495 1795 2545 1845 in
2573 1793 2745 1859 primo
2774 1794 3113 1864 Elegiarum:

2388 1878 2633 1950 Languida
2660 1882 2918 1950 coniiciunt
2943 1885 3196 1950 mordaces
3221 1894 3417 1950 pectora
3443 1902 3594 1950 cura,

2445 1939 2571 1988 Hinc
2595 1955 2731 2003 spes,
2756 1944 2868 1990 inde
2895 1954 3075 2003 metus,
3106 1939 3269 1995 laetitia
3291 1956 3439 2009 atque
3462 1939 3613 1999 dolor.

2333 2018 2586 2088 Regnent]
2620 2022 2987 2079 Dotnitlantur.

3485 2103 3753 2117 —

1748 2173 2037 2249 LIBER
2092 2169 2650 2253 SECUNDUS.

1005 2341 1068 2395 ΙΝ
1108 2343 1383 2401 PBOSAM
1424 2348 1705 2405 PRIMAM.

625 2429 905 2498 Superiori
951 2436 1218 2490 volumine
1258 2439 1421 2494 Boetii
1467 2445 1698 2510 querelae
1740 2447 2047 2519 dolorisque
2088 2458 2147 2505 et

557 2523 885 2592 aegritudinis
912 2542 1087 2581 causa:
1121 2539 1244 2583 sunt
1277 2534 1567 2601 expo~itw,-
1601 2536 1794 2603 quibus
1817 2541 2029 2607 penitus
2061 2541 2144 2595 in-

558 2616 859 2685 trospectis,
892 2617 1233 2687 Phil050phia
1276 2625 1595 2692 peritissima
1629 2628 1995 2699 languentium
2025 2632 2142 2686 ani-

553 2720 761 2760 tuorum
808 2709 1036 2775 medica,
1075 2728 1217 2766 nunc
1259 2714 1437 2770 hocin
1495 2718 1628 2772 libro
1669 2721 1901 2775 remedia
1932 2723 2140 2778 confert

551 2796 633 2868 (ut
662 2815 820 2869 supra
855 2804 1088 2871 pollicita
1131 2809 1234 2877 est)
1265 2824 1327 2862 ea
1367 2826 1487 2879 quae
1528 2824 1647 2866 sunt
1684 2816 1901 2882 leviora,
1932 2833 2039 2886 quo
2084 2819 2136 2872 in

550 2889 895 2960 subsequenti
922 2895 1536 2955 voluminecommodius
1557 2904 1761 2958 acriora
1791 2908 1959 2974 possit
1985 2907 2137 2962 adhi—

550 2980 694 3037 bere.
711 2983 844 3038 Tota
857 2996 1036 3041 autem
1049 2989 1338 3058 disputatio
1350 3007 1490 3046 nunc
1503 3005 1706 3062 spectat
1719 3011 1805 3065 eo,
1823 3000 2137 3055 utostendat

556 3072 775 3129 fortunae
791 3075 929 3131 bona
946 3078 1163 3133 minime
1186 3082 1384 3135 nostris
1411 3084 1462 3135 in
1483 3084 1634 3137 bonis
1650 3101 1767 3141 esse
1783 3091 2132 3144 numeranda.

541 3198 544 3201 η
614 3167 742 3223 Post
770 3169 907 3243 hwc]
925 3171 1053 3225 Post
1080 3173 1422 3229 decantatum
1456 3178 1753 3245 proximum
1786 3194 2023 3235 carmen.

617 3260 735 3333 Ubi]
766 3262 1076 3331 Postquam.

612 3352 871 3426 Modesta]
897 3357 1190 3411 Moderata.

607 3444 843 3517 Collegit]
874 3448 1101 3503 Reiecit.

609 3536 812 3591 Exorsa
842 3537 935 3608 est]
958 3539 1133 3608 Coepit
1158 3541 1324 3611 loqui.

610 3628 881 3701 Habitum]
912 3631 1286 3695 Aﬂ'ectionem.
1309 3636 1741 3702 dismitatioucm.

608 3720 869 3793 Tabescis]
895 3722 1258 3779 Consumeris.

605 3814 877 3888 Pervertit]
902 3816 1198 3872 Perturbat.

605 3908 763 3963 Illius
788 3910 1032 3982 prodigii]
1064 3912 1375 3968 Monstrosae
1409 3915 1655 3971 fortunat.

605 3998 798 4070 Faces]
822 4000 1080 4058 Fraudes.
1104 4003 1388 4060 Terentius
1416 4008 1468 4060 in
1503 4008 1723 4062 Eunueh
1747 4025 1755 4057 :

656 4089 754 4139 Per
780 4091 1057 4153 impluvium
1079 4094 1241 4145 fucum
1264 4099 1442 4147 factum
1468 4100 1679 4148 mulieri.

608 4177 745 4239 Quos
775 4176 983 4230 eludere
1013 4180 1216 4250 nititur]
1247 4181 1486 4236 Joannes
1513 4184 1815 4251 Campanus
1841 4203 1853 4237 :

654 4267 749 4333 Da].
765 4266 956 4333 fortuna
982 4282 1152 4333 manus
1172 4272 1344 4333 quibin
1371 4281 1445 4321 est
1471 4276 1683 4323 nocitura
1706 4277 1949 4324 secutalas
1972 4295 1981 4322 :

718 4329 865 4380 Ridet
888 4339 943 4380 ut
964 4331 1162 4395 alliciat,
1190 4329 1397 4397 porrigit
1424 4344 1476 4385 ut
1502 4339 1675 4397 capiat.

532 4408 732 4464 Seneca
757 4428 770 4463 :

656 4501 867 4551 Fortuna
890 4517 998 4553 cum
1023 4504 1289 4569 blanditur,
1314 4514 1558 4571 captatum
1594 4520 1744 4560 venit.

602 4585 878 4658 lacessere]
922 4589 1205 4659 lmpetere,
1248 4593 1522 4647 insectari.
1564 4595 1769 4649 Gellius
1806 4613 1817 4645 :
1855 4596 1985 4648 Cum
2034 4615 2119 4651 me

530 4679 832 4734 maledictis
854 4681 1163 4737 incesseret.

600 4770 792 4843 Adyto]
820 4774 1047 4843 Adytum
1074 4776 1221 4830 locus
1244 4788 1326 4831 est
1351 4781 1611 4834 secretior
1636 4782 1841 4847 templi,
1873 4782 1936 4833 ad
1961 4799 2118 4852 qtmu

531 4877 636 4916 non
665 4864 765 4917 nisi
797 4867 1061 4920 sacerdoti
1087 4868 1315 4921 dabatur
1347 4870 1631 4926 accessus.
1652 4872 1899 4942 Virgilius
1927 4892 1938 4924 :

656 4952 801 5014 Isque
827 4955 982 5016 adytis
1005 4956 1110 5005 haec
1136 4960 1290 5005 tristia
1315 4960 1441 5008 dicta
1468 4969 1703 5021 reportat.

530 5036 628 5091 llic
657 5038 891 5107 intelligo
925 5040 1281 5107 Philosophiae
1319 5046 1689 5106 seetetarium,
1717 5062 1835 5114 qua:
1858 5057 2113 5113 tanquam

529 5146 727 5185 numen
756 5146 903 5186 sacra
933 5144 1036 5196 est,
1067 5143 1120 5187 et
1151 5136 1475 5189 veneranda.

611 5220 799 5275 Verum
822 5225 985 5277 omnis
1002 5225 1169 5277 subita
1192 5227 1407 5279 mutatio
1424 5245 1613 5291 rerum,
1642 5246 1741 5281 non
1769 5231 2113 5296 sinequodum

526 5316 924 5387 quasiconﬂictu
942 5318 1187 5386 contingit
1204 5319 1517 5391 animorum]
1534 5321 1755 5374 Pulchra
1772 5329 1822 5373 et
1838 5322 2109 5373 verissima

530 5406 649 5463 hazc
675 5417 755 5462 est
784 5409 1067 5472 sententia,
1102 5424 1130 5461 a
1160 5426 1262 5478 qua
1298 5426 1402 5462 non
1437 5411 1703 5477 discrepat
1731 5413 1814 5464 illa
1854 5413 2106 5466 Svnccm:

655 5498 859 5548 Gravius
878 5506 1042 5560 nocet,
1066 5501 1393 5561 quodcunque
1421 5503 1735 5564 inexpertum
1762 5503 1934 5551 accidit

526 5575 600 5636 Et
623 5582 860 5647 ejusdem
896 5583 984 5636 illa
1011 5599 1024 5635 :

654 5671 816 5718 Grave
841 5676 916 5718 est
939 5671 1116 5719 malum
1138 5686 1281 5721 omne
1307 5688 1371 5733 qu
1405 5674 1433 5719 ιι
1458 5674 1547 5721 sub
1574 5682 1771 5736 aSpcctu
1800 5675 1932 5725 latct.

602 5748 878 5821 Con/lieni]
909 5756 1298 5820 (Tointnotione,
1326 5759 1584 5811 cruciatu.

2322 2344 2546 2413 Tempus
2585 2348 2812 2417 haurire]
2855 2348 2962 2404 Pro
3008 2350 3315 2409 hauriendi.
3357 2353 3446 2411 Sic
3490 2354 3736 2413 Horatius
3784 2360 3845 2419 in

2248 2435 2494 2504 epistolis
2522 2452 2535 2489 :

2370 2526 2588 2588 Tempus
2612 2528 2748 2576 abire
2774 2530 2880 2578 tibi.

2247 2608 2558 2678 Propertius
2584 2626 2598 2661 :

2366 2709 2507 2758 Nune
2535 2717 2612 2759 est
2636 2709 2894 2759 discedere
2920 2720 3129 2775 tempus.

2318 2800 2567 2873 Suadela]
2602 2803 2692 2857 Vis
2721 2812 2774 2857 et
2804 2803 3029 2858 facultas
3058 2806 3341 2862 suadendi.

2318 2893 2511 2947 Nostra
2531 2893 2781 2965 instituta]
2810 2894 3167 2965 Philosophia:
3191 2909 3473 2969 praecepta.

2314 2982 2535 3054 Musiea]
2570 2985 2806 3051 Poctica,
2835 3000 2993 3054 quam
3030 2996 3083 3069 et
3111 2987 3393 3043 Terentius
3443 2991 3697 3047 musicam
3732 3009 3833 3063 ap—

2242 3073 2474 3142 pellavit.

2161 3158 2207 3221 Ο
2312 3164 2441 3219 Hart:
2465 3162 2668 3233 natura]
2704 3165 2765 3220 Ut
2796 3168 2864 3218 s't
2890 3167 3180 3223 mutabilis.

2310 3257 2376 3309 In
2408 3259 2517 3326 ipsa
2540 3258 2617 3309 sui
2645 3259 2982 3335 mutabilitate
3021 3261 3378 3334 constantiam]
3409 3264 3564 3319 Ovid.
3594 3258 3664 3320 ‘in
3704 3266 3822 3321 Tri-

2240 3347 2405 3400 stibus
2431 3366 2441 3399 :

2364 3458 2589 3522 l’assibus
2613 3460 2852 3522 ambiguis
2877 3459 3065 3508 fortuna
3090 3462 3312 3510 volubilis
3335 3470 3485 3522 errat,

2425 3520 2483 3584 Et
2507 3528 2669 3584 manet
2696 3522 2738 3566 in
2767 3521 2896 3568 nullo
2921 3529 3336 3584 certateuaxque
3364 3520 3485 3576 loco.

2358 3581 2455 3649 Sed
2481 3583 2621 3628 modo
2646 3581 2765 3630 laeta
2782 3591 2967 3649 manet,
2992 3582 3151 3649 vultus
3175 3581 3317 3633 modo
3340 3592 3485 3637 sumit
3507 3589 3728 3649 acerbos,

2417 3642 2479 3691 Et
2502 3651 2685 3691 tantum
2705 3651 2934 3692 constans
2958 3644 3005 3690 in
3031 3645 3231 3694 levitate
3258 3660 3345 3695 sua
3370 3656 3462 3697 est.

2304 3743 2579 3813 Ambigttos
2616 3743 2818 3813 vultus]
2872 3744 3149 3809 lucertos,
3194 3749 3353 3802 moilo
3398 3749 3613 3811 hilares.
3660 3754 3823 3807 modo

2234 3836 2434 3891 tristes.

2313 3927 2443 3981 th'i
2475 3927 2717 3997 numinis]
2746 3928 3012 3995 Fortunae,
3040 3945 3198 3999 quam
3220 3942 3427 3987 veteres
3446 3934 3599 3989 deam
3621 3950 3817 3991 caecam

2233 4026 2359 4070 sunt
2389 4016 2625 4068 fabulati.
2654 4016 2855 4070 Plinius”
2884 4018 2974 4071 lih.
3007 4035 3040 4071 ll
3068 4021 3334 4076 Na'uralis
3358 4023 3618 4089 llistorize,
3647 4028 3819 4094 capite

2238 4110 2268 4160 7
2299 4125 2313 4160 :
2342 4108 2477 4159 Toto
2504 4108 2697 4174 quippe
2729 4109 2945 4177 mundo,
2975 4124 3029 4165 et
3070 4113 3198 4167 locis
3229 4115 3501 4181 omnibus,
3544 4119 3815 4172 omnibus-

2244 4214 2348 4267 que
2379 4198 2546 4261 boris,
2577 4197 2852 4252 hominum
2882 4202 3101 4255 vocibus
3134 4203 3342 4258 fortuna
3377 4208 3488 4260 sola
3518 4208 3813 4278 invocatur,

2235 4298 2290 4348 et
2334 4310 2433 4347 una
2482 4296 2805 4361 nominatur,
2856 4315 2956 4351 uua
3003 4312 3303 4371 accusatur,
3357 4321 3456 4358 una
3499 4308 3671 4373 agitur
3700 4322 3813 4373 rea,

2241 4402 2341 4438 una
2375 4372 2668 4457 cogitatur,
2711 4390 2821 4442 sola
2868 4392 3130 4459 laudatur,
3177 4396 3286 4448 sola
3329 4398 3587 4466 arguitur,
3616 4409 3812 4452 etcum

2231 4480 2477 4532 convitiis
2512 4466 2745 4533 colitur:
2794 4482 3166 4553 volubilisque,
3216 4501 3243 4537 a
3297 4488 3563 4557 plerisque
3601 4504 3728 4542 vero
3757 4500 3812 4547 et

2228 4585 2367 4623 cica
2424 4571 2584 4624 etiam
2633 4573 2955 4637 existimata,
2998 4591 3152 4644 vaga,
3204 4577 3529 4643 inconstans,
3591 4581 3812 4647 incerta,

2232 4661 2397 4725 varia,
2440 4663 2883 4731 indignorumque
2926 4664 3141 4719 fautrix.
3177 4666 3309 4721 lluic
3348 4670 3526 4727 omnia
3554 4672 3805 4738 eitpensa.

2235 4734 2563 4807 huic'omnia
2589 4758 2828 4807 feruntur
2857 4769 3095 4825 accepta,
3131 4769 3183 4811 et
3213 4760 3264 4811 in
3295 4770 3404 4813 tota
3439 4764 3642 4815 ratione
3670 4778 3810 4816 mor-

2230 4846 2408 4899 talium
2456 4847 2569 4900 sola
2604 4855 2880 4916 utramque
2930 4850 3171 4916 paginam
3221 4850 3366 4904 facit.
3408 4854 3476 4906 Μ.
3527 4854 3732 4907 Tullius
3760 4857 3810 4909 in

2233 4938 2429 4990 La-lio:
2460 4938 2572 4991 Non
2614 4940 2754 4991 enim
2804 4939 2975 4990 solum
3013 4939 3126 5004 ipsa
3158 4940 3372 4994 fortuna
3410 4959 3549 4997 caeca
3584 4953 3687 5009 est,
3720 4949 3810 4998 sed

2224 5045 2315 5081 cos
2358 5030 2514 5083 etiam
2561 5030 2872 5097 plerumpie
2927 5031 3094 5084 efficit
3134 5048 3309 5086 (ramos
3358 5051 3493 5103 quos
3532 5036 3811 5105 complexa

2220 5130 2321 5174 est.
2349 5120 2663 5175 Franciscus
2695 5122 2979 5175 Petrarcha
3005 5125 3054 5176 in
3087 5124 3380 5179 Bucolicis:

2344 5212 2481 5259 Caaca
2504 5221 2632 5259 rotat
2650 5212 2841 5260 fortuna
2863 5212 3029 5274 ﬁdem,
3059 5222 3180 5264 rotat
3203 5219 3366 5265 Omnia
3395 5216 3561 5267 fatum.

2223 5299 2455 5351 Auctore
2483 5298 2677 5349 Celiele
2700 5298 2975 5355 Thebano,
3010 5298 3242 5351 Fortuna
3275 5317 3439 5368 super
3471 5301 3645 5369 lapide
3677 5318 3808 5367 quo-

2218 5389 2340 5441 dam
2374 5390 2599 5438 lullllltlu
2628 5388 2926 5441 t-ou~is:crc
2952 5389 3182 5452 videtur,
3208 5398 3264 5442 et
3286 5408 3389 5443 non
3423 5393 3597 5445 solum
3638 5407 3803 5453 amca,

2219 5481 2313 5534 sed
2346 5480 2530 5531 insana
2561 5480 2718 5532 etiam
2745 5488 2800 5533 et
2825 5481 2983 5534 surda
3013 5492 3107 5535 est.
3143 5484 3464 5537 Uhambulat
3491 5499 3807 5552 quocunque

2218 5575 2473 5641 gentium.
2499 5582 2551 5625 ct
2577 5574 2696 5626 aliis
2722 5574 2940 5641 quidem
2968 5576 3243 5629 facultates
3261 5578 3441 5641 eripit,
3476 5578 3595 5630 aliis
3626 5577 3806 5639 tradit,

2219 5664 2629 5730 ab_eisdemquc
2670 5679 2850 5716 rursus
2904 5667 3077 5719 aul'i-rt
3130 5668 3267 5721 illico
3324 5685 3442 5737 qtta-
3492 5668 3803 5726 tradidera'.

2219 5766 2377 5824 atque
2402 5755 2519 5808 aliis
2537 5764 2737 5809 temere
2760 5755 3185 5825 iustabiliterque
3209 5759 3474 5814 concedit.
3504 5758 3801 5813 Pacuvius:
