4190 6268
300 374 402 429 953

1502 370 1541 419 Μ
1557 370 1692 423 ΠΒΜ
1705 369 1874 431 ELLII
1916 369 2426 429 COMMENTARIA.

3446 374 3550 427 954

359 482 618 556 Ξόνξυηοιῒῖ
644 484 852 556 ῑηβίιροτη
874 480 1870 556 Q5519}?!P1999!ffef'tiPCPF.Pfljltsophi.
1902 485 1948 540 Α
1976 499 2037 536 ea
2065 486 2387 549 conditione,
2423 494 2478 537 ut
2501 501 2604 538 non
2641 494 2855 554 possent
2886 486 3025 556 apud
3054 496 3102 539 te
3149 496 3399 554 perpetuo
3426 503 3547 555 per-

357 545 576 603 Saxiqne
600 544 659 589 ad
691 545 838 590 instar
864 541 1046 602 globosi
1073 540 1333 603 praedicant
1358 552 1469 603 esse
1498 540 1777 603 volubilem.

358 608 480 664 Quia
497 600 603 664 'quo
623 615 793 651 saxum
811 600 1055 663 impulerit
1080 602 1197 664 fors,
1225 612 1286 648 eo
1306 600 1484 648 cadere
1520 601 1759 664 fortunam
1784 616 1870 649 au-

359 728 541 777 Cazcam
566 724 630 773 ob
655 736 762 773 eam
790 736 893 771 rem
919 734 1030 771 esse
1052 728 1241 783 vocant,
1270 732 1384 781 quia
1420 722 1537 793 nihil
1576 662 1876 793 (ζὲῗξξιῗῃξυο

1526 798 1531 805 .
1636 802 1644 825 ,
1800 818 1811 831 O

364 849 586 897 Insanam
609 851 770 895 autem
795 845 948 902 aiunt,
973 843 1087 904 quia
1126 784 1873 904 atros;incelff3fngidgifigque

360 970 585 1031 Brutam,
596 980 709 1029 quia
726 966 922 1027 dignum
935 969 1019 1013 aut
1031 963 1278 1023 indignum
1292 972 1504 1025 nequeat
1518 905 1872 1014 interndsscere.

300 1052 557 1122 Apuleius
599 1051 651 1101 in
680 1046 909 1115 septimo
941 1044 1007 1098 de
1035 1044 1200 1097 Asino
1228 1059 1409 1097 aureo.
1435 1044 1759 1112 Subibatque
1787 1061 1873 1099 me

300 1159 407 1197 non
438 1143 503 1195 de
533 1140 699 1194 nihilo
722 1134 915 1191 ve'teris
961 1137 1254 1205 priscaeque
1286 1136 1542 1190 doctrina:
1579 1138 1724 1190 viros
1770 1139 1871 1190 fin-

298 1235 442 1288 xisse
472 1247 536 1286 ac
563 1231 937 1301 pronuntiasse
967 1242 1160 1281 creeam
1192 1236 1246 1280 et
1296 1241 1513 1294 prorsus
1536 1228 1872 1280 exoculatam

298 1340 418 1381 esse
445 1325 708 1379 fortunam
734 1362 750 1388 ,
780 1336 897 1391 quae
918 1334 1128 1387 semper
1157 1334 1280 1372 suas
1306 1334 1438 1387 opes
1458 1331 1508 1372 et
1530 1320 1764 1374 maliset
1794 1321 1872 1371 in-

301 1418 476 1487 dignis
500 1416 759 1478 conferat,
794 1428 889 1467 nec
916 1427 1145 1480 unquam
1172 1411 1370 1479 judicio
1392 1427 1708 1479 quemquam
1732 1426 1876 1465 mora

300 1509 486 1562 talium
518 1506 714 1574 eligat;
752 1504 857 1556 imo
890 1518 1018 1557 vero
1045 1516 1166 1556 cum
1198 1502 1282 1555 his
1326 1502 1655 1569 potissimum
1696 1502 1871 1555 diver-

299 1607 448 1654 setur
468 1611 624 1666 quos,
665 1594 848 1664 procul
877 1594 924 1647 si
955 1595 1178 1655 videret,
1212 1592 1391 1662 fugere
1418 1593 1663 1654 deberet;
1706 1594 1873 1661 quod-

298 1705 402 1759 que
444 1688 650 1743 cunctis
706 1696 787 1739 est
835 1684 1150 1748 extremius,
1182 1685 1356 1737 varias
1411 1684 1711 1751 opiniones,
1767 1685 1889 1754 uno-

299 1781 591 1839 contrarias
619 1778 772 1834 nobis
798 1777 1072 1841 attribuat,
1099 1786 1157 1831 ut
1182 1786 1235 1830 et
1255 1776 1425 1829 malus
1457 1777 1579 1830 boni
1611 1776 1707 1830 viri
1733 1779 1868 1830 fama

298 1874 573 1944 glorietur,
619 1882 673 1924 et
708 1868 1186 1923 innocentissimus
1214 1877 1397 1921 contra
1448 1867 1727 1921 noxiorum
1778 1883 1871 1922 ore

300 1967 575 2034 plet-tatur.

368 2065 446 2114 An
488 2075 606 2112 vero
636 2068 689 2111 tu
723 2052 1017 2125 pretiosam]
1061 2051 1303 2107 Ostendit
1339 2052 1394 2105 in
1439 2051 1663 2105 fortunae
1711 2052 1865 2106 bonis

296 2166 477 2206 veram
518 2149 822 2204 felicitatem
866 2161 972 2199 non
1002 2145 1315 2208 consistere,
1347 2143 1485 2211 quod
1519 2143 1607 2195 illa
1654 2143 1869 2199 minime

294 2239 499 2292 stabilis
528 2240 614 2301 sit,
645 2236 989 2303 discessuque
1017 2248 1113 2286 suo
1150 2234 1306 2302 longe
1353 2231 1466 2300 plus
1509 2231 1757 2285 maeroris
1792 2232 1869 2285 af-

297 2332 451 2395 ferat,
475 2343 631 2398 quam
662 2327 887 2381 adventu
916 2325 1112 2379 laetitia:
1154 2337 1333 2377 secum
1365 2322 1617 2374 attulerit.

366 2420 475 2473 Nec
514 2417 748 2471 manendi
791 2413 920 2485 ﬁda]
952 2414 1190 2469 Valerius
1228 2412 1366 2466 Max.
1413 2411 1504 2465 lib.
1536 2428 1625 2464 v1:
1658 2410 1868 2466 Caduca
1939 2447 1942 2450 ~

296 2510 511 2562 nituiutn
558 2517 611 2561 et
638 2506 840 2575 fragilia
886 2503 1281 2574 puerilibusque
1309 2511 1668 2556 censeutanea
1696 2502 1870 2571 crepi-

290 2603 374 2657 dis
402 2613 521 2656 sunt
561 2601 681 2662 ista,
712 2614 829 2668 qua}
855 2599 999 2652 vires
1037 2606 1197 2667 atque
1224 2611 1353 2664 opes
1396 2596 1638 2650 humanm
1670 2613 1865 2650 vocan-

292 2706 412 2746 tur:
449 2692 675 2746 affluunt
721 2690 915 2752 subito,
970 2697 1192 2757 repente
1231 2688 1555 2749 dilabuntur,
1612 2688 1760 2741 nullo
1816 2690 1867 2741 in

291 2786 429 2847 loco,
458 2782 598 2834 nulla
625 2782 674 2833 in
707 2794 933 2849 persona
965 2777 1244 2832 stabilibus
1271 2778 1393 2830 nixa
1450 2777 1715 2831 radicibus
1740 2793 1869 2831 cui.-

291 2874 508 2935 sistunt,
532 2870 624 2925 sed
655 2869 1016 2925 incertissimo
1048 2868 1171 2921 flatu
1197 2866 1538 2921 fortuttmltuc
1555 2878 1714 2935 atque
1741 2868 1866 2919 illuc

289 2973 430 3027 acta,
480 2975 617 3030 quos
661 2960 887 3013 sublime
932 2959 1260 3019 extulerunt,
1308 2958 1600 3020 improviso
1648 2971 1863 3009 recursu

287 3056 569 3110 destitutos
599 3053 651 3107 in
688 3051 951 3122 profundo
982 3050 1211 3104 cladium
1239 3049 1615 3102 miserabiliter
1650 3050 1862 3101 immer-

285 3158 432 3213 gunt.
482 3144 662 3211 Itaque
710 3159 883 3210 neque
933 3143 1129 3197 debent
1173 3142 1491 3203 existimari,
1540 3156 1710 3207 neque
1759 3140 1862 3193 dici

288 3240 445 3303 bona,
475 3254 591 3305 qua:
632 3236 952 3289 inflictorum
982 3234 1241 3293 malorum
1284 3234 1690 3287 amaritudinem
1720 3234 1860 3286 desi-

282 3328 430 3382 derio
450 3330 531 3381 sui
561 3325 851 3393 duplicant.

356 3420 583 3475 Allatura
631 3416 913 3487 mwrorem]
954 3416 1184 3484 Baptista
1233 3414 1543 3466 Mantuanus
1593 3415 1641 3466 in
1690 3414 1854 3482 prima

282 3510 594 3567 l’arthenice
621 3528 633 3563 :

716 3600 925 3649 Tristem
950 3607 1162 3659 sperata,
1190 3602 1453 3659 superbum

400 3663 503 3711 Jam
527 3676 759 3724 praesens,
786 3663 957 3709 amissa
981 3657 1095 3707 facit
1120 3657 1307 3706 fortuna
1330 3657 1607 3705 dolentem.

357 3748 542 3800 Rerum
570 3749 736 3799 exitus
771 3743 1041 3811 prudentia
1087 3740 1310 3810 metitur]
1355 3740 1708 3792 Mrnnwahilis
1740 3738 1852 3791 h:rc

278 3832 1058 3899 cstsententia,cuicoucordat
1082 3829 1209 3883 illud
1227 3830 1459 3882 Terentii
1486 3831 1535 3879 in
1562 3829 1846 3895 Adelphis:

404 3952 530 4000 Istuc
554 3958 628 4000 est
648 3964 841 4010 sapere,
868 3962 959 3996 non
984 3949 1109 4008 qund
1135 3953 1246 3993 ante
1270 3947 1421 4007 pedes
1446 3959 1586 3993 moue
1610 3952 1686 3993 est

402 4014 602 4069 Videre,
628 4014 713 4057 sed
742 4012 884 4057 etiam
910 4010 987 4056 illa
1014 4023 1119 4069 que
1145 4013 1302 4056 lutura
1327 4014 1438 4054 sunt

619 4074 924 4129 Prospicere.
1010 4076 1021 4081 ‘

349 4175 415 4229 In
443 4172 709 4243 alterutro]
728 4173 818 4226 Vel
845 4174 896 4225 in
927 4172 1266 4233 adversitate,
1293 4171 1372 4223 vel
1398 4170 1447 4221 in
1478 4168 1845 4237 proSperitate.

347 4265 458 4320 Nec
480 4265 831 4333 formidandus
861 4267 1078 4329 fortuna:
1113 4257 1295 4328 minas]
1326 4262 1528 4313 Seneca
1582 4260 1808 4325 tragicus
1834 4274 1849 4310 ε

524 4356 679 4403 Nemo
703 4354 907 4402 confidat
931 4355 1151 4400 nimirum
1177 4351 1422 4410 secundis,

520 4416 675 4464 Nemo
699 4416 930 4473 desperet
956 4415 1154 4460 meliora
1180 4414 1337 4473 lapsis.

522 4479 691 4524 Miscet
720 4472 819 4523 haec
843 4476 937 4523 illis
960 4476 1285 4534 prohibetque
1308 4472 1442 4521 Cloio

514 4541 659 4587 Stare
680 4539 940 4593 fortunam,
962 4533 1089 4582 rotat
1114 4547 1256 4579 omne
1281 4533 1443 4580 fatum.

518 4600 672 4648 Nemo
697 4608 791 4646 tam
812 4598 949 4643 (ἡκ-οδ
974 4597 1139 4643 habuit
1162 4596 1399 4650 faventes,

517 4663 790 4709 litastintun
818 4666 867 4703 ttt
891 4665 1052 4718 posset
1076 4658 1167 4704 sibi
1196 4655 1431 4718 pollceri.

521 4724 616 4769 lies
642 4722 775 4769 Deus
808 4717 994 4767 nostras
1016 4718 1167 4766 celeri
1192 4717 1362 4764 citatas

613 4784 826 4832 'l'urbiue
853 4789 1029 4827 versat.

273 4870 507 4940 Baptista
542 4871 854 4923 Mantuanus
887 4866 938 4917 in
969 4864 1132 4931 prima
1158 4860 1510 4913 Parthenice:

366 4965 421 5013 Id
444 4978 640 5025 quoque
681 4973 1021 5025 nonnunquam
1047 4965 1240 5025 mentes
1259 4956 1439 5025 solatur
1459 4966 1660 5008 amaras,

364 5017 497 5083 Quod
522 5017 639 5071 dura
672 5040 698 5070 e
723 5024 837 5069 nihil
862 5017 1041 5081 patitur
1063 5019 1271 5083 fortuna,
1301 5017 1526 5076 rivosque

366 5082 556 5135 Mobilis
578 5087 801 5133 alterum,
835 5093 1076 5141 vi-utoque
1094 5082 1331 5126 simillima
1356 5090 1545 5138 proram

371 5148 507 5196 Nunc
533 5162 671 5207 prem
693 5156 727 5202 t,
757 5160 780 5191 a
808 5158 953 5205 puppi
983 5143 1165 5202 [latitia
1189 5143 1329 5187 modo
1350 5143 1614 5184 murmurat
1637 5147 1767 5181 aura.

343 5229 606 5283 Postremo
653 5244 795 5295 (equo
834 5222 1026 5294 animo]
1070 5224 1228 5277 Aliud
1278 5220 1429 5274 affert
1478 5225 1847 5288 argumentum

275 5318 637 5384 Philosiqihia,
670 5331 777 5384 quo
812 5315 995 5367 Boetio
1023 5328 1125 5365 nou
1158 5326 1278 5364 esse
1309 5301 1373 5364 de
1408 5309 1614 5362 fortuna
1648 5307 1849 5360 lamen-

272 5407 488 5463 tandum
537 5407 771 5459 ostendit
812 5406 949 5457 hunc
980 5405 1030 5456 iu
1064 5403 1308 5455 modum:
1340 5402 1651 5468 Quicunque
1680 5400 1844 5452 semel

276 5503 499 5561 fortuna:
529 5502 771 5555 dominio
798 5517 856 5555 se
884 5500 1174 5563 commisit,
1220 5498 1269 5551 id
1301 5512 1453 5565 :cquo
1492 5497 1673 5549 animo
1718 5493 1851 5546 ferat

268 5612 490 5651 necesse
518 5607 621 5649 est.
650 5598 895 5664 Acceptis
927 5605 1102 5649 autem
1128 5595 1195 5647 ab
1222 5608 1281 5647 ea
1312 5593 1499 5659 opibus
1543 5601 1596 5644 ct
1620 5590 1848 5656 dignita-

270 5689 434 5747 tibtts,
470 5693 520 5739 te
562 5686 787 5739 fortuna:
839 5685 1140 5749 subdidisti,
1176 5682 1316 5737 feras
1364 5682 1522 5749 igitur
1566 5682 1846 5749 patienter.

270 5783 317 5837 si
348 5780 621 5847 deponere
650 5788 869 5834 coactus
901 5777 1061 5830 fueris
1086 5791 1145 5831 ca
1169 5792 1285 5843 qua:
1309 5775 1396 5827 tibi
1428 5774 1616 5827 tradita
1642 5772 1849 5824 fuerunt

1978 588 2215 625 manere.

2047 661 2192 715 Intra
2218 669 2439 733 fortuna:
2466 663 2660 739 aream]
2692 666 2829 720 Intra
2854 666 3026 721 locum
3061 667 3147 721 ubi
3194 666 3399 721 fortuna
3454 667 3549 719 do-

1976 753 2230 807 minatur.
2266 754 2485 809 Videtur
2521 757 2795 813 translatio
2825 767 3028 826 sumpta
3078 759 3145 811 ab
3175 773 3300 812 area
3364 759 3415 811 in
3445 772 3547 827 qua

1975 856 2002 892 a
2036 842 2204 895 bobus
2231 844 2415 912 jugum
2440 847 2770 913 gestantibus
2796 847 3064 914 quondam
3109 847 3296 900 tritura
3328 845 3439 899 ﬁeri
3469 860 3551 899 so-

1977 930 2137 984 lebat.
2168 931 2398 986 Tametsi
2426 933 2639 1001 quidam
2670 949 2775 987 non
2804 935 3118 989 inconcinne
3155 936 3329 1004 legant
3353 934 3548 1001 aleam,

1979 1020 2124 1085 prior
2150 1028 2322 1075 tamen
2350 1022 2509 1076 lectio
2540 1024 2706 1092 magis
2734 1023 2862 1076 mihi
2890 1024 3288 1092 comprobatur.

2048 1111 2109 1162 Si
2128 1113 2284 1163 ventis
2313 1112 2420 1163 vela
2447 1113 2801 1181 committeres]
2833 1113 3021 1165 Probat
3044 1110 3332 1179 aptissimis
3357 1111 3547 1164 simili-

1978 1198 2244 1252 tudiuibus
2267 1198 2482 1252 ferenda
2501 1215 2637 1265 esse,
2662 1215 2764 1253 non
2788 1200 3069 1269 culpanda,
3085 1216 3201 1268 quae
3221 1210 3423 1253 mutare
3446 1215 3553 1252 non

1979 1302 2279 1351 possumus.

2055 1377 2333 1447 Volventis]
2361 1379 2884 1446 Circnmagentis‘Be,
2915 1389 3002 1432 aut
3029 1379 3298 1433 volubilis.

2049 1469 2281 1540 Conaris]
2322 1470 2700 1538 lmerrogative
2744 1471 3022 1538 legendum
3063 1471 3181 1526 hoc.
3216 1478 3267 1522 et
3295 1455 3546 1522 cumsto-

1977 1561 2184 1615 macho.

2403 1652 2465 1705 ΙΝ
2506 1650 2797 1705 METRUM
2838 1649 3095 1703 PRIMUM

2048 1745 2159 1799 Hoc
2189 1745 2424 1801 carmine
2460 1745 2687 1798 iambico
2723 1743 2861 1812 quod
2893 1745 3097 1805 σκάζον,
3137 1740 3186 1793 id
3227 1749 3308 1792 eSt
3349 1737 3547 1792 claudi-

1904 1836 2162 1894 Bdicaus
2212 1835 2534 1904 appellatur,
2604 1836 2655 1889 in
2714 1834 3047 1902 superiorum
3092 1827 3577 1885 confirmationem‘

1975 1926 2105 1979 dicit
2161 1925 2423 1979 fortunam
2471 1926 2571 1979 sibi
2611 1939 2879 1994 nunquam
2913 1922 3101 1975 melius
3133 1921 3342 1988 placere
3384 1933 3542 1987 quam

1973 2017 2182 2084 quoties
2201 2031 2301 2070 una
2321 2015 2612 2083 eademque
2639 2014 2770 2067 hora
2798 2010 3220 2080 potentissimum
3242 2008 3544 2075 quempiam

1973 2106 2187 2169 viderit,
2216 2105 2569 2172 eamdemque
2595 2102 2971 2158 miserrimum.
2992 2100 3215 2154 Carmen
3247 2097 3347 2151 hoc
3377 2096 3547 2151 simile

1971 2204 2055 2250 est
2079 2196 2155 2249 illi
2179 2195 2464 2248 Persiano:

2153 2282 2257 2332 Nec
2281 2282 2413 2331 fonte
2439 2282 2567 2330 labra
2590 2280 2746 2343 prolui
2770 2279 3014 2329 caballino.

2047 2368 2191 2440 Haec]
2223 2370 2476 2423 Fortuna.

2041 2460 2191 2530 Cum]
2227 2462 2530 2529 Postquam;

2047 2552 2287 2623 Verterit]
2322 2551 2618 2607 Mutaverit.

2054 2645 2216 2714 Vicesj
2251 2646 2443 2697 Rerum
2470 2642 2940 2709 conditionuque
2968 2638 3401 2708 permutationes.

2043 2730 2407 2800 Euestuantisj
2453 2733 2598 2786 Ultra
2626 2732 2839 2784 modum
2873 2729 3191 2782 ﬂuctuantis.
3220 2728 3383 2781 Vetus
3422 2726 3544 2777 ad.“

1968 2829 2109 2894 giutn
2133 2837 2237 2890 est,
2268 2830 2412 2896 τύχη
2450 2824 2696 2898 Εὔριπος,
2728 2822 2936 2875 fortuna
2966 2821 3219 2886 Euripus,
3249 2818 3365 2870 sive
3396 2816 3543 2866 volu-

1971 2917 2118 2981 bilis,
2154 2930 2250 2969 seu
2291 2914 2559 2975 aesmaria,
2609 2912 2748 2980 quod
2779 2910 3012 2962 vicissim
3043 2922 3181 2961 nunc
3210 2906 3331 2959 huic
3369 2904 3543 2957 faverit

1968 3009 2155 3068 soleat,
2190 3020 2328 3058 nunc
2370 3004 2461 3066 illi,
2508 3018 2535 3054 a
2582 3002 2742 3054 maris
2775 3000 2952 3065 Euripi
2987 2996 3286 3069 prodigiosa
3314 2993 3540 3062 quadam

1969 3095 2331 3163 reciprocaudi
2362 3093 2636 3145 celeritate
2663 3092 2821 3143 ducta
2870 3086 3200 3153 metaphora.
3236 3083 3333 3136 Est
3364 3094 3540 3135 autem

1973 3191 2195 3255 Euripus
2230 3186 2389 3239 maris
2422 3200 2544 3252 pars
2587 3184 2725 3236 inter
2763 3178 3047 3233 Phocidem
3092 3175 3305 3231 Bmotia:
3336 3183 3541 3243 partem

1964 3293 2013 3334 et
2045 3279 2297 3332 Euboeam
2340 3276 2585 3339 insulam,
2610 3273 2762 3341 cujus
2793 3272 3035 3325 meminit
3077 3268 3213 3322 Plin.
3266 3266 3357 3320 lib.
3385 3281 3439 3319 ιι.
3480 3268 3542 3319 Et

1962 3371 2312 3439 quorumdam
2347 3378 2546 3432 tamen,
2593 3364 2783 3433 inquit,
2813 3362 3013 3431 privata
3046 3370 3233 3413 natura
3273 3367 3372 3420 est,
3396 3358 3542 3411 velut

1964 3456 2382 3511 'l'auromiuitani
2435 3453 2636 3521 Euripi,
2681 3454 2876 3520 saepius
2907 3458 2960 3504 et
3002 3451 3052 3501 in
3097 3448 3293 3501 Eubma
3341 3446 3541 3515 septies

1962 3549 2046 3601 die
2077 3563 2136 3599 ac
2172 3556 2329 3598 nocte
2361 3543 2764 3612 reciprocantis,
2802 3551 2905 3595 tam
2951 3541 3134 3608 rapida
3165 3538 3537 3600 conversione,
3588 3540 3591 3543 λ

1970 3651 2024 3691 ιιι
2051 3636 2521 3709 (quemadmodum
2548 3645 2734 3689 auctor
2770 3641 2852 3687 est
2882 3632 3203 3699 Pomponius
3236 3628 3389 3697 Mela)
3415 3643 3541 3681 ven-

1958 3746 2037 3790 tos
2068 3745 2128 3781 ac
2149 3728 2306 3781 etiam
2346 3729 2498 3795 plena
2526 3722 2698 3779 ventis
2738 3724 2944 3792 navigia
2990 3735 3169 3774 secum
3205 3728 3401 3787 portet.
3428 3717 3535 3770 Ne-

1954 3836 2055 3887 que
2081 3820 2204 3871 dum
2234 3819 2388 3883 hujus
2430 3825 2535 3868 tam
2569 3815 2846 3880 stupenda:
2874 3813 2950 3865 rei
2980 3824 3136 3863 causa
3169 3809 3299 3861 satis
3341 3807 3532 3860 id'onea

1958 3911 2310 3979 perveStigata
2343 3918 2423 3961 est
2454 3924 2479 3957 a
2508 3904 2880 3973 scriptoribus,
2904 3901 3060 3955 etiam
3091 3899 3133 3951 si
3162 3898 3310 3950 'fitus
3335 3896 3537 3958 Livius,

1955 4000 2175 4055 secundi
2207 4000 2331 4052 belli
2364 3996 2546 4050 Punici
2583 3996 2671 4048 lib.
2696 4009 2809 4057 vm,
2838 4007 2866 4044 a
2889 3994 3061 4044 ventis
3086 3988 3399 4058 quibusdam
3425 3988 3534 4039 illic

1956 4094 2205 4147 flantibus
2235 4093 2301 4143 ita
2335 4088 2447 4155 rapi
2495 4087 2684 4140 credit.
2718 4084 2919 4137 Seneca
2950 4084 3001 4133 in
3032 4081 3255 4134 llerculc
3280 4076 3491 4132 (Etheo
3517 4093 3530 4125 :

2078 4184 2284 4243 Euripus
2301 4180 2450 4227 undas
2468 4179 2622 4243 flectit
2642 4175 2878 4243 instabilis
2903 4186 3068 4243 vagas,

2076 4233 2380 4304 Septemque
2408 4253 2573 4304 riu-sus
2594 4240 2749 4304 flectit
2770 4244 2822 4304 et
2846 4233 3045 4303 totidem
3065 4233 3173 4304 .rel't'
3186 4240 3250 4291 rt,

2078 4296 2201 4354 Du'ni
2230 4296 2405 4352 las'sum
2428 4300 2565 4350 Titan
2592 4302 2767 4360 mergit
2789 4298 2985 4347 Oceano
3006 4296 3166 4353 jubar.

1955 4393 2141 4445 Cicero
2166 4406 2257 4457 pro
2288 4387 2500 4440 Plancio
2526 4404 2536 4437 :
2571 4382 2959 4450 Quod‘fretum,
2987 4394 3144 4446 quem
3177 4376 3427 4443 Euripum
3454 4382 3531 4425 tot

1959 4497 2152 4545 motus,
2178 4492 2369 4542 tantas,
2401 4490 2505 4531 tam
2536 4477 2707 4529 varias
2740 4474 2936 4527 habere
2959 4471 3099 4521 credi
3130 4470 3172 4518 is
3194 4466 3530 4532 agitationes.

1879 4548 1929 4606 Β
1958 4558 2419 4631 (ηυιιιιῐιυιςηίυιιθὲ,
2467 4568 2675 4628 ﬂuctus,
2719 4574 2942 4632 quantas
2994 4556 3436 4626 pt'rtut-bationes,
3481 4563 3534 4603 et

1959 4678 2184 4735 quantos
2207 4674 2365 4715 :estus
2389 4660 2545 4721 habet
2568 4660 2701 4710 ratio
2723 4650 3097 4707 comitiorum?
3126 4648 3347 4713 Euripos
3375 4646 3534 4697 etiam

1962 4761 2103 4810 lacus
2147 4751 2497 4819 temporarios
2542 4761 2696 4800 manu
2741 4742 2925 4804 factos,
2972 4739 3022 4791 in
3054 4736 3243 4806 quibus
3291 4735 3533 4787 naialem

1962 4861 2185 4915 pugnam
2210 4839 2615 4897 committebant
2646 4845 2878 4893 veteres,
2909 4845 3041 4898 quos
3072 4829 3229 4881 etiam
3259 4826 3409 4879 Nilos
3445 4841 3536 4891 ap-

1961 4935 2242 5005 pellabant,
2273 4941 2452 4982 notmn
2488 4937 2569 4981 est
2598 4943 2662 4981 ex
2697 4921 3023 4990 Tranquillo,
3063 4919 3271 4982 Tacito,
3305 4916 3427 4969 Seni
3449 4930 3509 4965 ca

1957 5046 2005 5081 et
2037 5028 2173 5079 aliis.

2034 5116 2259 5186 Dudum]
2289 5116 2450 5169 Paulo
2477 5124 2621 5186 ante.

2030 5205 2354 5277 Trememlos]
2378 5206 2457 5259 0b
2482 5184 2769 5273 potentiam
2797 5195 3173 5251 formidantlus.

2030 5301 2269 5369 Proterit]
2303 5296 2615 5351 PeSSttltdal.

2029 5388 2290 5459 Sublevat]
2318 5389 2539 5442 Sursum
2572 5387 2733 5445 levat,
2762 5393 2816 5436 et
2838 5383 3045 5433 attollit.

2029 5484 2189 5555 Dum]
2223 5480 2583 5534 Ittexoraliilis.

2029 5572 2239 5641 Probat]
2268 5570 2530 5624 Ostendit.

2029 5664 2314 5733 Ostentum]
2349 5664 2675 5732 Prodigium,
2712 5659 3045 5714 miraculum.

2036 5756 2261 5826 l'isulurj
2292 5754 2560 5808 Videatur.
