4190 6268
693 395 794 450 955

763 504 989 573 Stratus]
1015 505 1271 573 «lcjectus,
1301 505 1483 558 miser.
1745 569 1748 573 λ

1241 595 1302 648 ΙΝ
1345 595 1616 650 PROSAM
1658 597 1721 650 ll.

765 686 872 740 lloc
905 686 1022 740 loco
1051 685 1260 738 fortuna
1287 685 1554 738 inducitur
1593 700 1777 740 severe
1811 701 1928 740 cum
1976 686 2157 739 Boetio
2209 685 2259 738 id

691 777 1056 846 expostulans,
1089 777 1230 844 quod
1259 776 1329 829 ob
1363 778 1556 830 amissa
1587 777 1767 832 doleat
1794 794 1896 832 non
1933 792 2188 832 secus-ac
2217 778 2260 830 si

691 882 783 920 sua
813 869 976 934 ipsius
1011 861 1146 920 bona
1188 867 1545 934 perdidisset:
1578 883 1696 937 quae
1740 870 1782 922 si
1834 870 2040 938 propria
2082 884 2264 936 posse-

688 957 876 1020 disset,
923 971 1190 1025 nunquam
1237 971 1365 1010 sane
1416 958 1675 1024 potuisset
1724 960 1988 1012 amittere.
2033 959 2273 1030 Proinde

688 1047 897 1100 fortuna
927 1046 1028 1100 sibi
1051 1046 1282 1101 vindicat
1311 1061 1463 1115 opes,
1496 1047 1750 1114 honores,
1774 1056 1829 1102 et
1862 1049 1912 1101 id
1938 1063 2107 1117 genus
2133 1049 2257 1113 alia,

688 1151 978 1204 secumque
1007 1137 1209 1205 pariter
1237 1136 1488 1190 advenire
1517 1136 1900 1205 discedereque
1934 1140 2028 1192 ait.
2064 1138 2129 1190 Et
2157 1152 2262 1205 quo

690 1225 864 1277 minus
884 1224 1040 1291 justte
1069 1223 1349 1278 videantur
1377 1225 1543 1278 Boetii
1567 1226 1817 1294 querela),
1853 1225 2130 1294 pollicetur
2147 1227 2263 1292 ejus

691 1315 854 1368 fuisse
891 1329 1222 1382 quaecunque
1253 1315 1553 1377 absmlerit,
1596 1329 1654 1368 se
1689 1317 1940 1368 continuo
1979 1330 2265 1369 coner-ssn-

691 1417 827 1469 ram,
860 1403 903 1456 si
925 1403 1237 1472 cujusquam
1271 1405 1573 1456 mortalium
1598 1405 1883 1472 quidquam
1912 1405 2118 1458 illorum
2144 1420 2263 1473 pro-

691 1493 865 1560 prium
884 1509 1002 1548 esse
1021 1494 1420 1547 demonstrarit.
1446 1495 1634 1548 Postea
1681 1495 2086 1549 inconstantiam
2111 1511 2261 1549 suam

691 1585 834 1638 vires
859 1598 982 1637 suas
1003 1599 1123 1639 esse
1154 1585 1370 1648 fatetur,
1399 1601 1426 1637 a
1452 1601 1554 1653 qua
1579 1586 1621 1638 si
1653 1586 2020 1653 prohibeatur,
2045 1588 2262 1654 iniquis-

692 1673 826 1728 sime
848 1689 1028 1728 secttm
1057 1676 1163 1743 agi.
1189 1675 1464 1729 Postremo
1489 1675 1646 1729 docet
1665 1676 1920 1743 exemplis
1949 1676 2261 1744 quibusdam

691 1763 778 1829 jus
802 1763 900 1817 sibi
928 1779 1142 1833 semper
1167 1763 1334 1819 fuisse
1381 1765 1596 1819 volubili
1633 1764 1763 1820 orbe
1810 1774 1979 1819 rotam
2031 1766 2259 1820 circum-

691 1866 848 1921 ﬁere
870 1866 1076 1923 suoque
1106 1854 1331 1908 arbitrio
1353 1869 1594 1908 versare.

759 1942 984 2013 Agitare]
1013 1943 1284 2008 Tractare,
1319 1945 1611 2013 disputare.

766 2032 903 2096 Quid
932 2043 982 2084 tu
1006 2050 1035 2084 ο
1065 2033 1232 2104 homo]
1264 2035 1435 2089 Verba
1469 2035 1694 2090 fortuna
1715 2036 1972 2092 adversus
1997 2038 2262 2094 Boetium.

764 2119 920 2172 Reum
935 2121 1064 2191 agis]
1089 2124 1342 2176 Accusas.
1363 2124 1528 2178 Reum
1549 2139 1709 2194 agere
1728 2136 1809 2180 est
1839 2141 2113 2182 accusare.
2139 2129 2266 2183 Per-

690 2228 848 2282 agere
873 2229 1020 2276 vero,
1047 2203 1422 2270 condemnare.
1887 2209 1892 2214 ’

765 2303 920 2376 Quid]
943 2304 1176 2371 Aliquid.

767 2397 978 2450 Nudum
1008 2399 1157 2451 rebus
1183 2396 1434 2470 omnibus]
1465 2398 1599 2453 Nudi
1646 2402 1786 2456 enim
1825 2401 2110 2468 nascimur,
2139 2404 2265 2459 nudi

694 2486 973 2539 morimur.
1033 2486 1233 2540 Plinius
1287 2487 1338 2539 in
1407 2489 1666 2562 prommio
1730 2490 1942 2558 septimi
2002 2491 2266 2548 Naturalis

695 2576 972 2630 llistorite‘:
1001 2576 1277 2630 Hominem
1306 2586 1508 2630 tantum
1533 2579 1730 2633 nudum
1760 2589 1815 2634 et
1847 2583 1895 2634 in
1925 2582 2060 2635 nuda
2105 2583 2266 2638 humo

695 2666 854 2719 natali
885 2667 971 2721 die
1001 2667 1182 2736 abjicit
1203 2668 1267 2721 ad
1299 2669 1503 2737 vagitus
1533 2671 1710 2723 statim
1748 2681 1803 2726 et
1834 2673 2121 2740 ploratum.
2155 2676 2262 2729 Ln-

693 2757 889 2811 cretitts
908 2775 920 2810 :

815 2847 939 2914 Iuni
967 2861 1274 2914 porroApuer,
1300 2860 1350 2899 ttt
1366 2855 1506 2899 Stevis
1531 2853 1778 2914 projectus
1796 2854 1857 2901 ab
1882 2855 2020 2904 undis

814 2907 1004 2974 Eavita,
1027 2907 1183 2974 nudus
1205 2911 1335 2958 httmi
1360 2915 1500 2968 iacet,
1527 2907 1702 2968 infans.
1728 2916 1952 2974 indignus
1969 2919 2095 2965 omni

816 2969 962 3033 Xitali
984 2973 1180 3028 auxilio,
1207 2985 1314 3019 curn
1343 2977 1547 3033 primum
1575 2980 1622 3022 in
1651 2969 1848 3023 luminis
1866 2989 1977 3025 oras

817 3028 1026 3096 ﬁnibus
1051 3045 1110 3080 ex
1126 3036 1245 3096 alio
1269 3028 1432 3096 miris
1454 3044 1619 3082 natura
1643 3036 1899 3096 profundit,

818 3089 1100 3156 Yagituque
1126 3092 1279 3141 locum
1304 3095 1498 3155 lugubri
1523 3089 1752 3154 complet.
1779 3105 1829 3144 ut
1854 3089 2041 3156 aequum
2065 3107 2157 3155 est,

814 3149 1113 3201 Cui'tanfum
1141 3157 1186 3202 in
1216 3158 1307 3203 iita
1326 3149 1479 3204 restet
1510 3149 1715 3206 transire
1736 3149 1985 3206 malorum.

769 3231 966 3304 Prona]
1000 3235 1290 3300 Pr0pensa.

767 3323 873 3377 Mei
901 3325 1050 3395 furis]
1081 3328 1395 3382 Subditione
1422 3345 1558 3382 mea.

767 3415 1048 3485 Aﬁluentia]
1075 3417 1429 3472 Abundantia.

761 3503 913 3554 Habe
933 3504 1144 3575 gratias]
1175 3507 1260 3562 Sis
1285 3518 1464 3576 gratus
1491 3511 1690 3565 animo.

761 3595 840 3646 Λη
876 3611 967 3663 ego
995 3597 1125 3666 sola]
1160 3599 1474 3668 Singulatim
1523 3602 1726 3670 colligit
1770 3602 2052 3672 unicuique
2106 3607 2265 3660 licere

691 3686 808 3755 jure
830 3700 926 3740 suo
954 3690 1177 3741 naturali
1208 3705 1420 3758 semper
1444 3694 1514 3743 uti
1550 3709 1562 3744 :
1594 3708 1712 3746 cum
1748 3695 1903 3762 igitur
1928 3697 1998 3747 sit
2025 3698 2104 3748 sui
2131 3699 2265 3765 juris

691 3777 979 3832 volubilem
1001 3788 1168 3832 rotam
1197 3782 1413 3834 assiduo
1439 3797 1654 3837 versare
1679 3784 2023 3847 circumactu,
2045 3787 2262 3854 iniquis-

690 3867 826 3922 sime
855 3883 1034 3923 secum
1076 3884 1234 3936 agere
1274 3873 1535 3939 quetitur,
1571 3875 1980 3943 indignaturque
2030 3877 2259 3944 inexple-

691 3957 782 4010 bili
810 3957 1106 4026 cupiditate
1134 3962 1410 4027 mortales,
1441 3962 1527 4028 qtti
1558 3963 1624 4017 ab
1656 3979 1716 4017 ea
1775 3965 1858 4017 cui
1893 3967 2150 4019 naturalis
2196 3968 2265 4020 sit

689 4049 1044 4103 inconstantia
1115 4054 1542 4123 mutabilitasque
1587 4058 1938 4110 constantiam
1985 4068 2038 4110 et
2079 4075 2265 4128 perpe-

691 4147 838 4192 tuum
865 4141 1235 4207 prosperitatis
1267 4153 1503 4198 tenorem
1535 4147 1826 4215 requirant.

761 4229 1010 4300 Condere]
1039 4230 1392 4300 Componere,
1427 4237 1696 4303 claudere,
1726 4237 1895 4291 finire.

767 4321 1002 4394 Vultum]
1032 4324 1344 4392 Aspectum,
1399 4325 1608 4381 faciem.
1645 4330 1952 4397 Metaphora
2004 4337 2085 4383 est
2135 4333 2264 4385 satis

687 4411 858 4464 audax
889 4411 956 4465 ab
985 4413 1199 4468 homine
1221 4415 1284 4468 ad
1321 4431 1433 4470 rem
1469 4419 1777 4486 inanimam,
1800 4435 2024 4490 eamque
2056 4423 2261 4490 gravis-

684 4504 874 4557 s’mam
897 4513 952 4558 et
976 4505 1323 4560 immobilem.

759 4595 1039 4665 Itedimire]
1069 4596 1292 4651 Ornare.

754 4682 1096 4757 Coufundere]
1123 4685 1458 4744 Perturbare.

755 4773 951 4844 Strato]
975 4774 1306 4843 Composito.

753 4863 1004 4934 Equam]
1038 4851 1280 4930 Planitie,
1311 4871 1498 4937 atqnali
1531 4871 1834 4939 superficie.

756 4951 1044 5023 Inexpleta]
1076 4954 1437 5024 lnexplebilis.
1464 4961 1799 5016 insatiabilis.

752 5040 1019 5111 Alligabit]
1046 5042 1175 5097 Cum
1207 5048 1618 5117 interrogatione
1647 5061 1702 5103 et
1746 5051 1992 5106 vultuose
2024 5068 2259 5120 pronun-

683 5131 946 5200 tiandum,
966 5135 1116 5202 quasi
1141 5135 1539 5201 dieat,minime
1557 5143 1751 5208 poterit
1769 5157 1998 5210 unquam
2021 5145 2260 5213 alligare.

757 5223 882 5277 11αέ
903 5233 1078 5278 nostra
1097 5227 1166 5280 vis
1178 5226 1273 5298 est]
1296 5229 1570 5284 Utnnllam
1597 5248 1872 5287 servemus
1887 5239 2257 5290 constantiam.

749 5316 1082 5389 Continuum]
1112 5318 1240 5374 Sine
1277 5321 1690 5379 intermissione.

757 5405 967 5478 notam]
1009 5407 1262 5463 Fortttnte
1307 5411 1670 5468 simulacrum.
1717 5416 1966 5470 Nonnulli
2020 5429 2258 5472 veterum

679 5511 801 5550 cum
843 5500 996 5565 copia
1038 5511 1088 5553 et
1133 5501 1496 5570 gubernaculo
1543 5504 1829 5575 finxerunt,
1865 5517 2112 5578 tanquam
2147 5509 2260 5563 haec

681 5601 810 5654 opes
839 5588 1057 5653 tribuat,
1081 5598 1136 5644 et
1159 5592 1510 5646 humanarum
1541 5611 1718 5649 rerum
1748 5599 1982 5665 regimen
2003 5601 2257 5654 obtineat.

678 5676 776 5730 Cui
802 5678 1040 5744 opinioni
1072 5690 1128 5735 et
1158 5683 1408 5747 Virgilius
1451 5689 1702 5752 assensit,
1735 5692 1820 5758 qui
1855 5691 2115 5745 fortunam
2145 5710 2260 5746 oni-

683 5766 1006 5833 nipotentem
1037 5781 1208 5824 vocat.
1236 5773 1303 5825 Et
1327 5772 1612 5828 historicus
1637 5779 1722 5844 qui
1752 5780 1822 5832 ait
1849 5797 1859 5829 ε
1887 5780 1989 5835 Sed
2025 5784 2260 5849 profecto

1333 393 1672 447 APPENDIX
1715 392 1818 447 ΑΠ’
1847 393 2088 450 LIBROS
2131 395 2216 448 DE
2255 391 2770 448 CONSOLATIONE
2809 391 3299 448 PllILOSOPiil/E.

2298 509 2346 566 Α
2377 503 2586 556 fortuna
2621 502 2672 555 in
2703 504 2845 557 omni
2876 519 2932 558 re
2958 505 3278 558 dominatur.
3309 505 3410 557 Alii
3443 521 3558 559 eam
3582 520 3746 574 super
3777 507 3958 575 lapide

3853 396 3959 449 956

2365 592 2594 660 quodam
2644 592 2878 645 rotundo
2915 596 3209 648 consistere
3253 595 3428 662 lepide
3463 598 3752 650 commenti
3804 609 3956 651 sunt.

2364 683 2467 736 Alii
2493 691 2660 736 rotam
2687 684 2761 736 illi
2777 685 3063 738 volubilem
3083 687 3495 758 versatilemque
3515 689 3808 757 appingunt
3827 706 3956 742 cum

2365 785 2595 844 quatuor
2641 776 2915 829 hominum
2967 778 3316 846 imaginibus,
3376 781 3527 844 primi
3578 782 3686 846 jam
3735 797 3954 835 sursum

2363 865 2723 926 ascendentis,
2752 865 2972 918 secundi
2996 880 3260 919 summum
3287 869 3538 930 tenentis,
3561 871 3700 922 tertii
3732 885 3954 924 rursum

2365 953 2761 1020 descendentis,
2811 957 2984 1019 quarti
3043 971 3170 1010 vero
3219 958 3270 1010 in
3321 970 3453 1011 rota:
3511 959 3618 1012 imo
3665 960 3999 1028 depressiz‘

2363 1056 2525 1111 super
2552 1044 2741 1111 quibus
2771 1044 2856 1097 hic
2872 1053 2956 1098 est
2976 1045 3297 1098 versiculus:

2489 1131 2741 1192 Regnabo,
2765 1145 2940 1194 regno,
2967 1135 3194 1194 regnavi,
3217 1148 3324 1182 sum
3345 1137 3451 1184 sine
3473 1149 3643 1197 regno.

2445 1210 2668 1265 Volubili
2697 1212 2832 1283 orbe]
2864 1215 3034 1268 Celeri
3063 1217 3432 1270 conversione.
3459 1218 3608 1284 Apud
3643 1219 3944 1286 Baptistam

2368 1305 2705 1361 Mantuanum
2737 1307 2786 1358 in
2835 1307 3242 1374 Epigrammatis
3282 1307 3346 1360 ad
3394 1307 3678 1363 Falconetn
3727 1310 3782 1363 hi
3821 1321 3952 1363 sunt

2366 1408 2556 1448 Vt‘l'SllS

2490 1484 2652 1549 Figite
2675 1487 2859 1542 virtuti,
2882 1487 3068 1536 fortuna
3093 1488 3310 1549 fugacior
3335 1489 3476 1536 undis

2549 1545 2654 1593 Non
2679 1557 2860 1606 manet,
2882 1556 2933 1595 et
2955 1561 3138 1596 certam
3154 1545 3323 1598 ‘nescit
3345 1550 3529 1598 habere
3555 1551 3766 1601 domum.

2491 1605 2680 1670 Gaudia
2691 1607 2812 1670 dum
2837 1609 3048 1663 simulat.
3072 1611 3366 1658 subvertere
3388 1613 3566 1670 cogitat
3583 1619 3773 1670 orbem,

2554 1665 2758 1715 Insidias
2783 1669 2948 1717 ridens
2973 1671 3278 1730 exitiumque
3303 1665 3451 1732 parat.

2367 1735 2467 1800 Ubi
2499 1748 3029 1804 animadvertendum
3059 1752 3232 1807 obiter
3284 1768 3566 1824 perperam
3609 1755 3807 1807 sciolos
3855 1769 3951 1833 per

2218 1876 2220 1878 τ
2296 1865 2342 1922 Β
2367 1836 2552 1890 orbem
2583 1838 2838 1892 mundum
2881 1841 3145 1909 accipere.
3173 1856 3290 1894 cum
3321 1842 3407 1895 hic
3448 1843 3517 1895 sit
3543 1858 3732 1896 sensus
3762 1860 3776 1895 :
3815 1843 3951 1895 For-

2371 1933 2495 1978 tuna
2537 1925 2660 1979 tium
2710 1927 2924 1980 simulat
2967 1930 3179 1997 gaudia,
3214 1938 3266 1983 et
3305 1931 3431 1983 dum
3472 1931 3680 1984 videtur
3717 1930 3948 1994 blanda,

2368 2017 2563 2082 cogitat
2591 2017 2924 2086 subvertere,
2952 2021 3002 2072 id
3031 2031 3115 2074 est
3139 2021 3436 2074 clanculum
3461 2032 3515 2075 et
3548 2033 3740 2090 prmtcr
3773 2023 3948 2076 homi-

2369 2121 2493 2159 num
2523 2121 2670 2174 spem
2702 2117 2910 2164 vertere
2938 2112 3122 2166 orbem
3142 2153 3155 2176 ,
3189 2110 3291 2165 hoc
3319 2121 3429 2175 est,
3463 2122 3630 2166 rotam
3663 2128 3816 2167 suam
3848 2129 3944 2166 or-

2367 2197 2618 2252 bicularis
2651 2199 2853 2268 ligurtr.

2441 2286 2630 2353 Iri/ima
2659 2284 2889 2356 summis]
2915 2286 3116 2342 Seneca
3145 2288 3409 2357 tragicus:

2491 2372 2591 2421 Ima
2616 2382 2863 2434 permutat
2887 2377 3055 2424 brevis
3080 2375 3199 2425 hora
3220 2379 3436 2426 summis.

2371 2451 2554 2506 Exstat
2591 2468 2806 2508 carmen
2839 2470 2969 2509 sane
2998 2471 3101 2509 non
3133 2457 3433 2527 illepidum,
3470 2459 3652 2513 nescio
3696 2460 3852 2528 cujus
3879 2460 3950 2515 de

2369 2541 2611 2602 fortuna,
2659 2543 2799 2610 quod
2846 2542 2948 2597 hoc
2999 2545 3330 2613 potissimum
3379 2547 3494 2601 loco
3549 2546 3946 2616 subjiciendum

2369 2631 2542 2699 putavi
2571 2648 2584 2684 :

2489 2719 2528 2782 Ο
2555 2718 2743 2766 fortuna
2771 2722 2964 2781 potens!
2991 2733 3134 2782 quam
3159 2723 3398 2772 variahilis

2491 2781 2732 2844 Quantum
2751 2784 2874 2842 juris
2891 2781 3050 2840 atrox,
3074 2795 3184 2844 qua.)
3205 2786 3288 2831 tibi
3317 2786 3528 2834 vindicas
3544 2787 3568 2835 ?

2495 2841 2688 2904 isIs-erlis
2707 2841 2926 2897 meritos,
2951 2841 3103 2903 eligis
3119 2845 3374 2904 improbos.

2492 2902 2591 2963 Nec
2613 2915 2811 2951 servare
2841 2911 2978 2963 potes
3001 2902 3286 2953 muneribus
3309 2907 3470 2953 Iidem.

2497 2962 2706 3011 Fortuna
2732 2962 3000 3012 immeritos
3017 2975 3168 3019 anget
3190 2967 3472 3019 honoribus.

2491 3023 2700 3071 Fortuna
2730 3028 2958 3073 innocuos
2980 3026 3192 3073 cladibus
3215 3025 3371 3076 allicit.

2491 3083 2654 3147 1iustos
2677 3084 2756 3131 illa
2781 3087 2907 3147 viros
2934 3089 3164 3146 pauperie
3191 3098 3370 3147 gravat.

2492 3145 2717 3205 lndignos
2739 3146 2910 3194 eadem
2934 3145 3115 3194 divitiis
3137 3145 3271 3195 beat.

2493 3205 2606 3270 llaec
2629 3207 3031 3270 aufertjuvenes,
3061 3218 3109 3255 et
3132 3210 3314 3257 retinet
3335 3222 3502 3270 senes,
3565 3241 3568 3246 -

2495 3265 2675 3328 lnjnsto
2697 3265 2898 3314 arbitrio
2923 3276 3139 3328 tempora
3161 3271 3400 3318 dividens.

2492 3327 2810 3391 Quoddignis
2833 3327 3217 3391 aditnit,’transit
3241 3333 3298 3378 ad
3325 3332 3510 3391 impiis.

2490 3387 2592 3452 Nec
2617 3387 2877 3452 discrimen
2913 3389 3078 3452 habet,
3099 3397 3332 3452 rectaque
3351 3387 3545 3450 judicat.

2501 3447 2806 3522 [itconstang‘
2824 3449 3024 3522 fragilis,
3055 3447 3474 3522 perﬁda-lubrica.

2497 3507 2600 3572 Nec
2622 3522 2743 3569 quos
2767 3507 2994 3557 clarili'cat
3012 3507 3252 3572 perpetuo
3276 3512 3422 3562 fovet.

2489 3569 2591 3616 Nec
2624 3585 2747 3630 quos
2768 3573 2986 3618 deseruit
3012 3569 3252 3634 perpetuo
3284 3577 3479 3634 premit.

2367 3669 2661 3723 Ausonius:

2492 3780 2700 3829 Fortuna
2728 3796 2972 3841 nunquam
2997 3785 3124 3832 sis‘it
3146 3788 3193 3834 in
3222 3787 3391 3835 eodem
3417 3795 3561 3836 statu.

2491 3842 2700 3902 Semper
2725 3853 2965 3902 moi-etur,
2997 3854 3150 3893 variat
3172 3858 3228 3894 ac
3252 3855 3402 3896 mutat
3423 3854 3568 3898 vices.

2487 3903 2545 3949 Et
2568 3915 2752 3950 summa
2777 3906 2824 3950 in
2850 3905 2998 3952 imum
3027 3909 3189 3964 vertit,
3217 3921 3272 3956 ac
3298 3923 3433 3957 versa
3459 3913 3622 3973 erigit.

2445 3982 2524 4034 Eri
2546 3982 2676 4053 lege]
2699 3986 2768 4037 Ea
2783 3987 3104 4041 conditione.

2441 4070 2529 4123 Uti
2556 4072 2638 4142 ne]
2673 4074 2738 4125 Ut
2764 4089 2888 4126 non.

2444 4158 2779 4227 Descendere]
2817 4161 3138 4217 Desceusum
3157 4206 3173 4230 ,
3201 4168 3422 4220 subaudi
3451 4182 3570 4221 e-se
3599 4169 3865 4239 injuriam'.

2438 4247 2684 4318 Crtrsum]
2715 4247 2932 4304 Crmsus
2960 4262 3052 4306 rex
3085 4255 3179 4307 fuit
3208 4254 3389 4324 Lydi-ce
3413 4257 3726 4324 ditissimus,
3755 4272 3938 4329 captus

2368 4345 2542 4392 autem
2574 4352 2601 4388 a
2633 4337 2772 4408 Cyro
2801 4355 2924 4410 rege
2965 4342 3278 4409 Persarum;
3327 4347 3531 4400 vinctus
3566 4352 3932 4417 compedibus,

2367 4441 2526 4495 super
2551 4427 2816 4496 ingentem
2843 4433 3023 4500 (quam
3051 4437 3340 4499 struxerat)
3374 4437 3629 4504 lignorum
3654 4435 3853 4492 Struem
3871 4441 3937 4494 ab

2293 4535 2432 4624 Deo
2479 4523 2794 4588 imponitur,
2834 4533 2890 4576 ut
2941 4525 3092 4579 vivus
3137 4541 3484 4584 Crciuaretur.
3517 4534 3716 4585 Croeso
3759 4545 3938 4587 autem

2367 4628 2527 4682 super
2557 4631 2739 4685 pyram
2772 4618 2930 4670 stanti
2963 4611 3168 4674 venisse
3214 4623 3264 4674 iu
3300 4635 3531 4677 mentem
3569 4625 3771 4687 l‘eruut,
3798 4625 3938 4696 quod

2367 4705 2465 4758 sibi
2492 4697 2625 4760 nutu
2656 4707 2750 4762 Dei
2780 4725 2808 4762 a
2839 4712 3038 4766 Solone
3068 4713 3252 4767 fuisset
3277 4717 3474 4770 dictum
3501 4734 3515 4769 :
3547 4734 3609 4770 ex
3640 4719 3938 4773 viventibus

2367 4796 2579 4851 beatum
2608 4814 2728 4854 esse
2778 4804 3069 4856 neminem.
3101 4805 3305 4868 Quibus
3344 4807 3540 4860 auditis
3583 4808 3783 4874 Cyrum
3829 4820 3938 4863 tra-

2366 4886 2500 4941 dunt
2525 4891 2862 4957 paenituisse,
2889 4906 3009 4945 cum
3045 4907 3103 4946 sc
3129 4909 3342 4962 quoque
3372 4897 3638 4951 hominem
3668 4914 3786 4954 esse
3815 4916 3939 4970 cog-

2368 4993 2646 5047 nosceret,
2672 4985 2758 5050 qui
2783 4983 2940 5036 alium
2968 4983 3234 5037 hominem
3258 4987 3382 5039 olitn
3405 5001 3463 5041 se
3493 5005 3598 5050 non
3631 4989 3935 5045 inferiorem

2366 5069 2540 5121 vivunt
2598 5086 2725 5139 ~ogo
2771 5073 3033 5128 traderet:
3065 5087 3320 5141 praeterea
3362 5078 3586 5132 veritum
3635 5079 3706 5132 ob
3747 5080 3939 5150 id'pm—

2369 5174 2490 5211 nam
2537 5176 2599 5214 ac
2649 5171 3003 5228 repntantem-
3033 5164 3162 5218 nihil
3210 5181 3330 5220 esse
3381 5167 3432 5221 in
3481 5169 3642 5223 rebus
3691 5170 3964 5238 humanis;

2367 5246 2578 5311 stabile,
2605 5248 2834 5314 jussisse
2875 5253 3046 5320 ignem
3089 5255 3368 5311 celerrime
3405 5260 3664 5327 exstingui
3706 5263 3815 5329 jam
3862 5243 3964 5316 ἰπὶ-⁸

2366 5349 2581 5388 censum
2610 5354 2623 5399 ;
2657 5339 2745 5404 qui
2798 5355 2916 5393 cum
2948 5341 3016 5394 ab
3046 5343 3352 5399 hominibus
3397 5348 3646 5404 adhibitis
3675 5355 3941 5423 exstingui

2366 5438 2470 5475 non
2506 5437 2719 5490 posset,
2752 5428 2970 5483 Croesus
3003 5432 3300 5498 Apollinem
3335 5436 3611 5492 invocasse
3639 5441 3858 5506 dicitur,
3888 5453 3940 5498 et

2368 5529 2550 5578 magna
2585 5521 2633 5568 vi
2664 5518 2854 5585 pluvim
2882 5522 3092 5575 cmlitus
3121 5523 3284 5578 effusa
3330 5527 3600 5584 liberatus.
3637 5531 3813 5601 Super
3845 5537 3940 5589 hoc

2368 5605 2522 5657 latius
2556 5606 2760 5675 legatur
2790 5611 3086 5666 Herodotus
3119 5615 3255 5667 libro
3287 5618 3474 5682 primo.

2445 5696 2664 5750 Paulum
2702 5699 2869 5771 Persi]
2903 5704 3090 5758 l’erses
3122 5706 3206 5760 ille
3249 5723 3337 5761 rcx
3389 5711 3737 5768 Macedonum
3783 5717 3935 5770 fami-

2368 5799 2600 5857 gct'atus,
2633 5794 2712 5845 cui
2747 5795 2861 5862 plus
2889 5798 2999 5847 auri
3033 5797 3123 5849 fuit
3157 5813 3311 5867 quam
3355 5803 3554 5868 animi,
3585 5807 3756 5861 victus
3785 5825 3935 5878 supc-
