  <div class='ocr_page' id='page_1' title='image "/cluster/home/n/w/nwhite01/storage/ocr_20150623/63/hvd.32044073498792/484.png"; bbox 0 0 4216 6256; ppageno 0'>
   <div class='ocr_carea' id='block_1_1' title="bbox 396 411 492 464">
    <p class='ocr_par' dir='ltr' id='par_1_1' title="bbox 396 411 492 464">
     <span class='ocr_line' id='line_1_1' title="bbox 396 411 492 464; baseline -0.021 0"><span class='ocrx_word' id='word_1_1' title='bbox 396 411 492 464; x_wconf 67' lang='lat'><strong>957</strong></span> 
     </span>
    </p>
   </div>
   <div class='ocr_carea' id='block_1_2' title="bbox 1553 409 2495 464">
    <p class='ocr_par' dir='ltr' id='par_1_2' title="bbox 1553 409 2495 464">
     <span class='ocr_line' id='line_1_2' title="bbox 1553 409 2495 464; baseline 0.001 -1"><span class='ocrx_word' id='word_1_2' title='bbox 1553 409 1933 464; x_wconf 72' lang='lat' dir='ltr'><strong>iiiUHMELLII</strong></span> <span class='ocrx_word' id='word_1_3' title='bbox 1973 411 2495 464; x_wconf 71' lang='lat' dir='ltr'><strong>COMMENTAIUA.</strong></span> 
     </span>
    </p>
   </div>
   <div class='ocr_carea' id='block_1_3' title="bbox 3544 400 3653 462">
    <p class='ocr_par' dir='ltr' id='par_1_3' title="bbox 3544 400 3653 462">
     <span class='ocr_line' id='line_1_3' title="bbox 3544 400 3653 462; baseline 0 -1"><span class='ocrx_word' id='word_1_4' title='bbox 3544 400 3653 462; x_wconf 72' lang='lat'><strong>958</strong></span> 
     </span>
    </p>
   </div>
   <div class='ocr_carea' id='block_1_4' title="bbox 396 508 3657 592">
    <p class='ocr_par' dir='ltr' id='par_1_4' title="bbox 396 508 3657 592">
     <span class='ocr_line' id='line_1_4' title="bbox 396 508 3657 592; baseline -0.002 -12"><span class='ocrx_word' id='word_1_5' title='bbox 396 533 649 592; x_wconf 83' lang='lat' dir='ltr'><strong>ratusque</strong></span> <span class='ocrx_word' id='word_1_6' title='bbox 690 524 829 577; x_wconf 89' lang='lat' dir='ltr'><strong>bello</strong></span> <span class='ocrx_word' id='word_1_7' title='bbox 868 539 896 575; x_wconf 89' lang='lat' dir='ltr'><strong>a</strong></span> <span class='ocrx_word' id='word_1_8' title='bbox 939 522 1212 585; x_wconf 82' lang='lat' dir='ltr'><strong>Romanis,</strong></span> <span class='ocrx_word' id='word_1_9' title='bbox 1242 536 1300 574; x_wconf 87' lang='lat' dir='ltr'><strong>se</strong></span> <span class='ocrx_word' id='word_1_10' title='bbox 1343 521 1441 575; x_wconf 85' lang='lat' dir='ltr'><strong>Gn.</strong></span> <span class='ocrx_word' id='word_1_11' title='bbox 1472 522 1693 574; x_wconf 82' lang='lat' dir='ltr'><strong>Octavio</strong></span> <span class='ocrx_word' id='word_1_12' title='bbox 1735 522 1964 587; x_wconf 77' lang='lat' dir='ltr'><strong>dedidit,</strong></span> <span class='ocrx_word' id='word_1_13' title='bbox 2000 526 2048 583; x_wconf 79' lang='grc' dir='ltr'>Α</span> <span class='ocrx_word' id='word_1_14' title='bbox 2077 524 2209 576; x_wconf 87' lang='lat' dir='ltr'><strong>alter</strong></span> <span class='ocrx_word' id='word_1_15' title='bbox 2238 523 2633 584; x_wconf 89' lang='lat' dir='ltr'><strong>Pherecratius,</strong></span> <span class='ocrx_word' id='word_1_16' title='bbox 2669 508 2880 573; x_wconf 82' lang='lat' dir='ltr'><strong>tandem</strong></span> <span class='ocrx_word' id='word_1_17' title='bbox 2913 520 3217 573; x_wconf 72' lang='lat' dir='ltr'><strong>mortalium</strong></span> <span class='ocrx_word' id='word_1_18' title='bbox 3250 520 3443 587; x_wconf 84' lang='lat' dir='ltr'><strong>iniquis</strong></span> <span class='ocrx_word' id='word_1_19' title='bbox 3486 517 3657 573; x_wconf 87' lang='lat' dir='ltr'><strong>mori-</strong></span> 
     </span>
    </p>
   </div>
   <div class='ocr_carea' id='block_1_5' title="bbox 395 613 1970 679">
    <p class='ocr_par' dir='ltr' id='par_1_5' title="bbox 395 613 1970 679">
     <span class='ocr_line' id='line_1_5' title="bbox 395 613 1970 679; baseline -0.004 -8"><span class='ocrx_word' id='word_1_20' title='bbox 395 631 560 671; x_wconf 89' lang='lat' dir='ltr'><strong>oraus</strong></span> <span class='ocrx_word' id='word_1_21' title='bbox 586 624 646 669; x_wconf 92' lang='lat' dir='ltr'><strong>ut</strong></span> <span class='ocrx_word' id='word_1_22' title='bbox 675 616 742 667; x_wconf 85' lang='lat' dir='ltr'><strong>ad</strong></span> <span class='ocrx_word' id='word_1_23' title='bbox 775 615 990 667; x_wconf 88' lang='lat' dir='ltr'><strong>Paulum</strong></span> <span class='ocrx_word' id='word_1_24' title='bbox 1025 613 1313 668; x_wconf 64' lang='lat' dir='ltr'><strong>IEmelium</strong></span> <span class='ocrx_word' id='word_1_25' title='bbox 1345 614 1723 679; x_wconf 70' lang='lat' dir='ltr'><strong>imperatorem</strong></span> <span class='ocrx_word' id='word_1_26' title='bbox 1749 613 1970 666; x_wconf 90' lang='lat' dir='ltr'><strong>ducere-</strong></span> 
     </span>
    </p>
   </div>
   <div class='ocr_carea' id='block_1_6' title="bbox 400 704 1971 775">
    <p class='ocr_par' dir='ltr' id='par_1_6' title="bbox 400 704 1971 775">
     <span class='ocr_line' id='line_1_6' title="bbox 400 704 1971 775; baseline -0.004 -13"><span class='ocrx_word' id='word_1_27' title='bbox 400 721 506 770; x_wconf 84' lang='lat' dir='ltr'><strong>tur,</strong></span> <span class='ocrx_word' id='word_1_28' title='bbox 535 708 622 775; x_wconf 91' lang='lat' dir='ltr'><strong>qui</strong></span> <span class='ocrx_word' id='word_1_29' title='bbox 654 707 729 760; x_wconf 89' lang='lat' dir='ltr'><strong>illi</strong></span> <span class='ocrx_word' id='word_1_30' title='bbox 759 705 968 758; x_wconf 82' lang='lat' dir='ltr'><strong>obviam</strong></span> <span class='ocrx_word' id='word_1_31' title='bbox 997 720 1117 758; x_wconf 91' lang='lat' dir='ltr'><strong>cum</strong></span> <span class='ocrx_word' id='word_1_32' title='bbox 1144 704 1333 757; x_wconf 86' lang='lat' dir='ltr'><strong>amicis</strong></span> <span class='ocrx_word' id='word_1_33' title='bbox 1363 704 1537 770; x_wconf 80' lang='lat' dir='ltr'><strong>venit,</strong></span> <span class='ocrx_word' id='word_1_34' title='bbox 1568 705 1889 766; x_wconf 79' lang='lat' dir='ltr'><strong>assurrexit,</strong></span> <span class='ocrx_word' id='word_1_35' title='bbox 1918 713 1971 757; x_wconf 92' lang='lat' dir='ltr'><strong>et</strong></span> 
     </span>
    </p>
   </div>
   <div class='ocr_carea' id='block_1_7' title="bbox 398 794 1972 871">
    <p class='ocr_par' dir='ltr' id='par_1_7' title="bbox 398 794 1972 871">
     <span class='ocr_line' id='line_1_7' title="bbox 398 794 1972 871; baseline -0.004 -18"><span class='ocrx_word' id='word_1_36' title='bbox 398 802 481 871; x_wconf 90' lang='lat' dir='ltr'><strong>(ut</strong></span> <span class='ocrx_word' id='word_1_37' title='bbox 523 799 762 852; x_wconf 79' lang='lat' dir='ltr'><strong>historici</strong></span> <span class='ocrx_word' id='word_1_38' title='bbox 810 797 1047 860; x_wconf 87' lang='lat' dir='ltr'><strong>tradunt)</strong></span> <span class='ocrx_word' id='word_1_39' title='bbox 1096 794 1478 866; x_wconf 83' lang='lat' dir='ltr'><strong>illacrytuavit,</strong></span> <span class='ocrx_word' id='word_1_40' title='bbox 1510 796 1819 849; x_wconf 80' lang='lat' dir='ltr'><strong>varietatem</strong></span> <span class='ocrx_word' id='word_1_41' title='bbox 1869 795 1972 847; x_wconf 77' lang='lat' dir='ltr'><strong>sci-</strong></span> 
     </span>
    </p>
   </div>
   <div class='ocr_carea' id='block_1_8' title="bbox 400 890 1972 954">
    <p class='ocr_par' dir='ltr' id='par_1_8' title="bbox 400 890 1972 954">
     <span class='ocr_line' id='line_1_8' title="bbox 400 890 1972 954; baseline -0.003 -10"><span class='ocrx_word' id='word_1_42' title='bbox 400 893 521 946; x_wconf 84' lang='lat' dir='ltr'><strong>licet</strong></span> <span class='ocrx_word' id='word_1_43' title='bbox 550 890 779 943; x_wconf 64' lang='lat' dir='ltr'><strong>fortuna:</strong></span> <span class='ocrx_word' id='word_1_44' title='bbox 802 902 981 942; x_wconf 80' lang='lat' dir='ltr'><strong>secum</strong></span> <span class='ocrx_word' id='word_1_45' title='bbox 1017 898 1295 952; x_wconf 86' lang='lat' dir='ltr'><strong>reputans,</strong></span> <span class='ocrx_word' id='word_1_46' title='bbox 1322 902 1440 953; x_wconf 78' lang='lat' dir='ltr'><strong>qua:</strong></span> <span class='ocrx_word' id='word_1_47' title='bbox 1468 902 1644 954; x_wconf 57' lang='lat' dir='ltr'><strong>regem</strong></span> <span class='ocrx_word' id='word_1_48' title='bbox 1667 902 1730 940; x_wconf 79' lang='lat' dir='ltr'><strong>ex</strong></span> <span class='ocrx_word' id='word_1_49' title='bbox 1762 900 1972 939; x_wconf 91' lang='lat' dir='ltr'><strong>summo</strong></span> 
     </span>
    </p>
   </div>
   <div class='ocr_carea' id='block_1_9' title="bbox 401 978 1969 1054">
    <p class='ocr_par' dir='ltr' id='par_1_9' title="bbox 401 978 1969 1054">
     <span class='ocr_line' id='line_1_9' title="bbox 401 978 1969 1054; baseline -0.006 -15"><span class='ocrx_word' id='word_1_50' title='bbox 401 983 673 1054; x_wconf 78' lang='lat' dir='ltr'><strong>dignitatis</strong></span> <span class='ocrx_word' id='word_1_51' title='bbox 705 979 910 1048; x_wconf 83' lang='lat' dir='ltr'><strong>fastigio</strong></span> <span class='ocrx_word' id='word_1_52' title='bbox 936 979 985 1031; x_wconf 92' lang='lat' dir='ltr'><strong>in</strong></span> <span class='ocrx_word' id='word_1_53' title='bbox 1018 992 1256 1045; x_wconf 69' lang='lat' dir='ltr'><strong>praeceps</strong></span> <span class='ocrx_word' id='word_1_54' title='bbox 1282 978 1608 1031; x_wconf 79' lang='lat' dir='ltr'><strong>detraxerat.</strong></span> <span class='ocrx_word' id='word_1_55' title='bbox 1642 978 1835 1032; x_wconf 86' lang='lat' dir='ltr'><strong>Perses</strong></span> <span class='ocrx_word' id='word_1_56' title='bbox 1874 991 1969 1029; x_wconf 89' lang='lat' dir='ltr'><strong>au-</strong></span> 
     </span>
    </p>
   </div>
   <div class='ocr_carea' id='block_1_10' title="bbox 402 1068 1968 1139">
    <p class='ocr_par' dir='ltr' id='par_1_10' title="bbox 402 1068 1968 1139">
     <span class='ocr_line' id='line_1_10' title="bbox 402 1068 1968 1139; baseline -0.004 -11"><span class='ocrx_word' id='word_1_57' title='bbox 402 1085 510 1128; x_wconf 84' lang='lat' dir='ltr'><strong>tent</strong></span> <span class='ocrx_word' id='word_1_58' title='bbox 539 1074 726 1126; x_wconf 90' lang='lat' dir='ltr'><strong>ductus</strong></span> <span class='ocrx_word' id='word_1_59' title='bbox 757 1072 806 1124; x_wconf 90' lang='lat' dir='ltr'><strong>in</strong></span> <span class='ocrx_word' id='word_1_60' title='bbox 841 1069 1165 1139; x_wconf 87' lang='lat' dir='ltr'><strong>triumphum</strong></span> <span class='ocrx_word' id='word_1_61' title='bbox 1195 1077 1275 1122; x_wconf 84' lang='lat' dir='ltr'><strong>est</strong></span> <span class='ocrx_word' id='word_1_62' title='bbox 1320 1082 1421 1121; x_wconf 91' lang='lat' dir='ltr'><strong>una</strong></span> <span class='ocrx_word' id='word_1_63' title='bbox 1446 1084 1567 1122; x_wconf 90' lang='lat' dir='ltr'><strong>cum</strong></span> <span class='ocrx_word' id='word_1_64' title='bbox 1600 1068 1739 1133; x_wconf 89' lang='lat' dir='ltr'><strong>filiis,</strong></span> <span class='ocrx_word' id='word_1_65' title='bbox 1784 1068 1968 1137; x_wconf 88' lang='lat' dir='ltr'><strong>periit-</strong></span> 
     </span>
    </p>
   </div>
   <div class='ocr_carea' id='block_1_11' title="bbox 403 1159 1977 1233">
    <p class='ocr_par' dir='ltr' id='par_1_11' title="bbox 403 1159 1977 1233">
     <span class='ocr_line' id='line_1_11' title="bbox 403 1159 1977 1233; baseline -0.003 -19"><span class='ocrx_word' id='word_1_66' title='bbox 403 1164 505 1233; x_wconf 85' lang='lat' dir='ltr'><strong>que</strong></span> <span class='ocrx_word' id='word_1_67' title='bbox 551 1163 600 1215; x_wconf 93' lang='lat' dir='ltr'><strong>in</strong></span> <span class='ocrx_word' id='word_1_68' title='bbox 639 1175 853 1215; x_wconf 87' lang='lat' dir='ltr'><strong>carcere</strong></span> <span class='ocrx_word' id='word_1_69' title='bbox 903 1161 1066 1212; x_wconf 89' lang='lat' dir='ltr'><strong>animi</strong></span> <span class='ocrx_word' id='word_1_70' title='bbox 1120 1174 1352 1212; x_wconf 80' lang='lat' dir='ltr'><strong>mmrore</strong></span> <span class='ocrx_word' id='word_1_71' title='bbox 1400 1160 1709 1222; x_wconf 86' lang='lat' dir='ltr'><strong>confectus,</strong></span> <span class='ocrx_word' id='word_1_72' title='bbox 1748 1159 1832 1211; x_wconf 85' lang='lat' dir='ltr'><strong>vel</strong></span> <span class='ocrx_word' id='word_1_73' title='bbox 1883 1159 1977 1227; x_wconf 89' lang='lat' dir='ltr'><strong>(ut</strong></span> 
     </span>
    </p>
   </div>
   <div class='ocr_carea' id='block_1_12' title="bbox 404 1247 1972 1318">
    <p class='ocr_par' dir='ltr' id='par_1_12' title="bbox 404 1247 1972 1318">
     <span class='ocr_line' id='line_1_12' title="bbox 404 1247 1972 1318; baseline -0.006 -9"><span class='ocrx_word' id='word_1_74' title='bbox 404 1256 492 1309; x_wconf 88' lang='lat' dir='ltr'><strong>alii</strong></span> <span class='ocrx_word' id='word_1_75' title='bbox 527 1254 771 1313; x_wconf 87' lang='lat' dir='ltr'><strong>tradunt,</strong></span> <span class='ocrx_word' id='word_1_76' title='bbox 802 1251 994 1318; x_wconf 77' lang='lat' dir='ltr'><strong>vigiliis</strong></span> <span class='ocrx_word' id='word_1_77' title='bbox 1031 1250 1403 1317; x_wconf 91' lang='lat' dir='ltr'><strong>insomnioque</strong></span> <span class='ocrx_word' id='word_1_78' title='bbox 1451 1258 1768 1301; x_wconf 86' lang='lat' dir='ltr'><strong>maceratus.</strong></span> <span class='ocrx_word' id='word_1_79' title='bbox 1826 1247 1972 1301; x_wconf 86' lang='lat' dir='ltr'><strong>Persi</strong></span> 
     </span>
    </p>
   </div>
   <div class='ocr_carea' id='block_1_13' title="bbox 404 1324 1976 1414">
    <p class='ocr_par' dir='ltr' id='par_1_13' title="bbox 404 1324 1976 1414">
     <span class='ocr_line' id='line_1_13' title="bbox 404 1324 1976 1414; baseline -0.006 -16"><span class='ocrx_word' id='word_1_80' title='bbox 404 1324 621 1414; x_wconf 63' lang='lat' dir='ltr'><strong>propier</strong></span> <span class='ocrx_word' id='word_1_81' title='bbox 643 1324 1014 1412; x_wconf 48' lang='lat' dir='ltr'><strong>agamagam</strong></span> <span class='ocrx_word' id='word_1_82' title='bbox 1036 1339 1268 1394; x_wconf 81' lang='lat' dir='ltr'><strong>detraxit</strong></span> <span class='ocrx_word' id='word_1_83' title='bbox 1290 1357 1314 1392; x_wconf 75' lang='grc' dir='ltr'><em>ε</em></span> <span class='ocrx_word' id='word_1_84' title='bbox 1341 1341 1593 1403; x_wconf 83' lang='lat' dir='ltr'><strong>litteram,</strong></span> <span class='ocrx_word' id='word_1_85' title='bbox 1612 1353 1729 1406; x_wconf 73' lang='lat' dir='ltr'><strong>qua:</strong></span> <span class='ocrx_word' id='word_1_86' title='bbox 1753 1338 1976 1404; x_wconf 85' lang='lat' dir='ltr'><strong>plerum-</strong></span> 
     </span>
    </p>
   </div>
   <div class='ocr_carea' id='block_1_14' title="bbox 404 1428 1973 1505">
    <p class='ocr_par' dir='ltr' id='par_1_14' title="bbox 404 1428 1973 1505">
     <span class='ocr_line' id='line_1_14' title="bbox 404 1428 1973 1505; baseline -0.001 -22"><span class='ocrx_word' id='word_1_87' title='bbox 404 1450 505 1505; x_wconf 80' lang='lat' dir='ltr'><strong>que</strong></span> <span class='ocrx_word' id='word_1_88' title='bbox 536 1449 633 1503; x_wconf 90' lang='lat' dir='ltr'><strong>pro</strong></span> <span class='ocrx_word' id='word_1_89' title='bbox 678 1432 835 1486; x_wconf 92' lang='lat' dir='ltr'><strong>sibilo</strong></span> <span class='ocrx_word' id='word_1_90' title='bbox 864 1431 1109 1495; x_wconf 88' lang='lat' dir='ltr'><strong>habetur,</strong></span> <span class='ocrx_word' id='word_1_91' title='bbox 1146 1444 1248 1482; x_wconf 92' lang='lat' dir='ltr'><strong>non</strong></span> <span class='ocrx_word' id='word_1_92' title='bbox 1294 1431 1464 1482; x_wconf 83' lang='lat' dir='ltr'><strong>solum</strong></span> <span class='ocrx_word' id='word_1_93' title='bbox 1500 1428 1852 1491; x_wconf 77' lang='lat' dir='ltr'><strong>necessitatis,</strong></span> <span class='ocrx_word' id='word_1_94' title='bbox 1882 1429 1973 1482; x_wconf 88' lang='lat' dir='ltr'><strong>sed</strong></span> 
     </span>
    </p>
   </div>
   <div class='ocr_carea' id='block_1_15' title="bbox 404 1518 1973 1591">
    <p class='ocr_par' dir='ltr' id='par_1_15' title="bbox 404 1518 1973 1591">
     <span class='ocr_line' id='line_1_15' title="bbox 404 1518 1973 1591; baseline -0.004 -12"><span class='ocrx_word' id='word_1_95' title='bbox 404 1525 563 1579; x_wconf 86' lang='lat' dir='ltr'><strong>etiam</strong></span> <span class='ocrx_word' id='word_1_96' title='bbox 612 1522 890 1591; x_wconf 70' lang='lat' dir='ltr'><strong>euphonia:</strong></span> <span class='ocrx_word' id='word_1_97' title='bbox 937 1536 1116 1574; x_wconf 90' lang='lat' dir='ltr'><strong>causa.</strong></span> <span class='ocrx_word' id='word_1_98' title='bbox 1161 1520 1227 1573; x_wconf 93' lang='lat' dir='ltr'><strong>Ut</strong></span> <span class='ocrx_word' id='word_1_99' title='bbox 1272 1519 1581 1573; x_wconf 89' lang='lat' dir='ltr'><strong>Salustius:</strong></span> <span class='ocrx_word' id='word_1_100' title='bbox 1624 1521 1669 1572; x_wconf 92' lang='lat' dir='ltr'><strong>A</strong></span> <span class='ocrx_word' id='word_1_101' title='bbox 1712 1518 1973 1586; x_wconf 89' lang='lat' dir='ltr'><strong>principio</strong></span> 
     </span>
    </p>
   </div>
   <div class='ocr_carea' id='block_1_16' title="bbox 410 1606 1972 1674">
    <p class='ocr_par' dir='ltr' id='par_1_16' title="bbox 410 1606 1972 1674">
     <span class='ocr_line' id='line_1_16' title="bbox 410 1606 1972 1674; baseline -0.006 -5"><span class='ocrx_word' id='word_1_102' title='bbox 410 1614 566 1669; x_wconf 89' lang='lat' dir='ltr'><strong>Urbis</strong></span> <span class='ocrx_word' id='word_1_103' title='bbox 608 1614 672 1666; x_wconf 86' lang='lat' dir='ltr'><strong>ad</strong></span> <span class='ocrx_word' id='word_1_104' title='bbox 723 1612 919 1667; x_wconf 80' lang='lat' dir='ltr'><strong>bellum</strong></span> <span class='ocrx_word' id='word_1_105' title='bbox 969 1606 1131 1664; x_wconf 84' lang='lat' dir='ltr'><strong>Persi</strong></span> <span class='ocrx_word' id='word_1_106' title='bbox 1160 1609 1586 1670; x_wconf 83' lang='lat' dir='ltr'><strong>Macedonicum,</strong></span> <span class='ocrx_word' id='word_1_107' title='bbox 1636 1622 1731 1674; x_wconf 88' lang='lat' dir='ltr'><strong>pro</strong></span> <span class='ocrx_word' id='word_1_108' title='bbox 1774 1608 1972 1661; x_wconf 88' lang='lat' dir='ltr'><strong>Persis.</strong></span> 
     </span>
    </p>
   </div>
   <div class='ocr_carea' id='block_1_17' title="bbox 407 1695 1977 1761">
    <p class='ocr_par' dir='ltr' id='par_1_17' title="bbox 407 1695 1977 1761">
     <span class='ocr_line' id='line_1_17' title="bbox 407 1695 1977 1761; baseline -0.005 -4"><span class='ocrx_word' id='word_1_109' title='bbox 407 1702 714 1757; x_wconf 85' lang='lat' dir='ltr'><strong>Detrahitur</strong></span> <span class='ocrx_word' id='word_1_110' title='bbox 740 1711 915 1755; x_wconf 88' lang='lat' dir='ltr'><strong>autem</strong></span> <span class='ocrx_word' id='word_1_111' title='bbox 941 1718 966 1753; x_wconf 71' lang='grc' dir='ltr'><strong>,ς</strong></span> <span class='ocrx_word' id='word_1_112' title='bbox 994 1700 1163 1753; x_wconf 69' lang='grc' dir='ltr'>ιρι-ιίω</span> <span class='ocrx_word' id='word_1_113' title='bbox 1191 1697 1557 1751; x_wconf 83' lang='lat' dir='ltr'><strong>declinationis</strong></span> <span class='ocrx_word' id='word_1_114' title='bbox 1582 1695 1833 1761; x_wconf 80' lang='lat' dir='ltr'><strong>genitivo.</strong></span> <span class='ocrx_word' id='word_1_115' title='bbox 1863 1696 1977 1751; x_wconf 86' lang='lat' dir='ltr'><strong>Vir-</strong></span> 
     </span>
    </p>
   </div>
   <div class='ocr_carea' id='block_1_18' title="bbox 404 1790 937 1862">
    <p class='ocr_par' dir='ltr' id='par_1_18' title="bbox 404 1790 937 1862">
     <span class='ocr_line' id='line_1_18' title="bbox 404 1790 937 1862; baseline -0.009 -16"><span class='ocrx_word' id='word_1_116' title='bbox 404 1793 495 1862; x_wconf 72' lang='lat' dir='ltr'><strong>gil.</strong></span> <span class='ocrx_word' id='word_1_117' title='bbox 520 1792 573 1845; x_wconf 91' lang='lat' dir='ltr'><strong>in</strong></span> <span class='ocrx_word' id='word_1_118' title='bbox 599 1808 615 1845; x_wconf 82' lang='lat'><strong>1</strong></span> <span class='ocrx_word' id='word_1_119' title='bbox 640 1790 898 1845; x_wconf 67' lang='lat' dir='ltr'><strong>Aineidos</strong></span> <span class='ocrx_word' id='word_1_120' title='bbox 926 1808 937 1841; x_wconf 94' lang='lat'><strong>:</strong></span> 
     </span>
    </p>
   </div>
   <div class='ocr_carea' id='block_1_19' title="bbox 529 1874 1791 1940">
    <p class='ocr_par' dir='ltr' id='par_1_19' title="bbox 529 1874 1791 1940">
     <span class='ocr_line' id='line_1_19' title="bbox 529 1874 1791 1940; baseline -0.006 -10"><span class='ocrx_word' id='word_1_121' title='bbox 529 1882 682 1930; x_wconf 84' lang='lat' dir='ltr'><strong>Troas</strong></span> <span class='ocrx_word' id='word_1_122' title='bbox 706 1879 957 1940; x_wconf 79' lang='lat' dir='ltr'><strong>relliquias</strong></span> <span class='ocrx_word' id='word_1_123' title='bbox 979 1878 1197 1926; x_wconf 88' lang='lat' dir='ltr'><strong>Danaum</strong></span> <span class='ocrx_word' id='word_1_124' title='bbox 1219 1884 1365 1936; x_wconf 87' lang='lat' dir='ltr'><strong>atque</strong></span> <span class='ocrx_word' id='word_1_125' title='bbox 1389 1877 1584 1925; x_wconf 86' lang='lat' dir='ltr'><strong>immitis</strong></span> <span class='ocrx_word' id='word_1_126' title='bbox 1604 1874 1791 1923; x_wconf 83' lang='lat' dir='ltr'><strong>Achilli.</strong></span> 
     </span>
    </p>
   </div>
   <div class='ocr_carea' id='block_1_20' title="bbox 476 1957 1975 2035">
    <p class='ocr_par' dir='ltr' id='par_1_20' title="bbox 476 1957 1975 2035">
     <span class='ocr_line' id='line_1_20' title="bbox 476 1957 1975 2035; baseline -0.004 -19"><span class='ocrx_word' id='word_1_127' title='bbox 476 1959 885 2035; x_wconf 72' lang='lat' dir='ltr'><strong>Tragardiarum]</strong></span> <span class='ocrx_word' id='word_1_128' title='bbox 930 1958 1211 2028; x_wconf 62' lang='lat' dir='ltr'><strong>Tragoedia</strong></span> <span class='ocrx_word' id='word_1_129' title='bbox 1257 1967 1339 2011; x_wconf 93' lang='lat' dir='ltr'><strong>est</strong></span> <span class='ocrx_word' id='word_1_130' title='bbox 1384 1958 1611 2011; x_wconf 71' lang='lat' dir='ltr'><strong>heroicae</strong></span> <span class='ocrx_word' id='word_1_131' title='bbox 1654 1957 1880 2010; x_wconf 64' lang='lat' dir='ltr'><strong>fortuna:</strong></span> <span class='ocrx_word' id='word_1_132' title='bbox 1923 1957 1975 2010; x_wconf 86' lang='lat' dir='ltr'><strong>in</strong></span> 
     </span>
    </p>
   </div>
   <div class='ocr_carea' id='block_1_21' title="bbox 409 2047 2043 2122">
    <p class='ocr_par' dir='ltr' id='par_1_21' title="bbox 409 2047 2043 2122">
     <span class='ocr_line' id='line_1_21' title="bbox 409 2047 2043 2122; baseline -0.006 -11"><span class='ocrx_word' id='word_1_133' title='bbox 409 2056 648 2111; x_wconf 82' lang='lat' dir='ltr'><strong>adversis</strong></span> <span class='ocrx_word' id='word_1_134' title='bbox 696 2052 1125 2122; x_wconf 75' lang='lat' dir='ltr'><strong>comprehensio.</strong></span> <span class='ocrx_word' id='word_1_135' title='bbox 1169 2050 1336 2117; x_wconf 84' lang='lat' dir='ltr'><strong>Hujus</strong></span> <span class='ocrx_word' id='word_1_136' title='bbox 1382 2050 1592 2102; x_wconf 87' lang='lat' dir='ltr'><strong>tristitia</strong></span> <span class='ocrx_word' id='word_1_137' title='bbox 1630 2057 1686 2101; x_wconf 87' lang='lat' dir='ltr'><strong>et</strong></span> <span class='ocrx_word' id='word_1_138' title='bbox 1732 2047 1979 2116; x_wconf 75' lang='lat' dir='ltr'><strong>frequens</strong></span> <span class='ocrx_word' id='word_1_139' title='bbox 2027 2056 2043 2077; x_wconf 78' lang='grc'><strong><em>⁵</em></strong></span> 
     </span>
    </p>
   </div>
   <div class='ocr_carea' id='block_1_22' title="bbox 411 2140 1983 2216">
    <p class='ocr_par' dir='ltr' id='par_1_22' title="bbox 411 2140 1983 2216">
     <span class='ocr_line' id='line_1_22' title="bbox 411 2140 1983 2216; baseline -0.009 -12"><span class='ocrx_word' id='word_1_140' title='bbox 411 2150 616 2205; x_wconf 88' lang='lat' dir='ltr'><strong>clamor</strong></span> <span class='ocrx_word' id='word_1_141' title='bbox 649 2148 862 2216; x_wconf 86' lang='lat' dir='ltr'><strong>propria</strong></span> <span class='ocrx_word' id='word_1_142' title='bbox 892 2153 1033 2197; x_wconf 90' lang='lat' dir='ltr'><strong>sunt.</strong></span> <span class='ocrx_word' id='word_1_143' title='bbox 1062 2142 1291 2208; x_wconf 87' lang='lat' dir='ltr'><strong>Ideoque</strong></span> <span class='ocrx_word' id='word_1_144' title='bbox 1329 2140 1609 2207; x_wconf 82' lang='lat' dir='ltr'><strong>Euripides</strong></span> <span class='ocrx_word' id='word_1_145' title='bbox 1640 2148 1852 2209; x_wconf 81' lang='lat' dir='ltr'><strong>petente</strong></span> <span class='ocrx_word' id='word_1_146' title='bbox 1881 2140 1983 2191; x_wconf 81' lang='lat' dir='ltr'><strong>Ar-</strong></span> 
     </span>
    </p>
   </div>
   <div class='ocr_carea' id='block_1_23' title="bbox 410 2230 1979 2307">
    <p class='ocr_par' dir='ltr' id='par_1_23' title="bbox 410 2230 1979 2307">
     <span class='ocr_line' id='line_1_23' title="bbox 410 2230 1979 2307; baseline -0.006 -13"><span class='ocrx_word' id='word_1_147' title='bbox 410 2230 597 2295; x_wconf 79' lang='lat' dir='ltr'><strong>chelao</strong></span> <span class='ocrx_word' id='word_1_148' title='bbox 624 2253 749 2307; x_wconf 88' lang='lat' dir='ltr'><strong>rege</strong></span> <span class='ocrx_word' id='word_1_149' title='bbox 806 2245 864 2289; x_wconf 92' lang='lat' dir='ltr'><strong>ut</strong></span> <span class='ocrx_word' id='word_1_150' title='bbox 899 2234 965 2288; x_wconf 93' lang='lat' dir='ltr'><strong>de</strong></span> <span class='ocrx_word' id='word_1_151' title='bbox 995 2248 1055 2287; x_wconf 90' lang='lat' dir='ltr'><strong>se</strong></span> <span class='ocrx_word' id='word_1_152' title='bbox 1085 2232 1397 2301; x_wconf 75' lang='lat' dir='ltr'><strong>tragtediam</strong></span> <span class='ocrx_word' id='word_1_153' title='bbox 1438 2232 1726 2297; x_wconf 78' lang='lat' dir='ltr'><strong>scriberet,</strong></span> <span class='ocrx_word' id='word_1_154' title='bbox 1765 2231 1979 2294; x_wconf 86' lang='lat' dir='ltr'><strong>abnuit,</strong></span> 
     </span>
    </p>
   </div>
   <div class='ocr_carea' id='block_1_24' title="bbox 410 2324 1983 2400">
    <p class='ocr_par' dir='ltr' id='par_1_24' title="bbox 410 2324 1983 2400">
     <span class='ocr_line' id='line_1_24' title="bbox 410 2324 1983 2400; baseline -0.006 -15"><span class='ocrx_word' id='word_1_155' title='bbox 410 2346 471 2385; x_wconf 91' lang='lat' dir='ltr'><strong>ac</strong></span> <span class='ocrx_word' id='word_1_156' title='bbox 513 2338 757 2400; x_wconf 87' lang='lat' dir='ltr'><strong>precatus</strong></span> <span class='ocrx_word' id='word_1_157' title='bbox 791 2339 871 2383; x_wconf 84' lang='lat' dir='ltr'><strong>est</strong></span> <span class='ocrx_word' id='word_1_158' title='bbox 911 2342 978 2380; x_wconf 91' lang='lat' dir='ltr'><strong>ne</strong></span> <span class='ocrx_word' id='word_1_159' title='bbox 1038 2324 1303 2380; x_wconf 88' lang='lat' dir='ltr'><strong>accideret</strong></span> <span class='ocrx_word' id='word_1_160' title='bbox 1343 2325 1606 2379; x_wconf 79' lang='lat' dir='ltr'><strong>Archelao</strong></span> <span class='ocrx_word' id='word_1_161' title='bbox 1648 2324 1842 2392; x_wconf 92' lang='lat' dir='ltr'><strong>aliquid</strong></span> <span class='ocrx_word' id='word_1_162' title='bbox 1877 2334 1983 2376; x_wconf 85' lang='lat' dir='ltr'><strong>tra-</strong></span> 
     </span>
    </p>
   </div>
   <div class='ocr_carea' id='block_1_25' title="bbox 410 2415 1982 2491">
    <p class='ocr_par' dir='ltr' id='par_1_25' title="bbox 410 2415 1982 2491">
     <span class='ocr_line' id='line_1_25' title="bbox 410 2415 1982 2491; baseline -0.004 -16"><span class='ocrx_word' id='word_1_163' title='bbox 410 2421 598 2491; x_wconf 67' lang='lat' dir='ltr'><strong>goedia:</strong></span> <span class='ocrx_word' id='word_1_164' title='bbox 627 2420 899 2486; x_wconf 84' lang='lat' dir='ltr'><strong>proprium</strong></span> <span class='ocrx_word' id='word_1_165' title='bbox 918 2462 932 2486; x_wconf 90' lang='lat'><strong>,</strong></span> <span class='ocrx_word' id='word_1_166' title='bbox 961 2418 1251 2471; x_wconf 83' lang='lat' dir='ltr'><strong>ostendens</strong></span> <span class='ocrx_word' id='word_1_167' title='bbox 1288 2415 1422 2469; x_wconf 87' lang='lat' dir='ltr'><strong>nihil</strong></span> <span class='ocrx_word' id='word_1_168' title='bbox 1452 2415 1591 2467; x_wconf 86' lang='lat' dir='ltr'><strong>aliud</strong></span> <span class='ocrx_word' id='word_1_169' title='bbox 1622 2428 1742 2467; x_wconf 90' lang='lat' dir='ltr'><strong>esse</strong></span> <span class='ocrx_word' id='word_1_170' title='bbox 1787 2423 1982 2482; x_wconf 66' lang='lat' dir='ltr'><strong>tragoe-</strong></span> 
     </span>
    </p>
   </div>
   <div class='ocr_carea' id='block_1_26' title="bbox 411 2503 1983 2579">
    <p class='ocr_par' dir='ltr' id='par_1_26' title="bbox 411 2503 1983 2579">
     <span class='ocr_line' id='line_1_26' title="bbox 411 2503 1983 2579; baseline -0.006 -13"><span class='ocrx_word' id='word_1_171' title='bbox 411 2512 553 2566; x_wconf 86' lang='lat' dir='ltr'><strong>diam</strong></span> <span class='ocrx_word' id='word_1_172' title='bbox 590 2525 748 2579; x_wconf 88' lang='lat' dir='ltr'><strong>quam</strong></span> <span class='ocrx_word' id='word_1_173' title='bbox 811 2509 1146 2562; x_wconf 83' lang='lat' dir='ltr'><strong>miseriarum</strong></span> <span class='ocrx_word' id='word_1_174' title='bbox 1194 2504 1752 2574; x_wconf 88' lang='lat' dir='ltr'><strong>comprehensionem.</strong></span> <span class='ocrx_word' id='word_1_175' title='bbox 1795 2503 1983 2557; x_wconf 85' lang='lat' dir='ltr'><strong>Nonne</strong></span> 
     </span>
    </p>
   </div>
   <div class='ocr_carea' id='block_1_27' title="bbox 411 2595 1983 2665">
    <p class='ocr_par' dir='ltr' id='par_1_27' title="bbox 411 2595 1983 2665">
     <span class='ocr_line' id='line_1_27' title="bbox 411 2595 1983 2665; baseline -0.006 -9"><span class='ocrx_word' id='word_1_176' title='bbox 411 2600 839 2656; x_wconf 80' lang='lat' dir='ltr'><strong>adolescentulus</strong></span> <span class='ocrx_word' id='word_1_177' title='bbox 867 2598 959 2654; x_wconf 76' lang='grc' dir='ltr'><strong>δύο</strong></span> <span class='ocrx_word' id='word_1_178' title='bbox 984 2601 1101 2659; x_wconf 77' lang='grc' dir='ltr'><strong>τοὺς</strong></span> <span class='ocrx_word' id='word_1_179' title='bbox 1121 2598 1425 2657; x_wconf 47' lang='grc' dir='ltr'><strong>πίθουςίτὸν</strong></span> <span class='ocrx_word' id='word_1_180' title='bbox 1453 2598 1541 2665; x_wconf 79' lang='grc' dir='ltr'><strong>μὲν</strong></span> <span class='ocrx_word' id='word_1_181' title='bbox 1567 2596 1655 2649; x_wconf 81' lang='grc' dir='ltr'><strong>ἕνα</strong></span> <span class='ocrx_word' id='word_1_182' title='bbox 1684 2601 1868 2657; x_wconf 79' lang='grc' dir='ltr'><strong>κακῶν,</strong></span> <span class='ocrx_word' id='word_1_183' title='bbox 1898 2595 1983 2649; x_wconf 82' lang='grc' dir='ltr'><strong>τὸν</strong></span> 
     </span>
    </p>
   </div>
   <div class='ocr_carea' id='block_1_28' title="bbox 411 2684 1984 2771">
    <p class='ocr_par' dir='ltr' id='par_1_28' title="bbox 411 2684 1984 2771">
     <span class='ocr_line' id='line_1_28' title="bbox 411 2684 1984 2771; baseline -0.01 -22"><span class='ocrx_word' id='word_1_184' title='bbox 411 2693 463 2771; x_wconf 72' lang='grc' dir='ltr'><strong>δὲ</strong></span> <span class='ocrx_word' id='word_1_185' title='bbox 491 2695 659 2766; x_wconf 77' lang='grc' dir='ltr'><strong>ἕτερον</strong></span> <span class='ocrx_word' id='word_1_186' title='bbox 682 2691 899 2762; x_wconf 71' lang='grc' dir='ltr'><strong>ἀγαθῶν.</strong></span> <span class='ocrx_word' id='word_1_187' title='bbox 944 2689 1068 2742; x_wconf 62' lang='lat' dir='ltr'><strong>Hmc</strong></span> <span class='ocrx_word' id='word_1_188' title='bbox 1099 2687 1282 2740; x_wconf 73' lang='lat' dir='ltr'><strong>Grrrca</strong></span> <span class='ocrx_word' id='word_1_189' title='bbox 1335 2685 1477 2737; x_wconf 88' lang='lat' dir='ltr'><strong>misit</strong></span> <span class='ocrx_word' id='word_1_190' title='bbox 1517 2684 1581 2736; x_wconf 91' lang='lat' dir='ltr'><strong>ad</strong></span> <span class='ocrx_word' id='word_1_191' title='bbox 1628 2698 1712 2736; x_wconf 87' lang='lat' dir='ltr'><strong>tne</strong></span> <span class='ocrx_word' id='word_1_192' title='bbox 1752 2684 1984 2736; x_wconf 79' lang='lat' dir='ltr'><strong>Joannes</strong></span> 
     </span>
    </p>
   </div>
   <div class='ocr_carea' id='block_1_29' title="bbox 414 2772 1982 2845">
    <p class='ocr_par' dir='ltr' id='par_1_29' title="bbox 414 2772 1982 2845">
     <span class='ocr_line' id='line_1_29' title="bbox 414 2772 1982 2845; baseline -0.008 -10"><span class='ocrx_word' id='word_1_193' title='bbox 414 2781 723 2835; x_wconf 62' lang='lat' dir='ltr'><strong>Edicollius</strong></span> <span class='ocrx_word' id='word_1_194' title='bbox 753 2795 816 2832; x_wconf 85' lang='lat' dir='ltr'><strong>ex</strong></span> <span class='ocrx_word' id='word_1_195' title='bbox 866 2785 1169 2845; x_wconf 77' lang='lat' dir='ltr'><strong>pervetusto</strong></span> <span class='ocrx_word' id='word_1_196' title='bbox 1218 2775 1540 2836; x_wconf 82' lang='lat' dir='ltr'><strong>exemplari,</strong></span> <span class='ocrx_word' id='word_1_197' title='bbox 1570 2788 1689 2840; x_wconf 80' lang='lat' dir='ltr'><strong>quae</strong></span> <span class='ocrx_word' id='word_1_198' title='bbox 1735 2774 1811 2824; x_wconf 91' lang='lat' dir='ltr'><strong>sic</strong></span> <span class='ocrx_word' id='word_1_199' title='bbox 1860 2772 1982 2824; x_wconf 89' lang='lat' dir='ltr'><strong>red-</strong></span> 
     </span>
    </p>
   </div>
   <div class='ocr_carea' id='block_1_30' title="bbox 416 2864 1980 2931">
    <p class='ocr_par' dir='ltr' id='par_1_30' title="bbox 416 2864 1980 2931">
     <span class='ocr_line' id='line_1_30' title="bbox 416 2864 1980 2931; baseline -0.008 -5"><span class='ocrx_word' id='word_1_200' title='bbox 416 2877 616 2927; x_wconf 87' lang='lat' dir='ltr'><strong>duntur</strong></span> <span class='ocrx_word' id='word_1_201' title='bbox 657 2873 864 2927; x_wconf 87' lang='lat' dir='ltr'><strong>Latine.</strong></span> <span class='ocrx_word' id='word_1_202' title='bbox 911 2872 1020 2922; x_wconf 87' lang='lat' dir='ltr'><strong>Duo</strong></span> <span class='ocrx_word' id='word_1_203' title='bbox 1051 2870 1185 2922; x_wconf 86' lang='lat' dir='ltr'><strong>dolia</strong></span> <span class='ocrx_word' id='word_1_204' title='bbox 1205 2908 1218 2929; x_wconf 97' lang='lat'><strong>,</strong></span> <span class='ocrx_word' id='word_1_205' title='bbox 1252 2866 1513 2918; x_wconf 87' lang='lat' dir='ltr'><strong>malorum</strong></span> <span class='ocrx_word' id='word_1_206' title='bbox 1544 2864 1755 2931; x_wconf 80' lang='lat' dir='ltr'><strong>quidem</strong></span> <span class='ocrx_word' id='word_1_207' title='bbox 1786 2878 1947 2914; x_wconf 76' lang='lat' dir='ltr'><strong>unum</strong></span> <span class='ocrx_word' id='word_1_208' title='bbox 1967 2907 1980 2925; x_wconf 95' lang='lat'><strong>,</strong></span> 
     </span>
    </p>
   </div>
   <div class='ocr_carea' id='block_1_31' title="bbox 414 2950 1986 3017">
    <p class='ocr_par' dir='ltr' id='par_1_31' title="bbox 414 2950 1986 3017">
     <span class='ocr_line' id='line_1_31' title="bbox 414 2950 1986 3017; baseline -0.009 0"><span class='ocrx_word' id='word_1_209' title='bbox 414 2964 637 3017; x_wconf 85' lang='lat' dir='ltr'><strong>alterum</strong></span> <span class='ocrx_word' id='word_1_210' title='bbox 658 2971 829 3015; x_wconf 90' lang='lat' dir='ltr'><strong>autem</strong></span> <span class='ocrx_word' id='word_1_211' title='bbox 854 2960 1134 3011; x_wconf 89' lang='lat' dir='ltr'><strong>honorum.</strong></span> <span class='ocrx_word' id='word_1_212' title='bbox 1160 2957 1213 3009; x_wconf 92' lang='lat' dir='ltr'><strong>ln</strong></span> <span class='ocrx_word' id='word_1_213' title='bbox 1236 2954 1452 3009; x_wconf 66' lang='lat' dir='ltr'><strong>Caesarii</strong></span> <span class='ocrx_word' id='word_1_214' title='bbox 1478 2952 1643 3005; x_wconf 88' lang='lat' dir='ltr'><strong>nostri</strong></span> <span class='ocrx_word' id='word_1_215' title='bbox 1676 2951 1854 3004; x_wconf 62' lang='lat' dir='ltr'><strong>libei‘o</strong></span> <span class='ocrx_word' id='word_1_216' title='bbox 1872 2950 1986 3004; x_wconf 67' lang='lat' dir='ltr'><strong>haec</strong></span> 
     </span>
    </p>
   </div>
   <div class='ocr_carea' id='block_1_32' title="bbox 416 3041 1986 3126">
    <p class='ocr_par' dir='ltr' id='par_1_32' title="bbox 416 3041 1986 3126">
     <span class='ocr_line' id='line_1_32' title="bbox 416 3041 1986 3126; baseline -0.008 -21"><span class='ocrx_word' id='word_1_217' title='bbox 416 3054 624 3120; x_wconf 82' lang='lat' dir='ltr'><strong>insunt,</strong></span> <span class='ocrx_word' id='word_1_218' title='bbox 653 3053 709 3105; x_wconf 78' lang='grc' dir='ltr'><strong>οὐ</strong></span> <span class='ocrx_word' id='word_1_219' title='bbox 748 3052 1003 3126; x_wconf 78' lang='grc' dir='ltr'><strong>μειράκιον</strong></span> <span class='ocrx_word' id='word_1_220' title='bbox 1033 3046 1099 3101; x_wconf 81' lang='grc' dir='ltr'><strong>ὧν</strong></span> <span class='ocrx_word' id='word_1_221' title='bbox 1129 3046 1211 3101; x_wconf 77' lang='grc' dir='ltr'><strong>ἔτι</strong></span> <span class='ocrx_word' id='word_1_222' title='bbox 1256 3043 1347 3099; x_wconf 79' lang='grc' dir='ltr'><strong>δύο</strong></span> <span class='ocrx_word' id='word_1_223' title='bbox 1384 3044 1583 3105; x_wconf 75' lang='grc' dir='ltr'><strong>πίθους,</strong></span> <span class='ocrx_word' id='word_1_224' title='bbox 1626 3043 1711 3095; x_wconf 81' lang='grc' dir='ltr'><strong>τὸν</strong></span> <span class='ocrx_word' id='word_1_225' title='bbox 1758 3044 1847 3109; x_wconf 80' lang='grc' dir='ltr'><strong>μέν</strong></span> <span class='ocrx_word' id='word_1_226' title='bbox 1900 3041 1986 3093; x_wconf 76' lang='grc' dir='ltr'><strong>ἕνα</strong></span> 
     </span>
    </p>
   </div>
   <div class='ocr_carea' id='block_1_33' title="bbox 416 3131 1986 3214">
    <p class='ocr_par' dir='ltr' id='par_1_33' title="bbox 416 3131 1986 3214">
     <span class='ocr_line' id='line_1_33' title="bbox 416 3131 1986 3214; baseline -0.009 -18"><span class='ocrx_word' id='word_1_227' title='bbox 416 3151 597 3206; x_wconf 68' lang='grc' dir='ltr'><strong>κακῶν,</strong></span> <span class='ocrx_word' id='word_1_228' title='bbox 624 3144 709 3196; x_wconf 84' lang='grc' dir='ltr'><strong>τὸν</strong></span> <span class='ocrx_word' id='word_1_229' title='bbox 735 3140 788 3194; x_wconf 78' lang='grc' dir='ltr'><strong>δὲ</strong></span> <span class='ocrx_word' id='word_1_230' title='bbox 813 3142 983 3214; x_wconf 81' lang='grc' dir='ltr'><strong>ἕτερον</strong></span> <span class='ocrx_word' id='word_1_231' title='bbox 1014 3140 1228 3209; x_wconf 73' lang='grc' dir='ltr'><strong>ἁγαῦῶν.</strong></span> <span class='ocrx_word' id='word_1_232' title='bbox 1259 3135 1387 3200; x_wconf 73' lang='lat' dir='ltr'><strong>Qua:</strong></span> <span class='ocrx_word' id='word_1_233' title='bbox 1408 3132 1473 3185; x_wconf 89' lang='lat' dir='ltr'><strong>ad</strong></span> <span class='ocrx_word' id='word_1_234' title='bbox 1504 3131 1727 3186; x_wconf 81' lang='lat' dir='ltr'><strong>verbum</strong></span> <span class='ocrx_word' id='word_1_235' title='bbox 1756 3132 1834 3184; x_wconf 85' lang='lat' dir='ltr'><strong>sic</strong></span> <span class='ocrx_word' id='word_1_236' title='bbox 1864 3144 1986 3197; x_wconf 84' lang='lat' dir='ltr'><strong>pos-</strong></span> 
     </span>
    </p>
   </div>
   <div class='ocr_carea' id='block_1_34' title="bbox 415 3221 2057 3298">
    <p class='ocr_par' dir='ltr' id='par_1_34' title="bbox 415 3221 2057 3298">
     <span class='ocr_line' id='line_1_34' title="bbox 415 3221 2057 3298; baseline -0.009 -11"><span class='ocrx_word' id='word_1_237' title='bbox 415 3248 599 3287; x_wconf 81' lang='lat' dir='ltr'><strong>sumus</strong></span> <span class='ocrx_word' id='word_1_238' title='bbox 626 3232 957 3298; x_wconf 89' lang='lat' dir='ltr'><strong>interpretari</strong></span> <span class='ocrx_word' id='word_1_239' title='bbox 986 3245 1001 3279; x_wconf 84' lang='lat'><strong>:</strong></span> <span class='ocrx_word' id='word_1_240' title='bbox 1033 3228 1145 3282; x_wconf 83' lang='lat' dir='ltr'><strong>Non</strong></span> <span class='ocrx_word' id='word_1_241' title='bbox 1173 3223 1603 3279; x_wconf 76' lang='lat' dir='ltr'><strong>adolescentulus</strong></span> <span class='ocrx_word' id='word_1_242' title='bbox 1625 3221 1800 3274; x_wconf 89' lang='lat' dir='ltr'><strong>adhuc</strong></span> <span class='ocrx_word' id='word_1_243' title='bbox 1826 3221 1983 3274; x_wconf 73' lang='lat' dir='ltr'><strong>etiam</strong></span> <span class='ocrx_word' id='word_1_244' title='bbox 2013 3232 2057 3290; x_wconf 74' lang='grc' dir='ltr'><strong>ρ</strong></span> 
     </span>
    </p>
   </div>
   <div class='ocr_carea' id='block_1_35' title="bbox 418 3312 1984 3386">
    <p class='ocr_par' dir='ltr' id='par_1_35' title="bbox 418 3312 1984 3386">
     <span class='ocr_line' id='line_1_35' title="bbox 418 3312 1984 3386; baseline -0.008 -10"><span class='ocrx_word' id='word_1_245' title='bbox 418 3324 525 3375; x_wconf 90' lang='lat' dir='ltr'><strong>duo</strong></span> <span class='ocrx_word' id='word_1_246' title='bbox 553 3321 724 3385; x_wconf 85' lang='lat' dir='ltr'><strong>dolia,</strong></span> <span class='ocrx_word' id='word_1_247' title='bbox 758 3334 919 3372; x_wconf 89' lang='lat' dir='ltr'><strong>unum</strong></span> <span class='ocrx_word' id='word_1_248' title='bbox 967 3317 1179 3386; x_wconf 85' lang='lat' dir='ltr'><strong>quidem</strong></span> <span class='ocrx_word' id='word_1_249' title='bbox 1212 3315 1505 3373; x_wconf 84' lang='lat' dir='ltr'><strong>malorum.</strong></span> <span class='ocrx_word' id='word_1_250' title='bbox 1538 3312 1763 3365; x_wconf 89' lang='lat' dir='ltr'><strong>alterum</strong></span> <span class='ocrx_word' id='word_1_251' title='bbox 1808 3319 1984 3364; x_wconf 87' lang='lat' dir='ltr'><strong>autem</strong></span> 
     </span>
    </p>
   </div>
   <div class='ocr_carea' id='block_1_36' title="bbox 418 3406 1988 3469">
    <p class='ocr_par' dir='ltr' id='par_1_36' title="bbox 418 3406 1988 3469">
     <span class='ocr_line' id='line_1_36' title="bbox 418 3406 1988 3469; baseline -0.008 -3"><span class='ocrx_word' id='word_1_252' title='bbox 418 3414 698 3466; x_wconf 83' lang='lat' dir='ltr'><strong>boaorum.</strong></span> <span class='ocrx_word' id='word_1_253' title='bbox 732 3409 827 3465; x_wconf 87' lang='lat' dir='ltr'><strong>Ubi</strong></span> <span class='ocrx_word' id='word_1_254' title='bbox 852 3406 1381 3461; x_wconf 83' lang='lat' dir='ltr'><strong>animadvertendum</strong></span> <span class='ocrx_word' id='word_1_255' title='bbox 1411 3413 1513 3463; x_wconf 88' lang='lat' dir='ltr'><strong>est.</strong></span> <span class='ocrx_word' id='word_1_256' title='bbox 1546 3419 1651 3456; x_wconf 92' lang='lat' dir='ltr'><strong>non</strong></span> <span class='ocrx_word' id='word_1_257' title='bbox 1686 3417 1780 3469; x_wconf 88' lang='lat' dir='ltr'><strong>pro</strong></span> <span class='ocrx_word' id='word_1_258' title='bbox 1811 3414 1988 3454; x_wconf 89' lang='lat' dir='ltr'><strong>nonne</strong></span> 
     </span>
    </p>
   </div>
   <div class='ocr_carea' id='block_1_37' title="bbox 418 3492 1991 3570">
    <p class='ocr_par' dir='ltr' id='par_1_37' title="bbox 418 3492 1991 3570">
     <span class='ocr_line' id='line_1_37' title="bbox 418 3492 1991 3570; baseline -0.01 -13"><span class='ocrx_word' id='word_1_259' title='bbox 418 3504 677 3570; x_wconf 89' lang='lat' dir='ltr'><strong>positum,</strong></span> <span class='ocrx_word' id='word_1_260' title='bbox 705 3509 990 3570; x_wconf 88' lang='lat' dir='ltr'><strong>petereque</strong></span> <span class='ocrx_word' id='word_1_261' title='bbox 1021 3497 1121 3551; x_wconf 85' lang='lat' dir='ltr'><strong>sibi</strong></span> <span class='ocrx_word' id='word_1_262' title='bbox 1151 3497 1298 3549; x_wconf 87' lang='lat' dir='ltr'><strong>reddi</strong></span> <span class='ocrx_word' id='word_1_263' title='bbox 1323 3494 1756 3547; x_wconf 82' lang='lat' dir='ltr'><strong>afﬁrmationem.</strong></span> <span class='ocrx_word' id='word_1_264' title='bbox 1781 3492 1877 3544; x_wconf 74' lang='lat' dir='ltr'><strong>E~t</strong></span> <span class='ocrx_word' id='word_1_265' title='bbox 1897 3506 1991 3542; x_wconf 92' lang='lat' dir='ltr'><strong>au-</strong></span> 
     </span>
    </p>
   </div>
   <div class='ocr_carea' id='block_1_38' title="bbox 420 3584 1986 3661">
    <p class='ocr_par' dir='ltr' id='par_1_38' title="bbox 420 3584 1986 3661">
     <span class='ocr_line' id='line_1_38' title="bbox 420 3584 1986 3661; baseline -0.007 -13"><span class='ocrx_word' id='word_1_266' title='bbox 420 3608 523 3649; x_wconf 87' lang='lat' dir='ltr'><strong>tem</strong></span> <span class='ocrx_word' id='word_1_267' title='bbox 553 3594 651 3647; x_wconf 89' lang='lat' dir='ltr'><strong>hoc</strong></span> <span class='ocrx_word' id='word_1_268' title='bbox 683 3603 950 3661; x_wconf 87' lang='lat' dir='ltr'><strong>sumptum</strong></span> <span class='ocrx_word' id='word_1_269' title='bbox 993 3606 1055 3643; x_wconf 81' lang='lat' dir='ltr'><strong>ex</strong></span> <span class='ocrx_word' id='word_1_270' title='bbox 1087 3589 1299 3643; x_wconf 90' lang='lat' dir='ltr'><strong>Homeri</strong></span> <span class='ocrx_word' id='word_1_271' title='bbox 1330 3588 1461 3640; x_wconf 84' lang='lat' dir='ltr'><strong>libro</strong></span> <span class='ocrx_word' id='word_1_272' title='bbox 1494 3586 1669 3639; x_wconf 88' lang='lat' dir='ltr'><strong>Iliadis</strong></span> <span class='ocrx_word' id='word_1_273' title='bbox 1701 3586 1905 3644; x_wconf 86' lang='lat' dir='ltr'><strong>ultimo,</strong></span> <span class='ocrx_word' id='word_1_274' title='bbox 1937 3584 1986 3637; x_wconf 91' lang='lat' dir='ltr'><strong>in</strong></span> 
     </span>
    </p>
   </div>
   <div class='ocr_carea' id='block_1_39' title="bbox 420 3674 1990 3755">
    <p class='ocr_par' dir='ltr' id='par_1_39' title="bbox 420 3674 1990 3755">
     <span class='ocr_line' id='line_1_39' title="bbox 420 3674 1990 3755; baseline -0.009 -16"><span class='ocrx_word' id='word_1_275' title='bbox 420 3701 526 3755; x_wconf 91' lang='lat' dir='ltr'><strong>quo</strong></span> <span class='ocrx_word' id='word_1_276' title='bbox 567 3686 680 3738; x_wconf 66' lang='lat' dir='ltr'><strong>haec</strong></span> <span class='ocrx_word' id='word_1_277' title='bbox 728 3684 937 3745; x_wconf 90' lang='lat' dir='ltr'><strong>insunt,</strong></span> <span class='ocrx_word' id='word_1_278' title='bbox 981 3680 1273 3748; x_wconf 86' lang='lat' dir='ltr'><strong>interprete</strong></span> <span class='ocrx_word' id='word_1_279' title='bbox 1326 3677 1612 3729; x_wconf 89' lang='lat' dir='ltr'><strong>Laurentio</strong></span> <span class='ocrx_word' id='word_1_280' title='bbox 1655 3674 1845 3727; x_wconf 76' lang='lat' dir='ltr'><strong>Valla:</strong></span> <span class='ocrx_word' id='word_1_281' title='bbox 1876 3674 1990 3726; x_wconf 91' lang='lat' dir='ltr'><strong>Duo</strong></span> 
     </span>
    </p>
   </div>
   <div class='ocr_carea' id='block_1_40' title="bbox 421 3769 1985 3834">
    <p class='ocr_par' dir='ltr' id='par_1_40' title="bbox 421 3769 1985 3834">
     <span class='ocr_line' id='line_1_40' title="bbox 421 3769 1985 3834; baseline -0.009 -4"><span class='ocrx_word' id='word_1_282' title='bbox 421 3779 560 3831; x_wconf 91' lang='lat' dir='ltr'><strong>enim</strong></span> <span class='ocrx_word' id='word_1_283' title='bbox 607 3776 747 3829; x_wconf 86' lang='lat' dir='ltr'><strong>dolia</strong></span> <span class='ocrx_word' id='word_1_284' title='bbox 777 3775 831 3828; x_wconf 91' lang='lat' dir='ltr'><strong>in</strong></span> <span class='ocrx_word' id='word_1_285' title='bbox 858 3773 1003 3826; x_wconf 86' lang='lat' dir='ltr'><strong>Jovis</strong></span> <span class='ocrx_word' id='word_1_286' title='bbox 1048 3771 1226 3825; x_wconf 89' lang='lat' dir='ltr'><strong>limine</strong></span> <span class='ocrx_word' id='word_1_287' title='bbox 1268 3769 1447 3822; x_wconf 89' lang='lat' dir='ltr'><strong>sidunt</strong></span> <span class='ocrx_word' id='word_1_288' title='bbox 1485 3772 1638 3834; x_wconf 88' lang='lat' dir='ltr'><strong>plena</strong></span> <span class='ocrx_word' id='word_1_289' title='bbox 1672 3781 1985 3828; x_wconf 89' lang='lat' dir='ltr'><strong>munerum,</strong></span> 
     </span>
    </p>
   </div>
   <div class='ocr_carea' id='block_1_41' title="bbox 422 3856 1990 3935">
    <p class='ocr_par' dir='ltr' id='par_1_41' title="bbox 422 3856 1990 3935">
     <span class='ocr_line' id='line_1_41' title="bbox 422 3856 1990 3935; baseline -0.006 -17"><span class='ocrx_word' id='word_1_290' title='bbox 422 3884 538 3935; x_wconf 65' lang='lat' dir='ltr'><strong>qum</strong></span> <span class='ocrx_word' id='word_1_291' title='bbox 570 3867 720 3921; x_wconf 89' lang='lat' dir='ltr'><strong>nobis</strong></span> <span class='ocrx_word' id='word_1_292' title='bbox 748 3863 917 3917; x_wconf 89' lang='lat' dir='ltr'><strong>danda</strong></span> <span class='ocrx_word' id='word_1_293' title='bbox 950 3863 1256 3925; x_wconf 85' lang='lat' dir='ltr'><strong>constituit,</strong></span> <span class='ocrx_word' id='word_1_294' title='bbox 1289 3860 1546 3912; x_wconf 89' lang='lat' dir='ltr'><strong>malorum</strong></span> <span class='ocrx_word' id='word_1_295' title='bbox 1576 3857 1830 3913; x_wconf 86' lang='lat' dir='ltr'><strong>alterum.</strong></span> <span class='ocrx_word' id='word_1_296' title='bbox 1861 3856 1990 3908; x_wconf 85' lang='lat' dir='ltr'><strong>alte-</strong></span> 
     </span>
    </p>
   </div>
   <div class='ocr_carea' id='block_1_42' title="bbox 422 3946 1989 4022">
    <p class='ocr_par' dir='ltr' id='par_1_42' title="bbox 422 3946 1989 4022">
     <span class='ocr_line' id='line_1_42' title="bbox 422 3946 1989 4022; baseline -0.01 -10"><span class='ocrx_word' id='word_1_297' title='bbox 422 3975 538 4012; x_wconf 90' lang='lat' dir='ltr'><strong>rum</strong></span> <span class='ocrx_word' id='word_1_298' title='bbox 566 3960 844 4011; x_wconf 90' lang='lat' dir='ltr'><strong>honorum.</strong></span> <span class='ocrx_word' id='word_1_299' title='bbox 871 3957 942 4008; x_wconf 70' lang='lat' dir='ltr'><strong>Ex</strong></span> <span class='ocrx_word' id='word_1_300' title='bbox 972 3954 1163 4022; x_wconf 82' lang='lat' dir='ltr'><strong>quibus</strong></span> <span class='ocrx_word' id='word_1_301' title='bbox 1185 3951 1413 4019; x_wconf 86' lang='lat' dir='ltr'><strong>Jupiter,</strong></span> <span class='ocrx_word' id='word_1_302' title='bbox 1438 3964 1579 4002; x_wconf 92' lang='lat' dir='ltr'><strong>nunc</strong></span> <span class='ocrx_word' id='word_1_303' title='bbox 1603 3946 1802 4000; x_wconf 88' lang='lat' dir='ltr'><strong>homini</strong></span> <span class='ocrx_word' id='word_1_304' title='bbox 1831 3946 1989 4011; x_wconf 87' lang='lat' dir='ltr'><strong>mala,</strong></span> 
     </span>
    </p>
   </div>
   <div class='ocr_carea' id='block_1_43' title="bbox 422 4039 1989 4109">
    <p class='ocr_par' dir='ltr' id='par_1_43' title="bbox 422 4039 1989 4109">
     <span class='ocr_line' id='line_1_43' title="bbox 422 4039 1989 4109; baseline -0.009 -5"><span class='ocrx_word' id='word_1_305' title='bbox 422 4066 564 4105; x_wconf 88' lang='lat' dir='ltr'><strong>nunc</strong></span> <span class='ocrx_word' id='word_1_306' title='bbox 588 4051 721 4103; x_wconf 88' lang='lat' dir='ltr'><strong>bona</strong></span> <span class='ocrx_word' id='word_1_307' title='bbox 757 4048 998 4102; x_wconf 82' lang='lat' dir='ltr'><strong>exhibet.</strong></span> <span class='ocrx_word' id='word_1_308' title='bbox 1027 4045 1122 4099; x_wconf 89' lang='lat' dir='ltr'><strong>Cui</strong></span> <span class='ocrx_word' id='word_1_309' title='bbox 1156 4044 1324 4106; x_wconf 89' lang='lat' dir='ltr'><strong>mala,</strong></span> <span class='ocrx_word' id='word_1_310' title='bbox 1356 4056 1475 4094; x_wconf 92' lang='lat' dir='ltr'><strong>eum</strong></span> <span class='ocrx_word' id='word_1_311' title='bbox 1515 4040 1580 4092; x_wconf 89' lang='lat' dir='ltr'><strong>ad</strong></span> <span class='ocrx_word' id='word_1_312' title='bbox 1621 4039 1867 4109; x_wconf 77' lang='lat' dir='ltr'><strong>injuriam</strong></span> <span class='ocrx_word' id='word_1_313' title='bbox 1899 4052 1989 4091; x_wconf 82' lang='lat' dir='ltr'><strong>ex-</strong></span> 
     </span>
    </p>
   </div>
   <div class='ocr_carea' id='block_1_44' title="bbox 394 4129 1993 4210">
    <p class='ocr_par' dir='ltr' id='par_1_44' title="bbox 394 4129 1993 4210">
     <span class='ocr_line' id='line_1_44' title="bbox 394 4129 1993 4210; baseline -0.008 -17"><span class='ocrx_word' id='word_1_314' title='bbox 394 4140 605 4210; x_wconf 88' lang='lat' dir='ltr'><strong>&#39;ponit,</strong></span> <span class='ocrx_word' id='word_1_315' title='bbox 633 4148 689 4191; x_wconf 93' lang='lat' dir='ltr'><strong>ut</strong></span> <span class='ocrx_word' id='word_1_316' title='bbox 728 4138 778 4191; x_wconf 94' lang='lat' dir='ltr'><strong>in</strong></span> <span class='ocrx_word' id='word_1_317' title='bbox 821 4136 1033 4189; x_wconf 88' lang='lat' dir='ltr'><strong>miseria</strong></span> <span class='ocrx_word' id='word_1_318' title='bbox 1078 4135 1237 4186; x_wconf 84' lang='lat' dir='ltr'><strong>vitam</strong></span> <span class='ocrx_word' id='word_1_319' title='bbox 1279 4141 1418 4199; x_wconf 85' lang='lat' dir='ltr'><strong>agat.</strong></span> <span class='ocrx_word' id='word_1_320' title='bbox 1452 4130 1594 4183; x_wconf 75' lang='lat' dir='ltr'><strong>Vivit</strong></span> <span class='ocrx_word' id='word_1_321' title='bbox 1635 4129 1775 4183; x_wconf 91' lang='lat' dir='ltr'><strong>enim</strong></span> <span class='ocrx_word' id='word_1_322' title='bbox 1820 4140 1993 4189; x_wconf 84' lang='lat' dir='ltr'><strong>neque</strong></span> 
     </span>
    </p>
   </div>
   <div class='ocr_carea' id='block_1_45' title="bbox 425 4220 1992 4295">
    <p class='ocr_par' dir='ltr' id='par_1_45' title="bbox 425 4220 1992 4295">
     <span class='ocr_line' id='line_1_45' title="bbox 425 4220 1992 4295; baseline -0.008 -13"><span class='ocrx_word' id='word_1_323' title='bbox 425 4230 548 4293; x_wconf 90' lang='lat' dir='ltr'><strong>diis,</strong></span> <span class='ocrx_word' id='word_1_324' title='bbox 581 4243 752 4295; x_wconf 91' lang='lat' dir='ltr'><strong>neque</strong></span> <span class='ocrx_word' id='word_1_325' title='bbox 776 4224 1080 4279; x_wconf 88' lang='lat' dir='ltr'><strong>hominibus</strong></span> <span class='ocrx_word' id='word_1_326' title='bbox 1108 4222 1420 4274; x_wconf 88' lang='lat' dir='ltr'><strong>honoratus.</strong></span> <span class='ocrx_word' id='word_1_327' title='bbox 1468 4220 1776 4273; x_wconf 87' lang='lat' dir='ltr'><strong>Homericos</strong></span> <span class='ocrx_word' id='word_1_328' title='bbox 1806 4232 1992 4272; x_wconf 82' lang='lat' dir='ltr'><strong>versus</strong></span> 
     </span>
    </p>
   </div>
   <div class='ocr_carea' id='block_1_46' title="bbox 427 4310 1494 4374">
    <p class='ocr_par' dir='ltr' id='par_1_46' title="bbox 427 4310 1494 4374">
     <span class='ocr_line' id='line_1_46' title="bbox 427 4310 1494 4374; baseline -0.014 0"><span class='ocrx_word' id='word_1_329' title='bbox 427 4320 679 4374; x_wconf 82' lang='lat' dir='ltr'><strong>Nicolaus</strong></span> <span class='ocrx_word' id='word_1_330' title='bbox 709 4319 852 4369; x_wconf 82' lang='lat' dir='ltr'><strong>Valla</strong></span> <span class='ocrx_word' id='word_1_331' title='bbox 876 4318 951 4370; x_wconf 91' lang='lat' dir='ltr'><strong>sic</strong></span> <span class='ocrx_word' id='word_1_332' title='bbox 982 4314 1198 4367; x_wconf 89' lang='lat' dir='ltr'><strong>Latinos</strong></span> <span class='ocrx_word' id='word_1_333' title='bbox 1229 4310 1494 4365; x_wconf 89' lang='lat' dir='ltr'><strong>reddidit:</strong></span> 
     </span>
    </p>
   </div>
   <div class='ocr_carea' id='block_1_47' title="bbox 546 4399 1766 4469">
    <p class='ocr_par' dir='ltr' id='par_1_47' title="bbox 546 4399 1766 4469">
     <span class='ocr_line' id='line_1_47' title="bbox 546 4399 1766 4469; baseline -0.008 -12"><span class='ocrx_word' id='word_1_334' title='bbox 546 4411 763 4469; x_wconf 77' lang='lat' dir='ltr'><strong>Binaque</strong></span> <span class='ocrx_word' id='word_1_335' title='bbox 791 4416 1027 4468; x_wconf 69' lang='lat' dir='ltr'><strong>praetcrea</strong></span> <span class='ocrx_word' id='word_1_336' title='bbox 1052 4406 1185 4469; x_wconf 48' lang='lat' dir='ltr'><strong>Jovﬁs</strong></span> <span class='ocrx_word' id='word_1_337' title='bbox 1207 4415 1316 4469; x_wconf 83' lang='lat' dir='ltr'><strong>esse</strong></span> <span class='ocrx_word' id='word_1_338' title='bbox 1342 4404 1387 4448; x_wconf 90' lang='lat' dir='ltr'><strong>in</strong></span> <span class='ocrx_word' id='word_1_339' title='bbox 1411 4401 1583 4469; x_wconf 80' lang='lat' dir='ltr'><strong>limine</strong></span> <span class='ocrx_word' id='word_1_340' title='bbox 1602 4399 1766 4447; x_wconf 85' lang='lat' dir='ltr'><strong>dicunt</strong></span> 
     </span>
    </p>
   </div>
   <div class='ocr_carea' id='block_1_48' title="bbox 548 4464 1867 4531">
    <p class='ocr_par' dir='ltr' id='par_1_48' title="bbox 548 4464 1867 4531">
     <span class='ocr_line' id='line_1_48' title="bbox 548 4464 1867 4531; baseline -0.008 -14"><span class='ocrx_word' id='word_1_341' title='bbox 548 4464 696 4531; x_wconf 64' lang='lat' dir='ltr'><strong>Vasa,</strong></span> <span class='ocrx_word' id='word_1_342' title='bbox 727 4464 901 4529; x_wconf 83' lang='lat' dir='ltr'><strong>quibus</strong></span> <span class='ocrx_word' id='word_1_343' title='bbox 919 4473 1106 4531; x_wconf 70' lang='lat' dir='ltr'><strong>sortem</strong></span> <span class='ocrx_word' id='word_1_344' title='bbox 1127 4465 1261 4531; x_wconf 83' lang='lat' dir='ltr'><strong>Deus</strong></span> <span class='ocrx_word' id='word_1_345' title='bbox 1282 4466 1399 4531; x_wconf 31' lang='lat' dir='ltr'><strong>ipse.</strong></span> <span class='ocrx_word' id='word_1_346' title='bbox 1414 4464 1595 4509; x_wconf 78' lang='lat' dir='ltr'><strong>em:ttit</strong></span> <span class='ocrx_word' id='word_1_347' title='bbox 1613 4470 1867 4521; x_wconf 88' lang='lat' dir='ltr'><strong>utramque</strong></span> 
     </span>
    </p>
   </div>
   <div class='ocr_carea' id='block_1_49' title="bbox 548 4524 1628 4587">
    <p class='ocr_par' dir='ltr' id='par_1_49' title="bbox 548 4524 1628 4587">
     <span class='ocr_line' id='line_1_49' title="bbox 548 4524 1628 4587; baseline -0.01 -9"><span class='ocrx_word' id='word_1_348' title='bbox 548 4532 639 4578; x_wconf 88' lang='lat' dir='ltr'><strong>Ille</strong></span> <span class='ocrx_word' id='word_1_349' title='bbox 664 4524 828 4587; x_wconf 81' lang='lat' dir='ltr'><strong>titiser,</strong></span> <span class='ocrx_word' id='word_1_350' title='bbox 856 4528 928 4576; x_wconf 90' lang='lat' dir='ltr'><strong>cui</strong></span> <span class='ocrx_word' id='word_1_351' title='bbox 956 4541 1061 4575; x_wconf 75' lang='lat' dir='ltr'><strong>sors</strong></span> <span class='ocrx_word' id='word_1_352' title='bbox 1085 4525 1165 4573; x_wconf 88' lang='lat' dir='ltr'><strong>fati</strong></span> <span class='ocrx_word' id='word_1_353' title='bbox 1193 4524 1425 4581; x_wconf 83' lang='lat' dir='ltr'><strong>contingit</strong></span> <span class='ocrx_word' id='word_1_354' title='bbox 1448 4534 1628 4587; x_wconf 86' lang='lat' dir='ltr'><strong>amara,</strong></span> 
     </span>
    </p>
   </div>
   <div class='ocr_carea' id='block_1_50' title="bbox 549 4582 1811 4653">
    <p class='ocr_par' dir='ltr' id='par_1_50' title="bbox 549 4582 1811 4653">
     <span class='ocr_line' id='line_1_50' title="bbox 549 4582 1811 4653; baseline -0.01 -13"><span class='ocrx_word' id='word_1_355' title='bbox 549 4594 656 4640; x_wconf 79' lang='lat' dir='ltr'><strong>Heu</strong></span> <span class='ocrx_word' id='word_1_356' title='bbox 678 4582 881 4653; x_wconf 79' lang='lat' dir='ltr'><strong>quantos</strong></span> <span class='ocrx_word' id='word_1_357' title='bbox 901 4591 1041 4636; x_wconf 78' lang='lat' dir='ltr'><strong>etiam</strong></span> <span class='ocrx_word' id='word_1_358' title='bbox 1066 4588 1295 4653; x_wconf 82' lang='lat' dir='ltr'><strong>gemitus,</strong></span> <span class='ocrx_word' id='word_1_359' title='bbox 1321 4596 1462 4644; x_wconf 87' lang='lat' dir='ltr'><strong>quam</strong></span> <span class='ocrx_word' id='word_1_360' title='bbox 1487 4584 1605 4653; x_wconf 63' lang='lat' dir='ltr'><strong>dura</strong></span> <span class='ocrx_word' id='word_1_361' title='bbox 1633 4582 1811 4653; x_wconf 76' lang='lat' dir='ltr'><strong>videbit</strong></span> 
     </span>
    </p>
   </div>
   <div class='ocr_carea' id='block_1_51' title="bbox 550 4644 1792 4711">
    <p class='ocr_par' dir='ltr' id='par_1_51' title="bbox 550 4644 1792 4711">
     <span class='ocr_line' id='line_1_51' title="bbox 550 4644 1792 4711; baseline -0.01 -11"><span class='ocrx_word' id='word_1_362' title='bbox 550 4644 737 4706; x_wconf 81' lang='lat' dir='ltr'><strong>Exilia,</strong></span> <span class='ocrx_word' id='word_1_363' title='bbox 763 4659 908 4711; x_wconf 83' lang='lat' dir='ltr'><strong>atque</strong></span> <span class='ocrx_word' id='word_1_364' title='bbox 933 4644 1124 4695; x_wconf 54' lang='lat' dir='ltr'><strong>omniin</strong></span> <span class='ocrx_word' id='word_1_365' title='bbox 1149 4644 1653 4711; x_wconf 63' lang='lat' dir='ltr'><strong>mistam__tnueroribtts</strong></span> <span class='ocrx_word' id='word_1_366' title='bbox 1675 4645 1792 4689; x_wconf 84' lang='lat' dir='ltr'><strong>atris</strong></span> 
     </span>
    </p>
   </div>
   <div class='ocr_carea' id='block_1_52' title="bbox 548 4705 1993 4771">
    <p class='ocr_par' dir='ltr' id='par_1_52' title="bbox 548 4705 1993 4771">
     <span class='ocr_line' id='line_1_52' title="bbox 548 4705 1993 4771; baseline -0.008 -12"><span class='ocrx_word' id='word_1_367' title='bbox 548 4714 708 4761; x_wconf 77' lang='lat' dir='ltr'><strong>Vitam</strong></span> <span class='ocrx_word' id='word_1_368' title='bbox 726 4705 867 4771; x_wconf 78' lang='lat' dir='ltr'><strong>aget,</strong></span> <span class='ocrx_word' id='word_1_369' title='bbox 898 4713 1023 4757; x_wconf 87' lang='lat' dir='ltr'><strong>hunc</strong></span> <span class='ocrx_word' id='word_1_370' title='bbox 1044 4708 1265 4756; x_wconf 85' lang='lat' dir='ltr'><strong>homines</strong></span> <span class='ocrx_word' id='word_1_371' title='bbox 1287 4705 1397 4752; x_wconf 92' lang='lat' dir='ltr'><strong>odio</strong></span> <span class='ocrx_word' id='word_1_372' title='bbox 1416 4706 1680 4762; x_wconf 83' lang='lat' dir='ltr'><strong>superique</strong></span> <span class='ocrx_word' id='word_1_373' title='bbox 1705 4709 1993 4761; x_wconf 81' lang='lat' dir='ltr'><strong>sequentur.</strong></span> 
     </span>
    </p>
   </div>
   <div class='ocr_carea' id='block_1_53' title="bbox 430 4782 1995 4861">
    <p class='ocr_par' dir='ltr' id='par_1_53' title="bbox 430 4782 1995 4861">
     <span class='ocr_line' id='line_1_53' title="bbox 430 4782 1995 4861; baseline -0.011 -11"><span class='ocrx_word' id='word_1_374' title='bbox 430 4796 579 4851; x_wconf 86' lang='lat' dir='ltr'><strong>Hanc</strong></span> <span class='ocrx_word' id='word_1_375' title='bbox 609 4795 821 4849; x_wconf 82' lang='lat' dir='ltr'><strong>Homeri</strong></span> <span class='ocrx_word' id='word_1_376' title='bbox 858 4792 1161 4861; x_wconf 90' lang='lat' dir='ltr'><strong>opinionem</strong></span> <span class='ocrx_word' id='word_1_377' title='bbox 1186 4788 1437 4842; x_wconf 84' lang='lat' dir='ltr'><strong>Socrates</strong></span> <span class='ocrx_word' id='word_1_378' title='bbox 1465 4785 1603 4852; x_wconf 88' lang='lat' dir='ltr'><strong>apud</strong></span> <span class='ocrx_word' id='word_1_379' title='bbox 1634 4784 1908 4836; x_wconf 85' lang='lat' dir='ltr'><strong>Platonem</strong></span> <span class='ocrx_word' id='word_1_380' title='bbox 1943 4782 1995 4834; x_wconf 92' lang='lat' dir='ltr'><strong>in</strong></span> 
     </span>
    </p>
   </div>
   <div class='ocr_carea' id='block_1_54' title="bbox 427 4872 2004 4949">
    <p class='ocr_par' dir='ltr' id='par_1_54' title="bbox 427 4872 2004 4949">
     <span class='ocr_line' id='line_1_54' title="bbox 427 4872 2004 4949; baseline -0.011 -10"><span class='ocrx_word' id='word_1_381' title='bbox 427 4884 662 4940; x_wconf 87' lang='lat' dir='ltr'><strong>secundo</strong></span> <span class='ocrx_word' id='word_1_382' title='bbox 691 4884 758 4937; x_wconf 92' lang='lat' dir='ltr'><strong>de</strong></span> <span class='ocrx_word' id='word_1_383' title='bbox 789 4882 1075 4949; x_wconf 81' lang='lat' dir='ltr'><strong>Republica</strong></span> <span class='ocrx_word' id='word_1_384' title='bbox 1106 4879 1244 4931; x_wconf 86' lang='lat' dir='ltr'><strong>libro</strong></span> <span class='ocrx_word' id='word_1_385' title='bbox 1272 4876 1504 4945; x_wconf 74' lang='lat' dir='ltr'><strong>graviter</strong></span> <span class='ocrx_word' id='word_1_386' title='bbox 1533 4873 1826 4941; x_wconf 85' lang='lat' dir='ltr'><strong>improbat,</strong></span> <span class='ocrx_word' id='word_1_387' title='bbox 1853 4872 2004 4924; x_wconf 89' lang='lat' dir='ltr'><strong>aiens</strong></span> 
     </span>
    </p>
   </div>
   <div class='ocr_carea' id='block_1_55' title="bbox 430 4963 2004 5042">
    <p class='ocr_par' dir='ltr' id='par_1_55' title="bbox 430 4963 2004 5042">
     <span class='ocr_line' id='line_1_55' title="bbox 430 4963 2004 5042; baseline -0.01 -14"><span class='ocrx_word' id='word_1_388' title='bbox 430 4991 534 5029; x_wconf 93' lang='lat' dir='ltr'><strong>non</strong></span> <span class='ocrx_word' id='word_1_389' title='bbox 563 4971 949 5042; x_wconf 87' lang='lat' dir='ltr'><strong>admittendum</strong></span> <span class='ocrx_word' id='word_1_390' title='bbox 980 4985 1099 5023; x_wconf 88' lang='lat' dir='ltr'><strong>esse</strong></span> <span class='ocrx_word' id='word_1_391' title='bbox 1129 4968 1316 5021; x_wconf 75' lang='lat' dir='ltr'><strong>Jovem</strong></span> <span class='ocrx_word' id='word_1_392' title='bbox 1351 4965 1502 5018; x_wconf 91' lang='lat' dir='ltr'><strong>nobis</strong></span> <span class='ocrx_word' id='word_1_393' title='bbox 1542 4963 1855 5031; x_wconf 85' lang='lat' dir='ltr'><strong>pennarinm</strong></span> <span class='ocrx_word' id='word_1_394' title='bbox 1881 4974 2004 5016; x_wconf 87' lang='lat' dir='ltr'><strong>esse</strong></span> 
     </span>
    </p>
   </div>
   <div class='ocr_carea' id='block_1_56' title="bbox 430 5052 2004 5130">
    <p class='ocr_par' dir='ltr' id='par_1_56' title="bbox 430 5052 2004 5130">
     <span class='ocr_line' id='line_1_56' title="bbox 430 5052 2004 5130; baseline -0.009 -11"><span class='ocrx_word' id='word_1_395' title='bbox 430 5068 690 5119; x_wconf 90' lang='lat' dir='ltr'><strong>honorum</strong></span> <span class='ocrx_word' id='word_1_396' title='bbox 741 5072 900 5130; x_wconf 88' lang='lat' dir='ltr'><strong>atque</strong></span> <span class='ocrx_word' id='word_1_397' title='bbox 931 5061 1211 5113; x_wconf 86' lang='lat' dir='ltr'><strong>malorum.</strong></span> <span class='ocrx_word' id='word_1_398' title='bbox 1243 5057 1499 5123; x_wconf 88' lang='lat' dir='ltr'><strong>Loquitur</strong></span> <span class='ocrx_word' id='word_1_399' title='bbox 1528 5062 1705 5108; x_wconf 90' lang='lat' dir='ltr'><strong>autem</strong></span> <span class='ocrx_word' id='word_1_400' title='bbox 1738 5052 1839 5105; x_wconf 92' lang='lat' dir='ltr'><strong>hoc</strong></span> <span class='ocrx_word' id='word_1_401' title='bbox 1885 5052 2004 5105; x_wconf 91' lang='lat' dir='ltr'><strong>loco</strong></span> 
     </span>
    </p>
   </div>
   <div class='ocr_carea' id='block_1_57' title="bbox 432 5145 1999 5222">
    <p class='ocr_par' dir='ltr' id='par_1_57' title="bbox 432 5145 1999 5222">
     <span class='ocr_line' id='line_1_57' title="bbox 432 5145 1999 5222; baseline -0.009 -13"><span class='ocrx_word' id='word_1_402' title='bbox 432 5154 769 5222; x_wconf 88' lang='lat' dir='ltr'><strong>Philosophia</strong></span> <span class='ocrx_word' id='word_1_403' title='bbox 816 5167 920 5205; x_wconf 94' lang='lat' dir='ltr'><strong>non</strong></span> <span class='ocrx_word' id='word_1_404' title='bbox 966 5166 1030 5204; x_wconf 83' lang='lat' dir='ltr'><strong>ex</strong></span> <span class='ocrx_word' id='word_1_405' title='bbox 1077 5166 1206 5209; x_wconf 86' lang='lat' dir='ltr'><strong>sua,</strong></span> <span class='ocrx_word' id='word_1_406' title='bbox 1239 5162 1422 5200; x_wconf 86' lang='lat' dir='ltr'><strong>verum</strong></span> <span class='ocrx_word' id='word_1_407' title='bbox 1475 5145 1700 5198; x_wconf 61' lang='lat' dir='ltr'><strong>fortuna)</strong></span> <span class='ocrx_word' id='word_1_408' title='bbox 1751 5157 1999 5210; x_wconf 87' lang='lat' dir='ltr'><strong>persona,</strong></span> 
     </span>
    </p>
   </div>
   <div class='ocr_carea' id='block_1_58' title="bbox 433 5233 2004 5314">
    <p class='ocr_par' dir='ltr' id='par_1_58' title="bbox 433 5233 2004 5314">
     <span class='ocr_line' id='line_1_58' title="bbox 433 5233 2004 5314; baseline -0.011 -14"><span class='ocrx_word' id='word_1_409' title='bbox 433 5262 605 5314; x_wconf 87' lang='lat' dir='ltr'><strong>neque</strong></span> <span class='ocrx_word' id='word_1_410' title='bbox 639 5260 753 5297; x_wconf 87' lang='lat' dir='ltr'><strong>rem</strong></span> <span class='ocrx_word' id='word_1_411' title='bbox 784 5244 855 5295; x_wconf 91' lang='lat' dir='ltr'><strong>ita</strong></span> <span class='ocrx_word' id='word_1_412' title='bbox 886 5256 944 5295; x_wconf 89' lang='lat' dir='ltr'><strong>se</strong></span> <span class='ocrx_word' id='word_1_413' title='bbox 972 5241 1195 5301; x_wconf 85' lang='lat' dir='ltr'><strong>habere,</strong></span> <span class='ocrx_word' id='word_1_414' title='bbox 1224 5237 1315 5291; x_wconf 90' lang='lat' dir='ltr'><strong>sed</strong></span> <span class='ocrx_word' id='word_1_415' title='bbox 1363 5236 1601 5289; x_wconf 87' lang='lat' dir='ltr'><strong>Boetium</strong></span> <span class='ocrx_word' id='word_1_416' title='bbox 1632 5233 2004 5286; x_wconf 88' lang='lat' dir='ltr'><strong>adolescentu-</strong></span> 
     </span>
    </p>
   </div>
   <div class='ocr_carea' id='block_1_59' title="bbox 433 5325 1375 5388">
    <p class='ocr_par' dir='ltr' id='par_1_59' title="bbox 433 5325 1375 5388">
     <span class='ocr_line' id='line_1_59' title="bbox 433 5325 1375 5388; baseline -0.012 -1"><span class='ocrx_word' id='word_1_417' title='bbox 433 5336 538 5388; x_wconf 89' lang='lat' dir='ltr'><strong>ltun</strong></span> <span class='ocrx_word' id='word_1_418' title='bbox 569 5349 630 5386; x_wconf 79' lang='lat' dir='ltr'><strong>ex</strong></span> <span class='ocrx_word' id='word_1_419' title='bbox 668 5334 898 5385; x_wconf 89' lang='lat' dir='ltr'><strong>llomero</strong></span> <span class='ocrx_word' id='word_1_420' title='bbox 918 5330 1166 5383; x_wconf 87' lang='lat' dir='ltr'><strong>didicisse</strong></span> <span class='ocrx_word' id='word_1_421' title='bbox 1194 5325 1375 5380; x_wconf 84' lang='lat' dir='ltr'><strong>refert.</strong></span> 
     </span>
    </p>
   </div>
   <div class='ocr_carea' id='block_1_60' title="bbox 505 5418 1300 5491">
    <p class='ocr_par' dir='ltr' id='par_1_60' title="bbox 505 5418 1300 5491">
     <span class='ocr_line' id='line_1_60' title="bbox 505 5418 1300 5491; baseline -0.008 -16"><span class='ocrx_word' id='word_1_422' title='bbox 505 5421 660 5491; x_wconf 77' lang='lat' dir='ltr'><strong>Quid]</strong></span> <span class='ocrx_word' id='word_1_423' title='bbox 686 5420 1121 5475; x_wconf 89' lang='lat' dir='ltr'><strong>Subaudiendum</strong></span> <span class='ocrx_word' id='word_1_424' title='bbox 1154 5418 1300 5470; x_wconf 91' lang='lat' dir='ltr'><strong>dices</strong></span> 
     </span>
    </p>
   </div>
   <div class='ocr_carea' id='block_1_61' title="bbox 503 5506 1631 5583">
    <p class='ocr_par' dir='ltr' id='par_1_61' title="bbox 503 5506 1631 5583">
     <span class='ocr_line' id='line_1_61' title="bbox 503 5506 1631 5583; baseline -0.008 -16"><span class='ocrx_word' id='word_1_425' title='bbox 503 5513 758 5583; x_wconf 85' lang='lat' dir='ltr'><strong>Sperandt&#39;</strong></span> <span class='ocrx_word' id='word_1_426' title='bbox 788 5510 1019 5581; x_wconf 80' lang='lat' dir='ltr'><strong>meliora]</strong></span> <span class='ocrx_word' id='word_1_427' title='bbox 1045 5510 1199 5562; x_wconf 83' lang='lat' dir='ltr'><strong>Juxta</strong></span> <span class='ocrx_word' id='word_1_428' title='bbox 1235 5508 1362 5561; x_wconf 88' lang='lat' dir='ltr'><strong>illud</strong></span> <span class='ocrx_word' id='word_1_429' title='bbox 1396 5506 1631 5574; x_wconf 84' lang='lat' dir='ltr'><strong>Tragici,</strong></span> 
     </span>
    </p>
   </div>
   <div class='ocr_carea' id='block_1_62' title="bbox 615 5599 1440 5661">
    <p class='ocr_par' dir='ltr' id='par_1_62' title="bbox 615 5599 1440 5661">
     <span class='ocr_line' id='line_1_62' title="bbox 615 5599 1440 5661; baseline -0.008 -9"><span class='ocrx_word' id='word_1_430' title='bbox 615 5603 772 5651; x_wconf 81' lang='lat' dir='ltr'><strong>Netno</strong></span> <span class='ocrx_word' id='word_1_431' title='bbox 793 5602 1032 5661; x_wconf 88' lang='lat' dir='ltr'><strong>desperet</strong></span> <span class='ocrx_word' id='word_1_432' title='bbox 1056 5599 1258 5646; x_wconf 85' lang='lat' dir='ltr'><strong>meliora</strong></span> <span class='ocrx_word' id='word_1_433' title='bbox 1280 5599 1440 5658; x_wconf 89' lang='lat' dir='ltr'><strong>lapsis.</strong></span> 
     </span>
    </p>
   </div>
   <div class='ocr_carea' id='block_1_63' title="bbox 970 5676 1470 5732">
    <p class='ocr_par' dir='ltr' id='par_1_63' title="bbox 970 5676 1470 5732">
     <span class='ocr_line' id='line_1_63' title="bbox 970 5676 1470 5732; baseline -0.014 0"><span class='ocrx_word' id='word_1_434' title='bbox 970 5680 1033 5732; x_wconf 84' lang='lat' dir='ltr'><strong>IN</strong></span> <span class='ocrx_word' id='word_1_435' title='bbox 1076 5678 1363 5732; x_wconf 68' lang='lat' dir='ltr'><strong>ME&#39;I‘HUM</strong></span> <span class='ocrx_word' id='word_1_436' title='bbox 1410 5676 1470 5727; x_wconf 88' lang='lat' dir='ltr'><strong>Il.</strong></span> 
     </span>
    </p>
   </div>
   <div class='ocr_carea' id='block_1_64' title="bbox 464 5763 1999 5837">
    <p class='ocr_par' dir='ltr' id='par_1_64' title="bbox 464 5763 1999 5837">
     <span class='ocr_line' id='line_1_64' title="bbox 464 5763 1999 5837; baseline -0.012 -5"><span class='ocrx_word' id='word_1_437' title='bbox 464 5773 617 5833; x_wconf 59' lang='grc'><strong>⁴¹1100</strong></span> <span class='ocrx_word' id='word_1_438' title='bbox 643 5772 900 5835; x_wconf 87' lang='lat' dir='ltr'><strong>carmine,</strong></span> <span class='ocrx_word' id='word_1_439' title='bbox 931 5770 1078 5837; x_wconf 88' lang='lat' dir='ltr'><strong>cujus</strong></span> <span class='ocrx_word' id='word_1_440' title='bbox 1111 5769 1244 5823; x_wconf 88' lang='lat' dir='ltr'><strong>alter</strong></span> <span class='ocrx_word' id='word_1_441' title='bbox 1277 5782 1461 5820; x_wconf 86' lang='lat' dir='ltr'><strong>versus</strong></span> <span class='ocrx_word' id='word_1_442' title='bbox 1492 5776 1573 5821; x_wconf 84' lang='lat' dir='ltr'><strong>est</strong></span> <span class='ocrx_word' id='word_1_443' title='bbox 1603 5763 1999 5832; x_wconf 70' lang='lat' dir='ltr'><strong>Asclepiadcus,</strong></span> 
     </span>
    </p>
   </div>
   <div class='ocr_carea' id='block_1_65' title="bbox 2010 1877 2058 1935">
    <p class='ocr_par' dir='ltr' id='par_1_65' title="bbox 2010 1877 2058 1935">
     <span class='ocr_line' id='line_1_65' title="bbox 2010 1877 2058 1935; baseline 0 0"><span class='ocrx_word' id='word_1_444' title='bbox 2010 1877 2058 1935; x_wconf 89' lang='lat' dir='ltr'><strong>B</strong></span> 
     </span>
    </p>
   </div>
   <div class='ocr_carea' id='block_1_66' title="bbox 2077 607 3645 681">
    <p class='ocr_par' dir='ltr' id='par_1_66' title="bbox 2077 607 3645 681">
     <span class='ocr_line' id='line_1_66' title="bbox 2077 607 3645 681; baseline -0.004 -15"><span class='ocrx_word' id='word_1_445' title='bbox 2077 613 2173 666; x_wconf 87' lang='lat' dir='ltr'><strong>bus</strong></span> <span class='ocrx_word' id='word_1_446' title='bbox 2199 614 2430 681; x_wconf 76' lang='lat' dir='ltr'><strong>graviter</strong></span> <span class='ocrx_word' id='word_1_447' title='bbox 2456 613 2655 665; x_wconf 69' lang='lat' dir='ltr'><strong>offensa</strong></span> <span class='ocrx_word' id='word_1_448' title='bbox 2702 610 2940 670; x_wconf 80' lang='lat' dir='ltr'><strong>fortuna,</strong></span> <span class='ocrx_word' id='word_1_449' title='bbox 2990 609 3040 661; x_wconf 92' lang='lat' dir='ltr'><strong>in</strong></span> <span class='ocrx_word' id='word_1_450' title='bbox 3074 624 3256 661; x_wconf 87' lang='lat' dir='ltr'><strong>eorum</strong></span> <span class='ocrx_word' id='word_1_451' title='bbox 3291 607 3645 661; x_wconf 82' lang='lat' dir='ltr'><strong>insatiabilem</strong></span> 
     </span>
    </p>
   </div>
   <div class='ocr_carea' id='block_1_67' title="bbox 2076 699 3650 768">
    <p class='ocr_par' dir='ltr' id='par_1_67' title="bbox 2076 699 3650 768">
     <span class='ocr_line' id='line_1_67' title="bbox 2076 699 3650 768; baseline 0 -16"><span class='ocrx_word' id='word_1_452' title='bbox 2076 704 2349 754; x_wconf 89' lang='lat' dir='ltr'><strong>avaritiam</strong></span> <span class='ocrx_word' id='word_1_453' title='bbox 2384 703 2671 763; x_wconf 71' lang='lat' dir='ltr'><strong>invehitur,</strong></span> <span class='ocrx_word' id='word_1_454' title='bbox 2714 700 2805 768; x_wconf 83' lang='lat' dir='ltr'><strong>qui</strong></span> <span class='ocrx_word' id='word_1_455' title='bbox 2834 716 2941 768; x_wconf 84' lang='lat' dir='ltr'><strong>quo</strong></span> <span class='ocrx_word' id='word_1_456' title='bbox 2971 700 3119 767; x_wconf 87' lang='lat' dir='ltr'><strong>plura</strong></span> <span class='ocrx_word' id='word_1_457' title='bbox 3151 699 3551 767; x_wconf 80' lang='lat' dir='ltr'><strong>congesserint,</strong></span> <span class='ocrx_word' id='word_1_458' title='bbox 3579 714 3650 755; x_wconf 84' lang='lat' dir='ltr'><strong>co</strong></span> 
     </span>
    </p>
   </div>
   <div class='ocr_carea' id='block_1_68' title="bbox 2076 790 2838 858">
    <p class='ocr_par' dir='ltr' id='par_1_68' title="bbox 2076 790 2838 858">
     <span class='ocr_line' id='line_1_68' title="bbox 2076 790 2838 858; baseline 0 -17"><span class='ocrx_word' id='word_1_459' title='bbox 2076 790 2230 857; x_wconf 81' lang='lat' dir='ltr'><strong>longe</strong></span> <span class='ocrx_word' id='word_1_460' title='bbox 2262 792 2409 858; x_wconf 84' lang='lat' dir='ltr'><strong>plura</strong></span> <span class='ocrx_word' id='word_1_461' title='bbox 2442 790 2838 855; x_wconf 88' lang='lat' dir='ltr'><strong>concupiscant.</strong></span> 
     </span>
    </p>
   </div>
   <div class='ocr_carea' id='block_1_69' title="bbox 2149 875 3647 953">
    <p class='ocr_par' dir='ltr' id='par_1_69' title="bbox 2149 875 3647 953">
     <span class='ocr_line' id='line_1_69' title="bbox 2149 875 3647 953; baseline -0.001 -24"><span class='ocrx_word' id='word_1_462' title='bbox 2149 878 2399 947; x_wconf 80' lang='lat' dir='ltr'><strong>Quantas]</strong></span> <span class='ocrx_word' id='word_1_463' title='bbox 2442 879 2609 943; x_wconf 84' lang='lat' dir='ltr'><strong>Quot,</strong></span> <span class='ocrx_word' id='word_1_464' title='bbox 2642 877 2723 929; x_wconf 74' lang='lat' dir='ltr'><strong>‘lt&#39;l</strong></span> <span class='ocrx_word' id='word_1_465' title='bbox 2761 891 2915 953; x_wconf 74' lang='lat' dir='ltr'><strong>quam</strong></span> <span class='ocrx_word' id='word_1_466' title='bbox 2976 890 3211 943; x_wconf 85' lang='lat' dir='ltr'><strong>magnas.</strong></span> <span class='ocrx_word' id='word_1_467' title='bbox 3245 875 3429 928; x_wconf 83' lang='lat' dir='ltr'><strong>Melius</strong></span> <span class='ocrx_word' id='word_1_468' title='bbox 3468 882 3647 928; x_wconf 87' lang='lat' dir='ltr'><strong>tamen</strong></span> 
     </span>
    </p>
   </div>
   <div class='ocr_carea' id='block_1_70' title="bbox 2077 967 3444 1036">
    <p class='ocr_par' dir='ltr' id='par_1_70' title="bbox 2077 967 3444 1036">
     <span class='ocr_line' id='line_1_70' title="bbox 2077 967 3444 1036; baseline -0.001 -13"><span class='ocrx_word' id='word_1_469' title='bbox 2077 978 2158 1023; x_wconf 88' lang='lat' dir='ltr'><strong>est</strong></span> <span class='ocrx_word' id='word_1_470' title='bbox 2194 978 2250 1021; x_wconf 91' lang='lat' dir='ltr'><strong>ut</strong></span> <span class='ocrx_word' id='word_1_471' title='bbox 2278 984 2372 1036; x_wconf 87' lang='lat' dir='ltr'><strong>pro</strong></span> <span class='ocrx_word' id='word_1_472' title='bbox 2397 980 2526 1035; x_wconf 91' lang='lat' dir='ltr'><strong>quot</strong></span> <span class='ocrx_word' id='word_1_473' title='bbox 2548 969 2799 1035; x_wconf 88' lang='lat' dir='ltr'><strong>accipias.</strong></span> <span class='ocrx_word' id='word_1_474' title='bbox 2826 967 2986 1022; x_wconf 88' lang='lat' dir='ltr'><strong>Silius</strong></span> <span class='ocrx_word' id='word_1_475' title='bbox 3013 967 3225 1018; x_wconf 84' lang='lat' dir='ltr'><strong>Italicus</strong></span> <span class='ocrx_word' id='word_1_476' title='bbox 3258 967 3307 1017; x_wconf 92' lang='lat' dir='ltr'><strong>in</strong></span> <span class='ocrx_word' id='word_1_477' title='bbox 3341 981 3444 1021; x_wconf 82' lang='lat' dir='ltr'><strong>xv:</strong></span> 
     </span>
    </p>
   </div>
   <div class='ocr_carea' id='block_1_71' title="bbox 2200 1055 3374 1164">
    <p class='ocr_par' dir='ltr' id='par_1_71' title="bbox 2200 1055 3374 1164">
     <span class='ocr_line' id='line_1_71' title="bbox 2200 1055 3374 1164; baseline -0.001 -60"><span class='ocrx_word' id='word_1_478' title='bbox 2200 1059 2417 1164; x_wconf 51' lang='lat' dir='ltr'><strong>guantas</strong></span> <span class='ocrx_word' id='word_1_479' title='bbox 2438 1058 2546 1126; x_wconf 78' lang='lat' dir='ltr'><strong>ipse</strong></span> <span class='ocrx_word' id='word_1_480' title='bbox 2572 1057 2707 1104; x_wconf 86' lang='lat' dir='ltr'><strong>Dens</strong></span> <span class='ocrx_word' id='word_1_481' title='bbox 2731 1055 2864 1102; x_wconf 80' lang='lat' dir='ltr'><strong>la-tos</strong></span> <span class='ocrx_word' id='word_1_482' title='bbox 2884 1055 3143 1115; x_wconf 79' lang='lat' dir='ltr'><strong>generavit</strong></span> <span class='ocrx_word' id='word_1_483' title='bbox 3164 1056 3216 1102; x_wconf 88' lang='lat' dir='ltr'><strong>in</strong></span> <span class='ocrx_word' id='word_1_484' title='bbox 3239 1067 3374 1111; x_wconf 90' lang='lat' dir='ltr'><strong>usus,</strong></span> 
     </span>
     <span class='ocr_line' id='line_1_72' title="bbox 2247 1130 2498 1164; baseline -0.004 0"><span class='ocrx_word' id='word_1_485' title='bbox 2247 1131 2302 1164; x_wconf 77' lang='lat' dir='ltr'><strong>es</strong></span> <span class='ocrx_word' id='word_1_486' title='bbox 2341 1130 2498 1164; x_wconf 84' lang='lat' dir='ltr'><strong>tonum</strong></span> 
     </span>
    </p>
   </div>
   <div class='ocr_carea' id='block_1_72' title="bbox 2247 1130 2498 1165">
    <p class='ocr_par' dir='ltr' id='par_1_72' title="bbox 2247 1130 2498 1165">
     <span class='ocr_line' id='line_1_73' title="bbox 2247 1130 2498 1165; baseline -0.004 -1"><span class='ocrx_word' id='word_1_487' title='bbox 2247 1131 2302 1165; x_wconf 60' lang='lat' dir='ltr'><strong>PS</strong></span> <span class='ocrx_word' id='word_1_488' title='bbox 2324 1130 2498 1164; x_wconf 78' lang='grc'><strong>1101111111</strong></span> 
     </span>
    </p>
   </div>
   <div class='ocr_carea' id='block_1_73' title="bbox 2076 1199 2429 1251">
    <p class='ocr_par' dir='ltr' id='par_1_73' title="bbox 2076 1199 2429 1251">
     <span class='ocr_line' id='line_1_74' title="bbox 2076 1199 2429 1251; baseline 0 -2"><span class='ocrx_word' id='word_1_489' title='bbox 2076 1199 2429 1251; x_wconf 83' lang='lat' dir='ltr'><strong>Claudianus:</strong></span> 
     </span>
    </p>
   </div>
   <div class='ocr_carea' id='block_1_74' title="bbox 2202 1284 3468 1345">
    <p class='ocr_par' dir='ltr' id='par_1_74' title="bbox 2202 1284 3468 1345">
     <span class='ocr_line' id='line_1_75' title="bbox 2202 1284 3468 1345; baseline -0.004 -10"><span class='ocrx_word' id='word_1_490' title='bbox 2202 1286 2504 1335; x_wconf 76' lang='lat' dir='ltr'><strong>Canveniunt</strong></span> <span class='ocrx_word' id='word_1_491' title='bbox 2529 1289 2717 1343; x_wconf 76' lang='lat' dir='ltr'><strong>animae,</strong></span> <span class='ocrx_word' id='word_1_492' title='bbox 2743 1291 2944 1345; x_wconf 89' lang='lat' dir='ltr'><strong>quantas</strong></span> <span class='ocrx_word' id='word_1_493' title='bbox 2967 1284 3282 1333; x_wconf 85' lang='lat' dir='ltr'><strong>truculentior</strong></span> <span class='ocrx_word' id='word_1_494' title='bbox 3308 1289 3468 1332; x_wconf 81' lang='lat' dir='ltr'><strong>auster</strong></span> 
     </span>
    </p>
   </div>
   <div class='ocr_carea' id='block_1_75' title="bbox 2202 1346 2912 1395">
    <p class='ocr_par' dir='ltr' id='par_1_75' title="bbox 2202 1346 2912 1395">
     <span class='ocr_line' id='line_1_76' title="bbox 2202 1346 2912 1395; baseline -0.001 -2"><span class='ocrx_word' id='word_1_495' title='bbox 2202 1346 2399 1395; x_wconf 82' lang='lat' dir='ltr'><strong>Decutit</strong></span> <span class='ocrx_word' id='word_1_496' title='bbox 2423 1350 2679 1395; x_wconf 74' lang='lat' dir='ltr'><strong>arboribus</strong></span> <span class='ocrx_word' id='word_1_497' title='bbox 2702 1348 2912 1393; x_wconf 81' lang='lat' dir='ltr'><strong>frondes.</strong></span> 
     </span>
    </p>
   </div>
   <div class='ocr_carea' id='block_1_76' title="bbox 2078 1432 2795 1495">
    <p class='ocr_par' dir='ltr' id='par_1_76' title="bbox 2078 1432 2795 1495">
     <span class='ocr_line' id='line_1_77' title="bbox 2078 1432 2795 1495; baseline -0.01 -10"><span class='ocrx_word' id='word_1_498' title='bbox 2078 1432 2429 1485; x_wconf 83' lang='lat' dir='ltr'><strong>Terentianus</strong></span> <span class='ocrx_word' id='word_1_499' title='bbox 2456 1450 2467 1481; x_wconf 86' lang='lat'><strong>:</strong></span> <span class='ocrx_word' id='word_1_500' title='bbox 2792 1492 2795 1495; x_wconf 93' lang='lat'><em>_</em></span> 
     </span>
    </p>
   </div>
   <div class='ocr_carea' id='block_1_77' title="bbox 2203 1515 3448 1581">
    <p class='ocr_par' dir='ltr' id='par_1_77' title="bbox 2203 1515 3448 1581">
     <span class='ocr_line' id='line_1_78' title="bbox 2203 1515 3448 1581; baseline -0.009 -9"><span class='ocrx_word' id='word_1_501' title='bbox 2203 1524 2400 1572; x_wconf 80' lang='lat' dir='ltr'><strong>Maurus</strong></span> <span class='ocrx_word' id='word_1_502' title='bbox 2419 1525 2536 1571; x_wconf 87' lang='lat' dir='ltr'><strong>item</strong></span> <span class='ocrx_word' id='word_1_503' title='bbox 2560 1527 2765 1581; x_wconf 90' lang='lat' dir='ltr'><strong>quantos</strong></span> <span class='ocrx_word' id='word_1_504' title='bbox 2789 1519 2917 1580; x_wconf 89' lang='lat' dir='ltr'><strong>potui</strong></span> <span class='ocrx_word' id='word_1_505' title='bbox 2945 1528 3241 1576; x_wconf 83' lang='lat' dir='ltr'><strong>cognoscere</strong></span> <span class='ocrx_word' id='word_1_506' title='bbox 3264 1515 3448 1562; x_wconf 84' lang='lat' dir='ltr'><strong>Graios.</strong></span> 
     </span>
    </p>
   </div>
   <div class='ocr_carea' id='block_1_78' title="bbox 2158 1602 2749 1674">
    <p class='ocr_par' dir='ltr' id='par_1_78' title="bbox 2158 1602 2749 1674">
     <span class='ocr_line' id='line_1_79' title="bbox 2158 1602 2749 1674; baseline -0.01 -16"><span class='ocrx_word' id='word_1_507' title='bbox 2158 1603 2397 1674; x_wconf 76' lang='lat' dir='ltr'><strong>Rapidis]</strong></span> <span class='ocrx_word' id='word_1_508' title='bbox 2432 1602 2749 1670; x_wconf 78' lang='lat' dir='ltr'><strong>Impettmsis</strong></span> 
     </span>
    </p>
   </div>
   <div class='ocr_carea' id='block_1_79' title="bbox 2156 1692 2561 1763">
    <p class='ocr_par' dir='ltr' id='par_1_79' title="bbox 2156 1692 2561 1763">
     <span class='ocr_line' id='line_1_80' title="bbox 2156 1692 2561 1763; baseline -0.007 -17"><span class='ocrx_word' id='word_1_509' title='bbox 2156 1692 2369 1763; x_wconf 85' lang='lat' dir='ltr'><strong>Pontus]</strong></span> <span class='ocrx_word' id='word_1_510' title='bbox 2401 1694 2477 1745; x_wconf 80' lang='lat' dir='ltr'><strong>Ma</strong></span> <span class='ocrx_word' id='word_1_511' title='bbox 2487 1710 2561 1744; x_wconf 84' lang='lat' dir='ltr'><strong>re.</strong></span> 
     </span>
    </p>
   </div>
   <div class='ocr_carea' id='block_1_80' title="bbox 2164 1782 2797 1855">
    <p class='ocr_par' dir='ltr' id='par_1_80' title="bbox 2164 1782 2797 1855">
     <span class='ocr_line' id='line_1_81' title="bbox 2164 1782 2797 1855; baseline 0.002 -19"><span class='ocrx_word' id='word_1_512' title='bbox 2164 1784 2361 1855; x_wconf 76' lang='lat' dir='ltr'><strong>Versat]</strong></span> <span class='ocrx_word' id='word_1_513' title='bbox 2392 1784 2592 1839; x_wconf 88' lang='lat' dir='ltr'><strong>Crebro</strong></span> <span class='ocrx_word' id='word_1_514' title='bbox 2621 1782 2797 1837; x_wconf 88' lang='lat' dir='ltr'><strong>vertit.</strong></span> 
     </span>
    </p>
   </div>
   <div class='ocr_carea' id='block_1_81' title="bbox 2156 1874 2791 1946">
    <p class='ocr_par' dir='ltr' id='par_1_81' title="bbox 2156 1874 2791 1946">
     <span class='ocr_line' id='line_1_82' title="bbox 2156 1874 2791 1946; baseline -0.009 -15"><span class='ocrx_word' id='word_1_515' title='bbox 2156 1876 2336 1946; x_wconf 81' lang='lat' dir='ltr'><strong>Edita]</strong></span> <span class='ocrx_word' id='word_1_516' title='bbox 2366 1876 2419 1929; x_wconf 93' lang='lat' dir='ltr'><strong>In</strong></span> <span class='ocrx_word' id='word_1_517' title='bbox 2452 1877 2622 1929; x_wconf 73' lang='lat' dir='ltr'><strong>lucem</strong></span> <span class='ocrx_word' id='word_1_518' title='bbox 2649 1874 2791 1926; x_wconf 91' lang='lat' dir='ltr'><strong>data.</strong></span> 
     </span>
    </p>
   </div>
   <div class='ocr_carea' id='block_1_82' title="bbox 2155 1957 3653 2036">
    <p class='ocr_par' dir='ltr' id='par_1_82' title="bbox 2155 1957 3653 2036">
     <span class='ocr_line' id='line_1_83' title="bbox 2155 1957 3653 2036; baseline -0.007 -16"><span class='ocrx_word' id='word_1_519' title='bbox 2155 1966 2338 2036; x_wconf 81' lang='lat' dir='ltr'><strong>Copia]</strong></span> <span class='ocrx_word' id='word_1_520' title='bbox 2372 1966 2515 2019; x_wconf 85' lang='lat' dir='ltr'><strong>Hane</strong></span> <span class='ocrx_word' id='word_1_521' title='bbox 2547 1964 2850 2016; x_wconf 83' lang='lat' dir='ltr'><strong>fabulantur</strong></span> <span class='ocrx_word' id='word_1_522' title='bbox 2882 1961 3169 2014; x_wconf 83' lang='lat' dir='ltr'><strong>fertilitatis</strong></span> <span class='ocrx_word' id='word_1_523' title='bbox 3204 1973 3325 2014; x_wconf 87' lang='lat' dir='ltr'><strong>esse</strong></span> <span class='ocrx_word' id='word_1_524' title='bbox 3352 1958 3503 2011; x_wconf 91' lang='lat' dir='ltr'><strong>deam</strong></span> <span class='ocrx_word' id='word_1_525' title='bbox 3524 1999 3538 2023; x_wconf 94' lang='lat'><strong>,</strong></span> <span class='ocrx_word' id='word_1_526' title='bbox 3570 1957 3653 2010; x_wconf 87' lang='lat' dir='ltr'><strong>cui</strong></span> 
     </span>
    </p>
   </div>
   <div class='ocr_carea' id='block_1_83' title="bbox 2083 2048 3653 2117">
    <p class='ocr_par' dir='ltr' id='par_1_83' title="bbox 2083 2048 3653 2117">
     <span class='ocr_line' id='line_1_84' title="bbox 2083 2048 3653 2117; baseline -0.013 -3"><span class='ocrx_word' id='word_1_527' title='bbox 2083 2073 2249 2114; x_wconf 90' lang='lat' dir='ltr'><strong>cornu</strong></span> <span class='ocrx_word' id='word_1_528' title='bbox 2278 2058 2343 2109; x_wconf 82' lang='lat' dir='ltr'><strong>ab</strong></span> <span class='ocrx_word' id='word_1_529' title='bbox 2374 2056 2604 2109; x_wconf 86' lang='lat' dir='ltr'><strong>Hercule</strong></span> <span class='ocrx_word' id='word_1_530' title='bbox 2652 2054 2884 2106; x_wconf 82' lang='lat' dir='ltr'><strong>Acheloo</strong></span> <span class='ocrx_word' id='word_1_531' title='bbox 2914 2053 2964 2105; x_wconf 92' lang='lat' dir='ltr'><strong>in</strong></span> <span class='ocrx_word' id='word_1_532' title='bbox 2993 2053 3132 2104; x_wconf 86' lang='lat' dir='ltr'><strong>tauri</strong></span> <span class='ocrx_word' id='word_1_533' title='bbox 3162 2048 3397 2117; x_wconf 90' lang='lat' dir='ltr'><strong>speciem</strong></span> <span class='ocrx_word' id='word_1_534' title='bbox 3447 2055 3653 2099; x_wconf 87' lang='lat' dir='ltr'><strong>mutato</strong></span> 
     </span>
    </p>
   </div>
   <div class='ocr_carea' id='block_1_84' title="bbox 2082 2134 3653 2208">
    <p class='ocr_par' dir='ltr' id='par_1_84' title="bbox 2082 2134 3653 2208">
     <span class='ocr_line' id='line_1_85' title="bbox 2082 2134 3653 2208; baseline -0.01 -8"><span class='ocrx_word' id='word_1_535' title='bbox 2082 2149 2375 2202; x_wconf 87' lang='lat' dir='ltr'><strong>detractum</strong></span> <span class='ocrx_word' id='word_1_536' title='bbox 2414 2144 2652 2199; x_wconf 88' lang='lat' dir='ltr'><strong>omnium</strong></span> <span class='ocrx_word' id='word_1_537' title='bbox 2677 2142 2939 2195; x_wconf 89' lang='lat' dir='ltr'><strong>fructuum</strong></span> <span class='ocrx_word' id='word_1_538' title='bbox 2960 2141 3205 2208; x_wconf 88' lang='lat' dir='ltr'><strong>primitiis</strong></span> <span class='ocrx_word' id='word_1_539' title='bbox 3229 2137 3479 2191; x_wconf 86' lang='lat' dir='ltr'><strong>refertum</strong></span> <span class='ocrx_word' id='word_1_540' title='bbox 3507 2134 3653 2187; x_wconf 66' lang='lat' dir='ltr'><strong>Naiac</strong></span> 
     </span>
    </p>
   </div>
   <div class='ocr_carea' id='block_1_85' title="bbox 2083 2227 3427 2297">
    <p class='ocr_par' dir='ltr' id='par_1_85' title="bbox 2083 2227 3427 2297">
     <span class='ocr_line' id='line_1_86' title="bbox 2083 2227 3427 2297; baseline -0.01 -7"><span class='ocrx_word' id='word_1_541' title='bbox 2083 2237 2178 2290; x_wconf 89' lang='lat' dir='ltr'><strong>des</strong></span> <span class='ocrx_word' id='word_1_542' title='bbox 2209 2234 2594 2294; x_wconf 82' lang='lat' dir='ltr'><strong>consecrarint,</strong></span> <span class='ocrx_word' id='word_1_543' title='bbox 2622 2232 2759 2284; x_wconf 85' lang='lat' dir='ltr'><strong>unde</strong></span> <span class='ocrx_word' id='word_1_544' title='bbox 2780 2230 2917 2297; x_wconf 88' lang='lat' dir='ltr'><strong>apud</strong></span> <span class='ocrx_word' id='word_1_545' title='bbox 2941 2228 3095 2282; x_wconf 84' lang='lat' dir='ltr'><strong>Ovid.</strong></span> <span class='ocrx_word' id='word_1_546' title='bbox 3124 2227 3387 2280; x_wconf 84' lang='lat' dir='ltr'><strong>Achelous</strong></span> <span class='ocrx_word' id='word_1_547' title='bbox 3414 2242 3427 2276; x_wconf 92' lang='lat'><strong>:</strong></span> 
     </span>
    </p>
   </div>
   <div class='ocr_carea' id='block_1_86' title="bbox 2335 2320 3077 2382">
    <p class='ocr_par' dir='ltr' id='par_1_86' title="bbox 2335 2320 3077 2382">
     <span class='ocr_line' id='line_1_87' title="bbox 2335 2320 3077 2382; baseline -0.007 -13"><span class='ocrx_word' id='word_1_548' title='bbox 2335 2322 2557 2382; x_wconf 79' lang='lat' dir='ltr'><strong>Higidum</strong></span> <span class='ocrx_word' id='word_1_549' title='bbox 2585 2320 2683 2367; x_wconf 87' lang='lat' dir='ltr'><strong>fera</strong></span> <span class='ocrx_word' id='word_1_550' title='bbox 2703 2321 2909 2367; x_wconf 83' lang='lat' dir='ltr'><strong>dextera</strong></span> <span class='ocrx_word' id='word_1_551' title='bbox 2930 2331 3077 2365; x_wconf 88' lang='lat' dir='ltr'><strong>cornu</strong></span> 
     </span>
    </p>
   </div>
   <div class='ocr_carea' id='block_1_87' title="bbox 2177 2373 3473 2438">
    <p class='ocr_par' dir='ltr' id='par_1_87' title="bbox 2177 2373 3473 2438">
     <span class='ocr_line' id='line_1_88' title="bbox 2177 2373 3473 2438; baseline -0.01 -6"><span class='ocrx_word' id='word_1_552' title='bbox 2177 2386 2298 2432; x_wconf 86' lang='lat' dir='ltr'><strong>Dum</strong></span> <span class='ocrx_word' id='word_1_553' title='bbox 2323 2373 2479 2437; x_wconf 52' lang='lat' dir='ltr'><strong>tenvet,</strong></span> <span class='ocrx_word' id='word_1_554' title='bbox 2507 2384 2723 2437; x_wconf 64' lang='lat' dir='ltr'><strong>infregit,</strong></span> <span class='ocrx_word' id='word_1_555' title='bbox 2756 2388 3021 2438; x_wconf 72' lang='lat' dir='ltr'><strong>truncaque</strong></span> <span class='ocrx_word' id='word_1_556' title='bbox 3049 2391 3073 2424; x_wconf 90' lang='lat' dir='ltr'><strong>a</strong></span> <span class='ocrx_word' id='word_1_557' title='bbox 3096 2376 3252 2422; x_wconf 84' lang='lat' dir='ltr'><strong>fronte</strong></span> <span class='ocrx_word' id='word_1_558' title='bbox 3283 2373 3473 2422; x_wconf 74' lang='lat' dir='ltr'><strong>revelli’</strong></span> 
     </span>
    </p>
   </div>
   <div class='ocr_carea' id='block_1_88' title="bbox 2177 2438 3330 2502">
    <p class='ocr_par' dir='ltr' id='par_1_88' title="bbox 2177 2438 3330 2502">
     <span class='ocr_line' id='line_1_89' title="bbox 2177 2438 3330 2502; baseline -0.012 -8"><span class='ocrx_word' id='word_1_559' title='bbox 2177 2446 2386 2494; x_wconf 66' lang='lat' dir='ltr'><strong>Naiades</strong></span> <span class='ocrx_word' id='word_1_560' title='bbox 2412 2444 2503 2490; x_wconf 91' lang='lat' dir='ltr'><strong>hoc</strong></span> <span class='ocrx_word' id='word_1_561' title='bbox 2528 2443 2679 2502; x_wconf 86' lang='lat' dir='ltr'><strong>pomis</strong></span> <span class='ocrx_word' id='word_1_562' title='bbox 2704 2449 2755 2489; x_wconf 88' lang='lat' dir='ltr'><strong>et</strong></span> <span class='ocrx_word' id='word_1_563' title='bbox 2777 2442 2926 2487; x_wconf 88' lang='lat' dir='ltr'><strong>odoro</strong></span> <span class='ocrx_word' id='word_1_564' title='bbox 2946 2442 3063 2486; x_wconf 87' lang='lat' dir='ltr'><strong>tlore</strong></span> <span class='ocrx_word' id='word_1_565' title='bbox 3091 2438 3330 2495; x_wconf 76' lang='lat' dir='ltr'><strong>repletum</strong></span> 
     </span>
    </p>
   </div>
   <div class='ocr_carea' id='block_1_89' title="bbox 2176 2499 3431 2561">
    <p class='ocr_par' dir='ltr' id='par_1_89' title="bbox 2176 2499 3431 2561">
     <span class='ocr_line' id='line_1_90' title="bbox 2176 2499 3431 2561; baseline -0.011 -6"><span class='ocrx_word' id='word_1_566' title='bbox 2176 2508 2456 2560; x_wconf 83' lang='lat' dir='ltr'><strong>Saeraruut,</strong></span> <span class='ocrx_word' id='word_1_567' title='bbox 2480 2499 2718 2561; x_wconf 71' lang='lat' dir='ltr'><strong>divesque</strong></span> <span class='ocrx_word' id='word_1_568' title='bbox 2743 2516 2854 2549; x_wconf 90' lang='lat' dir='ltr'><strong>meo</strong></span> <span class='ocrx_word' id='word_1_569' title='bbox 2878 2503 2999 2547; x_wconf 86' lang='lat' dir='ltr'><strong>bona</strong></span> <span class='ocrx_word' id='word_1_570' title='bbox 3017 2502 3147 2559; x_wconf 78' lang='lat' dir='ltr'><strong>cepta</strong></span> <span class='ocrx_word' id='word_1_571' title='bbox 3173 2509 3319 2544; x_wconf 90' lang='lat' dir='ltr'><strong>cornu</strong></span> <span class='ocrx_word' id='word_1_572' title='bbox 3338 2499 3431 2542; x_wconf 88' lang='lat' dir='ltr'><strong>est.</strong></span> 
     </span>
    </p>
   </div>
   <div class='ocr_carea' id='block_1_90' title="bbox 2086 2573 3657 2642">
    <p class='ocr_par' dir='ltr' id='par_1_90' title="bbox 2086 2573 3657 2642">
     <span class='ocr_line' id='line_1_91' title="bbox 2086 2573 3657 2642; baseline -0.011 0"><span class='ocrx_word' id='word_1_573' title='bbox 2086 2589 2348 2642; x_wconf 86' lang='lat' dir='ltr'><strong>Lucianus</strong></span> <span class='ocrx_word' id='word_1_574' title='bbox 2378 2588 2444 2640; x_wconf 88' lang='lat' dir='ltr'><strong>de</strong></span> <span class='ocrx_word' id='word_1_575' title='bbox 2484 2584 2731 2638; x_wconf 89' lang='lat' dir='ltr'><strong>mercede</strong></span> <span class='ocrx_word' id='word_1_576' title='bbox 2779 2581 3170 2636; x_wconf 76' lang='lat' dir='ltr'><strong>servientibus:</strong></span> <span class='ocrx_word' id='word_1_577' title='bbox 3208 2578 3271 2630; x_wconf 88' lang='lat' dir='ltr'><strong>Et</strong></span> <span class='ocrx_word' id='word_1_578' title='bbox 3305 2573 3522 2629; x_wconf 84' lang='lat' dir='ltr'><strong>habebis</strong></span> <span class='ocrx_word' id='word_1_579' title='bbox 3566 2587 3657 2626; x_wconf 88' lang='lat' dir='ltr'><strong>co-</strong></span> 
     </span>
    </p>
   </div>
   <div class='ocr_carea' id='block_1_91' title="bbox 2089 2661 3657 2745">
    <p class='ocr_par' dir='ltr' id='par_1_91' title="bbox 2089 2661 3657 2745">
     <span class='ocr_line' id='line_1_92' title="bbox 2089 2661 3657 2745; baseline -0.01 -16"><span class='ocrx_word' id='word_1_580' title='bbox 2089 2678 2185 2745; x_wconf 66' lang='lat' dir='ltr'><strong>piae</strong></span> <span class='ocrx_word' id='word_1_581' title='bbox 2235 2692 2435 2739; x_wconf 62' lang='lat' dir='ltr'><strong>cornu,</strong></span> <span class='ocrx_word' id='word_1_582' title='bbox 2483 2684 2536 2728; x_wconf 89' lang='lat' dir='ltr'><strong>et</strong></span> <span class='ocrx_word' id='word_1_583' title='bbox 2590 2673 2668 2725; x_wconf 87' lang='lat' dir='ltr'><strong>Iac</strong></span> <span class='ocrx_word' id='word_1_584' title='bbox 2717 2673 3063 2739; x_wconf 82' lang='lat' dir='ltr'><strong>gall.u:tceum</strong></span> <span class='ocrx_word' id='word_1_585' title='bbox 3117 2664 3431 2732; x_wconf 80' lang='lat' dir='ltr'><strong>etuulgebis.</strong></span> <span class='ocrx_word' id='word_1_586' title='bbox 3484 2661 3657 2714; x_wconf 79' lang='lat' dir='ltr'><strong>liora-</strong></span> 
     </span>
    </p>
   </div>
   <div class='ocr_carea' id='block_1_92' title="bbox 2089 2769 2228 2819">
    <p class='ocr_par' dir='ltr' id='par_1_92' title="bbox 2089 2769 2228 2819">
     <span class='ocr_line' id='line_1_93' title="bbox 2089 2769 2228 2819; baseline -0.022 0"><span class='ocrx_word' id='word_1_587' title='bbox 2089 2769 2192 2819; x_wconf 87' lang='lat' dir='ltr'><strong>tius</strong></span> <span class='ocrx_word' id='word_1_588' title='bbox 2217 2784 2228 2817; x_wconf 90' lang='lat'>:</span> 
     </span>
    </p>
   </div>
   <div class='ocr_carea' id='block_1_93' title="bbox 2180 2854 2831 2916">
    <p class='ocr_par' dir='ltr' id='par_1_93' title="bbox 2180 2854 2831 2916">
     <span class='ocr_line' id='line_1_94' title="bbox 2180 2854 2831 2916; baseline -0.014 -12"><span class='ocrx_word' id='word_1_589' title='bbox 2180 2857 2328 2904; x_wconf 88' lang='lat' dir='ltr'><strong>Beata</strong></span> <span class='ocrx_word' id='word_1_590' title='bbox 2354 2854 2492 2916; x_wconf 88' lang='lat' dir='ltr'><strong>plena</strong></span> <span class='ocrx_word' id='word_1_591' title='bbox 2510 2855 2645 2915; x_wconf 86' lang='lat' dir='ltr'><strong>c0pia</strong></span> <span class='ocrx_word' id='word_1_592' title='bbox 2666 2864 2831 2900; x_wconf 90' lang='lat' dir='ltr'><strong>cornu.</strong></span> 
     </span>
    </p>
   </div>
   <div class='ocr_carea' id='block_1_94' title="bbox 2091 2937 2271 2991">
    <p class='ocr_par' dir='ltr' id='par_1_94' title="bbox 2091 2937 2271 2991">
     <span class='ocr_line' id='line_1_95' title="bbox 2091 2937 2271 2991; baseline -0.028 0"><span class='ocrx_word' id='word_1_593' title='bbox 2091 2937 2231 2991; x_wconf 82' lang='lat' dir='ltr'><strong>Idem</strong></span> <span class='ocrx_word' id='word_1_594' title='bbox 2258 2954 2271 2987; x_wconf 72' lang='grc' dir='ltr'>ε</span> 
     </span>
    </p>
   </div>
   <div class='ocr_carea' id='block_1_95' title="bbox 2618 3017 2970 3077">
    <p class='ocr_par' dir='ltr' id='par_1_95' title="bbox 2618 3017 2970 3077">
     <span class='ocr_line' id='line_1_96' title="bbox 2618 3017 2970 3077; baseline -0.009 -10"><span class='ocrx_word' id='word_1_595' title='bbox 2618 3021 2779 3068; x_wconf 85' lang='lat' dir='ltr'><strong>Aurea</strong></span> <span class='ocrx_word' id='word_1_596' title='bbox 2803 3017 2970 3077; x_wconf 78' lang='lat' dir='ltr'><strong>fruges</strong></span> 
     </span>
    </p>
   </div>
   <div class='ocr_carea' id='block_1_96' title="bbox 2185 3080 3065 3152">
    <p class='ocr_par' dir='ltr' id='par_1_96' title="bbox 2185 3080 3065 3152">
     <span class='ocr_line' id='line_1_97' title="bbox 2185 3080 3065 3152; baseline -0.013 -19"><span class='ocrx_word' id='word_1_597' title='bbox 2185 3085 2338 3134; x_wconf 79' lang='lat' dir='ltr'><strong>italiae</strong></span> <span class='ocrx_word' id='word_1_598' title='bbox 2360 3083 2506 3145; x_wconf 88' lang='lat' dir='ltr'><strong>pleno</strong></span> <span class='ocrx_word' id='word_1_599' title='bbox 2525 3081 2716 3131; x_wconf 78' lang='lat' dir='ltr'><strong>diﬂ‘udit</strong></span> <span class='ocrx_word' id='word_1_600' title='bbox 2739 3080 2874 3139; x_wconf 88' lang='lat' dir='ltr'><strong>c0pia</strong></span> <span class='ocrx_word' id='word_1_601' title='bbox 2897 3089 3065 3152; x_wconf 79' lang='lat' dir='ltr'><strong>cornu.</strong></span> 
     </span>
    </p>
   </div>
   <div class='ocr_carea' id='block_1_97' title="bbox 2162 3163 3125 3237">
    <p class='ocr_par' dir='ltr' id='par_1_97' title="bbox 2162 3163 3125 3237">
     <span class='ocr_line' id='line_1_98' title="bbox 2162 3163 3125 3237; baseline -0.012 -15"><span class='ocrx_word' id='word_1_602' title='bbox 2162 3167 2307 3237; x_wconf 87' lang='lat' dir='ltr'><strong>Ideo]</strong></span> <span class='ocrx_word' id='word_1_603' title='bbox 2338 3168 2417 3220; x_wconf 90' lang='lat' dir='ltr'><strong>0b</strong></span> <span class='ocrx_word' id='word_1_604' title='bbox 2446 3180 2562 3219; x_wconf 89' lang='lat' dir='ltr'><strong>eam</strong></span> <span class='ocrx_word' id='word_1_605' title='bbox 2595 3163 2916 3216; x_wconf 84' lang='lat' dir='ltr'><strong>afﬂuentiam</strong></span> <span class='ocrx_word' id='word_1_606' title='bbox 2943 3173 3125 3227; x_wconf 91' lang='lat' dir='ltr'><strong>opum.</strong></span> 
     </span>
    </p>
   </div>
   <div class='ocr_carea' id='block_1_98' title="bbox 2166 3246 3659 3328">
    <p class='ocr_par' dir='ltr' id='par_1_98' title="bbox 2166 3246 3659 3328">
     <span class='ocr_line' id='line_1_99' title="bbox 2166 3246 3659 3328; baseline -0.013 -15"><span class='ocrx_word' id='word_1_607' title='bbox 2166 3256 2443 3328; x_wconf 78' lang='lat' dir='ltr'><strong>Prodigus]</strong></span> <span class='ocrx_word' id='word_1_608' title='bbox 2474 3258 2693 3325; x_wconf 81' lang='lat' dir='ltr'><strong>Largus.</strong></span> <span class='ocrx_word' id='word_1_609' title='bbox 2730 3252 3001 3319; x_wconf 85' lang='lat' dir='ltr'><strong>Accipitur</strong></span> <span class='ocrx_word' id='word_1_610' title='bbox 3029 3261 3170 3302; x_wconf 93' lang='lat' dir='ltr'><strong>nunc</strong></span> <span class='ocrx_word' id='word_1_611' title='bbox 3213 3248 3264 3299; x_wconf 86' lang='lat' dir='ltr'><strong>in</strong></span> <span class='ocrx_word' id='word_1_612' title='bbox 3306 3246 3498 3298; x_wconf 91' lang='lat' dir='ltr'><strong>bonam</strong></span> <span class='ocrx_word' id='word_1_613' title='bbox 3538 3257 3659 3310; x_wconf 89' lang='lat' dir='ltr'><strong>par-</strong></span> 
     </span>
    </p>
   </div>
   <div class='ocr_carea' id='block_1_99' title="bbox 2092 3334 3661 3404">
    <p class='ocr_par' dir='ltr' id='par_1_99' title="bbox 2092 3334 3661 3404">
     <span class='ocr_line' id='line_1_100' title="bbox 2092 3334 3661 3404; baseline -0.013 0"><span class='ocrx_word' id='word_1_614' title='bbox 2092 3360 2220 3404; x_wconf 91' lang='lat' dir='ltr'><strong>tem.</strong></span> <span class='ocrx_word' id='word_1_615' title='bbox 2247 3348 2560 3403; x_wconf 84' lang='lat' dir='ltr'><strong>Clanculum</strong></span> <span class='ocrx_word' id='word_1_616' title='bbox 2595 3356 2770 3397; x_wconf 90' lang='lat' dir='ltr'><strong>tamen</strong></span> <span class='ocrx_word' id='word_1_617' title='bbox 2822 3341 3029 3394; x_wconf 88' lang='lat' dir='ltr'><strong>videtur</strong></span> <span class='ocrx_word' id='word_1_618' title='bbox 3073 3336 3313 3390; x_wconf 88' lang='lat' dir='ltr'><strong>alludere</strong></span> <span class='ocrx_word' id='word_1_619' title='bbox 3350 3334 3413 3388; x_wconf 91' lang='lat' dir='ltr'><strong>ad</strong></span> <span class='ocrx_word' id='word_1_620' title='bbox 3457 3334 3661 3401; x_wconf 83' lang='lat' dir='ltr'><strong>prodigi</strong></span> 
     </span>
    </p>
   </div>
   <div class='ocr_carea' id='block_1_100' title="bbox 2095 3424 3663 3503">
    <p class='ocr_par' dir='ltr' id='par_1_100' title="bbox 2095 3424 3663 3503">
     <span class='ocr_line' id='line_1_101' title="bbox 2095 3424 3663 3503; baseline -0.013 -8"><span class='ocrx_word' id='word_1_621' title='bbox 2095 3442 2322 3495; x_wconf 67' lang='lat' dir='ltr'><strong>hominis</strong></span> <span class='ocrx_word' id='word_1_622' title='bbox 2367 3452 2566 3499; x_wconf 90' lang='lat' dir='ltr'><strong>mores,</strong></span> <span class='ocrx_word' id='word_1_623' title='bbox 2612 3435 2701 3503; x_wconf 91' lang='lat' dir='ltr'><strong>qui</strong></span> <span class='ocrx_word' id='word_1_624' title='bbox 2744 3448 2885 3502; x_wconf 63' lang='lat' dir='ltr'><strong>smpe</strong></span> <span class='ocrx_word' id='word_1_625' title='bbox 2936 3433 3070 3484; x_wconf 90' lang='lat' dir='ltr'><strong>ultra</strong></span> <span class='ocrx_word' id='word_1_626' title='bbox 3119 3430 3332 3483; x_wconf 88' lang='lat' dir='ltr'><strong>modum</strong></span> <span class='ocrx_word' id='word_1_627' title='bbox 3381 3424 3663 3496; x_wconf 88' lang='lat' dir='ltr'><strong>pecuni:un</strong></span> 
     </span>
    </p>
   </div>
   <div class='ocr_carea' id='block_1_101' title="bbox 2093 3524 2977 3600">
    <p class='ocr_par' dir='ltr' id='par_1_101' title="bbox 2093 3524 2977 3600">
     <span class='ocr_line' id='line_1_102' title="bbox 2093 3524 2977 3600; baseline -0.011 -15"><span class='ocrx_word' id='word_1_628' title='bbox 2093 3532 2313 3600; x_wconf 83' lang='lat' dir='ltr'><strong>largitur</strong></span> <span class='ocrx_word' id='word_1_629' title='bbox 2342 3528 2590 3594; x_wconf 82' lang='lat' dir='ltr'><strong>indignis.</strong></span> <span class='ocrx_word' id='word_1_630' title='bbox 2614 3524 2938 3579; x_wconf 89' lang='lat' dir='ltr'><strong>Claudianus</strong></span> <span class='ocrx_word' id='word_1_631' title='bbox 2964 3540 2977 3575; x_wconf 91' lang='lat'>:</span> 
     </span>
    </p>
   </div>
   <div class='ocr_carea' id='block_1_102' title="bbox 2188 3607 3385 3676">
    <p class='ocr_par' dir='ltr' id='par_1_102' title="bbox 2188 3607 3385 3676">
     <span class='ocr_line' id='line_1_103' title="bbox 2188 3607 3385 3676; baseline -0.014 -8"><span class='ocrx_word' id='word_1_632' title='bbox 2188 3617 2434 3668; x_wconf 84' lang='lat' dir='ltr'><strong>Muniﬂcus</strong></span> <span class='ocrx_word' id='word_1_633' title='bbox 2456 3615 2630 3676; x_wconf 86' lang='lat' dir='ltr'><strong>laudis,</strong></span> <span class='ocrx_word' id='word_1_634' title='bbox 2654 3615 2739 3661; x_wconf 86' lang='lat' dir='ltr'><strong>sed</strong></span> <span class='ocrx_word' id='word_1_635' title='bbox 2764 3624 2857 3660; x_wconf 90' lang='lat' dir='ltr'><strong>non</strong></span> <span class='ocrx_word' id='word_1_636' title='bbox 2877 3623 2932 3658; x_wconf 89' lang='lat' dir='ltr'><strong>es</strong></span> <span class='ocrx_word' id='word_1_637' title='bbox 2954 3609 3184 3671; x_wconf 81' lang='lat' dir='ltr'><strong>prodigus</strong></span> <span class='ocrx_word' id='word_1_638' title='bbox 3209 3607 3330 3654; x_wconf 86' lang='lat' dir='ltr'><strong>auri.</strong></span> <span class='ocrx_word' id='word_1_639' title='bbox 3384 3632 3385 3635; x_wconf 61' lang='grc' dir='ltr'><strong>η</strong></span> 
     </span>
    </p>
   </div>
   <div class='ocr_carea' id='block_1_103' title="bbox 2170 3683 3665 3771">
    <p class='ocr_par' dir='ltr' id='par_1_103' title="bbox 2170 3683 3665 3771">
     <span class='ocr_line' id='line_1_104' title="bbox 2170 3683 3665 3771; baseline -0.015 -16"><span class='ocrx_word' id='word_1_640' title='bbox 2170 3702 2260 3755; x_wconf 80' lang='lat' dir='ltr'><strong>Nil</strong></span> <span class='ocrx_word' id='word_1_641' title='bbox 2277 3703 2389 3771; x_wconf 88' lang='lat' dir='ltr'><strong>jam</strong></span> <span class='ocrx_word' id='word_1_642' title='bbox 2422 3709 2570 3767; x_wconf 83' lang='lat' dir='ltr'><strong>parta</strong></span> <span class='ocrx_word' id='word_1_643' title='bbox 2599 3693 2850 3763; x_wconf 80' lang='lat' dir='ltr'><strong>videntur]</strong></span> <span class='ocrx_word' id='word_1_644' title='bbox 2873 3692 2925 3745; x_wconf 89' lang='lat' dir='ltr'><strong>Id</strong></span> <span class='ocrx_word' id='word_1_645' title='bbox 2956 3701 3063 3754; x_wconf 87' lang='lat' dir='ltr'><strong>est,</strong></span> <span class='ocrx_word' id='word_1_646' title='bbox 3099 3704 3158 3743; x_wconf 90' lang='lat' dir='ltr'><strong>ea</strong></span> <span class='ocrx_word' id='word_1_647' title='bbox 3187 3701 3304 3755; x_wconf 71' lang='lat' dir='ltr'><strong>qua:</strong></span> <span class='ocrx_word' id='word_1_648' title='bbox 3325 3728 3338 3746; x_wconf 80' lang='lat'><strong>,</strong></span> <span class='ocrx_word' id='word_1_649' title='bbox 3371 3686 3491 3736; x_wconf 90' lang='lat' dir='ltr'><strong>dum</strong></span> <span class='ocrx_word' id='word_1_650' title='bbox 3527 3683 3665 3736; x_wconf 86' lang='lat' dir='ltr'><strong>desi-</strong></span> 
     </span>
    </p>
   </div>
   <div class='ocr_carea' id='block_1_104' title="bbox 2093 3781 3664 3855">
    <p class='ocr_par' dir='ltr' id='par_1_104' title="bbox 2093 3781 3664 3855">
     <span class='ocr_line' id='line_1_105' title="bbox 2093 3781 3664 3855; baseline -0.015 -8"><span class='ocrx_word' id='word_1_651' title='bbox 2093 3795 2428 3852; x_wconf 62' lang='lat' dir='ltr'><strong>dvrarentur,</strong></span> <span class='ocrx_word' id='word_1_652' title='bbox 2464 3801 2651 3855; x_wconf 84' lang='lat' dir='ltr'><strong>magna</strong></span> <span class='ocrx_word' id='word_1_653' title='bbox 2681 3785 2887 3851; x_wconf 75' lang='lat' dir='ltr'><strong>cupidis</strong></span> <span class='ocrx_word' id='word_1_654' title='bbox 2920 3781 3261 3844; x_wconf 90' lang='lat' dir='ltr'><strong>videbantur,</strong></span> <span class='ocrx_word' id='word_1_655' title='bbox 3297 3787 3475 3844; x_wconf 85' lang='lat' dir='ltr'><strong>postea</strong></span> <span class='ocrx_word' id='word_1_656' title='bbox 3509 3788 3664 3840; x_wconf 84' lang='lat' dir='ltr'><strong>quam</strong></span> 
     </span>
    </p>
   </div>
   <div class='ocr_carea' id='block_1_105' title="bbox 2097 3865 3665 3944">
    <p class='ocr_par' dir='ltr' id='par_1_105' title="bbox 2097 3865 3665 3944">
     <span class='ocr_line' id='line_1_106' title="bbox 2097 3865 3665 3944; baseline -0.017 -6"><span class='ocrx_word' id='word_1_657' title='bbox 2097 3886 2147 3937; x_wconf 92' lang='lat' dir='ltr'><strong>in</strong></span> <span class='ocrx_word' id='word_1_658' title='bbox 2174 3897 2359 3937; x_wconf 89' lang='lat' dir='ltr'><strong>eorum</strong></span> <span class='ocrx_word' id='word_1_659' title='bbox 2389 3894 2581 3933; x_wconf 88' lang='lat' dir='ltr'><strong>venere</strong></span> <span class='ocrx_word' id='word_1_660' title='bbox 2613 3877 3004 3944; x_wconf 64' lang='lat' dir='ltr'><strong>posseSsiont&#39;m</strong></span> <span class='ocrx_word' id='word_1_661' title='bbox 3024 3913 3036 3935; x_wconf 92' lang='lat'><strong>,</strong></span> <span class='ocrx_word' id='word_1_662' title='bbox 3069 3885 3164 3938; x_wconf 91' lang='lat' dir='ltr'><strong>pro</strong></span> <span class='ocrx_word' id='word_1_663' title='bbox 3192 3868 3356 3921; x_wconf 90' lang='lat' dir='ltr'><strong>nihilo</strong></span> <span class='ocrx_word' id='word_1_664' title='bbox 3386 3865 3665 3926; x_wconf 74' lang='lat' dir='ltr'><strong>habentur,</strong></span> 
     </span>
    </p>
   </div>
   <div class='ocr_carea' id='block_1_106' title="bbox 2096 3960 3239 4044">
    <p class='ocr_par' dir='ltr' id='par_1_106' title="bbox 2096 3960 3239 4044">
     <span class='ocr_line' id='line_1_107' title="bbox 2096 3960 3239 4044; baseline -0.017 -14"><span class='ocrx_word' id='word_1_665' title='bbox 2096 3989 2308 4044; x_wconf 87' lang='lat' dir='ltr'><strong>semper</strong></span> <span class='ocrx_word' id='word_1_666' title='bbox 2336 3971 2585 4024; x_wconf 89' lang='lat' dir='ltr'><strong>ulteriora</strong></span> <span class='ocrx_word' id='word_1_667' title='bbox 2617 3969 2862 4020; x_wconf 87' lang='lat' dir='ltr'><strong>sitienter</strong></span> <span class='ocrx_word' id='word_1_668' title='bbox 2892 3960 3239 4017; x_wconf 69' lang='lat' dir='ltr'><strong>initiantibus.</strong></span> 
     </span>
    </p>
   </div>
   <div class='ocr_carea' id='block_1_107' title="bbox 2170 4052 3051 4129">
    <p class='ocr_par' dir='ltr' id='par_1_107' title="bbox 2170 4052 3051 4129">
     <span class='ocr_line' id='line_1_108' title="bbox 2170 4052 3051 4129; baseline -0.012 -15"><span class='ocrx_word' id='word_1_669' title='bbox 2170 4063 2295 4125; x_wconf 75' lang='lat' dir='ltr'><strong>Qua:</strong></span> <span class='ocrx_word' id='word_1_670' title='bbox 2324 4058 2490 4129; x_wconf 75' lang='lat' dir='ltr'><strong>frena]</strong></span> <span class='ocrx_word' id='word_1_671' title='bbox 2521 4057 2680 4123; x_wconf 86' lang='lat' dir='ltr'><strong>Quasi</strong></span> <span class='ocrx_word' id='word_1_672' title='bbox 2712 4055 2857 4107; x_wconf 72' lang='lat' dir='ltr'><strong>dicat</strong></span> <span class='ocrx_word' id='word_1_673' title='bbox 2888 4052 3051 4105; x_wconf 83' lang='lat' dir='ltr'><strong>nulla.</strong></span> 
     </span>
    </p>
   </div>
   <div class='ocr_carea' id='block_1_108' title="bbox 2172 4143 2987 4217">
    <p class='ocr_par' dir='ltr' id='par_1_108' title="bbox 2172 4143 2987 4217">
     <span class='ocr_line' id='line_1_109' title="bbox 2172 4143 2987 4217; baseline -0.015 -12"><span class='ocrx_word' id='word_1_674' title='bbox 2172 4147 2453 4217; x_wconf 84' lang='lat' dir='ltr'><strong>Retentent]</strong></span> <span class='ocrx_word' id='word_1_675' title='bbox 2485 4146 2735 4200; x_wconf 80' lang='lat' dir='ltr'><strong>Retinere</strong></span> <span class='ocrx_word' id='word_1_676' title='bbox 2765 4143 2987 4212; x_wconf 50' lang='lat' dir='ltr'><strong>possint.</strong></span> 
     </span>
    </p>
   </div>
   <div class='ocr_carea' id='block_1_109' title="bbox 2170 4228 3669 4305">
    <p class='ocr_par' dir='ltr' id='par_1_109' title="bbox 2170 4228 3669 4305">
     <span class='ocr_line' id='line_1_110' title="bbox 2170 4228 3669 4305; baseline -0.015 -10"><span class='ocrx_word' id='word_1_677' title='bbox 2170 4240 2294 4295; x_wconf 78' lang='lat' dir='ltr'><strong>Sitis</strong></span> <span class='ocrx_word' id='word_1_678' title='bbox 2342 4232 2581 4305; x_wconf 73' lang='lat' dir='ltr'><strong>habendi]</strong></span> <span class='ocrx_word' id='word_1_679' title='bbox 2614 4232 2959 4287; x_wconf 87' lang='lat' dir='ltr'><strong>Ecclesiastes</strong></span> <span class='ocrx_word' id='word_1_680' title='bbox 3002 4230 3172 4298; x_wconf 90' lang='lat' dir='ltr'><strong>capite</strong></span> <span class='ocrx_word' id='word_1_681' title='bbox 3214 4240 3281 4280; x_wconf 85' lang='lat' dir='ltr'><strong>v:</strong></span> <span class='ocrx_word' id='word_1_682' title='bbox 3315 4228 3519 4279; x_wconf 74' lang='lat' dir='ltr'><strong>Avarus</strong></span> <span class='ocrx_word' id='word_1_683' title='bbox 3562 4236 3669 4274; x_wconf 87' lang='lat' dir='ltr'><strong>non</strong></span> 
     </span>
    </p>
   </div>
   <div class='ocr_carea' id='block_1_110' title="bbox 2098 4316 3667 4395">
    <p class='ocr_par' dir='ltr' id='par_1_110' title="bbox 2098 4316 3667 4395">
     <span class='ocr_line' id='line_1_111' title="bbox 2098 4316 3667 4395; baseline -0.015 -10"><span class='ocrx_word' id='word_1_684' title='bbox 2098 4330 2404 4395; x_wconf 81' lang='lat' dir='ltr'><strong>implebitur</strong></span> <span class='ocrx_word' id='word_1_685' title='bbox 2447 4325 2711 4394; x_wconf 88' lang='lat' dir='ltr'><strong>pecunia:</strong></span> <span class='ocrx_word' id='word_1_686' title='bbox 2745 4333 2799 4377; x_wconf 89' lang='lat' dir='ltr'><strong>et</strong></span> <span class='ocrx_word' id='word_1_687' title='bbox 2843 4322 2933 4390; x_wconf 86' lang='lat' dir='ltr'><strong>qui</strong></span> <span class='ocrx_word' id='word_1_688' title='bbox 2963 4324 3104 4373; x_wconf 91' lang='lat' dir='ltr'><strong>amat</strong></span> <span class='ocrx_word' id='word_1_689' title='bbox 3147 4317 3392 4379; x_wconf 65' lang='lat' dir='ltr'><strong>divitias,</strong></span> <span class='ocrx_word' id='word_1_690' title='bbox 3440 4316 3667 4365; x_wconf 84' lang='lat' dir='ltr'><strong>fructum</strong></span> 
     </span>
    </p>
   </div>
   <div class='ocr_carea' id='block_1_111' title="bbox 2100 4412 2955 4485">
    <p class='ocr_par' dir='ltr' id='par_1_111' title="bbox 2100 4412 2955 4485">
     <span class='ocr_line' id='line_1_112' title="bbox 2100 4412 2955 4485; baseline -0.007 -16"><span class='ocrx_word' id='word_1_691' title='bbox 2100 4435 2203 4472; x_wconf 91' lang='lat' dir='ltr'><strong>non</strong></span> <span class='ocrx_word' id='word_1_692' title='bbox 2232 4418 2404 4485; x_wconf 88' lang='lat' dir='ltr'><strong>capiet</strong></span> <span class='ocrx_word' id='word_1_693' title='bbox 2428 4433 2492 4470; x_wconf 83' lang='lat' dir='ltr'><strong>ex</strong></span> <span class='ocrx_word' id='word_1_694' title='bbox 2518 4418 2617 4470; x_wconf 90' lang='lat' dir='ltr'><strong>eis.</strong></span> <span class='ocrx_word' id='word_1_695' title='bbox 2642 4412 2915 4467; x_wconf 89' lang='lat' dir='ltr'><strong>Juvenalis</strong></span> <span class='ocrx_word' id='word_1_696' title='bbox 2941 4428 2955 4463; x_wconf 94' lang='lat'><strong>:</strong></span> 
     </span>
    </p>
   </div>
   <div class='ocr_carea' id='block_1_112' title="bbox 2193 4492 3578 4567">
    <p class='ocr_par' dir='ltr' id='par_1_112' title="bbox 2193 4492 3578 4567">
     <span class='ocr_line' id='line_1_113' title="bbox 2193 4492 3578 4567; baseline -0.015 -9"><span class='ocrx_word' id='word_1_697' title='bbox 2193 4512 2379 4558; x_wconf 52' lang='lat' dir='ltr'><strong>t‘rescit</strong></span> <span class='ocrx_word' id='word_1_698' title='bbox 2400 4521 2533 4556; x_wconf 89' lang='lat' dir='ltr'><strong>amor</strong></span> <span class='ocrx_word' id='word_1_699' title='bbox 2557 4506 2758 4567; x_wconf 88' lang='lat' dir='ltr'><strong>nummi,</strong></span> <span class='ocrx_word' id='word_1_700' title='bbox 2782 4508 3013 4562; x_wconf 86' lang='lat' dir='ltr'><strong>quantum</strong></span> <span class='ocrx_word' id='word_1_701' title='bbox 3037 4510 3136 4557; x_wconf 83' lang='lat' dir='ltr'><strong>ipsa</strong></span> <span class='ocrx_word' id='word_1_702' title='bbox 3158 4495 3358 4556; x_wconf 83' lang='lat' dir='ltr'><strong>pecunia</strong></span> <span class='ocrx_word' id='word_1_703' title='bbox 3383 4492 3578 4539; x_wconf 87' lang='lat' dir='ltr'><strong>crescit.</strong></span> 
     </span>
    </p>
   </div>
   <div class='ocr_carea' id='block_1_113' title="bbox 2019 4591 2454 4660">
    <p class='ocr_par' dir='ltr' id='par_1_113' title="bbox 2019 4591 2454 4660">
     <span class='ocr_line' id='line_1_114' title="bbox 2019 4591 2454 4660; baseline -0.016 -14"><span class='ocrx_word' id='word_1_704' title='bbox 2019 4601 2074 4660; x_wconf 83' lang='grc' dir='ltr'>Ῑ)</span> <span class='ocrx_word' id='word_1_705' title='bbox 2102 4591 2419 4644; x_wconf 87' lang='lat' dir='ltr'><strong>Prudentius</strong></span> <span class='ocrx_word' id='word_1_706' title='bbox 2442 4607 2454 4639; x_wconf 89' lang='lat'><strong>:</strong></span> 
     </span>
    </p>
   </div>
   <div class='ocr_carea' id='block_1_114' title="bbox 2193 4666 3367 4738">
    <p class='ocr_par' dir='ltr' id='par_1_114' title="bbox 2193 4666 3367 4738">
     <span class='ocr_line' id='line_1_115' title="bbox 2193 4666 3367 4738; baseline -0.017 -9"><span class='ocrx_word' id='word_1_707' title='bbox 2193 4680 2309 4729; x_wconf 81' lang='lat' dir='ltr'><strong>Auri</strong></span> <span class='ocrx_word' id='word_1_708' title='bbox 2335 4690 2541 4738; x_wconf 88' lang='lat' dir='ltr'><strong>namque</strong></span> <span class='ocrx_word' id='word_1_709' title='bbox 2568 4674 2720 4723; x_wconf 87' lang='lat' dir='ltr'><strong>fames</strong></span> <span class='ocrx_word' id='word_1_710' title='bbox 2738 4678 2874 4734; x_wconf 88' lang='lat' dir='ltr'><strong>parto</strong></span> <span class='ocrx_word' id='word_1_711' title='bbox 2898 4669 2949 4717; x_wconf 83' lang='lat' dir='ltr'><strong>ﬁt</strong></span> <span class='ocrx_word' id='word_1_712' title='bbox 2968 4667 3121 4727; x_wconf 78' lang='lat' dir='ltr'><strong>major</strong></span> <span class='ocrx_word' id='word_1_713' title='bbox 3144 4666 3207 4713; x_wconf 85' lang='lat' dir='ltr'><strong>ab</strong></span> <span class='ocrx_word' id='word_1_714' title='bbox 3231 4674 3367 4711; x_wconf 90' lang='lat' dir='ltr'><strong>auro.</strong></span> 
     </span>
    </p>
   </div>
   <div class='ocr_carea' id='block_1_115' title="bbox 2104 4760 2386 4814">
    <p class='ocr_par' dir='ltr' id='par_1_115' title="bbox 2104 4760 2386 4814">
     <span class='ocr_line' id='line_1_116' title="bbox 2104 4760 2386 4814; baseline -0.011 0"><span class='ocrx_word' id='word_1_715' title='bbox 2104 4760 2350 4814; x_wconf 79' lang='lat' dir='ltr'><strong>Horatius</strong></span> <span class='ocrx_word' id='word_1_716' title='bbox 2375 4774 2386 4786; x_wconf 86' lang='lat'>&#39;</span> 
     </span>
    </p>
   </div>
   <div class='ocr_carea' id='block_1_116' title="bbox 2196 4860 3180 4927">
    <p class='ocr_par' dir='ltr' id='par_1_116' title="bbox 2196 4860 3180 4927">
     <span class='ocr_line' id='line_1_117' title="bbox 2196 4860 3180 4927; baseline -0.015 -8"><span class='ocrx_word' id='word_1_717' title='bbox 2196 4871 2509 4919; x_wconf 85' lang='lat' dir='ltr'><strong>Crescentem</strong></span> <span class='ocrx_word' id='word_1_718' title='bbox 2531 4867 2752 4927; x_wconf 90' lang='lat' dir='ltr'><strong>sequitur</strong></span> <span class='ocrx_word' id='word_1_719' title='bbox 2771 4874 2884 4913; x_wconf 89' lang='lat' dir='ltr'><strong>cura</strong></span> <span class='ocrx_word' id='word_1_720' title='bbox 2906 4860 3180 4923; x_wconf 81' lang='lat' dir='ltr'><strong>pecuniam,</strong></span> 
     </span>
    </p>
   </div>
   <div class='ocr_carea' id='block_1_117' title="bbox 2198 4928 2705 4990">
    <p class='ocr_par' dir='ltr' id='par_1_117' title="bbox 2198 4928 2705 4990">
     <span class='ocr_line' id='line_1_118' title="bbox 2198 4928 2705 4990; baseline -0.012 -11"><span class='ocrx_word' id='word_1_721' title='bbox 2198 4931 2528 4990; x_wconf 71' lang='lat' dir='ltr'><strong>Maiorumque</strong></span> <span class='ocrx_word' id='word_1_722' title='bbox 2552 4928 2705 4975; x_wconf 86' lang='lat' dir='ltr'><strong>fames</strong></span> 
     </span>
    </p>
   </div>
   <div class='ocr_carea' id='block_1_118' title="bbox 2110 5014 3679 5091">
    <p class='ocr_par' dir='ltr' id='par_1_118' title="bbox 2110 5014 3679 5091">
     <span class='ocr_line' id='line_1_119' title="bbox 2110 5014 3679 5091; baseline -0.013 -5"><span class='ocrx_word' id='word_1_723' title='bbox 2110 5033 2271 5086; x_wconf 86' lang='lat' dir='ltr'><strong>Divus</strong></span> <span class='ocrx_word' id='word_1_724' title='bbox 2312 5030 2629 5085; x_wconf 88' lang='lat' dir='ltr'><strong>Ambrosius</strong></span> <span class='ocrx_word' id='word_1_725' title='bbox 2661 5027 2711 5081; x_wconf 94' lang='lat' dir='ltr'><strong>in</strong></span> <span class='ocrx_word' id='word_1_726' title='bbox 2758 5024 2915 5079; x_wconf 89' lang='lat' dir='ltr'><strong>tertio</strong></span> <span class='ocrx_word' id='word_1_727' title='bbox 2962 5022 3319 5091; x_wconf 88' lang='lat' dir='ltr'><strong>Epistolarum</strong></span> <span class='ocrx_word' id='word_1_728' title='bbox 3352 5018 3415 5071; x_wconf 90' lang='lat' dir='ltr'><strong>ad</strong></span> <span class='ocrx_word' id='word_1_729' title='bbox 3462 5014 3679 5083; x_wconf 85' lang='lat' dir='ltr'><strong>Simpli-</strong></span> 
     </span>
    </p>
   </div>
   <div class='ocr_carea' id='block_1_119' title="bbox 2108 5108 3679 5186">
    <p class='ocr_par' dir='ltr' id='par_1_119' title="bbox 2108 5108 3679 5186">
     <span class='ocr_line' id='line_1_120' title="bbox 2108 5108 3679 5186; baseline -0.014 -8"><span class='ocrx_word' id='word_1_730' title='bbox 2108 5124 2356 5178; x_wconf 89' lang='lat' dir='ltr'><strong>cianum:</strong></span> <span class='ocrx_word' id='word_1_731' title='bbox 2389 5119 2517 5186; x_wconf 86' lang='lat' dir='ltr'><strong>Quis</strong></span> <span class='ocrx_word' id='word_1_732' title='bbox 2549 5129 2722 5170; x_wconf 86' lang='lat' dir='ltr'><strong>autem</strong></span> <span class='ocrx_word' id='word_1_733' title='bbox 2752 5124 2874 5169; x_wconf 88' lang='lat' dir='ltr'><strong>ante</strong></span> <span class='ocrx_word' id='word_1_734' title='bbox 2902 5114 3070 5168; x_wconf 90' lang='lat' dir='ltr'><strong>Deum</strong></span> <span class='ocrx_word' id='word_1_735' title='bbox 3118 5112 3290 5174; x_wconf 85' lang='lat' dir='ltr'><strong>dives,</strong></span> <span class='ocrx_word' id='word_1_736' title='bbox 3338 5108 3435 5162; x_wconf 90' lang='lat' dir='ltr'><strong>nisi</strong></span> <span class='ocrx_word' id='word_1_737' title='bbox 3470 5108 3679 5175; x_wconf 90' lang='lat' dir='ltr'><strong>quietus</strong></span> 
     </span>
    </p>
   </div>
   <div class='ocr_carea' id='block_1_120' title="bbox 2108 5196 3679 5277">
    <p class='ocr_par' dir='ltr' id='par_1_120' title="bbox 2108 5196 3679 5277">
     <span class='ocr_line' id='line_1_121' title="bbox 2108 5196 3679 5277; baseline -0.013 -11"><span class='ocrx_word' id='word_1_738' title='bbox 2108 5225 2161 5266; x_wconf 93' lang='lat' dir='ltr'><strong>et</strong></span> <span class='ocrx_word' id='word_1_739' title='bbox 2212 5212 2482 5265; x_wconf 86' lang='lat' dir='ltr'><strong>modestus</strong></span> <span class='ocrx_word' id='word_1_740' title='bbox 2534 5208 2781 5277; x_wconf 89' lang='lat' dir='ltr'><strong>spiritus,</strong></span> <span class='ocrx_word' id='word_1_741' title='bbox 2825 5206 2914 5274; x_wconf 90' lang='lat' dir='ltr'><strong>qui</strong></span> <span class='ocrx_word' id='word_1_742' title='bbox 2961 5218 3229 5271; x_wconf 89' lang='lat' dir='ltr'><strong>nunquam</strong></span> <span class='ocrx_word' id='word_1_743' title='bbox 3278 5196 3679 5265; x_wconf 88' lang='lat' dir='ltr'><strong>corrumpitur?</strong></span> 
     </span>
    </p>
   </div>
   <div class='ocr_carea' id='block_1_121' title="bbox 2109 5286 3681 5364">
    <p class='ocr_par' dir='ltr' id='par_1_121' title="bbox 2109 5286 3681 5364">
     <span class='ocr_line' id='line_1_122' title="bbox 2109 5286 3681 5364; baseline -0.01 -10"><span class='ocrx_word' id='word_1_744' title='bbox 2109 5304 2293 5355; x_wconf 78' lang='lat' dir='ltr'><strong>Nottnc</strong></span> <span class='ocrx_word' id='word_1_745' title='bbox 2336 5303 2426 5352; x_wconf 89' lang='lat' dir='ltr'><strong>tibi</strong></span> <span class='ocrx_word' id='word_1_746' title='bbox 2472 5299 2681 5351; x_wconf 89' lang='lat' dir='ltr'><strong>videtur</strong></span> <span class='ocrx_word' id='word_1_747' title='bbox 2724 5297 2891 5358; x_wconf 78' lang='lat' dir='ltr'><strong>dives,</strong></span> <span class='ocrx_word' id='word_1_748' title='bbox 2924 5298 3013 5364; x_wconf 90' lang='lat' dir='ltr'><strong>qui</strong></span> <span class='ocrx_word' id='word_1_749' title='bbox 3057 5296 3213 5348; x_wconf 84' lang='lat' dir='ltr'><strong>habet</strong></span> <span class='ocrx_word' id='word_1_750' title='bbox 3257 5306 3439 5360; x_wconf 88' lang='lat' dir='ltr'><strong>pacem</strong></span> <span class='ocrx_word' id='word_1_751' title='bbox 3475 5286 3681 5351; x_wconf 68' lang='lat' dir='ltr'><strong>animi,</strong></span> 
     </span>
    </p>
   </div>
   <div class='ocr_carea' id='block_1_122' title="bbox 2111 5378 3686 5458">
    <p class='ocr_par' dir='ltr' id='par_1_122' title="bbox 2111 5378 3686 5458">
     <span class='ocr_line' id='line_1_123' title="bbox 2111 5378 3686 5458; baseline -0.009 -15"><span class='ocrx_word' id='word_1_752' title='bbox 2111 5389 2543 5458; x_wconf 87' lang='lat' dir='ltr'><strong>tranquillitatem</strong></span> <span class='ocrx_word' id='word_1_753' title='bbox 2585 5387 2798 5455; x_wconf 84' lang='lat' dir='ltr'><strong>quietis,</strong></span> <span class='ocrx_word' id='word_1_754' title='bbox 2831 5395 2888 5440; x_wconf 79' lang='lat' dir='ltr'><strong>ut</strong></span> <span class='ocrx_word' id='word_1_755' title='bbox 2935 5385 3064 5440; x_wconf 91' lang='lat' dir='ltr'><strong>nihil</strong></span> <span class='ocrx_word' id='word_1_756' title='bbox 3109 5384 3482 5450; x_wconf 88' lang='lat' dir='ltr'><strong>concupiscat,</strong></span> <span class='ocrx_word' id='word_1_757' title='bbox 3526 5378 3686 5431; x_wconf 86' lang='lat' dir='ltr'><strong>nullis</strong></span> 
     </span>
    </p>
   </div>
   <div class='ocr_carea' id='block_1_123' title="bbox 2110 5469 3683 5550">
    <p class='ocr_par' dir='ltr' id='par_1_123' title="bbox 2110 5469 3683 5550">
     <span class='ocr_line' id='line_1_124' title="bbox 2110 5469 3683 5550; baseline -0.008 -14"><span class='ocrx_word' id='word_1_758' title='bbox 2110 5483 2405 5550; x_wconf 79' lang='lat' dir='ltr'><strong>exagitetur</strong></span> <span class='ocrx_word' id='word_1_759' title='bbox 2427 5478 2776 5547; x_wconf 89' lang='lat' dir='ltr'><strong>cupiditatum</strong></span> <span class='ocrx_word' id='word_1_760' title='bbox 2806 5477 3075 5546; x_wconf 79' lang='lat' dir='ltr'><strong>procellis,</strong></span> <span class='ocrx_word' id='word_1_761' title='bbox 3107 5490 3203 5529; x_wconf 90' lang='lat' dir='ltr'><strong>nec</strong></span> <span class='ocrx_word' id='word_1_762' title='bbox 3226 5484 3405 5527; x_wconf 88' lang='lat' dir='ltr'><strong>vetera</strong></span> <span class='ocrx_word' id='word_1_763' title='bbox 3432 5469 3683 5523; x_wconf 89' lang='lat' dir='ltr'><strong>fastidiat.</strong></span> 
     </span>
    </p>
   </div>
   <div class='ocr_carea' id='block_1_124' title="bbox 2112 5564 3683 5639">
    <p class='ocr_par' dir='ltr' id='par_1_124' title="bbox 2112 5564 3683 5639">
     <span class='ocr_line' id='line_1_125' title="bbox 2112 5564 3683 5639; baseline -0.012 -11"><span class='ocrx_word' id='word_1_764' title='bbox 2112 5586 2163 5629; x_wconf 91' lang='lat' dir='ltr'><strong>et</strong></span> <span class='ocrx_word' id='word_1_765' title='bbox 2194 5588 2327 5627; x_wconf 88' lang='lat' dir='ltr'><strong>nova</strong></span> <span class='ocrx_word' id='word_1_766' title='bbox 2356 5581 2588 5639; x_wconf 75' lang='lat' dir='ltr'><strong>quaerat,</strong></span> <span class='ocrx_word' id='word_1_767' title='bbox 2618 5582 2671 5624; x_wconf 90' lang='lat' dir='ltr'><strong>et</strong></span> <span class='ocrx_word' id='word_1_768' title='bbox 2698 5585 2911 5637; x_wconf 90' lang='lat' dir='ltr'><strong>semper</strong></span> <span class='ocrx_word' id='word_1_769' title='bbox 2950 5565 3304 5621; x_wconf 88' lang='lat' dir='ltr'><strong>desiderando</strong></span> <span class='ocrx_word' id='word_1_770' title='bbox 3338 5567 3423 5618; x_wconf 84' lang='lat' dir='ltr'><strong>tiat</strong></span> <span class='ocrx_word' id='word_1_771' title='bbox 3458 5564 3507 5615; x_wconf 91' lang='lat' dir='ltr'><strong>in</strong></span> <span class='ocrx_word' id='word_1_772' title='bbox 3540 5576 3683 5613; x_wconf 57' lang='lat' dir='ltr'><strong>sunt-</strong></span> 
     </span>
    </p>
   </div>
   <div class='ocr_carea' id='block_1_125' title="bbox 2113 5655 3684 5731">
    <p class='ocr_par' dir='ltr' id='par_1_125' title="bbox 2113 5655 3684 5731">
     <span class='ocr_line' id='line_1_126' title="bbox 2113 5655 3684 5731; baseline -0.01 -11"><span class='ocrx_word' id='word_1_773' title='bbox 2113 5668 2214 5720; x_wconf 90' lang='lat' dir='ltr'><strong>mis</strong></span> <span class='ocrx_word' id='word_1_774' title='bbox 2239 5665 2434 5718; x_wconf 66' lang='lat' dir='ltr'><strong>divitiis</strong></span> <span class='ocrx_word' id='word_1_775' title='bbox 2463 5664 2647 5731; x_wconf 87' lang='lat' dir='ltr'><strong>inops?</strong></span> <span class='ocrx_word' id='word_1_776' title='bbox 2672 5663 2811 5716; x_wconf 86' lang='lat' dir='ltr'><strong>ldetn</strong></span> <span class='ocrx_word' id='word_1_777' title='bbox 2847 5664 2896 5713; x_wconf 92' lang='lat' dir='ltr'><strong>in</strong></span> <span class='ocrx_word' id='word_1_778' title='bbox 2929 5662 3116 5715; x_wconf 90' lang='lat' dir='ltr'><strong>eodem</strong></span> <span class='ocrx_word' id='word_1_779' title='bbox 3147 5661 3281 5714; x_wconf 90' lang='lat' dir='ltr'><strong>libro</strong></span> <span class='ocrx_word' id='word_1_780' title='bbox 3309 5658 3371 5709; x_wconf 88' lang='lat' dir='ltr'><strong>ad</strong></span> <span class='ocrx_word' id='word_1_781' title='bbox 3400 5655 3645 5709; x_wconf 88' lang='lat' dir='ltr'><strong>eumdem</strong></span> <span class='ocrx_word' id='word_1_782' title='bbox 3672 5668 3684 5703; x_wconf 89' lang='lat'><strong>:</strong></span> 
     </span>
    </p>
   </div>
   <div class='ocr_carea' id='block_1_126' title="bbox 2109 5751 3689 5826">
    <p class='ocr_par' dir='ltr' id='par_1_126' title="bbox 2109 5751 3689 5826">
     <span class='ocr_line' id='line_1_127' title="bbox 2109 5751 3689 5826; baseline -0.011 -11"><span class='ocrx_word' id='word_1_783' title='bbox 2109 5761 2179 5815; x_wconf 82' lang='lat' dir='ltr'><strong>At</strong></span> <span class='ocrx_word' id='word_1_784' title='bbox 2208 5775 2333 5814; x_wconf 81' lang='lat' dir='ltr'><strong>vero</strong></span> <span class='ocrx_word' id='word_1_785' title='bbox 2384 5757 2637 5826; x_wconf 86' lang='lat' dir='ltr'><strong>insipiens</strong></span> <span class='ocrx_word' id='word_1_786' title='bbox 2696 5765 2747 5809; x_wconf 90' lang='lat' dir='ltr'><strong>et</strong></span> <span class='ocrx_word' id='word_1_787' title='bbox 2791 5755 2929 5823; x_wconf 88' lang='lat' dir='ltr'><strong>quod</strong></span> <span class='ocrx_word' id='word_1_788' title='bbox 2962 5762 3109 5824; x_wconf 91' lang='lat' dir='ltr'><strong>putat</strong></span> <span class='ocrx_word' id='word_1_789' title='bbox 3163 5769 3219 5806; x_wconf 89' lang='lat' dir='ltr'><strong>se</strong></span> <span class='ocrx_word' id='word_1_790' title='bbox 3269 5751 3463 5805; x_wconf 87' lang='lat' dir='ltr'><strong>habere</strong></span> <span class='ocrx_word' id='word_1_791' title='bbox 3491 5760 3689 5816; x_wconf 77' lang='lat' dir='ltr'><strong>nequa-</strong></span> 
     </span>
    </p>
   </div>
  </div>
