4190 6268
625 409 726 464 959

1265 400 1601 466 A'l‘PENliIK
1643 412 1732 464 AD
1777 410 2014 466 LIBROS
2056 413 2141 465 DE
2181 409 2695 466 CONSOLATIONE
2736 410 3226 468 PHILOSOPlll/E.

3771 416 3884 468 961i

623 534 778 588 quam
828 519 1077 585 possidet.
1111 519 1191 572 An
1230 530 1384 588 putas
1431 521 1576 573 illum
1627 523 1918 590 possidere,
1950 523 2039 592 qui
2070 524 2188 578 tlte-
2217 528 2261 583 Α
2294 531 2537 585 ornatus,
2572 524 2749 590 aitque
2782 524 2957 576 minus
2999 539 3119 576 eum
3150 524 3294 590 juste
3323 524 3389 577 de
3419 524 3503 576 illa
3535 526 3719 590 queri,
3750 541 3880 580 cum

623 623 779 662 sauro
799 622 895 660 suo
922 608 1008 662 die
1034 617 1087 662 et
1119 618 1270 662 nocte
1303 609 1580 673 incubans,
1604 627 1758 664 avara
1783 623 1836 666 et
1863 617 2054 667 misera
2079 625 2187 666 tor-

621 707 815 764 quetur
857 696 1248 752 sollicitudine?
1290 699 1383 753 Ille
1426 715 1552 754 vero
1580 711 1728 768 eget,
1757 713 1810 756 et
1836 704 1880 756 si
1922 706 2010 757 alii
2041 706 2188 757 dives

622 785 848 848 videtur,
874 785 971 838 sibi
996 802 1192 855 pauper
1212 797 1313 854 est,
1337 792 1422 856 qui
1453 804 1557 843 non
1579 793 1743 843 utitur
1762 807 1826 845 eo
1845 795 1980 857 quod
2005 794 2185 858 habet,

620 874 707 940 qui
737 873 909 944 adhuc
935 874 1034 926 alia
1069 878 1233 944 rapit,
1261 878 1360 928 alia
1392 877 1677 932 desiderat.
1715 880 1810 934 Ubi
1839 882 1979 934 enim
2012 883 2188 936 nullus

620 938 894 1030 cupiditati
943 966 1130 1019 modus
1162 968 1248 1033 qui
1291 967 1490 1022 fructus
1521 970 1865 1024 divitiarum?
1912 975 2075 1028 Nemo
2107 986 2190 1029 est

619 1054 787 1118 dives,
831 1056 919 1128 qui
968 1059 1107 1125 quod
1139 1059 1296 1114 habet
1335 1075 1514 1114 secum
1548 1061 1670 1114 hinc
1701 1064 1913 1118 auferre
1959 1080 2062 1118 non
2096 1082 2188 1133 pu-

617 1153 741 1197 test.
770 1145 916 1210 Quod
945 1148 1086 1201 enim
1118 1148 1203 1201 hic
1229 1150 1564 1218 relinquitur,
1586 1162 1692 1206 etc.
1721 1152 1860 1206 Idem
1890 1168 1993 1207 non
2024 1157 2189 1210 multo

618 1245 773 1300 post:
808 1236 950 1290 Duos
978 1238 1226 1293 finitimos
1255 1253 1407 1296 vetus
1440 1243 1656 1296 historia
1688 1245 2184 1317 describit,'regem

617 1323 819 1388 Achab,
847 1335 901 1378 et
931 1341 1216 1393 pauperem
1249 1329 1526 1382 Nalutthan
1560 1329 1683 1400 (IlI
1705 1332 1831 1402 Reg.
1859 1334 1990 1403 XXI).
2019 1336 2184 1400 Quem

619 1411 806 1464 horum
838 1417 1224 1481 pauperiorem,
1252 1434 1408 1486 quem
1441 1421 1684 1473 ditiorem
1709 1423 2008 1478 credimus?
2035 1428 2185 1481 Alter

617 1501 776 1570 regali
807 1501 973 1557 fulcro
999 1505 1297 1560 divitiarum
1340 1508 1614 1576 prmditus,
1646 1511 2004 1579 inexplebilis,
2039 1516 2181 1569 insa-

617 1591 914 1662 tiabilisque
960 1596 1148 1662 opibus
1193 1597 1334 1664 suis,
1383 1599 1626 1666 exiguam
1679 1603 1927 1669 pauperis
1976 1605 2182 1657 vineam

617 1680 952 1737 desideravit.
983 1685 1129 1738 Alter
1157 1688 1419 1754 aspiciens
1449 1681 1628 1741 animo
1658 1691 1905 1766 βασιλέων
1944 1697 2038 1754 τὰς
2082 1717 2180 1748 πο-

577 1773 913 1846 ,λυχρύσους
967 1778 1170 1846 τύχας,
1223 1778 1629 1847 imperialesqtte
1677 1797 1862 1849 gazas,
1917 1799 2014 1836 suo
2069 1797 2186 1839 erat

2293 613 2467 663 adhuc
2488 627 2547 665 se
2571 612 2774 665 felicem
2808 627 3003 680 negare
3030 627 3134 665 non
3166 615 3362 680 possit,
3389 615 3476 682 qui
3508 615 3636 667 inita
3665 618 3880 671 ratione

2295 703 2412 768 plus
2478 702 2737 754 honorum
2782 717 2940 770 quam
2985 704 3242 756 malorum
3293 705 3478 758 tulisse
3521 706 3880 760 convincatur

2293 799 2450 860 atque
2481 793 2727 846 retinere.

2365 883 2618 953 Hisceres]
2651 884 2988 952 Loquereris.
3023 887 3180 941 liiSCo
3207 888 3470 954 significat
3494 888 3764 943 submisse
3789 891 3874 942 io-

2293 988 2449 1039 quor,
2480 973 2592 1024 sive
2619 987 2680 1024 os
2707 974 2771 1025 ad
2804 974 3122 1040 loquendum
3155 977 3358 1044 aperio.
3394 977 3648 1031 Plautus:

2416 1061 2491 1109 Ne
2517 1063 2708 1112 hiscere
2731 1062 2928 1124 quidem
2952 1064 3116 1112 audet.

2294 1143 2486 1196 Accius
2515 1160 2531 1195 :
3115 1223 3124 1228 ⁸

2419 1231 2540 1280 Hem
2566 1245 2743 1283 vereor
2765 1231 2874 1294 plus
2892 1248 3032 1295 quam
3061 1233 3130 1281 fas
3153 1242 3229 1283 est
3249 1236 3486 1296 captivum
3511 1238 3718 1285 hiscere.

2364 1317 2576 1370 Marica:
2599 1316 2902 1388 dulcedinis]
2932 1318 3160 1372 Poeticae
3190 1319 3576 1373 delecmtionis.

2365 1405 2515 1473 Tumj
2544 1406 2712 1460 Tunc.

2362 1494 2507 1564 Cum]
2536 1495 2777 1560 Quando.

2359 1582 2542 1652 Altior]
2571 1581 2905 1639 Profundior.

2362 1674 2571 1744 Maeror]
2599 1675 2855 1729 Tristitia.

2360 1764 2705 1833 Contumacis]
2735 1765 2986 1831 Rebellis,
3020 1768 3401 1822 iuobedientis.

614 1871 890 1918 contentus
909 1866 1137 1932 palmite.
1160 1867 1344 1922 Nonne
1370 1869 1581 1923 videtur
1603 1871 1689 1926 hic
1713 1877 1878 1939 magis
1903 1874 2074 1939 dives,
2097 1875 2180 1928 hic
2215 1877 2260 1934 B
2361 1852 2632 1923 Famem“
2664 1854 3049 1924 “nugamenta,
3077 1869 3131 1911 οι
3159 1876 3276 1925 ⁸1⁸³⁵
3322 1858 3491 1914 armi
3533 1870 3723 1916 ν⁰⁰³¹³ι
3760 1885 3866 1932 μα’

613 1952 779 2019 magis
814 1967 936 2019 rex,
967 1951 1058 2022 qui
1083 1956 1184 2011 sibi
1215 1959 1544 2025 abundabat,
1577 1974 1702 2014 suas
1731 1964 1948 2031 regebat
1975 1968 2179 2034 cupidi-

614 2047 776 2102 tates,
824 2052 881 2095 ut
932 2045 1061 2098 nihil
1104 2048 1336 2102 alienum
1385 2050 1829 2119 concupisceret?
1873 2053 1960 2107 Ille
2000 2065 2174 2108 autem
2231 2046 2244 2064 ’

614 2128 1002 2195 egentissimus,
1032 2135 1114 2186 cui
1165 2149 1350 2190 aurum
1398 2153 1552 2192 suum
1584 2141 1707 2206 vile,
1740 2141 1945 2195 alienus
1977 2144 2178 2210 palmes

613 2219 1025 2285 pretiosissitnus
1055 2224 1477 2280 exisumabatnr.
1522 2229 1663 2283 Idem
1697 2231 1747 2283 in
1777 2230 1988 2285 decimo
2049 2233 2178 2300 Epi-

613 2309 904 2364 stolarum:
946 2313 1061 2380 Quo
1111 2317 1228 2382 plus
1255 2319 1616 2388 unusquisque
1669 2322 2009 2391 acquisierit,
2063 2327 2178 2393 plus

612 2394 756 2462 sitit,
788 2408 840 2453 et
878 2403 1025 2468 quasi
1067 2403 1294 2470 quadam
1329 2406 1616 2462 inardescit
1661 2409 1922 2466 ebrietate
1966 2415 2176 2480 cupidi-

612 2495 778 2540 tatum
829 2503 1065 2547 suarum.
1111 2493 1251 2547 idem
1284 2496 1334 2548 in
1364 2496 1499 2552 libro
1531 2499 1598 2554 de
1630 2500 1870 2554 Nabutha
1901 2522 1911 2554 :
1943 2505 1987 2558 Ο
2009 2506 2175 2563 dives.

611 2577 784 2629 nescis
834 2592 989 2645 quam
1019 2594 1218 2649 pauper
1242 2583 1337 2648 sis,
1371 2600 1528 2652 quam
1564 2589 1716 2657 inops
1749 2590 1840 2654 tibi
1871 2592 1974 2659 ipsi
2004 2594 2178 2647 videa-

614 2663 708 2726 ris,
734 2667 823 2733 qui
844 2675 899 2719 te
929 2668 1146 2722 divitem
1177 2672 1331 2730 dicis.
1362 2675 1568 2740 Quanto
1598 2678 1714 2746 plus
1755 2679 2024 2747 habueris,
2062 2683 2178 2750 plus

611 2757 873 2823 requiris:
906 2759 969 2812 Et
993 2761 1244 2830 quidquid
1276 2767 1612 2833 acquisieris,
1644 2779 1818 2823 tamen
1868 2773 1963 2826 tibi
2007 2773 2177 2830 adhuc

610 2845 831 2915 indiges.
859 2849 1218 2906 lnllammatur
1241 2855 1388 2910 lucro
1409 2859 1650 2924 avaritia,
1683 2876 1784 2914 non
1810 2865 2173 2933 restinguitur.

609 2936 768 3002 Quasi
800 2941 991 3004 gradus
1018 2945 1273 3010 quosdam
1322 2949 1584 3014 cupiditas
1628 2951 1815 3018 habet,
1858 2947 1961 3021 quo
1998 2958 2178 3022 plures

609 3029 940 3094 ascenderit,
997 3048 1062 3085 eo
1103 3034 1167 3086 ad
1212 3037 1401 3090 altiora
1452 3038 1694 3106 festinat,
1739 3043 1876 3096 unde
1910 3044 1966 3096 fit
2003 3049 2179 3114 gravis

610 3114 759 3170 ruina
790 3117 1022 3187 lapsuro.
1057 3122 1120 3175 Et
1149 3125 1305 3191 paulo
1334 3137 1453 3194 post
1493 3129 1605 3184 hare
1633 3132 1888 3200 subjicit:
1921 3136 2052 3201 Quis
2084 3137 2179 3206 igi-

2283 1945 2538 2017 λάγματα.

2358 2033 2651 2106 Penetreut]
2683 2035 2900 2090 Penitus
2929 2037 3224 2093 immittant.

2356 2125 2677 2194 Desolatum]
2706 2127 2987 2182 Orbatum.

2355 2212 2600 2286 Parente]
2635 2219 2812 2272 Patre.

2355 2306 2526 2374 Quod]
2557 2308 2705 2361 Prius
2734 2324 2914 2362 carum
2945 2324 3067 2364 esse
3095 2322 3250 2378 quam
3283 2314 3601 2379 proximum.

2319 2421 2322 2423 λ
2353 2393 2532 2464 Carus]
2563 2395 2641 2449 Ob
2669 2399 2976 2462 praeclaram
3008 2399 3239 2453 indolem
3263 2411 3490 2456 amatus.

2356 2484 2650 2555 Proximus]
2684 2487 2890 2539 Affinis.
2921 2488 3121 2542 Sensus
3148 2499 3267 2545 est:
3301 2491 3636 2560 Principibus
3663 2496 3858 2548 civita-

2285 2575 2348 2626 tis
2379 2582 2502 2626 ante
2543 2589 2698 2628 carus
2728 2575 2874 2629 fuisti
2903 2577 2971 2631 ob
3011 2578 3220 2633 virtutis
3262 2580 3715 2649 ἐιιιύίιιωηιιιιειιιι
3763 2601 3856 2651 per

2283 2665 2589 2718 affinitatem
2623 2667 2968 2736 propinquus.

2353 2754 2677 2824 Socerorum]
2708 2757 3017 2825 Symmachi
3060 2766 3114 2810 et
3144 2759 3328 2812 nitoris
3372 2759 3509 2827 ejus,
3555 2773 3645 2813 aut
3690 2763 3853 2815 etiam

2285 2842 2499 2896 fratrum
2531 2844 2830 2900 ﬁliorumve
2857 2847 3016 2901 illius.
3047 2847 3192 2900 illam
3217 2847 3271 2900 in
3302 2848 3563 2904 Aﬁneidos
3587 2867 3617 2902 u
3648 2869 3658 2901 :

2468 2935 2642 2983 infelix
2665 2950 2774 2998 qua:
2799 2952 2852 2986 se
2872 2938 2984 2985 dum
3010 2951 3162 2998 regna
3185 2939 3461 2998 mam-bant,

2379 2995 2569 3055 Saepius
2594 2995 2923 3045 Andromache
2947 2995 3377 3047 ferre'incomitata
3402 2995 3590 3048 selelmt

2373 3057 2445 3102 Ad
2468 3070 2680 3118 soceros,
2711 3067 2760 3106 et
2785 3073 2872 3105 avo
2899 3072 3100 3119 puerum
3121 3063 3404 3121 Astyanacta
3429 3063 3667 3112 trahebat.

2283 3137 2337 3190 In
2367 3137 2500 3190 libro
2531 3138 2710 3192 Tobia:
2737 3157 2749 3190 :
2783 3139 2903 3193 Post
2931 3142 3131 3194 obitum
3161 3143 3348 3194 matris
3375 3157 3486 3194 sum
3511 3141 3706 3194 Tobias
3730 3143 3851 3195 abs-

607 3213 694 3260 tur
722 3208 813 3262 tibi
865 3225 1060 3280 pauper
1101 3215 1328 3280 videtur,
1372 3219 1462 3285 qni
1507 3230 1784 3276 contentus
1829 3234 1911 3278 est
1955 3241 2073 3288 suo,
2105 3243 2170 3282 an
2203 3232 2246 3292 ρ
2277 3230 2435 3280 cessit
2465 3244 2527 3279 ex
2563 3228 2752 3281 Ninive
2781 3245 2899 3281 cum
2946 3245 3108 3283 uxore
3136 3245 3252 3293 sua,
3281 3240 3335 3283 et
3364 3220 3486 3283 filiis
3515 3241 3568 3283 et
3597 3232 3824 3283 filiorum

606 3297 694 3365 qui
738 3301 1063 3366 concupiscit
1093 3304 1356 3357 alienum?
1387 3306 1537 3360 Alter
1567 3320 1712 3364 certe
1745 3328 1943 3379 pauper
1985 3324 2067 3368 est
2095 3318 2172 3368 af-

605 3385 764 3441 fectu.
796 3390 923 3444 Affet
947 3401 1029 3444 tus
1056 3392 1202 3446 dives
1229 3410 1385 3461 egere
1429 3412 1532 3450 non
1573 3403 1752 3466 novit,
1781 3418 1976 3457 census
2007 3407 2174 3460 abun-

604 3475 739 3528 dans
790 3481 970 3546 nequit
1019 3484 1160 3534 avari
1219 3495 1406 3551 pectus
1457 3489 1698 3552 explere.
1754 3485 1979 3562 Ideoque
2026 3496 2174 3574 dives

603 3565 844 3631 cupidus.
872 3567 925 3619 In
946 3568 1191 3622 invidiam
1217 3575 1588 3640 possessionis,
1615 3589 1666 3630 et
1696 3565 2174 3653 paupert:-tis’qtte-

607 3654 805 3718 relam,
856 3659 1123 3712 Ambrosii
1176 3661 1340 3724 libro,
1390 3665 1538 3732 cujus
1585 3670 1744 3721 modo
1798 3673 2167 3741 meminimus,

607 3746 831 3800 nescioa
853 3763 957 3816 quo
988 3737 1249 3816 adjectum
1279 3763 1362 3805 cst
1393 3759 1736 3824 epigramma,
1769 3776 1871 3813 non
1901 3737 2168 3830 indignum

600 3851 730 3920 sane
750 3839 888 3908 quod
917 3850 969 3894 et
997 3841 1078 3895 his
1099 3853 1393 3910 apponatur
1421 3862 1433 3897 :

695 3928 903 4000 Plurima
932 3929 1115 4000 habere
1141 3934 1294 4000 cupit.
1315 3935 1396 3994 qui
1424 3937 1635 4000 possidet
1659 3940 1814 3986 omnia
1843 3940 1998 4000 dives,

753 3985 940 4058 Nempe
967 3993 1134 4052 in0pes
1161 3985 1483 4055 reddit'copia
1514 4010 1684 4051 magna
1711 3985 1859 4058 vitos,

697 4045 833 4118 Unde
861 4045 1068 4118 habeant
1088 4066 1202 4099 cura
1230 4062 1305 4118 est
1329 4045 1510 4114 paucis,
1538 4045 1622 4103 sed
1643 4045 2063 4118 oportet'habere'

755 4107 852 4155 Per
871 4110 1029 4180 scelus
1051 4121 1197 4180 atque
1220 4107 1370 4180 nefas,
1400 4107 1585 4180 pauper
1607 4107 1783 4178 ubique
1809 4107 1959 4180 jacet,

691 4165 793 4230 Hoc
821 4178 957 4228 pater
982 4165 1258 4220 Ambrosius
1279 4165 1512 4223 Nahtithai
1537 4165 1748 4226 testati-Ir
1764 4165 2007 4230 ina—uiniit'a

753 4229 843 4286 Qui
870 4243 954 4289 pro
977 4243 1093 4278 rure
1117 4246 1205 4280 suo
1231 4249 1354 4296 rege
1380 4237 1569 4286 volente
1597 4239 1738 4287 cadit.

600 4308 911 4364 Addidimns
935 4321 988 4364 et
1020 4328 1114 4365 nos
1147 4315 1345 4381 aliquot
1371 4319 1436 4368 ah
1471 4320 1592 4371 hinc
1640 4338 1824 4383 annos,
1856 4340 1975 4377 cum
2030 4325 2166 4378 idem

594 4415 729 4468 opus
758 4400 1028 4469 discipulis
1056 4405 1406 4458 enarrandum
1439 4412 1879 4477 suscepissemus,
1916 4420 2016 4468 hoc
2039 4433 2166 4484 qua-

597 4490 856 4560 lecunque
877 4495 1126 4549 carminis
1153 4495 1490 4552 simulacrum
1518 4516 1530 4552 :

688 4580 827 4654 Mens
848 4576 1054 4653 hominis
1073 4583 1229 4642 dives,
1258 4598 1347 4632 non
1374 4601 1506 4648 gaza,
1533 4601 1625 4636 nec
1643 4600 1747 4636 arca
1773 4595 1980 4652 putanda
2007 4604 2098 4654 est,

746 4641 1070 4713 Cuisatisest
1095 4641 1356 4713 nunquam,
1375 4641 1581 4713 semper
1603 4641 1785 4699 avarus.
1801 4661 1935 4713 eget.

684 4701 872 4778 Crgscit
896 4707 948 4750 ut
976 4701 1236 4778 indulgens
1261 4701 1425 4778 potum
1449 4701 1555 4778 sibi_
1571 4711 1754 4759 luridus
1774 4701 2000 4778 hydrOps,

746 4762 824 4809 Sic
842 4773 1057 4830 augetur
1080 4762 1242 4825 opum,
1262 4762 1380 4816 'dum
1398 4771 1721 4830 cumulantur,
1750 4762 1898 4825 atrior.

687 4820 783 4892 Fas
805 4829 854 4869 et
871 4820 979 4892 jura
1004 4820 1259 4892 facitnihili
1287 4843 1458 4877 vesana
1480 4835 1670 4892 cupido,

749 4885 1022 4954 Quodque]
1049 4887 1092 4932 ho
1113 4895 1149 4942 t,
1179 4901 1300 4954 raeca
1327 4900 1490 4954 mente
1520 4885 1671 4941 licere
1694 4901 1842 4954 putat.

686 4940 821 5009 Inter
843 4957 886 5009 0_|
907 4940 962 4992 es
986 4940 1173 5009 ittopettt
1203 4950 1330 4995 noris
1354 4960 1396 4996 ttt
1412 4988 1424 5009 ,
1452 4951 1618 5009 lector,

743 4999 846 5049 lloc
869 5003 980 5064 lege
999 4999 1145 5052 (Ιιιὶιιι
1171 5021 1292 5055 nunc
1315 4999 1436 5071 opus
1460 4999 1714 5062 Ambrosii.

659 5080 795 5150 Agit]
824 5083 983 5138 Vivit.

658 5169 924 5244 ligantem]
958 5176 1094 5229 "Ora
1128 5180 1243 5232 ius:

744 5260 937 5322 Magnas
962 5266 1090 5314 inter
1109 5284 1231 5328 (ipes
1252 5272 1402 5332 inops.

573 5339 910 5397 Periander:
942 5345 1162 5401 Praestat
1189 5365 1308 5403 eum
1333 5354 1419 5421 qui
1453 5353 1605 5409 bonis
1637 5371 1741 5410 non
1771 5357 1934 5412 utitur
1989 5361 2158 5423 mori,

589 5446 746 5495 quam
783 5436 1045 5490 viventem
1078 5456 1255 5506 cgere.

1111 5496 1172 5571 in
1203 5496 1479 5577 enosa'n
1521 5524 1608 5577 ιιι.

657 5586 819 5655 Supra
863 5592 1044 5647 Boetio
1077 5597 1280 5653 fortuna
1312 5601 1391 5663 sic
1432 5601 1601 5654 locuta
1649 5614 1748 5656 est.
1786 5605 1919 5671 Quid
1952 5607 1995 5659 si
2029 5605 2157 5658 ube-

587 5676 694 5726 rius
721 5680 787 5732 de
819 5684 1072 5738 honorum
1104 5699 1250 5755 parte
1297 5694 1610 5759 sump-isti?
1643 5695 1790 5750 Nunc.
1838 5697 1996 5764 igitur
2027 5697 2154 5751 Phi-

587 5764 831 5832 losriphia
866 5785 1108 5828 recenset
1148 5793 1206 5830 ca
1257 5782 1431 5833 omnia
1466 5785 1655 5848 quibus
1685 5801 1710 5835 a
1759 5787 1962 5838 fortuna
2007 5787 2160 5840 fuerit

2194 4586 2246 4643 D

2279 3316 2419 3380 ﬁliis,
2452 3327 2504 3370 et
2549 3333 2792 3372 reversus
2823 3331 2897 3370 est
2930 3322 2992 3371 ad
3023 3334 3238 3373 soceros
3277 3333 3422 3372 suos.
3458 3320 3623 3373 Socer
3657 3335 3848 3373 ηειιιιειι

2277 3407 2340 3457 ad
2387 3405 2580 3474 aliqttid
2631 3417 2756 3459 est:
2807 3409 3032 3460 refertur
3078 3411 3216 3461 enim
3259 3411 3320 3461 ad
3375 3425 3649 3477 generum.
3704 3410 3851 3464 Utnle‘

2276 3495 2492 3548 Ovidius
2527 3536 2538 3547 .

2556 3586 2655 3634 Non
2682 3588 2861 3647 hospes
2884 3589 2944 3635 ab
2970 3589 3158 3650 hospite
3181 3598 3330 3647 tutus,

2368 3645 2473 3694 Non
2497 3660 2636 3694 socer
2659 3662 2686 3695 a
2713 3645 2920 3706 genero.
3059 3645 3072 3650 ⁷
3319 3645 3324 3647 ἡ
3577 3659 3604 3674 ⁸

2347 3726 2613 3799 Coujugis]
2645 3728 2831 3784 Uxoris
2865 3739 2965 3783 tua:
2994 3730 3331 3786 Rusticianm.

2345 3815 2590 3886 Fructus]
2622 3819 2758 3873 Usus
2782 3834 2900 3872 cum
2929 3821 3154 3886 quadam
3185 3821 3558 3875 delectatione.

2346 3907 2518 3976 Lucis]
2547 3909 2675 3962 Diei.

2347 3997 2695 4068 Quantalibet]
2725 3999 3080 4065 Quantumvis
3111 4017 3295 4071 magna

2345 4085 2698 4157 lngruentum]
2733 4090 3140 4143 lmminentiutn.

2345 4174 2621 4244 Malorum]
2654 4178 3071 4239 Adversitatum.

2344 4267 2613 4337 Consules]
2647 4251 2884 4324 Fuerunt
2913 4271 3177 4338 quondam
3218 4271 3354 4338 apud
3405 4273 3672 4340 Itomanos
3706 4275 3844 4341 leges

2271 4357 2511 4417 annales,
2543 4357 2732 4425 quibus
2771 4375 2876 4411 non
2929 4355 3124 4414 licebat
3167 4362 3498 4414 consulatum
3551 4363 3709 4427 inire,
3743 4365 3840 4415 nisi

2274 4447 2482 4499 tertium
2504 4457 2556 4500 et
2578 4449 3037 4520 quadragesimum
3070 4465 3264 4503 annum
3297 4451 3494 4518 agenti.
3520 4459 3588 4504 At
3613 4467 3744 4506 vero
3766 4454 3840 4520 (ut

2273 4535 2322 4587 in
2345 4535 2525 4603 quinta
2545 4536 2672 4589 dicit
2687 4537 2896 4606 Cicero)
2917 4539 3053 4606 apud
3072 4541 3317 4607 antiquos
3339 4540 3497 4603 Rulli,
3527 4540 3695 4606 Decii,
3716 4541 3840 4594 Cor-

2269 4623 2395 4681 vini,
2413 4625 2667 4693 multique
2689 4625 2798 4690 alii,
2818 4610 3115 4681 recentiore
3131 4642 3307 4682 autem
3324 4631 3579 4683 memoria
3599 4630 3841 4697 superior

2268 4713 2570 4778 Africanus,
2593 4716 2656 4768 Τ.
2681 4717 2970 4771 Flaminius
3001 4719 3678 4776 admodumadolescentes
3706 4737 3839 4776 con-

2267 4804 2411 4857 sules
2435 4807 2573 4867 facti,
2601 4816 2771 4860 tantas
2791 4823 2874 4861 res
2894 4821 3190 4877 gesserunt,
3213 4820 3266 4862 ut
3291 4811 3469 4878 populi
3488 4810 3714 4865 Romani
3741 4811 3838 4865 im-

2270 4896 2469 4959 perium
2519 4897 2799 4961 auxerint,
2830 4902 3020 4952 nomen
3059 4901 3388 4954 ornaverint.
3421 4901 3650 4955 Proinde
3689 4917 3839 4956 nemo

2271 4985 2512 5052 miretur,
2545 4988 2586 5038 si
2631 4997 2747 5055 post
2797 4989 3001 5057 imperii
3052 4990 3293 5054 ruinam,
3346 4991 3588 5046 barbaris
3622 4994 3730 5059 jam
3763 5002 3838 5046 te-

2270 5073 2514 5128 nentibus
2545 5076 2775 5139 Italiam,
2819 5089 2870 5130 et
2920 5079 3183 5146 plerisque
3229 5081 3433 5147 legibus
3472 5081 3835 5136 Romanorum

2268 5163 2499 5227 abolitis,
2529 5165 2635 5218 duo
2664 5166 2755 5218 filii
2790 5168 2954 5221 Boetii
2987 5171 3367 5236 propemodum
3414 5175 3593 5240 pueri,
3626 5172 3837 5226 fortuna

2271 5251 2603 5315 potissimum
2633 5253 2974 5321 suffragante,
3004 5252 3202 5324 pariter
3227 5262 3295 5312 ob
3327 5260 3512 5327 patria:
3540 5262 3749 5314 virtutis
3780 5272 3832 5313 et

2267 5340 2539 5406 sapientiae
2569 5344 2815 5396 meritum
2861 5347 3106 5400 consules
3153 5351 3447 5414 evnserint,
3483 5349 3641 5417 idque
3683 5348 3836 5416 jussu

2267 5429 2582 5483 Theoderici
2613 5431 2901 5486 Gothorum
2950 5437 3110 5503 regis,
3140 5438 3228 5505 qui
3259 5437 3346 5490 ditt
3382 5439 3430 5490 in
3479 5437 3648 5490 bonos
3689 5439 3833 5489 viros

2272 5523 2405 5572 bene
2436 5520 2528 5572 fuit
2556 5525 2837 5575 animatus.

2341 5607 2574 5678 Carales]
2607 5611 2694 5662 lla:
2725 5613 2870 5665 sella:
2897 5614 3109 5669 fuerunt
3134 5619 3362 5683 eborem,
3393 5615 3584 5685 quibus
3611 5614 3833 5682 majores

2270 5698 2610 5767 magistratus
2638 5704 2918 5758 utebantur
2961 5707 3011 5758 in
3053 5724 3241 5772 curru,
3284 5723 3390 5777 quo
3421 5707 3637 5762 honoris
3667 5707 3835 5775 gratia

2270 5790 2323 5842 in
2350 5793 2546 5845 curiam
2581 5795 2697 5845 vehi
2729 5796 2869 5848 soliti
2896 5809 3063 5849 erant.
