4216 6256
396 297 491 353 961

1525 281 1899 339 MUIKMELIJI
1938 277 2445 334 COMMENTARIA.

3378 317 3395 326 ,
3541 262 3644 316 962

469 410 833 480 [mittentibus]
869 408 1072 462 lusideo
1103 405 1244 458 selbe
1273 413 1320 455 et
1365 403 1548 454 sellam
1597 399 1844 458 dicimus,
1876 395 1966 448 sed
1999 397 2048 453 Α
2074 405 2256 444 sumus
2285 390 2576 456 sapientes,
2604 383 2743 453 quod
2775 390 3014 434 naturam
3041 380 3292 446 optimam
3315 376 3500 429 ducem
3529 385 3646 428 tan-

397 507 498 558 hoc
526 505 719 555 rarius.

467 592 643 659 Regia:
671 585 861 655 laudis]
893 584 1084 637 Laudis
1106 580 1419 635 Tlteodorici
1451 577 1609 644 regis.

466 681 532 734 In
560 678 715 750 circa]
743 679 926 731 Circus
970 675 1150 727 Romae
1199 672 1345 724 locus
1379 668 1475 721 fuit
1520 664 1802 719 admodum
1850 675 1971 728 Spa-

400 777 586 834 Iiosus,
616 782 668 825 et
699 769 867 823 turba:
907 780 1106 832 capax,
1138 760 1440 831 spectandis
1479 758 1615 811 ludis
1648 754 1886 811 idoneus,
1920 753 1969 803 in

404 881 510 933 quo
533 873 585 916 et
617 873 833 914 munera
859 858 998 925 (qua:
1032 852 1248 906 missilia
1274 847 1608 915 dicebantur)
1643 850 1708 897 ab
1731 842 1972 896 aedilibus

401 954 775 1011 consulibusve
804 948 853 1000 iu
889 945 1173 1014 p0pulum,
1205 941 1269 994 ad
1297 941 1411 1008 ejus
1456 939 1684 991 favorem
1718 933 1816 989 sibi
1864 946 1973 985 tua-

401 1048 484 1116 gis
508 1038 889 1096 conciliandum
910 1079 922 1102 ,
953 1031 1358 1101 spargebantur.

475 1127 728 1198 Duorum]
759 1126 1011 1180 Filiorum
1042 1133 1270 1174 tuorum.

473 1215 704 1286 Medius]
750 1214 950 1268 Medius
988 1209 1250 1279 quondam
1297 1207 1444 1258 locus
1500 1202 1596 1254 fuit
1646 1201 1971 1260 honoratus,

400 1314 662 1380 hodieque
705 1308 840 1373 apud
887 1304 1169 1358 nonnullos
1211 1309 1310 1353 est.
1344 1297 1492 1352 Unde
1527 1295 1749 1353 Ovidius
1777 1293 1846 1345 de
1886 1307 1972 1344 se-

399 1405 571 1464 niore,
602 1398 880 1451 Fastorum
920 1394 1013 1445 lib.
1044 1391 1229 1457 quinto
1256 1406 1268 1440 :

522 1488 582 1537 lit
607 1487 798 1533 medius
815 1484 1065 1543 iuvenum,
1095 1492 1187 1526 non
1215 1474 1573 1534 indignantibus
1599 1474 1730 1534 ipsis,

584 1549 688 1595 Ibat
713 1555 764 1594 et
789 1545 1020 1601 anterior,
1047 1543 1088 1589 si
1112 1552 1278 1588 comes
1299 1551 1426 1586 unus
1451 1543 1572 1590 erat.

403 1635 588 1688 Exstat
612 1629 748 1699 apud
777 1627 1116 1697 Spartianum
1147 1626 1294 1678 locus
1327 1619 1574 1675 lladriani
1622 1618 1813 1687 dignus
1857 1631 1973 1670 me-

402 1734 640 1785 moratu,
663 1721 752 1788 qui
781 1733 902 1772 cum
932 1729 1143 1770 servum
1177 1727 1331 1766 suum
1365 1712 1501 1763 inter
1530 1708 1663 1760 duos
1694 1717 1973 1760 senatores

403 1816 634 1870 medium
666 1809 937 1864 ambulare
968 1807 1225 1872 vidisset,
1277 1802 1454 1866 misit,
1484 1800 1574 1869 qui
1607 1799 1652 1852 ei
1695 1799 1974 1866 colaplnnu

405 1906 582 1966 daret,
612 1918 658 1957 et
691 1902 928 1956 diceret:
963 1897 1078 1952 Noli
1121 1897 1258 1948 inter
1289 1908 1382 1947 eos
1411 1890 1706 1954 ambulare,
1751 1903 1975 1957 quorum

405 2007 526 2048 esse
548 1992 719 2046 adhuc
747 1998 897 2056 potes
922 2000 1126 2040 servus.

395 2135 402 2142 .
476 2079 799 2150 Trinmphali
825 2073 1119 2148 largitione]
1163 2073 1439 2143 Magniﬁca
1483 2080 1536 2124 et
1563 2069 1828 2124 consulari
1864 2084 1978 2121 tnu-

409 2185 593 2226 nerum
624 2168 929 2222 donatione.

487 2260 682 2312 Dedisti
727 2257 874 2308 verba
921 2250 1159 2321 fortunie]
1211 2250 1496 2304 Fortunam
1548 2247 1752 2301 blandis
1804 2245 1981 2298 verbis

411 2348 685 2416 decepisti.
721 2346 856 2398 Dare
898 2343 1058 2398 verba
1104 2341 1184 2409 (ut
1215 2341 1372 2408 vulgo
1416 2337 1774 2405 notissimum)
1814 2337 1973 2403 signi-

411 2439 530 2494 ficat
575 2435 839 2502 decipere,
885 2429 1044 2498 idque
1080 2429 1256 2481 verbis
1295 2437 1349 2480 et
1398 2427 1671 2494 promissis
1712 2425 1976 2478 inanibus.

411 2527 659 2580 Martialis
681 2543 695 2576 :

529 2615 612 2663 (lui
642 2614 756 2662 nihil
784 2614 886 2674 ipse
907 2611 1074 2671 dabas,
1104 2611 1144 2657 is
1164 2611 1247 2658 tibi
1273 2611 1420 2656 verba
1443 2607 1596 2655 dedit.

483 2696 551 2750 Ut
581 2713 696 2749 suos
725 2692 952 2760 delicias]
1001 2691 1228 2746 Delicias
1273 2691 1499 2755 alicujus
1527 2688 1777 2752 dicimus,
1804 2689 1890 2757 qui
1933 2687 1981 2740 ei

413 2787 465 2840 in
490 2787 692 2841 delicris
718 2792 818 2838 εει.
846 2782 990 2835 Maro
1015 2783 1066 2834 in
1099 2779 1362 2834 Bucolicis
1387 2797 1399 2828 :

539 2894 821 2942 Formosum
847 2897 1008 2953 pastor
1031 2889 1246 2950 Corydon
1270 2888 1469 2936 ardebat
1495 2885 1670 2934 Alexin

536 2954 744 3003 Delicias
760 2953 963 3000 Domini.

2075 498 2231 549 qtlant
2284 483 2444 531 l'euut
2491 475 2783 543 sequimur,
2811 473 2970 541 eique
3018 483 3283 538 paremus,
3317 481 3345 517 a
3390 479 3491 533 qua
3536 481 3643 518 non

2075 568 2364 621 verisimile
2393 575 2502 628 est,
2534 579 2652 618 cum
2685 570 2893 615 czeterae
2922 568 3101 626 partes
3141 556 3312 607 aetatis
3359 554 3494 607 bene
3523 552 3645 606 des-

2074 659 2257 726 cripta:
2285 658 2408 718 sint,
2436 667 2731 709 extremum
2756 658 2927 704 actmn
2953 659 3198 715 tanquam
3224 646 3291 698 ab
3315 647 3468 696 inerti
3491 636 3646 710 poeta

2073 762 2192 801 esse
2231 745 2552 813 neglectum.
2596 743 2737 796 ldem
2788 743 2837 792 in
2887 739 3116 793 eodem:
3149 736 3277 802 Quae
3322 745 3446 788 sunt
3488 719 3649 802 igitur

2078 838 2368 903 voluptates
2398 848 2677 899 corporum
2709 846 2828 884 cum
2860 826 3192 882 auctoritatis
3229 823 3462 892 praemiis
3491 837 3644 876 com-

2077 927 2322 993 paranda:
2354 924 2544 991 quibus
2573 921 2663 990 qui
2708 917 2984 988 splendide
3019 920 3098 969 usi
3138 924 3289 978 sunt,
3328 914 3363 965 ii
3407 913 3534 965 mihi
3567 911 3648 965 vi-

2076 1015 2266 1067 dentur
2313 1012 2536 1063 fabulam
2568 1008 2740 1062 :etatis
2790 1007 3078 1074 peregisse,
3129 1017 3230 1056 nec
3266 1011 3516 1070 tanquam
3563 999 3646 1052 iu-

2077 1104 2351 1158 exercitati
2385 1102 2669 1154 histriones
2699 1101 2748 1151 in
2777 1108 3018 1150 extremo
3044 1104 3162 1146 actu
3194 1094 3481 1144 corruisse.
3517 1091 3650 1141 Rur-

2076 1208 2166 1245 sus
2208 1194 2259 1244 in
2318 1191 2504 1244 eodem
2543 1204 2556 1240 :
2628 1186 2810 1252 Neque
2860 1182 3000 1236 enim
3049 1179 3293 1233 histrioni
3333 1189 3390 1232 ut
3445 1178 3651 1245 placeat

2078 1283 2372 1351 peragenda
2397 1288 2479 1333 est
2503 1277 2674 1330 fabul:
2697 1271 3053 1328 solummodo.
3075 1269 3130 1322 In
3155 1271 3470 1336 quocunque
3493 1263 3652 1317 fuerit

2076 1381 2226 1434 actu,
2275 1370 2551 1438 probetur.
2605 1365 2711 1417 Nec
2745 1360 2965 1430 sapienti
2991 1371 3158 1424 usque
3201 1356 3266 1408 ad
3307 1352 3538 1422 plaudite
3578 1351 3653 1403 vi-

2077 1461 2326 1515 dendum.
2363 1459 2489 1511 Item
2520 1455 2617 1509 sub
2651 1454 2808 1504 linem
2839 1447 3078 1516 ejusdem
3123 1443 3313 1510 dialogi
3341 1441 3652 1495 :Seuectus

2078 1561 2252 1605 autem
2302 1549 2542 1617 peractio
2591 1534 2893 1598 artatis-e4
2943 1549 3188 1606 tauquam
3238 1532 3456 1597 fabulas,
3501 1529 3652 1598 cujus

2080 1640 2510 1708 defatigationem
2542 1636 2726 1703 fugere
2754 1632 3034 1692 debemus,
3070 1622 3364 1695 praesertim
3405 1621 3651 1689 adjuncta

2081 1728 2344 1782 satietate.

2153 1810 2381 1880 Sttbitns]
2415 1811 2761 1876 Repentinus.

2154 1901 2373 1971 Hospes]
2407 1900 2600 1965 Peregr
2625 1913 2743 1948 nus.

2155 1993 2390 2046 Ullanmc
2421 1987 2654 2041 humanis
2683 1982 2850 2053 rebus]
2881 1985 3296 2048 Argutnenlatur
3326 1978 3392 2030 ab
3422 1991 3487 2030 eo
3511 1975 3654 2043 quod

2080 2093 2162 2138 est
2208 2082 2394 2150 magis.
2446 2078 2614 2132 Homo
2663 2078 2774 2143 ipse
2819 2071 3216 2136 corruptionem
3264 2065 3498 2133 effugere
3539 2079 3647 2138 non

2084 2183 2281 2242 potest,
2304 2186 2423 2224 cum
2449 2183 2592 2236 smpe
2621 2164 2897 2234 repentina
2926 2170 3097 2227 morte
3117 2159 3461 2212 dissolvintur.
3494 2156 3655 2221 Multo

2083 2266 2238 2332 igitur
2269 2265 2442 2314 minus
2472 2260 2631 2313 rebus
2663 2255 2908 2308 humanis
2950 2253 3088 2306 inest
3113 2249 3437 2305 constantia.
3469 2248 3652 2300 llorat.

2083 2357 2132 2406 in
2165 2358 2289 2405 Arte
2317 2353 2522 2420 poetica
2554 2367 2566 2400 :

2207 2466 2454 2512 lieliemttr
2477 2463 2618 2511 morti
2650 2473 2736 2507 nos
2761 2463 3044 2516 nostraque.

2163 2545 2322 2597 Velox
2369 2541 2515 2612 hora]
2565 2541 2725 2594 \‘etus
2774 2547 2857 2592 est
2910 2537 3034 2590 illud
3079 2534 3334 2586 Varronis
3375 2531 3655 2598 adagium,

2086 2635 2256 2688 llomo
2285 2633 2443 2685 bulla.
2477 2633 2700 2684 FauStus
2726 2647 2736 2680 :

2238 2724 2440 2772 Subdila
2462 2724 2557 2770 sint
2581 2728 2719 2770 certo
2744 2718 2961 2767 mortalia
2985 2730 3184 2776 corpora
3209 2717 3322 2763 fato.

2300 2784 2578 2843 Cunctaque
2607 2783 2835 2842 praecipiti
2853 2789 3079 2843 tempora
3106 2780 3232 2843 lluxa
3259 2783 3424 2843 ruunt.

2239 2845 2355 2892 'l‘atn
2381 2836 2517 2890 tumis
2539 2836 2651 2889 huin
2671 2836 2796 2887 tuum
2822 2836 2977 2886 υθιειῖ
2999 2851 3155 2895 genus
3180 2839 3348 2889 interit
3372 2836 3508 2893 hora,

2309 2905 2520 2964 'l‘urgida
2542 2915 2681 2963 quam
2703 2902 2877 2961 pluvias
2900 2900 3026 2946 bulla
3047 2899 3267 2958 liquescit
3289 2909 3443 2956 aquaa.

2088 2987 2219 3054 Quid
2251 2996 2332 3041 est
2362 2987 2554 3039 homo?
2600 2985 2766 3051 inquit
2814 2983 3040 3036 Seneca.
3082 2978 3368 3044 Quodlibet
3407 2989 3657 3044 quassum

736 3051 1197 3165 Ῠῖἷνῗξῗδέῗῗωτ
1219 3053 1261 3104 is
1287 3050 1373 3119 qui
1405 3049 1613 3116 publico
1643 3061 1863 3102 munere
1893 3057 1984 3100 ³⁸η
2013 3106 2055 3165 C
2089 3049 2200 3138 vas,
2233 3086 2284 3129 et
2314 3075 2585 3144 quodlibet
2610 3049 2795 3141 fragile
2820 3072 3040 3139 jactatu.
3067 3068 3202 3134 Quid
3231 3077 3314 3121 est
3343 3066 3537 3119 homo?
3567 3066 3663 3118 im-

419 3148 622 3216 princip
639 3155 708 3198 itu
738 3159 842 3197 non
870 3143 1122 3210 fungitur.
1281 3199 1288 3204 ο

483 3234 745 3289 Calcatum
796 3229 1005 3300 ponere]
1053 3231 1328 3283 Rationem
1381 3231 1535 3282 inire.
1585 3230 1713 3282 Nam
1763 3228 1984 3282 calculis

418 3327 528 3380 fieri
575 3326 710 3379 solet
753 3325 1096 3392 supputatio:
1132 3320 1274 3373 unde
1317 3319 1539 3372 Martiali
1591 3320 1762 3372 dictus
1805 3317 1984 3371 calcu-

418 3419 574 3472 lator.

491 3510 683 3564 Livonti
713 3506 882 3577 oculo]
913 3507 1199 3570 Hactenus,
1230 3504 1427 3572 inquit,
1461 3503 1552 3556 tibi
1585 3503 1713 3555 favit
1745 3501 1984 3564 fortuna,

419 3617 556 3656 nunc
600 3605 828 3671 pr'mum
875 3602 1037 3662 capit
1078 3596 1376 3652 adversari.
1401 3595 1550 3662 Quod
1581 3603 1756 3648 autem
1801 3594 1876 3646 ait
1921 3593 1985 3646 li-

420 3695 561 3746 venti
605 3693 784 3755 oculo,
839 3691 1045 3745 videtur
1076 3687 1310 3741 alludere
1348 3685 1415 3739 ad
1459 3685 1708 3738 mulieres
1749 3684 1864 3736 visu
1911 3683 1989 3736 fa-

420 3788 710 3851 scinantes,
747 3801 865 3855 qua:
907 3785 1212 3838 interimant
1257 3795 1390 3849 quos
1437 3778 1634 3833 diutius
1665 3778 1986 3843 intueantur,

420 3879 586 3932 iratus
617 3878 878 3946 przeeipue
904 3875 1096 3938 oculis,
1127 3872 1266 3942 quod
1295 3885 1477 3925 earum
1508 3870 1703 3922 malum
1734 3868 1989 3922 teueriori

423 3968 561 4020 aetati
597 3967 762 4034 magis
793 3974 966 4019 nocet.
1005 3964 1237 4017 Fortuna
1267 3961 1446 4031 igitttr,
1478 3959 1678 4028 inquit,
1711 3975 1828 4027 quin
1864 3959 1993 4012 huc-

423 4073 588 4127 usque
617 4058 1091 4126 indulgentissima:
1130 4053 1316 4108 matris
1346 4067 1494 4104 more
1537 4059 1588 4103 te
1615 4065 1736 4102 suas
1768 4049 1988 4103 delicias

425 4149 580 4214 fovit,
611 4164 749 4203 nunc
788 4159 837 4202 te
881 4149 1105 4217 primum
1138 4143 1414 4199 fascinavit
1441 4157 1587 4196 more
1620 4142 1882 4195 Africanae
1909 4140 1989 4193 vel

426 4241 645 4313 Illyricae
673 4229 1016 4295 mulierculae.

499 4331 824 4401 Perstrinxit]
851 4331 1039 4392 Laesit,
1070 4325 1337 4395 corrupit,
1371 4325 1592 4379 vitiavit.

501 4421 714 4491 Liventi]
747 4422 958 4493 Minime
983 4418 1228 4480 candido,
1266 4417 1532 4486 pestifero,
1568 4423 1622 4468 et
1665 4413 1859 4467 lividos
1899 4425 1994 4465 va-

431 4529 585 4582 pores
611 4513 891 4568 emitteuti.

502 4602 566 4656 In
594 4603 724 4654 lianc
762 4603 875 4654 vita:
899 4597 1119 4668 scenam]
1151 4597 1389 4666 Elegauti
1430 4591 1737 4661 metaphora
1779 4607 1994 4646 scenam

432 4695 551 4746 vita:
577 4691 734 4755 dixit,
763 4705 881 4744 cum
914 4690 1026 4741 lucc
1053 4688 1122 4741 sit
1150 4686 1338 4739 fabulae
1368 4683 1504 4736 simil
1539 4684 1665 4745 ima,
1700 4697 1821 4748 quae
1861 4681 2002 4733 solet

432 4785 486 4838 in
529 4797 690 4837 scena
720 4781 786 4834 ab
833 4779 1176 4834 histrionibus
1216 4777 1322 4843 agi.
1370 4776 1571 4828 Seneca
1623 4771 1845 4838 epistola
1894 4772 1998 4823 77:

433 4873 708 4942 Quomodo
738 4871 939 4937 fabula,
970 4869 1045 4922 sic
1078 4868 1204 4919 vita.
1238 4866 1348 4919 Non
1379 4878 1536 4933 quam
1567 4860 1686 4926 diu,
1720 4858 1811 4913 sed
1844 4873 2000 4927 quam

436 4966 570 5019 bene
607 4973 720 5018 acta
749 4963 817 5015 sit
844 4961 1028 5015 refert.
1060 4960 1222 5012 Moria
1253 4957 1389 5026 apud
1423 4956 1699 5019 Erasmutn
1735 4952 1786 5004 in
1834 4951 2006 5004 Enco-

435 5057 583 5109 mio:
620 5055 783 5108 Porro
830 5051 1126 5104 mortalium
1173 5049 1275 5100 vita
1325 5045 1498 5099 omnis
1547 5041 1671 5109 quid
1723 5040 1868 5092 aliud
1923 5047 2008 5092 est

435 5157 592 5210 quam
625 5141 796 5194 fabula
828 5138 1088 5205 quatpiam
1109 5177 1124 5200 ,
1167 5137 1218 5189 iu
1253 5148 1352 5202 qua
1382 5131 1472 5186 alii
1512 5130 1631 5182 aliis
1660 5129 1854 5181 obtecti
1888 5143 2006 5195 per-

438 5234 580 5286 sonis
619 5230 943 5300 procedunt,
972 5236 1238 5296 aguntque
1282 5239 1404 5278 suas
1427 5221 1652 5291 quisque
1682 5228 1882 5290 partes,
1914 5219 2013 5272 do-

439 5337 538 5377 nec
582 5321 845 5388 choragus
877 5319 1067 5373 educat
1101 5333 1130 5370 c
1177 5314 1476 5384 proscenio,
1520 5311 1612 5381 (lui
1642 5326 1783 5379 saepe
1835 5318 2008 5362 tamen

438 5415 683 5468 eumdem
716 5413 926 5465 diverso
967 5409 1111 5464 cultu
1163 5407 1376 5475 prodire
1415 5406 1591 5473 jubet,
1624 5412 1681 5454 ut
1723 5403 1810 5470 qui
1853 5400 2010 5453 modo

439 5517 615 5569 regem
647 5508 989 5568 purpuratum
1019 5505 1223 5564 egerat,
1250 5510 1387 5548 nunc
1416 5492 1685 5546 SCI‘\'Ulllﬂl
1715 5503 2009 5553 pannosum

441 5599 605 5657 gerat.
647 5585 968 5641 Adumbrata
1015 5584 1225 5652 quidem
1277 5583 1485 5646 omnia,
1528 5579 1619 5633 sed
1671 5576 1786 5629 lucc
1836 5576 2008 5626 fabula

444 5691 544 5732 non
576 5678 732 5732 aliter
776 5677 966 5744 agitur.
998 5674 1181 5727 Cicero
1215 5672 1265 5725 in
1312 5671 1509 5724 Catone
1556 5664 1778 5720 Maiori:
1826 5663 1878 5715 lu
1913 5663 2012 5714 hoc

2089 3163 2488 3217 becillissimum
2519 3171 2714 3229 corpus
2754 3169 2805 3213 et
2845 3158 3050 3225 fragile,
3086 3157 3283 3209 nudum
3335 3162 3526 3221 suapte
3568 3168 3665 3205 na-

2089 3266 2236 3318 tura,
2273 3257 2495 3318 inerme,
2524 3253 2712 3305 aliena:
2756 3252 2872 3319 opis
2912 3249 3176 3317 indigens,
3206 3247 3268 3299 ad
3301 3260 3514 3300 omnem
3558 3244 3667 3298 for-

2089 3358 2230 3400 tuna:
2260 3345 2631 3399 contumeliam
2664 3344 2988 3411 projectum,
3023 3339 3229 3404 frigoiis
3259 3347 3342 3391 est
3381 3347 3436 3388 et
3462 3337 3664 3389 laboris

2091 3438 2389 3505 impatiens,
2419 3451 2483 3489 ex
2515 3435 2738 3488 infirmis
2765 3432 3044 3499 lluidisque
3068 3426 3564 3484 contextum.0dor
3591 3425 3668 3479 ilvi

2091 3543 2378 3596 saporque,
2422 3535 2477 3579 et
2518 3523 2795 3588 lassitudo,
2827 3531 2880 3576 et
2921 3521 3120 3589 vigilia,
3158 3520 3371 3582 humor,
3401 3527 3453 3570 et
3491 3516 3665 3578 cibus,

2091 3623 2206 3674 siue
2231 3620 2424 3688 quibus
2457 3619 2638 3672 vivere
2668 3631 2772 3670 non
2806 3624 3011 3684 potest,
3045 3611 3324 3666 mortifera
3357 3619 3495 3664 sunt.
3527 3610 3670 3674 Quo-

2091 3725 2301 3779 cunque
2331 3725 2388 3764 se
2432 3720 2637 3769 movet,
2680 3706 3002 3760 infirmitatis
3045 3719 3155 3758 suae
3202 3705 3380 3757 statim
3423 3702 3671 3754 conscius

2093 3799 2418 3853 tenuissimis
2449 3799 2622 3852 causis
2665 3806 2824 3864 atque
2864 3793 3248 3847 offensionibus
3293 3790 3567 3844 morbidus
3607 3803 3670 3842 ac

2093 3890 2284 3959 putris.
2328 3887 2515 3942 Merito
2564 3888 2742 3954 itaque
2780 3883 2974 3938 cecinit
3013 3880 3439 3949 sapientiSsimus
3485 3886 3669 3945 poeta-

2097 3996 2211 4033 I'INII
2241 3995 2256 4031 ζ

2221 4087 2340 4136 Tale
2365 4087 2559 4147 quidem
2586 4098 2744 4147 genus
2767 4090 2840 4132 est
2864 4085 3134 4143 hominum,
3161 4080 3306 4142 quale
3331 4086 3406 4127 est
3427 4073 3664 4127 foliorum.

2170 4189 2447 4261 Fortuitis]
2492 4189 2652 4242 Bonis
2693 4187 2938 4241 fortunae.
2969 4185 3208 4238 Valerius
3253 4184 3510 4237 Maximus
3545 4181 3677 4234 libro

2097 4291 2249 4337 sexto
2284 4324 2298 4349 ,
2337 4281 2546 4335 Caduca
2605 4280 2822 4332 nimium
2901 4285 2963 4330 et
3011 4276 3213 4344 fragilia
3282 4272 3676 4343 puerilibusth

2100 4378 2453 4423 consentanea
2481 4368 2712 4436 crepidis
2743 4377 2868 4420 sunt
2895 4367 3022 4429 ista,
3050 4380 3165 4431 qua!
3199 4365 3337 4415 vires
3365 4372 3520 4427 atque
3547 4376 3677 4428 opes

2026 4468 2079 4527 1)
2105 4460 2348 4514 humana:
2367 4472 2642 4512 vocantur.
2679 4457 2915 4509 Aflluunt
2941 4458 3136 4517 subito,
3173 4460 3390 4519 repente
3432 4451 3678 4503 dilabun-

2105 4560 2208 4615 tur,
2242 4550 2466 4602 nulloin
2515 4549 2654 4610 loco,
2689 4547 2826 4597 nulli
2874 4546 2926 4599 in
2960 4559 3182 4612 perstiua
3226 4541 3504 4592 stabilibus
3551 4540 3676 4590 nixa

2103 4642 2372 4694 radicibus
2399 4639 2724 4697 consistunt,
2754 4636 2845 4688 sed
2880 4634 3236 4688 incertissimo
3282 4633 3404 4682 flatu
3439 4629 3679 4679 fortuna:

2108 4734 2210 4785 huc
2251 4741 2408 4797 atque
2436 4730 2559 4782 illuc
2603 4740 2750 4790 acta,
2783 4743 2914 4795 quos
2957 4725 3071 4777 subl
3098 4738 3182 4775 me
3210 4721 3550 4778 extulerunt,
3582 4721 3679 4768 im-

2110 4820 2317 4884 proviso
2343 4833 2559 4870 recursu
2587 4817 2873 4869 destitutos
2904 4814 2954 4866 in
2983 4810 3243 4878 profundo
3273 4808 3500 4861 cladium
3531 4808 3684 4858 mise-

2095 4912 2343 4978 rabiliter
2372 4910 2708 4977 immergunt.
2737 4906 3111 4974 Itaqueineque
3139 4903 3335 4956 debent
3366 4901 3682 4959 existimari,

2111 5016 2280 5070 neque
2301 5001 2403 5053 dici
2439 4999 2571 5052 bona
2592 5040 2605 5058 ,
2637 5014 2754 5066 qua:
2788 4997 3108 5050 inllictorum
3143 4994 3401 5046 malorum
3433 4992 3684 5043 amaritu-

2107 5094 2283 5146 dinem
2312 5090 2580 5144 desiderio
2608 5089 2686 5141 sui
2715 5087 3008 5155 duplicant.

2187 5183 2406 5247 Ultimus
2447 5190 2614 5232 tamen
2642 5179 2755 5230 vita:
2785 5177 2892 5229 dies
2931 5191 3064 5228 mors
3090 5175 3323 5240 qntrdam
3368 5173 3588 5240 fortuna:
3617 5179 3687 5221 cst

2109 5277 2261 5325 etiam
2287 5267 2554 5337 manentis]
2583 5265 2669 5320 Sic
2701 5281 2923 5335 prosper
2949 5265 2999 5317 in
3027 5263 3422 5332 epigrammatis
3447 5278 3460 5313 :

2264 5363 2500 5412 Terrenis
2523 5363 2694 5422 opibus
2715 5373 2822 5406 cum
2847 5360 2984 5422 dives
3004 5357 3425 5422 gaudctiniqutts,

2339 5425 2478 5471 Vcris
2500 5419 2568 5469 se‘
2580 5425 2812 5469 miserum
2839 5421 2991 5466 nescit
3017 5431 3170 5478 egere
3194 5419 3346 5463 bonis.

2275 5485 2392 5533 Nam
2417 5485 2534 5544 quid
2561 5488 2650 5530 erit
2671 5485 2798 5542 quod
2824 5495 2915 5526 non
2939 5476 3183 5544 momento
3209 5476 3440 5536 temporis
3459 5485 3554 5520 uno

2335 5541 2555 5592 Perdere
2581 5541 2817 5590 mundana
2841 5541 3114 5587 conditione
3139 5545 3311 5597 queat,

2275 5607 2388 5652 Cum
2417 5606 2548 5661 licet,
2569 5605 2784 5650 adversis
2809 5602 3126 5661 cessantibus,
3152 5601 3310 5661 omnia
3339 5603 3555 5661 pareant,

2344 5668 2477 5726 Lege
2499 5657 2656 5719 tamen
2683 5665 2850 5710 mortis
2865 5663 2926 5710 sit
2946 5660 3191 5708 faciendus
3214 5660 3350 5719 inops
3363 5657 3388 5704 ?
