4216 6256
614 244 719 298 965

1147 355 1212 408 ΙΝ
1252 355 1539 408 METRUM
1580 353 1664 407 Ill.

683 447 909 501 Carmen
949 445 1312 509 est.dicolon,
1343 453 1598 498 constans
1630 444 1900 511 Sapphico
1924 455 1975 497 et
2003 445 2195 516 Glyco-

618 539 757 600 nico,
776 553 886 606 quo
906 539 1038 591 satis
1058 536 1332 609 evidenter
1359 536 1661 588 Ostenditur
1705 551 1810 589 non
1838 536 2010 588 solum
2037 537 2194 588 rebus

616 628 860 682 humanis
907 627 1103 680 nullam
1140 626 1316 680 inesse
1343 625 1726 690 constantiam,
1754 634 1813 678 ut
1839 624 1947 693 jam
1993 625 2194 678 dictum

612 730 726 782 est,
756 717 851 772 sed
879 717 1010 772 nihil
1039 717 1150 771 fere
1193 719 1244 771 in
1278 719 1380 771 hoc
1425 717 1627 772 mundo
1658 731 1779 771 esse
1826 717 2188 783 inunutabile,

610 824 732 862 cum
789 822 947 862 omne
997 807 1050 860 id
1084 807 1238 876 quod
1285 806 1357 861 sit
1418 794 1654 876 genitum
1715 820 1942 862 necesse
1984 805 2054 860 sit
2093 807 2192 859 ali-

608 899 824 970 quando
851 900 1146 968 corrumpi.

679 989 919 1061 Phaebus]
949 990 1060 1044 Sol.

681 1079 886 1151 Rosci]
915 1080 1270 1134 Rubicundis.

682 1169 950 1240 Hebetata]
984 1171 1150 1238 Majas
1175 1171 1316 1224 enim
1347 1171 1526 1224 lumen
1542 1170 1778 1225 oil‘uscat
1801 1172 1974 1225 minus
2000 1189 2012 1222 :
2046 1171 2188 1225 unde

608 1271 666 1316 et
688 1247 946 1315 Ovidius:
1043 1273 1045 1275 ‘
1162 1330 1165 1331 ν

601 1364 604 1365 '
793 1351 915 1401 Ecce
940 1351 1057 1411 vigil
1081 1341 1230 1399 nitido
1250 1351 1481 1412 pitefecit
1501 1352 1562 1398 ab
1588 1360 1698 1400 ortu

694 1413 975 1474 Purpureas
997 1425 1166 1460 aurora
1188 1413 1333 1464 fares.
1357 1420 1406 1460 et
1433 1415 1574 1473 plena
1595 1426 1812 1461 rosarum

694 1473 848 1535 Atria,
875 1473 1127 1533 diifugiunt
1150 1473 1328 1532 stellae,
1363 1486 1568 1533 quarum
1590 1476 1782 1533 agmina
1810 1475 1940 1533 cogit

694 1534 913 1594 Lucifer,
941 1544 990 1583 et
1014 1535 1123 1582 coeli
1149 1536 1356 1582 statione
1381 1535 1665 1583 novissimus
1690 1536 1816 1582 exit.

671 1614 944 1684 Flaminis]
977 1615 1361 1682 Splentloribus
1387 1617 1536 1668 solis.

671 1704 1040 1774 Premeutibus]
1069 1705 1484 1759 Obscurantibus
1509 1690 1713 1759 Stellas.

668 1795 864 1866 Spirat]
899 1799 1055 1851 Deest
1076 1799 1138 1850 si.

666 1883 935 1952 Insanum]
971 1885 1332 1953 Insalubriter,
1365 1902 1560 1941 nomen
1595 1903 1688 1954 pro
1718 1887 1996 1941 adverbio.

667 1975 956 2029 Nebulosus
997 1978 1187 2046 auster]
1222 1977 1316 2030 llic
1347 1987 1539 2030 ventus
1566 1987 1646 2030 est
1677 1976 1810 2029 iIans
1855 1992 1883 2028 a
1930 1975 2174 2039 meridie,

597 2066 880 2120 nebulosus
909 2075 1065 2134 atque
1095 2068 1401 2129 lmmectus;
1434 2067 1575 2120 unde
1604 2077 1658 2119 et
1685 2084 1713 2118 a
1745 2066 1949 2120 Grascis
1981 2067 2178 2120 dicitur

598 2159 761 2224 soror,
791 2157 858 2209 ab
897 2171 961 2209 eo
987 2157 1127 2225 quod
1156 2168 1240 2210 est
1265 2158 1424 2218 νότις,
1469 2156 1782 2219 humiditas,
1831 2161 2044 2223 humer,
2077 2158 2175 2210 La-

597 2247 710 2299 tine
737 2256 936 2309 auster,
961 2245 1102 2312 quod
1126 2260 1282 2298 aures
1311 2253 1514 2299 sternat
1539 2246 1878 2313 hebetatque,
1904 2246 1986 2299 vel
2017 2249 2174 2298 haus-

595 2343 696 2399 ter,
727 2334 794 2386 ab
824 2333 1134 2386 bauriendis
1178 2332 1350 2401 aquis.
1396 2332 1468 2386 De
1518 2335 1618 2386 hoc
1664 2331 1947 2387 Cornelius
1990 2334 2174 2388 Celsus

593 2423 728 2479 libro
758 2424 1035 2478 Medicina:
1080 2421 1342 2484 secundo,
1372 2424 1548 2490 capite
1596 2425 1806 2493 primo:
1841 2425 2039 2478 Auster
2078 2440 2174 2477 an-

593 2527 680 2568 res
720 2513 960 2578 hebetat,
991 2529 1181 2567 sensus
1225 2513 1428 2578 tardat,
1465 2513 1656 2580 capitis
1687 2513 1904 2568 dolores
1957 2525 2172 2577 movet,

590 2607 764 2660 alvum
797 2607 988 2669 solvit,
1022 2614 1188 2659 totum
1216 2620 1415 2674 corpus
1443 2606 1610 2660 ciiicit
1639 2605 1828 2671 hebes,
1858 2606 2133 2662 humidum
2154 2649 2168 2671 ,

590 2695 914 2763 languidum.
947 2694 1197 2748 Horatius
1228 2696 1280 2748 in
1308 2695 1662 2749 Sermonibus
1688 2712 1702 2748 :

683 2784 788 2833 Nec
809 2786 930 2833 mala
951 2800 1031 2834 me
1055 2787 1253 2834 ambitio
1278 2787 1457 2848 perdit,
1482 2799 1573 2834 uec
1594 2786 1850 2847 plumbeus
1873 2797 2057 2836 auster.

589 2867 807 2922 Ovidius
836 2869 889 2921 in
917 2869 1146 2936 septimo
1179 2869 1705 2937 Metamorphoseos:

679 2958 918 3008 Lzetiferis
929 2961 1068 3008 calidi
1089 2963 1332 3022 spirarunt
1352 2963 1551 3010 restibus
1573 2963 1721 3010 austri

659 3041 845 3111 Decus]
881 3043 1140 3097 iiosarum
1177 3045 1518 3111 pulchritudo
1541 3055 1600 3098 et
1626 3055 2022 3098 ornamentum.

657 3131 958 3202 Tranquillo
984 3133 1181 3204 sereno]
1210 3136 1522 3204 Tranquilla
1547 3139 1857 3190 serenitate.

656 3224 913 3294 lmmotis]
943 3225 1056 3278 Non
1091 3227 1271 3281 motis.

656 3315 869 3385 Aquilo]
925 3318 1123 3372 Ventus
1163 3329 1246 3372 est
1289 3321 1357 3373 ab
1405 3321 1708 3388 impetuoso
1755 3323 1945 3389 aquilae
1991 3323 2168 3374 volatu

584 3407 910 3470 nominatus,
951 3409 1384 3474 septentrionalis
1420 3412 1635 3478 quidem
1661 3424 1714 3466 et
1762 3412 2164 3481 frigidissimus,

583 3511 740 3565 quem
771 3496 942 3550 Grmci
968 3499 1153 3573 βορέαν
1181 3500 1468 3566 appellant.

653 3585 945 3657 Ferventes]
974 3587 1308 3642 £stuaiites.

656 3675 838 3747 Versa]
870 3677 1159 3743 Subverso,
1190 3678 1392 3742 diruto,
1427 3680 1720 3748 exagitata.

650 3767 904 3840 Equore]
933 3769 1203 3839 Aquarum
1231 3769 1472 3837 planitie.
1498 3769 1704 3837 quuor
1729 3773 1870 3824 enim
1895 3771 1961 3823 ab
1985 3785 2163 3838 aliqua

584 3861 731 3917 litate
761 3862 958 3916 dictum
992 3877 1110 3916 esse
1135 3869 1363 3916 constat.

652 3954 793 4008 Rara
836 3955 880 4006 si
926 3962 1120 4006 constat
1164 3970 1254 4006 sua
1304 3954 1470 4022 [arma
1513 3952 1732 4025 mundo]
1773 3960 2158 4024 Argumentum

578 4045 782 4115 profert
807 4044 875 4097 ab
903 4059 969 4100 eo
1010 4047 1151 4112 quod
1203 4045 1371 4114 magis
1408 4055 1508 4099 est.
1558 4046 1724 4114 Magis
1767 4047 1912 4101 enim
1961 4049 2159 4102 mundo

488 4188 498 4196 ,
580 4135 787 4190 videtur
817 4133 995 4188 inesse
1027 4136 1353 4197 Constantia,
1383 4146 1436 4188 et
1470 4145 1760 4204 perpetuus
1789 4148 1960 4200 tenor,
1996 4154 2154 4204 quam

576 4225 738 4279 rebus
788 4215 1089 4277 mortalium
1143 4227 1364 4278 fortuna:
1415 4227 1805 4296 mutationique
1854 4231 2152 4296 ~uhjectis:

573 4317 668 4371 sed
703 4316 921 4382 mundo,
950 4329 1005 4368 nt
1037 4332 1097 4368 ex
1133 4317 1543 4385 particularibns
1579 4322 1840 4388 exemplis
1870 4321 2154 4375 collectum

573 4419 684 4472 cst,
725 4424 831 4462 non
878 4410 1017 4462 inest
1055 4423 1267 4476 semper
1311 4409 1498 4462 eadem
1549 4409 1742 4476 iacies,
1792 4421 2154 4479 perpetuaque
2189 4429 2238 4484 ι)

571 4503 889 4556 constantia.
919 4501 1084 4554 Multo
1111 4502 1269 4571 igitur
1295 4502 1470 4555 minus
1512 4503 1814 4555 mirandum
1845 4512 1956 4568 est,
1989 4503 2035 4556 si
2067 4519 2152 4557 res

572 4590 816 4645 humana:
843 4606 1062 4645 casuum
1096 4593 1406 4646 varietatem
1437 4593 1688 4662 vicesque
1716 4594 1996 4662 recipiant.

641 4679 823 4751 Crede]
855 4680 1025 4734 lronia
1067 4691 1181 4744 est,
1219 4684 1369 4750 quasi
1413 4684 1444 4736 d
1469 4694 1594 4756 cat:
1633 4686 1850 4739 Minime
1895 4685 1988 4738 tibi
2037 4700 2154 4739 cre.

569 4771 802 4825 dendum
829 4779 929 4825 est.
961 4772 1049 4825 Sic
1077 4781 1228 4840 poeta
1254 4786 1269 4823 :

724 4864 742 4912 I
771 4875 915 4921 nunc,
944 4871 995 4912 et
1021 4864 1182 4912 verbis
1207 4865 1434 4914 virtutem
1458 4863 1605 4912 illude
1629 4866 1870 4926 superbis.

573 4944 636 4997 Iit
663 4944 909 4997 lloratius
936 4961 951 4999 :

729 5035 757 5086 Ι⁴
776 5047 901 5083 nunc
928 5044 979 5083 et
1004 5047 1173 5083 versus
1195 5041 1355 5083 tecmn
1372 5035 1611 5083 meditare
1633 5048 1850 5084 canoros.

641 5116 816 5187 Bonis]
847 5119 1055 5172 Iambus
1078 5128 1192 5182 est,
1241 5134 1361 5172 nam
1392 5119 1530 5172 sicut
1568 5119 1924 5174 Terentianus
1954 5121 2113 5175 docet
2133 5163 2146 5185 ,

567 5205 889 5278 Glyconicus
915 5221 1100 5261 versus
1135 5207 1587 5276 quemadmodum
1615 5219 1669 5263 et
1698 5209 2017 5273 Phalaecius,
2052 5227 2148 5280 pro

565 5301 806 5366 spondeo
851 5299 1009 5352 modo
1055 5298 1318 5363 iambum,
1354 5299 1514 5352 modo
1555 5299 1844 5355 trochaeum
1893 5302 2145 5357 admittit.

565 5391 834 5458 Septimus
861 5409 872 5442 :

812 5483 1047 5542 (ieritqtte
1077 5483 1204 5529 intus
1224 5483 1268 5528 in
1289 5480 1513 5542 oppidum

815 5545 1026 5593 Auhclos
1053 5544 1248 5604 Panope
1274 5555 1478 5603 greges.

565 5621 710 5680 Idem
736 5645 749 5680 z

1256 243 1599 298 APPENDIX
1637 242 1730 297 AD
1770 242 2011 296 LIBROS
2058 242 2143 295 DE
2183 240 2698 296 CONSOLATIONE
2740 239 3232 296 PHILOSOPHUS.

2210 1714 2257 1770 Β

3779 242 3882 299 965

2549 350 2783 410 Purpura;
2807 349 2959 410 leguli
2983 362 3155 408 senes,

2548 411 2682 458 Intus
2703 410 2783 458 hic
2808 412 2888 459 ubi
2912 412 3146 459 tonsitum
3173 417 3264 458 est.

2298 491 2546 545 lloratius
2572 492 2624 545 in
2647 493 2773 546 Odis
2799 510 2812 544 :

2548 583 2682 642 ignis
2701 581 2871 632 Iliacas
2889 583 3075 630 domos.

2297 660 2537 716 Catullus
2564 680 2576 714 :

2543 751 2705 800 Dianze
2730 766 2897 804 sumus
2929 755 2976 801 in
3000 754 3094 802 ﬁde

2538 814 2721 863 Puellae
2745 824 2797 864 et
2825 817 2967 875 pueri
2994 817 3188 876 integri.

2294 877 2436 947 Μνῖη
2462 913 2476 948 :

2538 988 2751 1037 Metiens
2773 991 2866 1038 iter
2888 1000 3063 1036 annum

2541 1048 2744 1111 Rustica
2764 1051 2990 1111 agricola:
3014 1052 3154 1097 bonis

2537 1111 2690 1160 'l‘ecta
2725 1110 2950 1173 frugibus
2974 1111 3192 1171 expleas.

2370 1186 2576 1246 Cons'at
2607 1192 2814 1275 wteiLna]
2860 1192 3086 1246 I’uichra
3134 1190 3525 1262 verissimaque
3570 1195 3869 1260 conclusio,

2290 1304 2390 1357 qua
2438 1285 2739 1340 ostenditur
2783 1299 2941 1336 omne
2968 1282 3019 1335 id
3050 1283 3190 1349 quod
3228 1283 3465 1351 genitum
3510 1297 3589 1338 est
3645 1301 3871 1354 θοι-ηψπ

2291 1379 2420 1432 tioni
2457 1392 2576 1430 esse
2616 1374 2936 1429 obnoxium.
2963 1373 3307 1428 AriStotelem
3353 1377 3402 1428 in
3435 1377 3606 1443 primo
3632 1378 3699 1431 de
3720 1376 3870 1432 CtBIO

2288 1480 2340 1522 et
2371 1467 2563 1519 Mundo
2589 1484 2601 1518 :
2635 1465 2884 1519 Genitum
2911 1464 3052 1517 enim
3077 1472 3131 1517 et
3159 1465 3510 1533 corruptibile
3533 1481 3654 1520 sese
3687 1477 3869 1522 mutuo

2287 1568 2709 1628 consequuntur.
2753 1558 2959 1612 Seneca
3003 1557 3229 1623 cpistola
3261 1556 3374 1611 88:
3417 1557 3514 1611 Cui
3555 1559 3701 1612 nasci
3741 1574 3869 1614 cono

2288 1654 2433 1721 tigit,
2482 1651 2618 1704 mori
2659 1658 2847 1704 restat.
2890 1649 3036 1702 Idem
3065 1647 3229 1701 alibi:
3277 1649 3381 1702 Lex
3426 1650 3564 1704 utilis
3598 1660 3712 1716 est,
3750 1668 3869 1722 quae

2279 1747 2427 1814 jubet
2452 1745 2597 1800 nasci
2619 1755 2673 1798 et
2701 1745 2857 1796 mori.

2351 1834 2583 1905 Constat]
2615 1833 2832 1890 Certum
2860 1840 2911 1887 et
2939 1831 3172 1897 ﬁrmum,
3205 1833 3303 1886 hoc
3331 1842 3444 1898 est,
3477 1844 3533 1884 ut
3561 1833 3690 1886 nihil
3719 1836 3866 1902 geni-

2283 1940 2390 1982 nnn
2425 1937 2656 1990 constet,
2689 1927 2738 1979 id
2769 1935 2853 1980 est
2885 1934 3138 1993 perpetuo
3166 1927 3319 1978 duret
3348 1933 3508 1993 atque
3531 1935 3863 1992 permaneat.

2281 2021 2633 2072 Maximianus
2668 2034 2682 2070 :

2431 2110 2573 2158 Ortus
2600 2113 2771 2155 cuncta
2795 2119 2910 2153 suos
2929 2112 3177 2166 repetunt,
3204 2112 3513 2165 matremque
3527 2107 3801 2165 requirunt.

2282 2191 2518 2258 Baptista
2551 2189 2868 2242 Mantuanus
2893 2204 2908 2241 :

2434 2281 2589 2339 Unda,
2611 2279 2787 2339 solum,
2813 2287 3044 2340 pereunt.
3067 2267 3201 2335 perit
3221 2277 3446 2324 humidus
3465 2277 3640 2336 :rthrr,
3663 2285 3716 2324 et
3739 2278 3862 2338 ignis

2496 2342 2703 2399 Occidit,
2733 2348 2785 2388 et
2815 2340 3049 2400 quidquid
3073 2348 3276 2398 quatuor
3305 2340 3613 2386 ista‘creant.

2809 2421 2870 2475 IN
2921 2421 3194 2476 PitOSAlil
3245 2420 3334 2473 iV.
3526 2492 3530 2495 ι

2350 2514 2628 2583 Superiori
2661 2527 2817 2582 prosa
2849 2512 3033 2566 Boetio
3070 2511 3411 2580 Philosophia
3466 2511 3674 2579 quantis
3697 2527 3726 2562 a
3769 2525 3861 2563 or-

2279 2615 2404 2658 tuna
2439 2603 2594 2658 bonis
2623 2602 2877 2671 praaditus
2904 2611 3197 2670 auctusque
3217 2602 3399 2654 luisset
3442 2600 3670 2654 ostendit
3697 2617 3708 2652 ;
3732 2613 3860 2668 quo-

2279 2709 2397 2748 rum
2420 2693 2680 2746 relatione
2711 2691 2863 2745 facile
2892 2690 3135 2759 probavit
3179 2692 3327 2759 plura
3359 2691 3408 2744 ei
3437 2689 3701 2743 fortunam
3732 2706 3860 2743 con-

2279 2787 2462 2840 tulisse
2487 2799 2644 2854 quam
2680 2780 2984 2838 abstulisse.
3014 2781 3165 2835 Nunc
3194 2791 3370 2833 autem
3420 2780 3578 2833 docet
3610 2789 3751 2832 tanta
3781 2779 3858 2834 illi

2278 2891 2563 2945 superesse
2596 2875 2756 2940 bona,
2783 2887 2839 2926 ut
2871 2875 2916 2927 si
2944 2887 3043 2942 qua
3071 2874 3139 2924 sit
3172 2873 3222 2924 in
3251 2873 3473 2924 fortuna:
3506 2871 3664 2923 rebus
3695 2869 3858 2922 felici-

2281 2980 2383 3033 tas,
2414 2968 2648 3022 nondum
2667 2981 2784 3020 eam
2809 2966 3102 3035 perdidisse
3125 2963 3383 3018 videatur.
3414 2962 3614 3014 Deinde
3638 2959 3857 3014 familia-

2198 3071 2243 3130 C
2277 3064 2404 3116 riter
2453 3063 2621 3114 virum
2667 3057 3042 3128 reprehendit,
3078 3057 3235 3110 nimis
3276 3056 3457 3109 animo
3486 3054 3856 3108 conturbatum

2273 3159 2342 3212 ob
2372 3169 2580 3227 partem
2609 3156 2867 3210 bonorum
2895 3157 3145 3207 amissam
3169 3195 3183 3216 ,
3209 3166 3327 3204 cum
3360 3149 3666 3202 mortalium
3701 3161 3857 3200 nemo

2272 3249 2340 3303 sit
2372 3249 2517 3302 omni
2544 3263 2605 3300 ex
2636 3255 2787 3314 parte
2820 3244 3140 3297 fortunatus.
3175 3242 3362 3295 Postea
3387 3240 3545 3294 docet
3568 3252 3752 3292 veram
3781 3237 3855 3289 ie-

2273 3338 2523 3391 licitatein
2549 3337 2600 3388 in
2627 3340 2849 3387 iortunre
2874 3332 3024 3387 bonis
3043 3323 3267 3384 minime
3289 3331 3601 3384 consistere.
3631 3326 3856 3379 Proinde

2273 3425 2653 3480 beatitudinem
2683 3423 2951 3490 expetenti
2976 3420 3118 3474 nulla
3151 3421 3358 3473 ratione
3394 3433 3513 3471 esse
3537 3416 3850 3477 dolendum,

2267 3515 2409 3584 quod
2451 3514 2692 3568 amiserit
2723 3525 2785 3564 ea
2808 3526 2926 3579 quae
2955 3525 3082 3566 vere
3109 3509 3322 3565 beatum
3351 3508 3565 3562 eﬂicere
3589 3519 3694 3560 non
3727 3517 3853 3573 pos-

2268 3618 2417 3659 SUIII.

2342 3692 2693 3763 Recolentem]
2718 3693 3192 3755 eriniscentem,
3217 3700 3266 3744 et
3289 3689 3470 3742 animo
3498 3694 3849 3756 repetentem.

2337 3785 2546 3856 Coquit]
2571 3787 2754 3854 Angit.
2782 3783 3014 3838 Ennius:

2886 3872 3119 3922 Curamve
3142 3870 3353 3930 levas'so,

2399 3939 2516 3996 Quae
2542 3950 2669 3984 nunc
2693 3944 2743 3984 te
2767 3937 2949 3996 coquit.

2336 4021 2743 4088 lnfelicissimum
2791 4035 2948 4090 genus
2996 4029 3065 4070 est
3100 4016 3368 4084 infortunii
3399 4016 3555 4085 [uisse
3599 4014 3797 4082 felicem
3822 4067 3842 4081 ⁴

2266 4113 2483 4166 Plautus
2513 4112 2564 4165 in
2594 4111 2927 4165 Rudentibus
2955 4126 2966 4160 :

2449 4201 2676 4250 Miserum
2697 4202 2821 4248 istuc
2842 4200 3045 4247 verbum
3069 4205 3121 4245 et
3143 4198 3405 4258 pessimum
3431 4203 3524 4253 est,

2448 4262 2708 4324 Habuisse,
2733 4269 2786 4310 et
2809 4259 2929 4308 nihil
2956 4259 3156 4306 habere.

2264 4346 2646 4398 Maximianus:

2387 4455 2517 4502 Dura
2542 4456 2659 4502 satis
2680 4454 2875 4502 miseris
2898 4453 3180 4501 memoratio
3207 4454 3362 4511 prisca
3390 4451 3645 4508 bonorum,

2453 4516 2508 4565 Et
2531 4517 2723 4576 gravius
2745 4527 2931 4562 summo
2956 4515 3168 4562 culmine
3194 4521 3350 4559 mersa
3372 4519 3533 4558 ruunt.

2333 4619 2501 4688 Igitur
2521 4617 2598 4689 si]
2630 4618 2924 4672 Memorare
2957 4617 3138 4684 incipit
3174 4615 3309 4668 bona
3339 4614 3522 4666 Boetio
3549 4624 3844 4665 ιτιιειιιιιιιιιιι

2260 4719 2484 4785 rcﬁqua.

2333 4806 2608 4877 Divinitus]
2637 4811 2675 4861 Α
2712 4808 2839 4865 Deo.

2328 4900 2501 4971 Atqui]
2539 4901 2664 4952 Sed.

2331 4991 2630 5060 Incolumis]
2661 4992 2874 5045 Salvus.

2327 5084 2661 5153 Symmachus
2685 5081 2846 5149 socer]
2883 5081 2977 5134 Hic
3002 5082 3150 5133 locus
3179 5078 3411 5134 dilucide
3440 5078 3678 5132 ostendit
3710 5075 3842 5127 Bue-

2256 5177 2386 5228 tium
2411 5175 2683 5243 aliquanto
2713 5188 2762 5240 pi
2779 5175 2858 5226 ius
2882 5173 2934 5224 in
2959 5171 3200 5226 exsilium
3225 5170 3390 5225 fuisse
3409 5169 3628 5223 missum
3677 5181 3843 5236 quam

2253 5267 2604 5338 Symmachus
2656 5264 2773 5332 ejus
2803 5279 2959 5318 socer
3010 5262 3171 5318 fuerit
3211 5272 3422 5329 captus,
3464 5270 3519 5314 et
3546 5261 3596 5312 in
3629 5257 3841 5310 vincula

2257 5358 2527 5425 conjectus
2556 5371 2660 5423 quo
2695 5366 2933 5420 tempore
2959 5352 3262 5420 composuit
3285 5351 3386 5404 hoc
3413 5349 3650 5403 divinum
3679 5361 3840 5415 opus.

2260 5449 2376 5502 Fuit
2405 5459 2579 5500 autem
2604 5447 2689 5499 ltic
2707 5445 3060 5514 Symmachus
3079 5446 3158 5496 vir
3185 5443 3589 5504 disertissimus,
3618 5451 3672 5493 et
3695 5453 3842 5492 sum-

2257 5541 2356 5594 tnis
2385 5548 2602 5592 ornatus
2635 5527 2949 5599 virtutibus,
2981 5537 3071 5605 qui
3116 5537 3300 5590 Boetio
3349 5546 3497 5601 patre
3524 5535 3736 5597 orbato,
3769 5531 3841 5584 ob

2255 5629 2370 5698 ejus
2391 5641 2654 5682 summum
2687 5626 2958 5697 ingenium
2992 5637 3044 5680 et
3071 5625 3326 5694 optimam
3357 5623 3616 5684 indolem,
3657 5622 3835 5674 llusti-
