4216 6256
354 332 458 423 sos

1530 352 1900 410 MURMELLII
1947 347 2462 405 COMMENTARIA.

3513 339 3614 392 966

351 481 559 533 ciauam
589 494 741 532 suam
764 479 926 531 filiam
959 493 1180 532 uxorem
1212 475 1382 530 dedit.
1417 475 1496 527 Ad
1526 475 1666 528 hunc
1691 472 1931 542 Symma-
1961 472 2011 530 Α
2038 467 2089 520 in
2121 467 2355 521 secundo
2382 463 2762 531 Georgicorum
2792 478 2803 511 :

351 569 510 622 chmn
560 567 922 636 compluscula
967 568 1256 620 etiamnum
1304 571 1519 618 exstant
1547 561 1712 616 Boetii
1764 560 1932 613 nostri

351 659 572 742 scripta.
595 656 887 711 Tollendus
905 665 986 709 est
1012 664 1187 709 autem
1218 654 1503 707 multorum
1522 650 1743 719 insignis
1762 663 1930 712 error,

352 749 685 819 opinantium
719 747 876 816 hujus
905 745 1212 816 Symmachi
1236 759 1356 797 esse
1392 743 1668 810 epistolas,
1697 749 1815 808 quae
1837 753 1930 792 ex-

351 851 500 898 stant
541 844 732 897 breves
774 840 987 910 quidem
1020 850 1073 893 et
1101 839 1392 905 elegantes,
1425 835 1518 888 sed
1547 833 1614 885 ab
1645 833 1808 898 impio
1841 832 1938 885 ho-

355 935 502 988 mine
528 944 581 988 et
601 932 1022 986 Christianorum
1041 930 1257 983 inimico
1279 931 1617 992 conscriptae.
1643 922 1764 977 Fuit
1791 919 1933 976 enim

356 1024 497 1078 alter
522 1022 876 1092 Symmachus
904 1030 1107 1085 orator,
1136 1026 1190 1073 et
1218 1017 1368 1071 urbis
1399 1017 1582 1069 Roma:
1611 1012 1893 1081 praefectus
1913 1051 1930 1076 ,

357 1113 510 1181 cujus
538 1112 644 1165 illae
683 1119 804 1163 sunt
831 1108 1076 1178 epistola:
1121 1115 1180 1161 et
1206 1105 1380 1160 oratio
1408 1103 1473 1157 ad
1504 1101 1934 1156 Valentinianum

359 1203 760 1270 imperatorem,
804 1213 906 1268 qua
945 1196 1267 1268 persuadere
1292 1204 1517 1249 conatus
1548 1193 1645 1246 fuit
1669 1207 1816 1246 aram
1844 1191 1935 1246 Vi-

356 1293 540 1347 ctoriae
569 1289 956 1345 restituendam
975 1330 990 1354 ,
1021 1290 1103 1343 cui
1132 1286 1452 1342 Prudentius
1497 1297 1651 1352 poeta
1681 1285 1936 1338 Christia-

359 1395 490 1444 nus,
529 1389 584 1433 et
609 1380 762 1432 divus
793 1379 1133 1443 Ambrosius,
1177 1375 1264 1430 hic
1309 1374 1572 1438 oratione,
1613 1373 1821 1427 duobus
1851 1372 1937 1425 ille

361 1469 586 1539 poeticis
614 1469 762 1522 libris
785 1467 1195 1535 responderunt.
1223 1463 1393 1518 Boetii
1422 1472 1601 1516 autem
1630 1477 1785 1516 socer
1807 1461 1936 1514 mul-

362 1561 430 1615 tis
466 1560 620 1613 annis
651 1566 793 1627 post,
837 1558 938 1610 hoc
964 1568 1043 1610 est
1099 1567 1336 1625 tempore
1365 1553 1561 1607 Justini
1592 1551 1810 1620 majoris
1840 1551 1938 1605 ilo-

346 1649 490 1712 ruit,
524 1651 604 1703 vir
643 1646 1151 1708 Christianissimus,
1183 1655 1236 1698 et
1262 1644 1368 1697 divi
1399 1641 1640 1710 Gregorii
1673 1639 1937 1708 pontificis

363 1741 670 1796 testimonio
691 1747 930 1793 sanctus.
951 1737 1203 1806 Quisquis
1221 1736 1378 1805 igitur
1403 1743 1547 1789 recte
1563 1733 1763 1787 sentire
1779 1745 1941 1799 super

362 1834 465 1887 hoc
493 1833 625 1896 vult,
655 1845 863 1885 mecum
895 1830 1087 1883 sentiat
1115 1838 1345 1898 oportet.

435 1920 606 1989 Quod]
639 1919 810 1974 Decus
843 1918 1059 1971 humani
1090 1917 1303 1985 generis
1332 1915 1795 1985 pretiosissimum.

437 2011 555 2065 Non
578 2008 765 2081 segnis]
799 2008 1026 2076 Impiger
1055 2016 1110 2060 et
1136 2005 1557 2060 festinabundus.

437 2101 519 2155 Ea:
554 2100 817 2166 sapientiae
847 2097 1114 2158 uirtutibus
1135 2093 1323 2169 factus]
1354 2094 1486 2148 Huic
1505 2092 1828 2148 contrarium
1861 2101 1942 2146 est

365 2191 494 2246 illud
523 2189 798 2245 Ciceronis
830 2189 881 2242 in
912 2189 1154 2241 oratione
1178 2199 1270 2253 pro
1297 2185 1571 2238 Cluentio:
1593 2183 1670 2236 Et
1691 2183 1780 2251 qui
1801 2190 1944 2236 CSSI‘I.

367 2291 513 2337 totus
543 2297 607 2335 ex
637 2281 821 2334 fraude
849 2289 901 2333 et
932 2277 1209 2332 mendacio
1240 2275 1426 2330 factus.

445 2371 688 2442 Suarum]
712 2371 1056 2440 lnjuriarum.

438 2462 684 2533 Securus]
712 2463 908 2515 nullam
941 2461 1142 2515 habens
1173 2475 1375 2514 curam.

442 2558 606 2630 Uaor]
639 2559 942 2612 Rusticiana
975 2557 1278 2628 Symmachi
1305 2555 1430 2608 filia.

442 2648 712 2702 Pudicitiae
740 2649 933 2715 pudore
959 2643 1279 2716 prwceilens]
1326 2645 1682 2714 Hieronymus
1711 2643 1762 2696 in
1789 2641 1945 2696 Jovi-

372 2742 620 2795 nianum:
654 2739 956 2793 Doctissimi
979 2739 1076 2791 viri
1101 2753 1204 2791 vox
1227 2746 1330 2804 est,
1354 2735 1663 2806 pudicitiam
1689 2735 1948 2802 imprimis

373 2847 496 2888 esse
524 2831 859 2885 retinendam
894 2845 908 2894 ;
944 2844 1044 2898 qua
1076 2831 1292 2892 amissa,
1321 2827 1495 2882 omnis
1525 2828 1696 2880 virtus
1737 2828 1860 2879 ruit.
1893 2827 1948 2878 In

375 2923 475 2977 hac
503 2921 840 2988 muliebrium
875 2921 1126 2974 virtutum
1157 2918 1484 2988 principatus
1512 2927 1613 2971 est.
1657 2917 1780 2970 Haec
1822 2931 1950 2984 pau-

376 3029 561 3082 perem
595 3011 950 3076 commendat,
981 3010 1198 3063 divitem
1229 3009 1456 3084 extollit,
1481 3005 1774 3060 deformem
1807 3006 1950 3060 redi-

379 3107 496 3169 mit,
530 3114 752 3159 exornat
783 3104 1079 3171 pulchram.
1108 3103 1250 3154 Bene
1281 3110 1514 3154 meretur
1541 3099 1607 3151 de
1637 3096 1950 3164 majoribus,

376 3211 600 3267 quorum
658 3193 966 3264 sanguinem
1015 3192 1206 3244 furtiva
1263 3189 1446 3243 sobole
1483 3202 1584 3241 non
1616 3189 1793 3250 vitiat;
1822 3186 1956 3240 bene
1983 3184 2028 3243 C

377 3289 447 3344 de
475 3286 682 3348 liberis,
713 3286 904 3354 quibus
933 3299 1030 3338 nec
1057 3284 1122 3336 de
1163 3289 1332 3335 matre
1363 3277 1786 3334 erubescendum
1813 3319 1827 3342 ,
1858 3292 1955 3330 nec

377 3379 449 3434 de
477 3387 626 3448 patre
654 3375 1002 3430 dubitandum
1021 3384 1137 3437 est;
1160 3372 1297 3426 bene
1319 3370 1581 3438 imprimis
1605 3369 1669 3424 de
1696 3383 1775 3432 se,
1799 3382 1956 3437 quam

380 3483 414 3523 a
438 3467 763 3524 contumelia
791 3463 1002 3520 externi
1035 3462 1284 3530 corporis
1309 3458 1567 3514 vindicat.
1807 3456 1813 3463 ’

457 3559 552 3613 Vel
563 3560 573 3628 |
607 3559 800 3612 Etiam.

452 3649 552 3702 Tui
585 3645 858 3717 desiderio]
889 3645 967 3700 Eo
992 3644 1132 3714 quod
1165 3652 1216 3699 te
1245 3641 1536 3697 desiderat.
1571 3635 1960 3693 Desiderantur

381 3739 527 3795 enim
552 3753 616 3794 ea
643 3753 762 3807 qua:
790 3738 1004 3794 absunt.

459 3827 619 3898 Quid]
652 3827 874 3896 Propter
904 3825 1031 3894 quid
1060 3825 1145 3880 vel
1168 3823 1232 3878 ad
1261 3821 1409 3893 quid.

455 3918 688 3989 Liberos]
718 3918 884 3973 Filios
911 3926 1056 3972 tuos.

459 4006 786 4078 Consulares]
800 4008 898 4074 Qui
929 4007 1177 4062 consules
1200 4003 1282 4076 (ut
1309 4017 1468 4072 supra
1489 4002 1692 4056 dictum
1723 3998 1825 4068 est)
1851 3997 1966 4052 fue-

389 4111 533 4156 runt.
1207 4147 1212 4153 .

463 4189 713 4260 Quorum]
739 4191 992 4244 Filiorum
1025 4200 1258 4242 tuorum.

464 4278 751 4350 Specimen]
783 4278 1002 4346 Proprie
1028 4288 1108 4332 est
1139 4277 1190 4330 id
1215 4274 1354 4341 quod
1382 4274 1450 4328 de
1474 4288 1534 4326 re
1577 4270 1754 4323 venali
1787 4276 1968 4321 osten-

391 4372 534 4425 ditur
552 4371 776 4437 emptori
803 4378 857 4422 ut
873 4368 992 4421 inde
1017 4369 1182 4434 possit
1199 4375 1424 4420 caeteras
1445 4377 1650 4417 merces
1671 4361 1872 4414 aeStima
1882 4373 1938 4410 re
1955 4374 1967 4408 :

393 4472 456 4517 ut
497 4461 768 4531 particulae
801 4460 994 4528 panni,
1023 4468 1113 4512 aut
1165 4472 1350 4526 parum
1399 4454 1684 4515 frumenti,
1734 4451 1817 4504 vel
1864 4449 1968 4501 vini

394 4567 602 4626 gustus.

468 4646 670 4718 Ingenii
699 4642 917 4714 paterni]
949 4641 1203 4696 Boetiani.

469 4735 620 4805 Aviti]
645 4733 1058 4804 Symmachiani.

475 4826 564 4897 Ut]
593 4827 659 4881 Ut
690 4836 831 4894 pote.

473 4916 539 4970 In
565 4917 732 4984 pueris
760 4917 812 4969 id
844 4912 1028 4984 anatis]
1059 4913 1113 4966 Id
1141 4920 1224 4966 est
1253 4925 1370 4964 eam
1399 4916 1607 4961 aetatem
1651 4903 1931 4974 agentibus
1957 4943 1973 4964 ,

404 5011 625 5080 ﬁgurata
672 5007 870 5062 locutio
919 5016 1018 5060 est.
1056 5004 1109 5058 Id
1143 5003 1314 5057 aatatis
1339 5001 1514 5063 enim,
1543 4999 1682 5051 sicut
1710 4996 1761 5049 id
1809 5010 1975 5064 genus

401 5099 620 5154 cuilibet
641 5098 785 5151 casui
803 5097 1027 5166 figurate
1048 5093 1352 5162 apponitur,
1377 5099 1431 5144 et
1450 5089 1715 5158 signiﬁcat
1738 5102 1832 5154 per
1858 5101 1976 5139 eam

404 5197 638 5253 natalem,
665 5202 760 5241 seu
790 5187 904 5254 ejus
933 5186 1124 5239 aetatis.
1156 5183 1370 5237 Plautus
1401 5181 1453 5233 in
1480 5179 1759 5233 Asinaria:

531 5277 703 5341 Neque
729 5277 896 5340 puduit
920 5290 1030 5325 eum
1055 5275 1100 5323 id
1125 5275 1280 5322 mtatis
1302 5271 1636 5334 sycophantias
1655 5279 1870 5318 struere.

407 5381 588 5435 Livius
603 5397 618 5433 :
633 5381 800 5445 Quem
822 5395 943 5432 cum
961 5384 1360 5446 percontaretur
1374 5372 1573 5439 Scipio,
1591 5372 1727 5440 quis,
1747 5371 1980 5441 ctcujas,

408 5481 460 5524 et
491 5487 586 5524 cur
617 5471 666 5524 id
690 5471 861 5524 anatis
894 5472 946 5523 in
993 5469 1182 5522 castris
1215 5467 1422 5530 fuisset,
1458 5464 1737 5518 Numidam
1766 5479 1824 5517 se
1863 5478 1983 5516 esse

409 5563 504 5624 ait,
531 5562 780 5617 Massium
814 5561 1094 5630 populares
1119 5573 1333 5612 vocare.

485 5653 530 5706 0
557 5662 603 5705 te
631 5655 674 5705 si
703 5664 789 5705 tua
810 5654 940 5705 bona
985 5662 1259 5719 cegnoscas
1289 5648 1516 5717 felicem]
1545 5647 1608 5713 0,
1647 5661 1786 5700 nunc
1825 5646 1988 5698 inter-

410 5743 574 5812 iectio
601 5750 687 5798 est
711 5741 1030 5801 admirantis
1059 5781 1072 5804 ,
1096 5751 1149 5797 et
1178 5749 1259 5795 est
1287 5739 1514 5793 imitatio
1538 5737 1678 5792 illius
1712 5735 1983 5803 Virgiliani

2193 557 2522 607 Ofortunatos
2554 556 2772 610 nimium,
2799 568 2884 601 sua
2911 558 2952 602 si
2979 554 3102 601 bona
3128 554 3303 610 norint,

2194 618 2450 681 Agricolas.

2112 700 2238 766 Qua:
2263 702 2366 752 vita
2412 713 2557 751 nemo
2596 697 2794 749 dubitat
2833 711 2940 748 esse
2983 693 3222 763 cariora]
3256 695 3612 764 Symmachus

2037 802 2214 852 socer,
2251 802 2405 852 uxor,
2438 793 2491 837 et
2520 784 2692 838 liberi.

2109 878 2189 931 Ad
2217 892 2375 930 unum
2406 874 2590 944 omnis]
2621 873 2838 935 Omnes,
2867 873 3080 927 nemine
3115 883 3360 942 excepto.
3391 872 3611 928 Livius:

2012 962 2014 964 ’
2038 966 2238 1022 Consul
2269 967 2540 1019 Romanus
2563 965 2615 1016 in
2641 963 2830 1033 Algido
2855 975 3194 1027 consecutus,
3225 962 3292 1018 ad
3320 978 3480 1018 unum
3502 978 3615 1018 om-

2040 1073 2136 1113 nes
2157 1057 2372 1111 occidit.
2947 1076 2972 1097 .

2113 1143 2363 1215 Nimium]
2391 1144 2536 1200 Ultra
2563 1143 2799 1197 modum.

2043 1285 2050 1288 _
2119 1235 2339 1306 Valida]
2375 1237 2446 1288 Im
2454 1245 2694 1302 petuosa.

2116 1325 2362 1395 Quando]
2394 1324 2854 1393 Quandoquidem.

2111 1418 2338 1470 Tenaces
2367 1413 2589 1484 ancorw]
2617 1414 2845 1467 Pulchre
2877 1421 3156 1480 permanet
3180 1415 3574 1483 'iumetapoora
3597 1442 3625 1477 ,<

2041 1524 2070 1561 a
2100 1506 2471 1574 navigantibus
2508 1513 2563 1557 et
2610 1511 2925 1571 tempestate
2977 1503 3338 1556 laborantibus
3384 1513 3613 1570 sumpta.

2043 1601 2293 1654 Anchora
2334 1596 2520 1650 Graece
2547 1596 2743 1648 dicitur
2773 1592 2990 1670 ἄγκυρα.
3026 1594 3462 1664 Vetus-adagium
3499 1604 3614 1647 est:

2043 1689 2296 1743 Anchora
2322 1687 2511 1741 domus
2543 1702 2638 1753 pro
2672 1685 2883 1738 familias
2929 1686 3155 1754 refugio.
3185 1685 3445 1754 Quidquid
3477 1686 3617 1739 enim

2046 1780 2167 1831 illud
2194 1789 2274 1830 Chl.
2314 1778 2398 1830 cui
2425 1775 2721 1840 innitimur,
2745 1775 3000 1843 cujusque
3027 1774 3270 1828 fulcimur
3292 1773 3502 1836 fiducia,
3526 1787 3619 1826 an~

2044 1871 2206 1924 chura
2240 1879 2460 1921 vocatur
2495 1885 2506 1918 :
2548 1876 2758 1933 smnpta
2797 1883 2824 1916 a
2854 1866 3074 1919 navibus
3099 1867 3474 1930 translatione,
3505 1878 3622 1932 qua:

2042 1976 2161 2014 cum
2212 1958 2463 2012 anchoris
2515 1956 2659 2009 fulta:
2678 1945 2832 2019 sunt,
2865 1956 3029 2009 veluti
3055 1956 3289 2008 defensa:
3315 1969 3342 2006 a
3374 1946 3622 2007 fluctibus

2043 2054 2340 2120 quiescunt.
2367 2047 2648 2116 Euripides
2695 2049 2749 2100 in
2776 2047 2988 2100 llecuha
3019 2046 3082 2098 de
3104 2045 3408 2115 Polydoro:

2198 2143 2289 2200 Qui
2309 2141 2406 2201 jam
2429 2141 2559 2188 solus
2582 2140 2782 2199 generis
2818 2143 3045 2198 superest
3070 2137 3276 2183 anchora
3300 2137 3461 2183 nostri.

2111 2223 2406 2294 Utcunque]
2434 2225 2765 2291 Quocunque
2802 2219 2982 2273 modo.

2033 2311 2040 2318 ’
2120 2315 2478 2385 Euatabimus]
2512 2313 2812 2367 Evademus
2841 2305 3030 2365 mortis
3073 2309 3383 2376 periculum.
3421 2309 3626 2362 Persuat

2047 2412 2098 2465 in
2129 2408 2498 2462 translatione.

2124 2493 2500 2564 I’romovimus]
2531 2493 2875 2549 Profecimus.

2125 2587 2305 2657 Ferre]
2336 2587 2446 2641 Pati
2457 2628 2468 2639 .

2123 2684 2250 2745 Quis
2279 2691 2349 2733 est
2379 2677 2550 2748 enim]
2579 2664 2851 2732 Sententia
2892 2683 2975 2728 est
3020 2673 3299 2727 verissima
3318 2713 3331 2736 ,
3360 2672 3631 2741 eleganter

2052 2788 2145 2842 per
2177 2769 2654 2836 interrogationem
2693 2765 2915 2834 prolata.
2957 2762 3057 2816 Cui
3083 2762 3485 2838 concordatilla
3512 2774 3632 2828 quae

2051 2870 2133 2914 est
2163 2859 2301 2928 apud
2333 2859 2720 2924 Hermogenem
2764 2853 3075 2906 rhetorem:
3110 2850 3222 2903 Non
3262 2859 3436 2916 potest
3486 2851 3632 2901 inve-

2056 2953 2158 3007 niri
2193 2952 2296 3005 vita
2329 2949 2560 3002 hominis
2591 2960 2778 3000 carens
2809 2942 3071 2995 molestia.
3107 2940 3341 2993 Sene‘ca:
3374 2939 3520 2992 Nulla
3549 2947 3635 2991 est

2061 3056 2164 3116 tam
2188 3045 2327 3098 bona
2359 3043 2570 3095 fortuna
2599 3040 2666 3092 de
2715 3051 2818 3106 qua
2851 3034 2980 3088 nihil
3009 3033 3164 3100 queri
3194 3030 3384 3099 possis.
3415 3030 3555 3083 Idem
3583 3030 3634 3081 in

2063 3140 2154 3192 lib.
2187 3137 2256 3190 de
2285 3136 2360 3189 Ira
2396 3149 2484 3186 Ill:
2516 3131 2654 3184 Nulli
2689 3129 2899 3181 fortuna
2928 3134 3032 3178 tam
3053 3123 3231 3177 dedita
3253 3132 3355 3188 est,
3389 3131 3446 3174 ut
3476 3121 3637 3172 mu'ta

2066 3229 2286 3281 lanianti
2316 3226 2510 3292 ubique
2540 3217 2883 3286 respondeat.
2920 3215 3133 3280 Ilorat.:

2520 3307 2652 3357 Nihil
2673 3316 2754 3355 est
2777 3306 2836 3352 ab
2854 3317 2984 3352 0mm

2402 3373 2550 3420 Patte
2576 3375 2789 3418 beatum.

2068 3460 2319 3512 Erasmus
2342 3470 2370 3507 e
2393 3454 2611 3507 Grarco:

2252 3549 2389 3598 Felix
2416 3560 2504 3610 per
2527 3546 2683 3594 omnia
2706 3541 2869 3590 nullus
2891 3545 2969 3588 est
2993 3537 3286 3585 mortalium.

2069 3635 2324 3692 Eamdem
2355 3619 2678 3687 senteniiam
2707 3629 2852 3682 idem
2879 3635 2934 3680 et
2956 3624 3037 3678 sic
3064 3622 3291 3679 extulit:

2251 3724 2389 3774 Haud
2415 3723 2530 3772 vivit
2553 3720 2680 3770 ullus
2702 3718 2928 3767 omnibus
2951 3714 3069 3763 felix
3097 3713 3268 3762 modis.

2070 3810 2354 3880 Euripides
2377 3825 2390 3858 :

2250 3919 2302 3967 Si
2333 3917 2527 3979 quidem
2555 3915 2794 3963 universis
2819 3909 3036 3979 rebusin
3060 3905 3355 3964 mortalium,

2249 3979 2327 4029 Nil
2345 3970 2658 4028 continenter
2684 3983 2736 4021 et
2762 3973 3073 4032 undiquaque
3107 3977 3393 4027 prosperum
3419 3970 3506 4013 est.

2075 4086 2274 4141 Plinius
2300 4083 2395 4137 lib.
2441 4096 2510 4134 vn
2540 4097 2551 4130 :
2587 4076 2890 4130 lilortalinm
2916 4087 3077 4127 nemo
3113 4080 3195 4125 est
3243 4069 3394 4124 felix.
3425 4057 3568 4122 Idem
3598 4066 3649 4124 in

2073 4178 2260 4232 eodem
2292 4174 2428 4228 libro
2457 4189 2469 4224 :
2504 4172 2669 4223 Nemo
2706 4166 3014 4221 mortalium
3044 4163 3292 4219 omnibus
3325 4161 3468 4213 horis
3493 4159 3648 4225 sapit.

2077 4263 2345 4320 Maharbal
2369 4260 2437 4314 ad
2491 4258 2807 4312 Annibalem
2856 4255 2997 4323 apud
3047 4254 3250 4306 Livium
3288 4268 3299 4299 τ
3332 4250 3445 4302 Non
3476 4248 3652 4302 omnia

2076 4355 2246 4409 cidem
2270 4353 2342 4405 dii
2365 4351 2584 4405 dedere.
2626 4349 2850 4400 Vincere
2878 4349 3002 4409 scis,
3033 4343 3284 4409 Annibal,
3319 4338 3540 4394 victoria
3573 4340 3646 4392 uti

2078 4446 2269 4498 nescis.
2292 4443 2508 4512 Ulysses
2533 4440 2670 4507 apud
2700 4439 3010 4498 linmerum,
3031 4436 3321 4500 interprete
3351 4428 3652 4497 Philelpho.

2000 4551 2054 4610 D
2174 4553 2276 4600 Non
2303 4553 2381 4596 uni
2407 4550 2489 4595 dat
2511 4553 2680 4610 cuneta
2705 4545 2856 4603 Deus,
2883 4542 3122 4610 formosus
3138 4540 3347 4610 utnidem

2175 4617 2243 4662 Sit
2268 4611 2408 4658 simul
2433 4618 2482 4657 et
2503 4608 2733 4668 prudens,
2761 4618 2816 4651 ac
2840 4599 2990 4668 inulta
3016 4601 3158 4648 laude
3174 4599 3406 4668 disertus.

2176 4659 2264 4731 Qui
2291 4671 2456 4730 specie
2477 4659 2648 4731 caruit,
2682 4659 2813 4731 Deus
2840 4665 2966 4731 hunc
2991 4659 3282 4708 venerabilis
3315 4664 3446 4704 ornat

2176 4726 2372 4780 Viribus
2391 4730 2588 4788 eloquii,
2612 4741 2708 4786 quo
2732 4726 2781 4771 iit
2806 4727 3040 4788 mirentur
3062 4729 3114 4770 et
3135 4733 3282 4788 unum

2183 4795 2321 4842 Hunc
2345 4790 2446 4848 al.i,
2472 4782 2824 4848 s'ttav.s'littgu.t-
2849 4782 3122 4848 dulcedine
3135 4783 3278 4841 capti.

2178 4856 2269 4900 ilic
2293 4845 2454 4899 autem
2480 4850 2634 4897 fidens
2655 4856 2778 4904 orat,
2804 4847 3005 4905 lenique
3033 4845 3216 4903 pudore

2181 4915 2233 4962 In
2256 4922 2410 4961 C(Pltls
2435 4909 2638 4958 excellit
2655 4921 2826 4968 agens,
2853 4903 2998 4964 quem
3026 4905 3236 4968 numinis
3257 4903 3408 4948 instar

2176 4977 2455 5034 SuSpiciunt
2478 4972 2672 5034 (urbem
2687 4965 2916 5034 quisquis
2934 4965 3469 5034 patiere)lloqui-mem.

2179 5029 2426 5086 Ακιὶιιίυιιι
2453 5029 2617 5080 ιότιιιξιξ
2643 5029 2851 5085 bonitas,
2876 5043 3022 5088 quem
3045 5029 3259 5074 cominus
3279 5033 3441 5084 :vquat

2175 5098 2448 5157 leitibus,
2479 5094 2673 5155 penitus
2694 5090 2878 5140 defecit
2902 5091 3055 5150 gratia
3077 5090 3258 5147 linguae

2085 5205 2417 5260 Claudianus
2451 5202 2500 5253 in
2532 5196 2854 5266 Panegyrico
2891 5195 3162 5249 Stiliconis
3193 5208 3205 5243 :

2519 5311 2712 5358 Etenim
2741 5307 3021 5356 mortalibus
3040 5321 3102 5354 ex
3129 5319 3227 5366 quo

2179 5377 2349 5425 'l'ellus
2371 5384 2526 5435 empta
2553 5372 2666 5432 coli,
2697 5382 2940 5429 nunquam
2965 5370 3153 5435 sincera
3179 5370 3412 5435 bonorum

2181 5440 2300 5486 Sos
2322 5436 2406 5482 ulli
2427 5427 2662 5482 concessa
2678 5436 2778 5477 viro
2801 5427 2826 5476 ε’
2838 5442 2983 5490 quem
3010 5427 3168 5476 tullus
3191 5427 3415 5490 honestat

2183 5498 2492 5545 Dedecorant
2515 5507 2677 5542 mores
2699 5508 2711 5550 ;
2741 5488 2927 5538 animus
2949 5503 3096 5550 quem
3112 5488 3364 5550 pulchrior
3388 5496 3521 5535 ornat

2183 5559 2365 5618 Corpus
2388 5557 2603 5618 desiluit
2632 5570 2642 5610 ;
2671 5552 2816 5618 bellts
2840 5549 3196 5618 insignior-ille,

2183 5610 2288 5665 Sed
2308 5630 2475 5679 pacem
2502 5617 2644 5665 findat
2672 5616 2806 5662 vitiis
2830 5625 2852 5679 ;_
2869 5613 2918 5658 in
2943 5610 3132 5679 publica
3154 5610 3291 5665 felix,

2185 5680 2282 5728 Sed
2308 5670 2488 5731 privata
2514 5680 2671 5724 minus
2699 5692 2707 5721 :
2737 5675 2909 5732 partitu
2931 5670 3119 5731 Singula
3143 5684 3393 5730 quemque

2186 5740 2477 5797 Nobilitant,
2502 5739 2631 5786 hunc
2649 5737 2796 5785 forma
2819 5734 3024 5794 decens,
3046 5732 3169 5780 hunc
3189 5733 3337 5780 robur
3354 5734 3399 5778 in
3419 5744 3520 5777 arm
3543 5746 3578 5791 ι,
