4216 6256
623 352 725 416 967

718 465 859 514 Hunc
881 466 1032 529 rigor,
1059 463 1185 509 hunc
1209 463 1380 529 pietas,
1402 461 1533 529 illum
1558 460 1756 509 solertia
1777 462 1919 522 juris,

719 527 862 575 Hunc
883 524 1093 580 soboles,
1120 524 1336 582 castique
1363 524 1474 570 tori.

698 608 936 678 Rixetur]
965 609 1178 675 Litiget,
1207 606 1600 668 disconveniat,
1630 605 1916 672 discrepet.

701 700 835 752 Huic
859 695 1056 765 census]
1088 695 1331 749 Ostendit
1358 695 1408 747 in
1439 695 1538 748 hac
1570 695 1678 749 vita
1706 695 1904 749 nemini
1932 703 2094 748 totam
2121 694 2200 748 fe-

630 792 885 846 licitatem
922 787 1226 844 oroveuire.

693 879 926 948 Degener
953 874 1181 946 sanguis]
1213 874 1794 944 Generis‘ignobilitas.

701 968 941 1039 Utroque]
975 969 1040 1022 Et
1069 981 1262 1021 census
1292 976 1344 1021 et
1372 967 1580 1036 generis
1620 968 1912 1020 nobilitate.

708 1061 870 1112 Vitam
903 1057 1150 1127 cwlibem]
1184 1056 1361 1112 Uxore
1391 1068 1684 1111 carentem.
1735 1058 1981 1112 lloratius
2014 1058 2063 1111 in
2095 1057 2203 1126 pri-

626 1167 712 1205 mo
737 1153 1088 1220 Epistolarum
1117 1171 1130 1203 :

898 1242 1080 1291 Lectus
1104 1242 1310 1302 genialis
1332 1244 1380 1290 in
1408 1241 1516 1289 aula
1542 1242 1637 1302 est,

717 1302 791 1350 Nil
819 1306 882 1350 ait
909 1317 1020 1351 esse
1045 1306 1192 1364 prius,
1213 1306 1386 1352 melius
1405 1302 1469 1350 nil
1489 1303 1666 1351 omlibe
1687 1304 1799 1350 vita.

717 1364 768 1411 Si
796 1376 888 1411 non
913 1371 1006 1423 est,
1031 1365 1160 1424 jurat
1187 1370 1316 1413 bene
1340 1365 1453 1412 solis
1477 1376 1587 1412 esse
1614 1365 1811 1413 maritis.

701 1443 1036 1516 Inexpertus]
1067 1445 1179 1498 Non
1214 1455 1488 1513 expertus.

696 1536 840 1587 Adde
867 1535 1002 1605 quod
1026 1535 1330 1606 felicissimi]
1354 1536 1599 1590 Ostendit
1625 1551 1732 1606 quo
1781 1537 1946 1606 magis
1970 1537 2076 1590 sint
2101 1536 2204 1588 for-

625 1631 767 1677 tuna:
793 1625 1130 1678 successibus
1171 1625 1402 1688 assueti,
1431 1639 1497 1677 eo
1528 1625 1700 1677 minus
1744 1624 2000 1678 adversus
2045 1639 2199 1678 rasus

625 1711 764 1767 ferre
790 1727 946 1782 posse
974 1713 1246 1767 mortales.
1325 1759 1328 1762 .

695 1804 772 1855 Ad
801 1802 1002 1873 nutum]
1036 1805 1112 1858 Ex
1154 1806 1317 1858 animi
1353 1803 1636 1867 sententia,
1662 1815 1716 1859 et
1753 1804 1818 1858 ad
1851 1805 2197 1859 voluntatem.
2235 1819 2283 1879 Β

699 1892 953 1964 Insciens]
974 1895 1240 1948 lnsuetus.

698 1982 1071 2055 Prosternitur]
1102 1984 1386 2054 Aflligitur.

699 2069 862 2140 Adeo]
889 2073 942 2123 ln
976 2084 1205 2127 tantum.

701 2160 804 2213 Per
834 2160 1040 2230 exigua]
1073 2161 1239 2215 Valde
1271 2163 1492 2230 exigua.

699 2251 988 2320 Summam]
1021 2252 1430 2305 Perfectiouem.

698 2341 833 2394 Caelo
882 2340 1170 2410 proximos]
1199 2341 1366 2410 Supra
1417 2343 1629 2396 modum
1664 2343 1979 2400 fortunatos.
2021 2348 2204 2401 Posi-

628 2450 772 2487 mnn
800 2434 938 2486 coelo
965 2448 1057 2487 seu
1089 2435 1138 2486 in
1169 2434 1305 2488 coelo
1335 2449 1476 2496 esse,
1506 2451 1598 2489 seu
1629 2437 1822 2492 calum
1849 2437 2017 2507 digito
2047 2441 2204 2492 attino

626 2539 786 2591 gere,
831 2523 1095 2591 significat
1144 2538 1303 2592 supra
1357 2524 1570 2577 modum
1623 2525 1946 2581 fortunatttm
1987 2543 2107 2582 esse
2144 2543 2206 2581 ac

625 2614 943 2683 gloriosum.
991 2615 1059 2666 M.
1103 2613 1308 2667 Tullius
1346 2632 1357 2665 :
1396 2615 1612 2668 Bibulus
1661 2617 1712 2670 in
1763 2618 1900 2671 caelo
1941 2630 2054 2681 est,
2107 2634 2204 2672 nec

625 2719 790 2772 quare
817 2704 956 2765 scio,
989 2705 1080 2758 sed
1134 2704 1202 2758 ita
1251 2704 1518 2759 laudatur.
1571 2707 1753 2760 Idem:
1788 2708 1965 2762 Nostri
2026 2718 2203 2762 autem

625 2788 882 2863 principis
925 2793 1089 2862 digito
1115 2809 1175 2848 se
1202 2796 1397 2848 ccelum
1449 2807 1628 2863 putant
1679 2799 1940 2867 attingere
1960 2839 1973 2863 ,
2003 2799 2046 2851 si
2077 2799 2204 2852 nulli

629 2885 831 2938 barbati
864 2885 916 2937 in
946 2885 1160 2952 piscinis
1191 2887 1317 2953 sint,
1344 2890 1432 2956 qui
1461 2889 1521 2942 ad
1547 2905 1757 2942 manum
1784 2890 2060 2943 acredant.

697 2974 837 3027 Adeo
866 2974 994 3027 nihil
1019 2983 1091 3027 est
1114 2975 1374 3041 miserum,
1409 2979 1508 3030 nisi
1533 2995 1647 3030 cum
1678 2979 1844 3050 putes]
1869 2981 1956 3033 Sic
1989 2982 2204 3034 Menan-

627 3062 724 3118 der
744 3079 758 3117 :

873 3153 999 3218 Nihil
1026 3156 1278 3204 admodum
1303 3165 1438 3203 atrox
1471 3169 1636 3218 paSsus
1659 3171 1733 3214 es.

873 3215 974 3263 Nisi
1003 3218 1046 3264 id
1076 3224 1125 3264 tu
1154 3219 1239 3265 tibi
1264 3218 1360 3277 Iing
1380 3233 1420 3265 s.

699 3297 1128 3369 ZEquanimitate]
1159 3301 1338 3353 Palirn
1369 3304 1436 3353 ia.
1473 3302 1689 3354 Plautus
1721 3319 1730 3352 :

874 3387 926 3435 ln
952 3401 1006 3435 re
1031 3389 1150 3434 mala
1177 3392 1339 3438 animo
1363 3393 1400 3436 si
1425 3392 1551 3437 bono
1576 3397 1735 3450 utare,
1763 3404 1788 3437 a
1809 3392 1967 3448 ljuvat.

704 3469 951 3522 Horatius
977 3487 991 3521 ε

870 3557 968 3624 Sed
983 3559 1144 3624 levius
1167 3560 1215 3609 ﬁt
1243 3565 1489 3624 patientia,
1569 3545 1572 3548 ’

871 3619 1111 3681 Quidquld
1137 3619 1386 3682 corrigere
1414 3619 1489 3672 est
1514 3625 1670 3673 nefas.

701 3701 902 3756 Dederit
929 3701 1140 3774 manus]
1181 3705 1500 3761 Sulimiserit
1543 3725 1622 3763 se.
1657 3710 1990 3764 'l'ranslatum
2023 3714 2089 3766 ab
2147 3717 2211 3769 iis

639 3791 728 3861 qui
759 3791 900 3846 bello
925 3792 1064 3860 capti
1099 3809 1287 3849 manus
1332 3812 1454 3852 suas
1481 3801 1668 3854 victori
1709 3801 1951 3869 praebent
1977 3804 2212 3860 vincien-

631 3882 748 3936 das.

701 3973 865 4036 Quam
886 3975 1059 4026 multis
1086 3978 1514 4030 amaritutiuibns
1547 3980 1785 4036 humanm
1808 3985 2068 4051 felicitatis
2096 3989 2213 4040 dulo

629 4063 750 4116 cedo
772 4080 1001 4129 respersa
1026 4065 1118 4135 est]
1156 4067 1366 4120 Plautus
1396 4069 1446 4120 in
1483 4071 1898 4142 Amphitryone:

721 4151 792 4224 ita
812 4155 988 4224 cuique
1013 4163 1340 4224 comparatum
1367 4167 1437 4224 est
1459 4159 1470 4204 i
1496 4177 1504 4202 I
1527 4168 1675 4208 aetate
1701 4163 1964 4224 hominum,

726 4213 798 4287 ita
810 4215 906 4284 dlis
921 4213 1162 4287 placitum,
1179 4217 1408 4287 voluptati
1427 4230 1472 4287 ιιι
1496 4234 1673 4287 interpr
1687 4235 1853 4287 comes
1870 4213 2210 4287 consequatur.

727 4275 855 4331 Quin
880 4275 1165 4324 incommodi
1209 4275 1331 4338 plus,
1361 4280 1572 4340 malique
1604 4281 1730 4330 illico
1755 4286 1895 4344 adsit,
1925 4275 2096 4335 houi'si
2123 4289 2213 4335 ob-

1855 4351 1988 4408 [tigit
2013 4350 2145 4410 quid,

703 4417 947 4471 Platoex
975 4418 1160 4472 eodem
1198 4421 1400 4474 vertice
1429 4433 1613 4478 censet
1639 4426 1975 4483 dulcedinem
2016 4435 2209 4486 amari-

1283 348 1616 408 APPENDIX
1659 345 2028 403 ADLIBROS
2068 347 2154 400 DE
2193 340 2709 402 CONSOLATIONE
2751 347 3240 403 PHILOSOPHIE.

3782 349 3880 403 963

2401 461 2471 507 Ne
2494 463 2749 521 quidquam
2776 477 2783 484 ο
2812 463 3036 521 quoniam
3058 461 3218 509 medio
3239 462 3303 508 de
3322 460 3422 508 font
3446 481 3450 489 ι
3479 460 3697 520 leporum

2400 523 2562 582 Surgit
2586 528 2731 569 amari
2760 523 2960 584 aliquid,
2986 524 3112 584 quod
3136 526 3181 569 in
3213 523 3329 584 ipsis
3351 522 3550 570 ﬁoribus
3574 531 3736 586 angat.

2382 603 2564 674 Extra]
2591 605 2642 656 In
2679 606 2835 658 rebus
2852 605 3110 668 externis,
3142 606 3242 659 hoc
3267 613 3346 657 est
3375 615 3522 658 extra
3552 618 3646 657 vos
3674 607 3874 672 positis.

2380 696 2523 749 Intra
2545 697 2649 766 vas]
2684 698 2736 749 In
2769 698 2959 751 animis
2988 699 3198 752 vestris.
3228 698 3417 752 Cicero
3455 699 3508 751 in
3541 695 3829 754 Paradoxis
3863 721 3871 747 :

2305 789 2471 842 Nemo
2495 799 2668 854 potest
2691 805 2792 839 non
2827 788 3158 841 beatissimus
3185 803 3322 848 esse,
3351 790 3439 855 qui
3466 799 3706 842 esttolus
3728 803 3872 858 apta.-~

2306 893 2370 936 ex
2403 892 2545 941 sese,
2579 877 2776 945 quique
2807 878 2856 928 in
2891 893 2948 930 se
2979 893 3084 930 uno
3106 894 3196 930 sua
3232 880 3381 947 ponit
3409 881 3610 932 omnia.

2377 967 2609 1038 lnscitia]
2644 969 2960 1036 lgnorantia.
2995 969 3242 1025 Persius:

2402 1077 2464 1126 Ut
2487 1084 2652 1126 teneat
2677 1080 2854 1128 vetitos
2877 1079 3060 1128 inscitia
3081 1079 3261 1129 debilis
3285 1088 3440 1131 artus.

2375 1155 2648 1214 Cardinem
2678 1181 2874 1216 summa
2897 1163 3145 1227 felicitate
3166 1164 3274 1234 tibi]
3301 1166 3353 1220 ld
3381 1168 3431 1220 in
3455 1181 3560 1236 quo
3586 1168 3806 1222 vertitur
3823 1180 3872 1224 et

2305 1253 2550 1306 consistit
2575 1254 2803 1305 maxima
2828 1264 2882 1308 et
2905 1271 3028 1308 vera
3056 1256 3346 1310 beatitudo.

2381 1341 2574 1413 Cardo]
2603 1343 2765 1407 Quasi
2789 1358 2883 1398 cor
2910 1346 3084 1412 janur
3105 1387 3120 1410 ,
3148 1347 3198 1399 id
3238 1362 3343 1416 quo
3376 1349 3598 1403 vertitur
3625 1350 3732 1403 illa.
3760 1351 3877 1405 Vir-

2463 1523 2669 1574 Foribus
2691 1526 2836 1574 cardo
2858 1527 3095 1576 stridebat
3118 1528 3303 1575 ahenis.

2309 1606 2581 1674 Accipitur
2604 1607 2868 1661 interdum
2906 1623 3000 1675 pro
3029 1611 3446 1676 opportunitate.
3483 1611 3624 1665 ldem
3652 1628 3667 1665 :

2462 1694 2600 1744 Haud
2626 1703 2758 1745 tanto
2781 1699 2993 1746 cessabit
3018 1699 3215 1747 cardine
3241 1711 3423 1746 rerum.

2309 1776 2378 1829 Et
2401 1777 2541 1831 circa
2564 1778 2614 1830 id
2642 1780 2772 1832 verti
2795 1779 3066 1834 cardinem
3095 1778 3341 1844 dicimus,
3371 1780 3423 1834 in
3449 1795 3554 1849 quo
3579 1795 3784 1838 summa
3806 1785 3882 1840 rei

2308 1868 2574 1942 consistit.

2379 1958 2441 2010 Si
2469 1959 2539 2010 lui
2565 1974 2767 2027 compos
2788 1957 2967 2029 fueris]
2990 1958 3079 2012 Sui
3096 1974 3315 2028 compos
3335 1969 3438 2027 est,
3465 1963 3553 2030 qui
3576 1964 3883 2031 compositis

2309 2047 2590 2102 affectibus
2616 2049 2800 2111 animi,
2826 2060 2984 2104 recta:
3017 2050 3203 2105 rationi
3231 2051 3458 2119 subjecit
3495 2055 3809 2122 appetitum.

2379 2138 2440 2191 Si
2464 2137 2741 2208 beatitudo]
2769 2141 3184 2207 Argumentatur
3205 2155 3469 2195 summum
3492 2142 3685 2197 bonum
3711 2146 3760 2197 iu
3788 2146 3884 2200 for-

2307 2229 2450 2281 tuitis
2469 2229 2626 2281 rebus
2649 2244 2752 2282 non
2779 2245 2896 2284 esse
2919 2231 3170 2298 positum,
3196 2232 3298 2286 hoc
3336 2233 3526 2287 modo:
3552 2235 3878 2305 Quocunque

2309 2321 2647 2383 praestantius
2668 2321 2810 2374 aliud
2836 2323 3030 2374 bonum
3055 2324 3214 2390 est,id
3244 2339 3350 2376 non
3369 2333 3448 2378 est
3473 2340 3757 2379 summum.
3791 2329 3883 2381 Est

2311 2419 2487 2461 autem
2519 2408 2746 2463 {mtuum
2775 2423 3028 2465 successu
3059 2413 3254 2466 bonum
3287 2417 3638 2480 prmstantiu‘s,
3673 2410 3722 2470 id
3755 2430 3879 2486 puta

2306 2497 2444 2564 quad
2475 2497 2608 2564 eripi
2642 2515 2746 2551 non
2770 2503 2962 2567 p‘otest.
2993 2500 3106 2553 Non
3130 2510 3210 2554 est
3237 2503 3391 2570 igitur
3419 2506 3642 2558 fortuna:
3665 2523 3882 2563 succes-

2305 2602 2396 2639 sus
2426 2600 2688 2640 summutn
2735 2590 2953 2643 bonum.
2989 2591 3140 2646 Unde
3161 2593 3236 2646 Jlt
3267 2604 3322 2646 ut
3355 2610 3452 2648 nec
3493 2596 3872 2652 beatitudinem

2306 2675 2550 2730 Conferre
2579 2679 2771 2746 possit,
2796 2695 2922 2732 eum
2945 2695 3004 2734 ea
3028 2681 3155 2734 nihil
3174 2684 3243 2734 sit
3265 2681 3406 2738 aliud
3427 2700 3582 2754 quam
3613 2703 3878 2742 summum

2310 2767 2506 2821 bunum
2534 2782 2735 2823 natura:
2767 2773 2972 2826 ratione
2997 2772 3257 2842 (legentis.

2387 2858 2466 2910 Ad
2489 2857 2616 2928 haec]
2641 2861 2801 2915 Addit
2820 2861 2980 2915 aliam.
3002 2876 3278 2932 argument
3295 2867 3514 2922 itionem
3539 2870 3588 2922 iu
3611 2870 3748 2924 hunc
3767 2885 3883 2926 sen-

2307 2960 2424 3000 suin
2455 2963 2468 2999 :
2502 2948 2616 3002 Non
2646 2959 2823 3018 potest
2850 2967 3115 3006 summum
3149 2955 3346 3010 bonum
3393 2972 3542 3023 esse,
3571 2961 3707 3028 quod
3736 2963 3882 3017 nullo

2309 3045 2469 3096 modo
2497 3045 2807 3115 intelligitur
2829 3065 2841 3100 :
2867 3048 2968 3102 Sed
3001 3049 3139 3102 hooa
3164 3052 3392 3106 fortuna:
3421 3056 3462 3107 si
3498 3055 3876 3125 intelligantur,

2231 3167 2275 3225 Ο
2311 3135 2519 3190 [ιιιίιείίι
2543 3138 2790 3208 ﬁuxaque
2819 3152 3240 3209 cognoscuntur;
3268 3151 3404 3198 unde
3421 3148 3703 3201 continuus
3727 3151 3884 3204 amit-

2316 3229 2456 3282 tendi
2489 3231 2644 3284 timor
2667 3233 2921 3298 nascitur,
2942 3248 3062 3302 qua:
3091 3234 3394 3289 felicitatem
3427 3253 3530 3293 non
3559 3240 3763 3308 recipit.
3789 3242 3881 3295 Sin

2311 3333 2486 3374 autem
2513 3315 2615 3374 nun
2641 3324 3032 3394 intelliguntur,
3052 3342 3232 3381 rursus
3261 3329 3562 3385 excluditur"
3582 3334 3881 3397 beatitudo,

2310 3426 2339 3463 a
2366 3428 2466 3479 qua
2493 3417 2672 3479 procul
2700 3414 2853 3469 abest
2874 3416 3184 3484 ignorantia:
3210 3421 3445 3482 caecitas,
3463 3437 3688 3491 qumque
3717 3428 3884 3493 potis-

2311 3503 2504 3555 simum
2557 3504 2608 3555 in
2645 3507 2903 3559 honorum
2956 3508 3318 3575 speculatione
3360 3526 3710 3582 verorumque
3760 3531 3886 3567 con-

2316 3593 2662 3659 templatione
2689 3596 2954 3650 consistit.

2388 3682 2451 3736 Et
2474 3686 2714 3751 quoniam
2733 3697 2786 3739 tu
2812 3688 2944 3740 idem
2967 3687 3042 3758 es]
3070 3689 3447 3759 Superioribus
3468 3695 3625 3750 aliam
3648 3697 3890 3767 adiungit

2314 3775 2611 3839 rationem,
2640 3793 2742 3844 qua
2783 3778 2938 3833 docet
2974 3781 3374 3837 evidentissima
3421 3784 3489 3838 fel
3514 3788 3725 3841 citatem
3765 3804 3887 3841 cum

2317 3863 2523 3917 fortuna
2559 3881 2661 3919 non
2691 3869 2982 3923 cohaerere.
3005 3870 3116 3923 Non
3151 3882 3254 3936 est,
3286 3875 3474 3942 inquit,
3500 3877 3762 3930 summum
3795 3879 3889 3930 ho-

2317 3954 2476 4006 minis
2516 3956 2734 4024 bonum,
2780 3960 2921 4027 quod
2969 3961 3036 4013 ab
3076 3976 3141 4013 eo
3191 3972 3365 4028 potest
3394 3966 3652 4031 separari.
3693 3967 3884 4020 Verum

2317 4055 2485 4096 morte
2515 4046 2753 4111 corporis
2783 4048 2850 4098 ab
2882 4048 3166 4104 immortai
3202 4052 3429 4105 hominis
3467 4055 3647 4107 animo
3673 4055 3886 4109 fortuita

2316 4133 2538 4186 felicitas
2574 4146 2867 4201 separatur.
2905 4137 3008 4190 Aut
3040 4141 3197 4207 igitur
3223 4142 3336 4194 haec
3369 4157 3470 4211 non
3502 4151 3585 4196 est
3619 4139 3886 4198 summum

2318 4223 2542 4278 hominis
2573 4227 2788 4292 bonum,
2837 4239 2928 4282 aut
2956 4233 3317 4286 conﬁtendum
3349 4245 3430 4288 est
3475 4251 3635 4291 omne
3690 4246 3889 4292 morta-

2317 4314 2443 4368 lium
2475 4332 2642 4381 genus
2672 4319 2722 4370 iti
2753 4321 3020 4372 miseriam
3059 4325 3240 4375 mortis
3273 4324 3374 4377 ﬁne
3404 4327 3623 4392 prolabi.
3653 4322 3756 4382 Sed
3786 4330 3887 4384 hoc

2317 4420 2420 4456 tton
2451 4412 2518 4457 ita
2541 4423 2680 4475 esse,
2713 4411 2962 4475 pra-clara
2994 4413 3276 4464 multorum
3304 4413 3533 4467 facinora
3565 4417 3882 4485 docuerunt,

629 4505 979 4574 tudinemque
1032 4508 1266 4563 deﬂuere
1300 4513 1623 4580 voluplatem
1675 4525 1729 4571 et
1767 4519 2029 4574 dolorem.
2063 4526 2210 4590 Ap"_
2242 4531 2293 4589 Β
2316 4495 2402 4562 qui
2435 4511 2529 4562 pro
2578 4497 2770 4551 Christi
2800 4501 3014 4553 nomine
3047 4505 3284 4570 tyrannis
3312 4504 3560 4558 alacriter
3586 4510 3886 4562 reclaman-

630 4594 766 4650 leius
797 4598 845 4648 in
870 4608 1058 4665 quarto
1087 4598 1416 4656 Floridorum
1444 4603 1579 4659 libro
1602 4623 1616 4660 :
1649 4608 1754 4662 Sed
1782 4625 1967 4664 verum
1994 4613 2208 4666 verbum

629 4694 715 4738 est
745 4687 981 4754 profecto
1011 4689 1152 4758 quod
1183 4691 1332 4746 aiunt
1356 4712 1368 4745 :
1396 4695 1532 4750 Nihil
1566 4701 1848 4768 quidquam
1880 4700 2078 4755 homini
2106 4714 2208 4757 tam

633 4790 944 4842 prostierum
968 4779 1222 4835 divinitus
1246 4783 1448 4850 datum,
1475 4790 1599 4855 quin
1647 4791 1804 4843 etiam
1838 4792 2121 4846 admistutn
2145 4795 2214 4847 sit

631 4865 836 4932 aliquid
877 4866 1207 4922 difﬁcultatis
1229 4913 1244 4935 ,
1279 4884 1330 4923 ut
1364 4875 1521 4928 etiam
1557 4877 1608 4929 in
1650 4881 1976 4946 amplissima
2007 4897 2213 4952 quaque

633 4953 814 5006 lzntitia
838 4955 1008 5008 subsit
1037 4958 1300 5025 quaepiam
1332 4962 1417 5014 vel
1446 4979 1602 5030 parva
1634 4969 2002 5038 quaarimonia,
2030 4977 2214 5043 conju-

634 5043 846 5113 gatione
877 5046 1102 5114 quadam
1133 5049 1306 5104 mellis
1335 5061 1388 5104 et
1412 5053 1569 5108 fellis.
1604 5056 1699 5110 libi
1733 5058 1886 5124 uber,
1927 5063 1995 5115 ibi
2037 5065 2206 5120 tuber.

635 5132 855 5186 Ovidius
879 5150 892 5184 :

823 5222 1135 5297 ys‘queadeo
1159 5227 1285 5297 nulla
1309 5240 1388 5297 est
1406 5234 1600 5297 sincera
1629 5235 1857 5297 voluptas,

820 5284 1184 5346 Sollicituinque
1212 5290 1389 5349 aliquid
1409 5293 1532 5340 lictis
1556 5284 1840 5350 intervenit.

638 5365 890 5420 Salomon
922 5368 1328 5426 Proverhiorum
1361 5379 1534 5443 capite
1563 5391 1650 5431 χιιι
1681 5399 1692 5431 :
1721 5383 1876 5436 Risus
1898 5384 2086 5440 dolore
2117 5389 2208 5440 titi-

639 5456 890 5521 scebitur,
926 5466 979 5510 et
1003 5468 1241 5512 extrema
1272 5467 1444 5529 gaudii
1471 5469 1642 5520 luctus
1660 5481 1902 5539 occupat.
1931 5474 2211 5530 Lucretius
2255 5535 2258 5538 ,

643 5544 710 5599 de
737 5546 870 5598 libro
901 5546 1091 5600 iterum
1115 5549 1309 5604 Natura
1335 5564 1524 5621 quarto
1548 5575 1560 5608 :

1007 5639 1252 5700 Convivia,
1274 5642 1390 5699 ludi,

738 5696 914 5744 l‘ocula
934 5701 1125 5760 crebra,
1152 5696 1418 5766 unguenta,
1444 5722 1653 5772 coronae,
1681 5721 1811 5764 serta
1836 5727 2064 5776 parantur

2320 4597 2418 4649 tes,
2447 4587 2716 4642 doloribus
2743 4591 3119 4660 suppliciisque
3149 4595 3528 4650 beatitudinem
3549 4599 3649 4650 sibi
3673 4614 3893 4668 compa-

2321 4693 2526 4731 ravere.
2564 4680 2790 4734 Proinde
2822 4683 2872 4734 itt
2903 4683 3132 4736 fortuitis
3179 4686 3336 4754 hujus
3387 4690 3506 4754 vita:
3550 4693 3894 4746 successibus

2321 4783 2444 4822 vera
2479 4769 2702 4824 felicitas
2724 4775 3018 4827 consistere
3052 4793 3153 4828 non
3181 4791 3374 4846 potest.

2393 4861 2668 4918 Pcrmultis
2695 4867 3226 4942 deutonstra'ionibusj
3244 4873 3356 4927 Non
3382 4875 3667 4931 Platonicis
3690 4879 3889 4940 solum,

2319 4957 2409 5007 sed
2435 4968 2488 5007 et
2513 4955 2849 5012 Christianis.

2397 5043 2442 5094 11
2449 5045 2540 5115 mc]
2570 5047 2726 5101 Mors.

2394 5135 2621 5207 Multos]
2668 5139 3056 5208 NonStoicos,
3103 5158 3273 5212 neque
3300 5145 3563 5214 Cynicos,
3598 5148 3690 5202 sed
3721 5149 3890 5217 magis

2324 5225 2654 5279 Christianos
2686 5239 2949 5296 martyres
2979 5231 3180 5298 accipe.
3273 5235 3280 5242 ’

2392 5316 2687 5396 Dolet-ibus]
2724 5320 2956 5385 Baptista
2983 5324 3327 5377 Mantuanus-

2509 5430 2661 5500 lfauea
2689 5435 2785 5489 pari
2811 5434 2976 5500 satius,
3004 5435 3328 5499 brevibbsque
3351 5449 3533 5500 retenta
3555 5453 3724 5500 parare

2505 5491 2687 5561 gaudia
2714 5491 2979 5561 suppliciis,
3006 5509 3143 5554 quam
3170 5491 3281 5545 dum
3306 5492 3535 5561 fugientia
3555 5491 3733 5552 't'rustra

2503 5548 3155 5620 tj‘tunptexi-bona-eunamur
3180 5548 3418 5620 retinere,
3446 5563 3657 5610 laborem

2507 5611 2750 5672 l'ertlere,
2775 5628 2820 5662 et
2845 5617 3057 5665 infernos
3083 5621 3277 5668 denum
3300 5611 3602 5674 descendere
3626 5627 3682 5673 azl
3702 5641 3886 5676 attines.

2319 5711 2460 5766 ldettt
2493 5714 2596 5768 alio
2631 5718 2679 5772 in
2713 5721 2858 5773 loco:
