4190 6268
689 358 786 415 971
1342 350 1679 405 APPfZNDIX
1718 352 1808 405 AD
1850 352 2089 406 LIBROS
2132 352 2219 405 DE
2258 350 2774 408 CONSOLATIONE
2819 353 3315 411 PIIILOSOPHIIE.
3871 364 3976 417 973

686 464 1091 523 Fomes‘dieitur
1116 462 1291 517 assula
1312 476 1375 516 ex
1404 462 1595 516 arbore
1620 476 1841 516 excussa
1866 462 1990 516 dum
2016 461 2259 516 creditur.
2292 465 2337 523 Α
2370 462 2423 515 in
2458 462 2652 531 quibus
2682 463 2888 518 nescias
2918 475 3093 519 utrum
3135 466 3343 533 species
3372 468 3601 536 amplius
3645 468 3877 538 ﬂorum,
3904 488 3977 527 an

688 561 817 613 Item
858 569 1183 626 quaecunque
1227 553 1445 606 materia
1484 554 1622 609 sicca
1648 592 1664 617 ,
1706 554 1758 606 in
1796 568 1897 621 qua
1937 553 2088 608 facile
2130 554 2263 623 ignis
2371 552 2453 607 vis
2478 552 2644 607 odora
2669 553 2938 608 delectet?
2982 555 3278 609 Pascuntur
3302 556 3438 609 oculi
3468 567 3622 624 grato
3651 563 3976 627 spectaculo

686 647 1056 702 inflammatur.
1086 645 1187 699 Per
1214 646 1577 712 metaphoram
1604 653 1782 699 autem
1811 644 2046 699 fomitem
2077 643 2265 712 appel-
2373 643 2531 711 longe
2555 644 2768 713 lateque
2787 645 2921 700 odor
2945 645 3232 714 spargitur,
3256 646 3407 715 cujus
3430 648 3700 703 suavitate
3725 651 3976 718 comple-

688 740 877 803 lamus,
907 735 1158 805 quidquid
1179 734 1423 789 accendit
1448 749 1545 789 nos
1573 743 1730 804 atque
1750 738 1946 789 excitat
1969 735 2036 789 ad
2065 734 2260 805 aliquid

687 827 973 897 agendum.

760 917 1124 988 Validioribus]
1164 916 1561 971 Efficacioribus
1589 916 1902 969 rationibus.

753 1009 879 1079 Age]
908 1009 1058 1065 Nunc
1084 1019 1165 1063 est
1192 1009 1501 1063 adverbium
1532 1009 1791 1079 captantis
1819 1010 2184 1062 attentionem.

753 1102 971 1174 Earum]
1004 1103 1333 1156 Divitiarum.

754 1191 958 1262 Potius]
989 1192 1199 1255 Melius,
1224 1192 1581 1259 praestantius.

752 1283 1029 1353 Aurumne]
1066 1283 1147 1337 An
1176 1296 1385 1343 aurum,
1418 1282 1607 1348 inquit,
1646 1280 1784 1349 quod
1816 1279 1883 1333 ab
1914 1294 2066 1345 aura,
2099 1280 2149 1336 id
2181 1289 2264 1334 est

687 1376 919 1445 fulgore,
952 1375 1150 1428 dictum
1179 1385 1284 1441 εει,
1322 1373 1497 1441 potius
1527 1382 1626 1425 est.

754 1468 832 1519 An
862 1466 956 1536 vis]
1005 1465 1058 1519 Id
1088 1474 1168 1517 est
1198 1462 1480 1517 multitudo
1509 1462 1767 1529 pecuniae.

756 1557 1038 1628 Congesta]
1082 1557 1137 1611 Id
1164 1565 1247 1612 est
1272 1564 1624 1609 coacervatae.

756 1646 931 1718 Atqui]
960 1646 1085 1701 Sed.

758 1736 881 1807 Har]
908 1736 1176 1791 Pecunia}.

757 1828 935 1882 Nitent
957 1829 1134 1881 melius
1160 1825 1489 1895 effundenda]
1529 1825 1659 1879 Cum
1686 1824 2051 1878 effunduntur.

762 1919 927 1983 Quam
955 1915 1322 1986 coacervando]
1353 1916 1485 1970 Cum
1510 1926 1911 1969 coacervantur.

758 2010 1025 2076 Siquidem
1066 2008 1282 2061 avaritia
1325 2022 1521 2074 semper
1564 2007 1803 2069 odiosas,
1852 2005 2018 2057 claros
2057 2003 2265 2073 largitas

689 2098 853 2169 efﬁcit]
882 2099 1137 2153 Praeclara
1161 2098 1422 2152 sententia
1452 2107 1534 2151 cst
1565 2108 1618 2150 et
1646 2098 1990 2166 philosophim
2010 2098 2267 2165 gravitate

689 2196 867 2262 digna.

760 2282 827 2333 Et
859 2296 955 2334 uox
986 2280 1185 2348 quidem
1215 2278 1351 2348 tota]
1400 2278 1646 2331 Ostendit
1686 2278 1832 2331 vocis
1863 2287 2100 2329 naturam
2131 2291 2264 2344 prac-

689 2373 1000 2429 stantiorem
1051 2386 1171 2424 esse
1213 2384 1369 2439 quam
1403 2369 1735 2434 divitiarum;
1765 2384 1885 2422 cum
1927 2382 2028 2421 vox
2070 2376 2175 2421 tota
2215 2376 2267 2420 et

690 2464 895 2532 integra
942 2461 1140 2530 pariter
1185 2460 1468 2513 multorum
1514 2458 1719 2526 repleat
1762 2456 1997 2511 auditum
2023 2500 2036 2523 ,
2070 2456 2268 2509 divitire

690 2568 817 2607 vero
849 2552 947 2606 nisi
979 2550 1248 2604 diminutze
1279 2557 1332 2602 et
1374 2548 1640 2602 distractae
1664 2588 1680 2612 ,
1731 2548 1782 2600 in
1833 2547 2011 2615 plures
2041 2546 2267 2598 transire

694 2658 798 2698 non
824 2644 1047 2711 possint.
1081 2642 1293 2695 Boetius
1322 2647 1502 2692 noster
1532 2638 1583 2691 in
1610 2638 1779 2705 primo
1799 2636 1866 2690 de
1889 2635 2082 2690 Musica
2111 2636 2264 2698 libro,

690 2737 863 2804 capite
884 2735 949 2789 I4
974 2753 985 2786 :
1008 2733 1158 2787 Nunc
1182 2733 1300 2801 quis
1322 2732 1511 2786 modus
1536 2730 1783 2784 audiendi
1806 2732 1893 2791 sit,
1918 2729 2261 2783 disseramus.

690 2826 818 2881 Tale
847 2826 988 2880 enim
1017 2824 1268 2892 quiddam
1301 2823 1410 2877 fieri
1442 2823 1721 2875 consuevit
1757 2820 1810 2874 in
1840 2820 2079 2882 vocibus,
2111 2819 2267 2888 quale

689 2932 809 2971 cum
838 2916 1140 2985 paludibus,
1164 2914 1246 2968 vel
1274 2913 1465 2982 quietis
1492 2912 1645 2981 aquis
1670 2912 1867 2981 jactum
1895 2911 2101 2965 eminus
2129 2925 2267 2964 mer-

691 3008 831 3073 gitur
860 3022 1068 3061 saxum.
1111 3004 1265 3059 Prius
1304 3005 1442 3058 enim
1476 3005 1527 3057 in
1560 3005 1931 3072 parvissimum
1959 3003 2142 3057 orbem
2173 3019 2267 3056 un-

688 3098 811 3151 dam
855 3096 1098 3167 colligit,
1154 3094 1348 3150 deinde
1406 3093 1697 3161 majoribus
1742 3094 1958 3148 orbibus
2006 3093 2264 3146 undarttm

688 3189 874 3257 globos
901 3188 1135 3258 spargit,
1183 3198 1341 3253 atque
1385 3201 1618 3255 eousque
1658 3187 1783 3239 dum
1816 3188 2063 3254 fatigatus
2096 3196 2266 3240 motus
2296 3176 2341 3236 C

689 3282 757 3333 ab
793 3280 1070 3335 eliciendis
1113 3279 1358 3333 fluctibus
1399 3280 1761 3346 conquiescat.
1807 3278 2134 3347 Semperque
2173 3293 2268 3347 po-

684 3371 884 3425 sterior
913 3380 967 3424 et
995 3370 1167 3436 major
1204 3368 1397 3421 undula
1438 3370 1592 3436 pulsu
1638 3369 1895 3423 debiliore
1939 3368 2264 3422 difiuuditur.

684 3457 840 3522 Quod
870 3459 916 3512 si
941 3459 1065 3526 quid
1097 3459 1184 3521 sit,
1214 3456 1355 3525 quod
1383 3466 1685 3512 crescentes
1715 3458 1883 3511 undas
1911 3459 2077 3524 possit
2103 3459 2269 3512 offen-

694 3554 818 3601 :lere
846 3587 862 3609 ,
922 3548 1097 3599 statim
1136 3546 1223 3599 ille
1259 3554 1434 3599 motus
1462 3547 1764 3612 revertitur,
1785 3555 1838 3600 et
1864 3548 2014 3615 quasi
2045 3548 2109 3600 ad
2139 3563 2266 3601 cen-

698 3645 827 3689 sum
848 3677 863 3701 ,
897 3634 1039 3689 unde
1069 3634 1342 3702 profectus
1372 3635 1574 3699 fuerat,
1603 3635 1805 3689 eisdem
1838 3635 2047 3689 undulis
2077 3646 2267 3690 rotun-

689 3733 863 3779 datur.
898 3724 972 3779 Ita
1000 3723 1160 3793 igitur
1190 3740 1307 3779 cum
1338 3740 1429 3779 aer
1456 3725 1638 3793 pulsus
1666 3724 1853 3779 fecerit
1878 3740 2088 3788 sonum,
2121 3727 2270 3796 pellit

681 3818 847 3871 alium
875 3816 1201 3885 proximum,
1236 3813 1289 3868 et'
1317 3813 1708 3883 quodammodo
1737 3813 2017 3867 rotundum
2048 3814 2264 3868 fluctum

688 3912 826 3963 aeris
852 3907 976 3963 ciet.
1030 3908 1212 3977 Itaque
1235 3905 1547 3960 diffunditur
1573 3911 1627 3960 et
1654 3906 1891 3959 omnium
1917 3906 2269 3961 circumstan-

686 4004 814 4053 tium
839 4000 995 4053 simul
1020 3999 1140 4052 ferit
1161 3998 1422 4052 auditum.
1451 3996 1626 4064 Atque
1652 3996 1731 4049 illi
1755 4004 1838 4050 est
1865 3997 2140 4050 obscurior
2161 4012 2265 4049 vox

688 4092 775 4159 qui
808 4091 1017 4158 longius
1055 4089 1282 4152 steterit,
1326 4087 1576 4156 quoniam
1608 4088 1675 4142 ad
1710 4101 1833 4143 eum
1873 4087 2101 4142 debilior
2132 4087 2266 4156 pulsi

687 4182 825 4235 aeris
853 4178 991 4233 unda
1026 4180 1287 4247 pervenit.

756 4271 833 4324 Au
862 4284 1172 4338 gemmarum
1210 4266 1411 4336 fulgor]
1450 4267 1513 4321 Ut
1542 4282 1703 4336 supra
1730 4267 1797 4321 de
1821 4282 1953 4322 auro
1973 4307 1989 4333 ,
2023 4269 2090 4322 ita
2124 4284 2263 4322 nunc

686 4363 751 4417 de
780 4360 1004 4431 gemmis
1030 4360 1165 4428 agit,
1210 4373 1407 4426 easque
1436 4358 1568 4411 nihil
1601 4357 1799 4411 habere
1822 4348 2091 4424 ostendit,
2122 4359 2263 4427 quod

686 4455 752 4509 sit
777 4454 1078 4508 hominibus
1110 4452 1191 4505 vel
1221 4449 1523 4504 mirandum
1557 4449 1639 4502 vel
1669 4448 2047 4516 expetendum.

756 4544 1079 4598 Gemmarum
1121 4551 1193 4595 est
1232 4541 1321 4594 lux
1358 4541 1484 4603 illa,
1514 4556 1618 4592 non
1657 4539 1940 4610 hominum]
1980 4541 2070 4596 Sic
2111 4541 2263 4595 divus
2290 4535 2342 4594 D

684 4634 999 4692 Ambrosius
1035 4633 1086 4702 in
1116 4632 1207 4685 lib.
1238 4632 1303 4684 de
1338 4630 1577 4683 Nabutlta
1613 4648 1625 4681 ε
1659 4629 1771 4682 Non
1815 4630 1990 4683 abnuo
2032 4630 2256 4699 gratiam

681 4724 964 4795 quamdam
989 4723 1219 4791 lapidum
1253 4722 1476 4774 istorum
1498 4734 1616 4773 esse
1645 4721 1926 4789 fulgorem,
1959 4721 2050 4773 sed
2082 4729 2259 4772 tamen

682 4817 946 4883 lapidum.

749 4907 829 4959 Au
854 4922 942 4959 vos
970 4922 1207 4975 agrorum
1230 4902 1575 4975 pulchritudo]
1608 4905 1771 4956 Docet
1797 4903 1978 4956 itidem
2011 4918 2256 4971 agrorum

681 4996 1131 5064 pulchritudinem
1163 4995 1379 5048 minimc
1411 4994 1686 5047 hominum
1717 5009 1834 5047 esse
1863 4995 2150 5061 propriam.

756 5088 946 5153 Quidni
961 5085 1003 5156 ?]
1033 5085 1140 5139 Cur
1165 5101 1293 5149 non,
1326 5084 1609 5152 respondet
1637 5084 1874 5137 Boetius.

758 5174 1095 5229 Pulclterrimi
1120 5174 1308 5242 aperis]
1343 5173 1539 5225 Mundi.

753 5264 984 5319 Pulchra
1012 5263 1205 5333 portio]
1239 5263 1366 5315 Pars
1392 5264 1654 5330 speciosa.

752 5354 931 5427 Facie]
963 5356 1174 5421 Specie,
1210 5354 1401 5418 forma,
1436 5364 1675 5422 aspectu.

757 5452 939 5505 Verm‘s
987 5448 1227 5519 ﬂoribus]
1284 5449 1449 5501 Divus
1497 5450 1811 5502 Ambrosius
1858 5448 1909 5501 in
1960 5449 2115 5501 tertio
2163 5448 2255 5502 lib.

681 5541 868 5611 Operis
888 5556 981 5595 sex
1004 5540 1211 5595 dierum
1240 5559 1251 5593 :
1276 5539 1415 5603 Quid
1439 5540 1530 5593 tibi
1551 5540 1846 5593 describam
1870 5553 2258 5607 purpurascen-

684 5642 765 5687 tcs
796 5632 965 5686 violas
991 5672 1007 5695 ,
1045 5631 1270 5688 candida
1315 5631 1421 5683 lilia
1445 5671 1460 5690 ,
1492 5631 1769 5682 rutilantes
1812 5644 1960 5682 rosas
1984 5670 1998 5692 ,
2043 5630 2249 5697 depicta

683 5738 827 5797 rura,
855 5737 999 5778 nunc
1024 5724 1202 5778 aureis
1224 5762 1239 5787 ,
1268 5737 1405 5776 nunc
1436 5721 1617 5784 variis,
1646 5736 1784 5774 nunc
1816 5722 1973 5775 luteis
2008 5722 2247 5785 ﬂoribus,

2372 750 2511 788 mur.

2448 822 2685 893 Ubertas]
2713 823 3001 879 Fertilitas.

2444 913 2813 981 Animantium]
2854 913 3199 967 Animalium.

2446 1002 2729 1072 Alimentis]
2763 1002 3126 1057 Nutrimenlis.

2446 1091 2593 1155 Quod
2626 1101 2821 1143 uaturw
2847 1091 2969 1143 satis
2996 1090 3089 1160 est]
3129 1090 3468 1145 Parenthesis
3493 1099 3597 1147 est.

2448 1178 2619 1249 Quod]
2664 1180 2888 1246 ltcplere
2920 1179 3281 1247 indigentiam.
3342 1210 3345 1211 ν

2444 1271 2635 1324 Paucis
2660 1272 2793 1323 enim
2819 1271 3135 1337 minimisque
3156 1279 3338 1324 natura
3358 1279 3591 1325 contenta
3610 1270 3709 1342 est]
3735 1271 3971 1327 Senten-

2376 1364 2443 1417 tia
2481 1372 2565 1417 est
2606 1377 2727 1416 cum
2779 1364 2963 1430 primis
3002 1363 3288 1418 celebrata.
3337 1362 3465 1419 Sex.
3496 1364 3775 1433 Turpilius
3809 1371 3967 1433 poeta

2370 1456 2609 1509 comicus
2640 1473 2651 1505 :

2496 1542 2737 1600 Profecto,
2765 1547 2819 1590 ut
2844 1542 3050 1602 quisque
3073 1543 3270 1589 omnino
3292 1547 3550 1590 contentus
3572 1540 3688 1602 fuit,

2495 1603 2565 1650 Ita
2588 1604 2877 1650 fortunatam
2902 1604 3046 1650 vitam
3069 1604 3207 1650 duxit
3232 1604 3459 1664 maxime,

2497 1664 2557 1712 L't
2580 1664 2848 1724 philos'Oplii
2876 1668 3007 1710 aiunt
3032 1665 3127 1720 isti,
3150 1666 3340 1723 quidvis
3364 1673 3437 1713 sat
3460 1670 3549 1712 est.

2373 1746 2573 1799 Seneca
2616 1744 2971 1812 Philosophus
3022 1744 3248 1813 epistula
3298 1755 3483 1812 quarta
3526 1762 3541 1799 ε
3588 1743 3849 1799 Pa'rabile
3889 1757 3967 1798 est

2298 1823 2343 1880 B
2370 1835 2509 1904 quod
2552 1844 2739 1888 natura
2770 1834 3071 1900 desiderat,
3111 1842 3165 1887 et
3195 1833 3494 1902 appositum
3528 1834 3692 1901 pat'vo
3724 1842 3966 1897 constat,

2369 1936 2423 1980 et
2452 1926 2519 1980 ad
2567 1939 2890 1994 supervacua
2923 1925 3162 1978 sudatur.
3205 1925 3295 1979 Illa
3325 1934 3447 1978 sunt
3472 1940 3591 1994 qum
3622 1934 3804 1993 togam
3833 1938 3960 1979 eon-

2371 2026 2586 2078 terunt,
2617 2032 2735 2085 quas
2764 2031 2863 2069 nos
2895 2030 3178 2070 senescere
3205 2015 3305 2069 sub
3330 2016 3556 2070 tenturio
3582 2024 3811 2085 cogunt,
3846 2017 3965 2085 quia

2370 2111 2422 2163 in
2452 2110 2620 2163 aliena
2652 2108 2827 2162 littora
2858 2108 3185 2176 impingunt;
3231 2107 3295 2161 ad
3326 2123 3536 2162 manum
3563 2114 3665 2175 est,
3698 2108 3850 2176 quod
3884 2119 3963 2161 sat

2370 2206 2472 2250 est.
2518 2197 2619 2261 Qui
2656 2211 2777 2250 cum
2816 2206 3127 2264 paupertate
3167 2197 3302 2251 bene
3342 2196 3632 2263 conlvenit,
3662 2196 3821 2252 dives
3859 2207 3959 2250 est.

2369 2287 2614 2341 Lucanus
2647 2288 2697 2340 in
2729 2296 2919 2354 quarto
2949 2286 3233 2339 Pharsalia:
3263 2303 3275 2338 :

2615 2377 2654 2423 Ο
2682 2377 2875 2437 prodiga
2901 2389 3068 2422 rerum

2492 2436 2749 2492 Luxuries,
2775 2449 3014 2497 nunquam
3043 2443 3187 2493 parvo
3211 2443 3435 2485 contenta
3463 2444 3648 2496 paratu,

2490 2498 2551 2547 Et
2570 2501 2883 2559 quaesitorum
2911 2497 3084 2557 pelago
3110 2504 3341 2559 terraque
3366 2500 3585 2545 ciborum

2492 2556 2756 2606 Ambitiosa
2782 2556 2953 2615 fames,
2984 2556 3041 2605 et
3062 2558 3200 2619 lauta:
3226 2556 3377 2619 gloria
3405 2570 3607 2605 mensae.

2494 2620 2695 2674 Discite,
2719 2630 2862 2678 quam
2890 2630 3036 2677 parvo
3062 2618 3201 2665 liceat
3230 2618 3498 2679 producere
3524 2623 3687 2677 vitam,

2494 2680 2553 2729 Et
2576 2687 2805 2738 quantum
2831 2686 2999 2740 natura
3026 2687 3184 2739 petat,
3207 2692 3301 2726 non
3326 2681 3473 2740 erigit
3500 2691 3659 2739 :egros

2495 2740 2679 2789 Nobilis
2703 2743 2868 2801 ignoto
2889 2739 3091 2787 diffusus
3112 2742 3309 2788 consule
3334 2739 3563 2789 Baechus.

2370 2820 2511 2876 Idem
2538 2839 2640 2876 non
2674 2823 2841 2875 multo
2872 2833 2992 2890 post
3023 2838 3037 2874 :

2616 2914 2743 2963 Satis
2771 2922 2847 2962 est
2874 2914 3062 2973 populis
3088 2914 3358 2975 fluviusque
3381 2911 3649 2975 Ceresque.

2373 2996 2424 3049 Id
2458 3006 2536 3049 cst
2570 2996 2717 3062 panis
2743 3005 2796 3048 et
2825 3001 2983 3063 atiua.
3016 2996 3291 3064 Euripides
3311 2996 3448 3064 apud
3474 3000 3535 3052 Α.
3570 2995 3797 3050 Gelltum
3834 3016 3847 3049 :

2494 3084 2610 3131 Nam
2631 3085 2745 3144 quid
2767 3084 3044 3133 mortalibus
3065 3087 3127 3132 sit
3149 3087 3254 3131 usui
3278 3093 3457 3145 prmter
3477 3086 3573 3132 duo
3596 3086 3673 3134 illa
3694 3086 3859 3135 modo.

2496 3148 2691 3194 Cereris
2714 3159 2905 3203 munus,
2933 3153 2981 3194 et
3008 3158 3145 3204 aqua!
3169 3146 3409 3205 poculum,
3436 3157 3545 3207 quae
3570 3150 3764 3205 adsunt,

2499 3211 2563 3267 Ac
2584 3220 2669 3253 uos
2688 3213 2875 3267 queunt
2897 3207 3052 3260 alere.
3075 3220 3277 3265 quorum
3298 3209 3448 3256 saties
3468 3222 3707 3267 nunquam
3730 3217 3803 3256 est
3821 3209 3850 3256 ?

2498 3266 2662 3315 Luxus
2680 3266 2840 3314 autem
2861 3274 2971 3316 sunt
2988 3275 3272 3315 cmterarum
3296 3268 3550 3329 epularum
3570 3266 3846 3327 indagines.

2371 3350 2560 3404 Cicero
2588 3351 2641 3403 in
2671 3351 2855 3417 quinto
2878 3350 3091 3403 Tuscul.
3122 3349 3489 3416 Quaastionum
3524 3367 3537 3401 :
3573 3353 3693 3404 Dies
3721 3350 3951 3412 deﬁciet,

2372 3443 2416 3494 si
2445 3440 2602 3493 velim
2635 3440 2959 3507 paupertatis
2986 3454 3203 3494 causam
3229 3439 3539 3495 defendere.
3580 3439 3780 3508 Aperta
3810 3442 3953 3494 enim

2373 3547 2459 3585 res
2488 3540 2570 3584 cst
2593 3571 2609 3597 ,
2653 3541 2707 3585 et
2735 3532 2971 3598 quotidie
3004 3546 3099 3583 nos
3146 3532 3258 3598 ipsa
3290 3540 3474 3584 natura
3508 3530 3761 3585 admonet
3793 3547 3953 3600 quam

2373 3624 2575 3690 paucis,
2606 3637 2761 3689 quam
2797 3621 2968 3687 parvis
2996 3620 3158 3674 rebus
3180 3629 3350 3689 egeat,
3371 3635 3529 3689 quam
3558 3621 3771 3674 vilibus.
3797 3622 3954 3675 Divus

2375 3712 2690 3766 Ambrosius
2718 3712 2768 3765 in
2798 3729 2825 3765 κ
2854 3712 2990 3765 libro
3022 3712 3378 3781 Epistolarum
3409 3729 3422 3764 :
3457 3713 3599 3768 Satis
3628 3715 3769 3767 enim
3802 3715 3954 3769 dives

2374 3802 2620 3855 omnibus
2666 3814 2868 3855 natura:
2920 3803 3003 3857 lex
3054 3813 3174 3868 est,
3222 3803 3307 3856 cui
3354 3804 3461 3857 cito
3523 3805 3763 3857 invenias
3810 3806 3954 3873 quod

2376 3891 2625 3945 abundet.
2652 3890 3036 3960 Cupiditatibus
3057 3902 3236 3947 autem
3258 3894 3431 3948 omnis
3454 3895 3761 3949 divitiarum
3785 3898 3951 3950 abun-

2374 3985 2549 4037 dantia
2592 3986 2764 4052 inopia
2804 3994 2905 4039 est.
2949 3986 3303 4056 Hieronymus
3333 3986 3386 4039 in
3414 3987 3757 4041 Juvinianum
3790 4005 3803 4039 :
3833 3989 3952 4042 Cito

2374 4076 2619 4145 expletur
2651 4088 2852 4131 natura:
2883 4080 3203 4143 nectssitas,
3238 4078 3401 4147 frigus
3442 4088 3495 4132 et
3525 4078 3691 4133 fames
3721 4081 3949 4146 simplici

2373 4168 2567 4222 vestitu
2609 4179 2663 4222 et
2704 4168 2823 4222 cibo
2866 4169 3063 4237 expelli
3111 4179 3302 4237 potest.
3342 4152 3505 4224 'Unde
3536 4180 3589 4223 et
3615 4172 3949 4239 Apostolus:

2374 4259 2640 4313 Habentes
2661 4299 2676 4323 ,
2718 4259 2886 4326 inquit
2918 4301 2931 4323 ,
2972 4261 3165 4312 victum
3204 4270 3256 4313 ct
3287 4260 3533 4313 vesutum
3561 4300 3573 4325 ,
3607 4260 3686 4313 his
3715 4264 3951 4314 contenti

2373 4365 2577 4404 sumus.
2611 4349 2926 4403 Prudentius
2958 4351 3007 4402 in
3042 4350 3454 4418 I’syclmmachia
3486 4366 3498 4402 :

2496 4462 2691 4523 Summa
2712 4466 2853 4523 quies
2877 4461 3095 4523 nilrvclle
3120 4477 3268 4523 super
3292 4476 3433 4521 quam
3460 4461 3670 4521 postulat
3694 4476 3811 4511 usus

2498 4521 2797 4581 Debitus,‘ut
2820 4522 3028 4583 simplex
3052 4521 3296 4579 alimonia,
3322 4529 3466 4571 vestis
3493 4533 3541 4571 et
3565 4537 3656 4569 uua

2496 4584 2715 4632 Infirmus
2739 4592 2894 4644 tegat,
2915 4597 2970 4631 ac
2993 4594 3189 4633 recreet
3215 4587 3523 4632 mediocriter
3548 4595 3702 4639 artus,

2495 4645 2855 4705 Expletumque
2880 4643 3071 4693 modum
3096 4654 3280 4693 natura:
3309 4660 3400 4693 non
3426 4648 3583 4692 trahat
3609 4656 3766 4692 extra.

2442 4729 2565 4779 Jam
2603 4744 2714 4780 t-ero
2744 4725 3035 4795 pulchrum]
3088 4727 3323 4781 Vcstium
3355 4742 3566 4794 quoque
3597 4726 3945 4793 pulchritudi-

2375 4833 2496 4873 nem
2547 4817 2851 4872 hominibus
2887 4817 3113 4871 alienam
3156 4833 3312 4882 esse,
3356 4827 3409 4872 et
3448 4818 3529 4869 vel
3582 4818 3821 4870 matcrim
3867 4819 3949 4869 vel

2373 4910 2582 4963 artificii
2633 4910 2900 4979 propriam
2931 4909 3085 4961 ducet
3114 4927 3126 4970 ;
3161 4909 3368 4962 tametsi
3402 4916 3555 4961 vetus
3602 4908 3675 4961 sit
3700 4907 3826 4960 illud
3878 4912 3947 4960 si-

2374 5024 2511 5073 ματα
2538 5004 2660 5074 ἁνὴρ
2686 5040 2702 5062 ,
2734 5010 2908 5053 vestes
2943 5000 3024 5052 vir
3048 5039 3063 5063 ,
3096 5008 3149 5051 ct
3177 4999 3333 5066 vulgo
3372 4997 3550 5050 tritum
3581 4998 3669 5051 sit.
3719 4996 3948 5050 Vestinis

2374 5091 2543 5144 virum
2576 5090 2767 5149 reddit,
2796 5092 2882 5157 qui
2913 5088 3089 5150 habet,
3123 5087 3323 5139 induat.

2444 5181 2520 5232 An
2550 5195 2665 5231 vero
2702 5175 2780 5245 te]
2832 5177 3025 5229 Probat
3062 5176 3370 5229 felicitatem
3411 5190 3513 5239 non
3551 5176 3850 5229 consistere
3896 5176 3943 5227 in

2374 5271 2532 5337 longo
2558 5268 2877 5321 famularum
2908 5266 3183 5321 comitatu.

2448 5356 2688 5424 Sarciua]
2734 5354 2954 5423 Proprie
2981 5363 3063 5408 est
3087 5354 3393 5408 utensilium
3425 5364 3479 5408 et
3507 5368 3693 5408 eorum
3736 5368 3857 5423 qua
3882 5353 3946 5405 ad

2370 5446 2572 5500 cultum
2606 5445 2901 5512 pertinent,
2933 5444 3095 5497 veluti
3127 5444 3314 5510 fascis,
3343 5459 3499 5512 quem
3529 5443 3647 5512 quis
3678 5445 3729 5497 in
3761 5445 3947 5497 itinere

2374 5538 2615 5593 faciendo
2646 5547 2858 5604 portare
2882 5537 3069 5604 possit.
3107 5536 3238 5590 Ilinc
3262 5537 3458 5590 milites
3478 5551 3601 5590 cum
3632 5546 3805 5589 castra
3836 5552 3945 5589 mo-

2369 5647 2495 5687 vere
2512 5632 2714 5697 volunt,
2736 5632 3034 5685 sarcinulas
3052 5632 3303 5701 colligere
3325 5632 3596 5693 dicuntur,
3614 5634 3704 5699 qui
3722 5636 3770 5685 in
3789 5634 3942 5686 aliam

2366 5726 2579 5779 domum
2607 5720 2850 5787 migrant,
2872 5724 3109 5777 sarcinas
3134 5737 3255 5777 suas
3283 5735 3633 5788 componere.
3656 5722 3756 5777 Per
3787 5732 3938 5775 meta-
