4190 6268
290 404 399 462 975

293 518 517 585 piratam
562 524 735 567 tamen
777 508 1039 564 sarcinam
1082 519 1176 573 pro
1209 500 1379 555 inutili
1414 513 1576 553 onere
1608 498 1877 567 ponimus.
1906 495 1958 554 Α
1985 490 2127 543 modi
2172 508 2182 541 :

292 608 543 662 Aurelius
574 623 585 657 :
629 604 695 657 Et
728 602 863 655 hanc
902 595 1142 666 corporis
1173 593 1435 647 sarcinam
1468 588 1752 658 aliquando
1785 586 1877 639 de-

291 709 571 765 ponerem.
596 688 910 745 Ambrosius
934 704 946 739 :
972 683 1107 751 Quid
1133 684 1273 737 enim
1301 678 1444 734 aliud
1472 688 1554 732 est
1577 683 1878 747 peccatum,

298 787 401 838 nisi
435 780 690 837 sarcina?

373 872 455 926 Ex
477 871 655 939 quibus
678 864 925 935 omnibus]
972 864 1074 917 Per
1093 860 1305 914 modum
1328 854 1651 913 inductionis
1673 868 1735 907 ex
1761 866 1882 920 par-

300 959 611 1014 ticularibus
640 954 1091 1016 antecedentibus,
1125 950 1325 1018 colligit
1363 945 1719 1001 universalcm
1750 956 1881 997 con-

304 1053 625 1106 clusionem.

380 1144 517 1209 Quid
552 1142 605 1194 id
635 1149 720 1191 tua
753 1135 927 1207 refert]
972 1133 1106 1201 Quid
1135 1132 1201 1185 ad
1239 1141 1288 1184 te
1318 1130 1371 1185 id
1413 1127 1683 1199 pertinet?
1725 1126 1793 1181 [lt
1830 1126 1882 1179 in

305 1231 424 1285 Vita
470 1229 681 1286 Solonis
722 1242 753 1280 a
803 1225 1014 1280 Laertio
1056 1224 1280 1277 relatum
1322 1227 1445 1283 est,
1484 1221 1631 1270 aiunt
1666 1214 1883 1282 quidam

304 1320 568 1381 Crassum,
600 1332 720 1370 cum
750 1329 810 1369 se
835 1311 1247 1382 exquisitissime
1275 1308 1513 1361 omnium
1542 1312 1885 1359 ornamento-

307 1423 425 1461 rum
442 1420 637 1475 genere
656 1403 1062 1471 composuisset,
1081 1400 1401 1467 sublimique
1422 1396 1472 1450 in
1494 1396 1628 1451 solio
1648 1394 1881 1460 sederet,

309 1500 665 1566 interrogasse
684 1496 933 1550 Solonem
959 1508 1025 1547 an
1052 1482 1575 1561 pulchriusunq'uam
1602 1494 1885 1552 spectacu-

309 1592 418 1645 lum
439 1590 649 1653 viderit,
681 1587 934 1655 illumque
961 1580 1346 1639 dixisseGallos
1362 1577 1716 1639 Gallinaceos,
1742 1572 1885 1625 Pha-

311 1682 491 1735 sianos
519 1687 673 1746 atque
698 1676 960 1729 Pavones.
996 1671 1232 1727 Naturali
1260 1668 1401 1724 enim
1439 1681 1531 1721 eos
1561 1664 1692 1719 ﬂore
1719 1671 1775 1717 et
1804 1661 1886 1715 iu-

310 1768 553 1824 credibili
581 1765 922 1832 speciositate
948 1762 1154 1818 vestiri.

382 1853 725 1923 Sequestrata]
756 1832 1034 1920 Separata,
1063 1849 1320 1919 seposita.

386 1944 521 2009 Quid
565 1950 732 1995 autem
775 1938 954 2010 tanto]
1017 1939 1260 2006 Increpat
1308 1934 1562 1989 mortales
1609 1939 1885 2000 tantopere

313 2031 536 2086 fortuna:
580 2030 735 2084 bonis
772 2029 1075 2092 inhiantes,
1122 2026 1460 2093 ostenditque
1503 2037 1599 2077 eos
1639 2020 1887 2074 maximis

313 2122 579 2176 laboribus
618 2137 714 2189 pro
742 2119 1056 2189 sufficientia
1078 2156 1095 2181 ,
1126 2132 1284 2186 quam
1312 2117 1425 2171 dies
1454 2124 1509 2170 et
1548 2124 1731 2168 noctes
1758 2111 1889 2166 atl‘e-

316 2222 483 2274 ctant,
512 2210 854 2279 indigentiam
885 2220 1176 2278 reportare.

387 2298 745 2369 Adminiculis]
774 2298 1129 2366 Adjumentis.

389 2390 665 2444 Permultis
693 2390 915 2457 indigere
937 2386 1043 2457 eos]
1090 2388 1438 2442 Ecclesiastes
1466 2385 1639 2454 capite
1666 2387 1851 2454 quinto
1876 2400 1891 2439 ς

322 2482 421 2536 Ubi
450 2482 627 2535 multa;
656 2489 779 2534 sunt
801 2493 951 2545 ones,
978 2479 1129 2532 multi
1155 2479 1243 2547 qui
1272 2477 1558 2531 comedunt
1586 2489 1700 2530 eas.
1728 2477 1896 2529 Aulus

321 2569 524 2625 Gellius
555 2571 693 2624 libro
723 2577 910 2623 octavo
940 2586 953 2620 :
991 2568 1180 2621 Verum
1220 2576 1302 2622 est
1331 2567 1598 2636 profecto,
1630 2565 1768 2634 quod
1801 2565 1898 2618 nb-

320 2676 532 2718 servato
550 2677 729 2715 rerum
752 2676 852 2715 usu
874 2660 1139 2730 sapientes
1160 2661 1254 2713 viri
1276 2659 1465 2713 dixere
1486 2678 1496 2710 :
1520 2658 1698 2711 multis
1717 2672 1895 2726 egere,

321 2754 411 2820 qui
437 2754 601 2807 multa
625 2754 835 2817 habeat,
861 2767 1215 2821 magnamque
1235 2753 1575 2820 indigentiam
1600 2752 1767 2817 nasci,
1793 2766 1911 2813 non.

326 2856 393 2897 ex
423 2844 595 2911 inopia
626 2858 844 2912 magna,
884 2844 977 2897 sed
1008 2858 1072 2897 ex
1108 2859 1293 2911 magna
1325 2845 1476 2909 copia
1511 2861 1524 2896 :
1556 2842 1719 2895 multa
1759 2842 1900 2895 enim

329 2934 619 2989 desiderari
648 2935 712 2988 ad
742 2936 927 3000 multa,
957 2950 1074 3003 qua:
1106 2937 1322 3000 habeas,
1354 2937 1569 2989 tuenda.
1606 2934 1757 3003 Apud
1792 2935 1900 2988 Xe-

330 3027 657 3095 nophontem
698 3028 747 3079 in
788 3026 909 3095 Cyri
950 3027 1123 3081 Pzedia
1159 3028 1295 3082 libro
1336 3038 1526 3081 octavo
1568 3026 1854 3081 Pheraulas
1889 3044 1902 3079 :

333 3117 470 3173 Num
499 3118 638 3171 enim
671 3118 775 3179 ita,
808 3116 1007 3186 inquit,
1040 3118 1207 3181 Saca,
1236 3118 1510 3171 existimas
1548 3132 1632 3169 me
1663 3129 1803 3168 nunc
1841 3129 1905 3167 eo

1442 381 1815 443 MURMELIJI
1858 379 1995 435 COM
2007 374 2377 433 MENTARIA.

3445 363 3551 418 9'“

2229 483 2492 555 Quidquid
2550 479 2763 535 habenti
2811 486 3002 545 nocet,
3047 491 3153 531 non
3204 483 3288 530 eSt
3334 475 3551 529 bonum.

1983 580 2188 632 Divitiae
2230 586 2402 630 autem
2439 576 2747 643 plerumque
2785 580 2978 624 nocent
3008 568 3246 624 habenti.
3281 567 3395 621 Non
3435 576 3557 620 sunt

1981 669 2138 738 igitur
2178 668 2349 722 bonze.
2396 666 2704 728 Assumptio
2743 660 3052 728 quotidiana
3103 658 3359 727 probatur
3397 672 3557 726 expc-

1982 759 2190 817 rientia.
2210 765 2267 811 et
2288 755 2557 809 iuvenalis
2580 753 2914 807 auctoritate.
2941 750 3186 804 Valerius
3206 749 3367 802 etiam
3394 747 3529 801 Maxi

1982 863 2125 912 mus,
2150 834 2282 899 libro
2306 860 2398 910 vn,
2421 844 2534 895 hzee
2562 857 2689 896 sane
2711 855 2867 910 quam
2894 840 3165 907 eleganter
3185 837 3340 891 nobis
3364 838 3559 903 scripta

1981 935 2213 1004 reliquit.
2255 932 2489 989 Socratis
2526 932 2769 983 humana:
2804 928 3077 997 sapientiae
3111 929 3258 995 quasi
3292 926 3558 995 quoddam

1982 1037 2237 1085 terrestre
2298 1028 2613 1091 oraculum,
2668 1024 2800 1078 nihil
2855 1025 2995 1077 ultra
3054 1022 3337 1090 petendum
3378 1036 3407 1074 a
3460 1021 3562 1073 diis

1985 1124 2376 1180 immortalibus
2402 1121 2783 1183 arbitrabatur,
2806 1133 2961 1185 quam
2993 1126 3048 1169 ut
3068 1117 3203 1169 bona
3229 1114 3522 1167 tribuerent
3546 1131 3559 1176 ;

1984 1217 2106 1285 quia
2148 1215 2200 1268 hi
2240 1214 2456 1268 demum
2498 1211 2697 1265 scirent
2741 1208 2867 1277 quid
2903 1206 3188 1272 unicuique
3216 1212 3359 1257 esset
3392 1203 3558 1256 utile:

1984 1322 2082 1360 nos
2120 1312 2295 1358 autem
2339 1302 2650 1371 plerumque
2688 1297 2824 1351 votis
2872 1297 2921 1350 id
2965 1303 3218 1362 expetere
3263 1292 3404 1361 quod
3457 1306 3563 1345 non

1988 1396 2303 1462 impetrasse
2327 1393 2517 1446 melius
2542 1393 2695 1443 foret.
2722 1389 2930 1443 Etenim
2968 1386 3303 1440 densissimis
3333 1385 3567 1439 tenebris

1992 1483 2226 1538 involuta
2263 1481 2569 1535 mortalium
2617 1493 2768 1530 mens
2799 1521 2813 1543 ,
2856 1476 2908 1529 in
2953 1491 3109 1542 quam
3150 1475 3257 1527 late
3296 1482 3565 1541 patentem

1989 1588 2227 1628 errorem
2276 1586 2443 1625 cineas
2485 1569 2820 1638 precationes
2876 1577 2994 1620 tuas
3049 1566 3297 1635 Spargis?
3350 1564 3568 1618 Divitias

1987 1664 2228 1731 appetis,
2260 1677 2377 1729 qua:
2412 1660 2611 1712 multis,
2634 1659 2798 1711 exitio
2836 1657 3067 1709 fuerunt.
3102 1655 3342 1708 llonores
3373 1667 3569 1706 c0ucu-

1990 1753 2171 1820 piscis,
2201 1753 2290 1820 qui
2331 1750 2632 1816 complures
2675 1745 3149 1814 pessundedernnt.
3184 1744 3360 1810 Regna
3392 1750 3564 1795 tecum

1916 1846 1965 1906 B
1992 1842 2103 1910 ipsa
2142 1840 2330 1903 volvis,
2356 1853 2579 1906 quorum
2624 1836 2796 1889 exitus
2824 1848 3190 1901 smpenumero
3232 1831 3566 1886 miserabiles

1990 1940 2298 1986 cernuntur.
2323 1928 2627 1997 Splendidis
2650 1926 2911 1993 conjugiis
2940 1923 3111 1991 injieis
3132 1938 3341 1988 manus,
3370 1932 3424 1975 at
3448 1922 3563 1974 haec

1965 2031 2050 2079 .ut
2094 2018 2379 2089 aliquando
2423 2017 2730 2079 illustrant,
2777 2015 2847 2066 ita
2897 2027 3273 2079 nonnunquam
3334 2010 3572 2063 funditus

1991 2112 2182 2167 domos
2207 2120 2473 2165 evertunt.
2517 2106 2708 2161 Desine
2732 2106 2891 2175 igitur
2912 2104 3070 2157 stulta
3100 2103 3290 2155 futuris
3313 2101 3573 2155 malorum

1994 2210 2201 2259 (uorum
2222 2201 2417 2263 causis,
2442 2198 2593 2267 quasi
2626 2193 2947 2249 felicissimis
2976 2192 3133 2245 rebus
3156 2192 3383 2255 inhiare,
3418 2200 3573 2258 teque

1996 2302 2162 2347 totam
2183 2290 2483 2345 emlestium
2521 2285 2743 2340 arbitrio
2766 2285 3010 2351 permitte
3034 2300 3048 2347 ;
3073 2284 3192 2351 quia
3224 2282 3314 2351 qui
3342 2282 3578 2335 tribuere

1998 2383 2136 2437 bona
2158 2398 2223 2436 ex
2239 2374 2385 2435 'facili
2408 2379 2605 2441 solent,
2630 2377 2792 2431 etiam
2821 2375 3015 2443 eligere
3035 2373 3309 2442 aptissime
3332 2380 3573 2440 possunt.
3600 2436 3613 2449 η

1997 2471 2272 2527 Iuvenalis
2299 2480 2480 2540 satyra
2512 2469 2717 2521 decima
2750 2482 2763 2516 ε

2121 2562 2219 2610 Sed
2246 2559 2412 2623 plures
2437 2559 2581 2605 nimia
2606 2562 2833 2615 congesta
2861 2554 3064 2616 pecunia
3090 2565 3207 2622 cura

2124 2612 2425 2681 Strangulat,
2448 2627 2507 2681 et
2523 2612 3034 2681 cunctavexsuperans-
3052 2612 3338 2681 patrimonia
3357 2623 3556 2668 census,

2124 2675 2315 2740 Quanto
2338 2679 2591 2740 Delphiuis
2615 2677 2798 2724 balaena
2820 2676 3097 2723 Britannica
3122 2675 3289 2733 major.

2075 2765 2202 2818 Cum
2245 2764 2488 2833 pessimus
2528 2759 2768 2829 quisque]
2808 2759 2952 2812 Ordo
2988 2768 3073 2812 est
3105 2773 3119 2809 :
3154 2756 3284 2809 Cum
3321 2756 3586 2823 pessimus

2003 2856 2227 2923 quisque
2255 2853 2439 2906 avidus
2469 2853 2639 2918 magis
2660 2851 2783 2903 teris
2812 2849 2995 2911 alieni,
3021 2848 3071 2900 id
3095 2855 3177 2900 est
3205 2846 3392 2899 alienae
3427 2860 3575 2914 pecu-

2006 2946 2129 3011 niae,
2155 2952 2301 3012 putat
2318 2958 2376 2996 se
2396 2943 2569 2999 solum
2592 2940 2979 3009 dignissimum,
3002 2937 3093 3007 qui
3118 2935 3312 2990 habeat
3332 2934 3583 3003 quidquid

2007 3037 2119 3090 auri
2141 3048 2577 3104 gemmarumque
2598 3042 2681 3084 est
2704 3044 2945 3098 nsquam.

2078 3120 2317 3191 Centum]
2344 3123 2578 3175 llastatn.
2606 3119 2829 3182 Coutus,
2855 3115 3035 3180 sudes,
3061 3115 3176 3168 sive
3198 3114 3347 3167 hasta
3372 3112 3573 3182 longior

333 3209 512 3262 vivere
536 3207 820 3276 jucundius
845 3246 861 3273 ,
894 3220 997 3275 quo
1048 3207 1199 3275 plura
1232 3206 1526 3275 possideo?
1574 3206 1654 3259 An
1692 3205 1900 3273 ignoras

2009 3215 2318 3282 duriorque,
2347 3213 2413 3265 ad
2446 3208 2852 3279 percutiendum
2875 3216 3019 3275 apta.
3053 3205 3341 3274 Virgilius:

338 3313 424 3353 me
452 3308 504 3353 et
529 3298 811 3351 comedere
833 3337 848 3361 ,
877 3307 931 3352 et
964 3298 1168 3363 bibere,
1202 3308 1255 3352 et
1292 3297 1527 3351 dormire
1573 3296 1720 3350 nullo
1747 3295 1907 3350 modo

340 3389 465 3441 mihi
487 3387 803 3456 jucundius,
832 3403 988 3455 quam
1018 3398 1143 3442 tunc
1170 3402 1286 3440 cum
1314 3402 1458 3441 eram
1489 3387 1726 3455 pauper?
1756 3386 1908 3452 Quod

338 3487 513 3530 autem
538 3477 651 3531 haec
672 3486 796 3530 sunt
821 3477 950 3530 mihi
976 3477 1479 3545 permulta,'tautum
1504 3477 1632 3529 mihi
1654 3486 1736 3531 est
1756 3477 1907 3538 lucri,

339 3568 477 3633 quod
502 3568 648 3633 plura
672 3580 758 3619 me
777 3575 987 3634 oportet
1005 3566 1293 3632 custodire,
1323 3568 1473 3635 plura
1497 3567 1616 3621 aliis
1639 3567 1907 3620 tribuere:

341 3666 395 3710 et
425 3672 529 3725 quo
561 3657 707 3725 plura
731 3672 888 3722 curo,
921 3672 985 3711 eo
1017 3657 1142 3711 mihi
1167 3657 1314 3722 plura
1348 3671 1468 3711 esse
1500 3658 1731 3726 negotia.
1763 3656 1915 3710 Nunc

340 3747 481 3801 enim
517 3746 695 3799 famuli
738 3746 888 3799 multi
918 3746 1097 3800 cibum
1122 3760 1151 3798 a
1179 3760 1263 3799 me
1288 3755 1501 3813 petunt,
1532 3746 1681 3799 multi
1708 3755 1911 3813 potum,

344 3834 497 3888 multi
523 3835 770 3900 amictus,
793 3834 881 3889 alii
904 3844 1059 3903 egent
1080 3836 1321 3889 medicis.
1348 3835 1503 3889 Venit
1525 3835 1681 3888 etiam
1703 3834 1912 3903 aliquis,

343 3925 431 3992 qui
454 3924 590 3976 ferat
611 3924 840 3990 pecudes
863 3939 891 3975 a
914 3924 1052 3993 lupis
1073 3925 1377 3992 absumptas
1393 3965 1407 3987 ,
1433 3933 1520 3977 aut
1542 3924 1705 3977 boves
1730 3924 1917 3990 prteci-

346 4012 530 4079 pitium
566 4028 780 4081 passos,
816 4022 906 4067 aut
946 4014 1188 4068 morbum
1223 4029 1412 4082 pecora
1452 4014 1598 4068 dices
1634 4013 1911 4066 invasisse.

347 4106 525 4174 Itaque
563 4106 693 4159 mihi
728 4105 911 4160 videor
945 4107 1112 4174 magis
1147 4106 1366 4168 tristari,
1404 4106 1542 4174 quod
1586 4118 1730 4158 nunc
1768 4104 1918 4173 plura

345 4197 668 4265 possideam,
693 4211 849 4264 quam
882 4207 1057 4260 antea,
1082 4197 1222 4265 quod
1248 4211 1411 4264 pauca
1434 4196 1707 4250 haberem.
1755 4196 1763 4205 ’

419 4284 567 4337 Itane
608 4294 775 4338 autem
812 4286 1011 4338 nullum
1041 4296 1113 4339 est
1152 4288 1415 4355 proprium
1446 4279 1619 4356 vobis]
1664 4285 1923 4340 Pulcher-

348 4381 478 4433 rima
505 4382 613 4434 hzee
634 4389 758 4435 sunt
787 4382 851 4434 ad
879 4381 1037 4435 finem
1060 4396 1244 4451 usque,
1280 4392 1334 4436 et
1358 4397 1568 4452 semper
1591 4385 1643 4437 in
1668 4380 1925 4435 memoria

350 4471 599 4524 tenenda.

422 4560 627 4629 Merito]
670 4562 769 4614 Per
799 4564 1067 4615 meritum.

426 4647 581 4700 Haud
608 4650 878 4719 immerito]
904 4651 1113 4717 Merito,
1134 4652 1272 4718 jure.

426 4739 575 4809 Tum]
608 4742 775 4795 Tunc.

423 4829 551 4882 Cum
585 4847 638 4883 se
674 4830 960 4902 cognoscit]
1006 4833 1169 4888 Vetus
1201 4844 1284 4887 est
1319 4832 1443 4887 illud
1478 4837 1623 4906 γνῶθι
1665 4834 1881 4888 σεαυτὸν
1914 4851 1926 4885 :

260 4936 267 4942 '
353 4922 626 4990 Cognosce
659 4924 905 4991 teipsum.
956 4914 1118 4978 Divus
1149 4926 1462 4981 Ambrosius
1497 4928 1549 4978 in
1583 4926 1767 4978 ultimo
1794 4925 1931 4978 libro

348 5011 720 5075 Hexaemeron
762 5053 776 5066 .
809 5013 956 5066 Nunc
1011 5016 1258 5083 quoniam
1309 5022 1365 5069 et
1403 5014 1717 5083 elephantos
1780 5014 1932 5068 vides

360 5102 451 5155 tibi
474 5104 732 5168 subditos,
755 5113 806 5157 et
830 5105 1011 5158 leones
1034 5121 1154 5161 esse
1178 5106 1470 5172 subjectos,
1494 5119 1656 5161 nosce
1680 5106 1928 5174 teipsum,

359 5212 393 5249 ο
421 5195 598 5249 homo.
629 5195 777 5261 Quod
810 5197 899 5264 (ut
922 5198 1126 5261 lerunt)
1150 5198 1410 5262 Apollinis
1432 5198 1631 5268 Pythii,
1659 5198 1752 5253 sed
1775 5197 1929 5252 Salo-

363 5286 535 5337 monis
558 5286 727 5339 sancti
762 5294 872 5350 est,
897 5287 985 5355 qui
1011 5289 1086 5341 ait
1120 5303 1134 5339 :
1168 5287 1274 5341 Nisi
1312 5287 1450 5342 scias
1483 5296 1533 5341 te
1559 5287 1843 5341 formosam
1880 5287 1933 5341 in

360 5374 1024 5444 mulieribus;quanquam
1060 5379 1225 5431 multo
1266 5388 1419 5433 antea
1451 5380 1622 5432 Moses
1659 5379 1710 5431 in
1741 5379 1937 5432 Dente-

360 5465 606 5518 ronomio
631 5466 934 5536 scripserit,
982 5469 1207 5523 Attende
1228 5468 1318 5522 tibi
1345 5510 1358 5533 ,
1392 5486 1424 5522 ο
1469 5471 1647 5523 homo.
1705 5471 1936 5524 Attende

362 5552 484 5617 tibi,
513 5558 586 5611 ait
609 5558 712 5612 lex.
742 5560 803 5613 Et
826 5559 1081 5629 propheta
1110 5561 1177 5611 ait
1204 5576 1217 5612 :
1243 5559 1349 5613 Nisi
1380 5561 1514 5612 scias
1540 5569 1609 5611 tu.

438 5643 553 5717 Ego
581 5665 693 5700 vero
718 5664 843 5719 nego
872 5649 1022 5717 illud]
1063 5648 1434 5719 Syllogismum
1469 5648 1619 5701 all‘crt
1666 5650 1731 5701 ad
1759 5660 1938 5702 osten-

368 5738 599 5796 dendum
634 5738 844 5795 divitias
881 5755 984 5793 non
1025 5753 1145 5793 csse
1185 5740 1367 5791 bonas.
1415 5741 1505 5792 list
1542 5750 1718 5794 autem
1757 5740 1937 5802 hujus-

2133 3324 2332 3373 Assueti
2357 3323 2500 3382 longo
2523 3331 2685 3368 muros
2706 3314 2977 3367 defendere
3002 3320 3164 3364 conto.

2011 3409 2191 3475 Accip':
2204 3415 2288 3460 tur
2315 3415 2369 3460 et
2394 3420 2488 3471 pro
2510 3404 2708 3472 pertica
2734 3401 2933 3455 ferrum
2962 3400 3016 3453 in
3038 3400 3210 3467 capite
3234 3398 3466 3461 habenti,
3490 3415 3592 3465 qua

2013 3514 2189 3553 naua:
2211 3505 2430 3551 utuntur
2451 3494 2517 3549 ad
2544 3494 2657 3548 loca
2680 3492 2902 3546 navibus
2922 3498 3221 3559 opportuna
3242 3488 3589 3556 exploranda.

2015 3590 2157 3644 Idem
2185 3606 2200 3641 :

2138 3699 2250 3761 Ipse
2274 3703 2432 3747 ratem
2455 3706 2597 3745 conto
2620 3697 2800 3745 subito.

2093 3798 2431 3870 Pertimescis]
2454 3798 2619 3851 Valde
2635 3798 2809 3852 times.
2828 3796 3235 3851 Proverbialiter
3257 3795 3410 3855 δειλὸς
3427 3796 3558 3851 πλοῦ
3572 3824 3590 3837 ο

2017 3913 2100 3952 τος
2130 3890 2354 3952 dicitur,
2392 3888 2492 3941 hoc
2527 3895 2610 3942 est
2653 3887 2851 3941 timida:
2900 3886 3115 3940 divitim.
3166 3886 3296 3939 Nam
3350 3888 3401 3939 in
3451 3888 3597 3941 omni

2019 3980 2232 4048 negotio
2254 3977 2653 4032 formidolosior
2673 3987 2754 4031 est
2780 3977 2927 4031 dives
2953 3992 3109 4045 quam
3138 3991 3357 4045 pauper.
3382 3976 3601 4030 Cautius

2020 4070 2187 4123 munit
2211 4069 2352 4122 aedes
2377 4068 2551 4122 furum
2576 4078 2743 4121 metu.
2795 4066 2978 4121 Metuit
3009 4076 3352 4135 tempestates
3386 4079 3601 4136 propter

2022 4161 2311 4227 frumenta,
2338 4175 2458 4228 qua:
2496 4159 2656 4213 habet
2679 4160 2730 4213 in
2758 4160 2898 4228 agris
2925 4177 2939 4225 ;
2971 4171 3185 4228 pr0pter
3213 4174 3438 4226 merces,
3471 4173 3603 4229 quas

2024 4253 2189 4307 habet
2225 4253 2279 4306 in
2321 4253 2477 4307 mari.
2518 4253 2703 4307 Metuit
2741 4252 2939 4305 amicos
2967 4292 2980 4315 ,
3024 4267 3089 4306 ne
3129 4252 3252 4321 quid
3297 4253 3606 4321 rogantibus

2025 4343 2228 4399 donare
2269 4352 2512 4412 cogatur.
2555 4342 2739 4397 Metuit
2778 4342 3022 4395 inimicos
3046 4381 3063 4407 ,
3097 4356 3164 4394 ne
3194 4342 3318 4405 quid
3356 4351 3603 4396 noceant.

2026 4436 2290 4491 Timidius
2328 4435 2647 4490 convitiatur
2688 4443 2831 4489 metu
2873 4433 3106 4487 mulctze.
3150 4431 3337 4485 Omnia
3379 4434 3608 4486 circum-

1952 4546 2005 4606 ι)
2030 4528 2263 4594 spectius
2288 4536 2341 4580 et
2361 4526 2487 4579 facit
2511 4534 2565 4578 et
2588 4525 2717 4577 dicit
2754 4532 2897 4577 metu
2925 4524 3221 4583 calumniae,
3251 4537 3369 4589 quae
3398 4522 3609 4588 potissi-

2032 4633 2174 4671 mum
2208 4617 2461 4670 divitibus
2497 4614 2629 4667 strui
2668 4613 2803 4666 solet
2833 4629 2847 4665 :
2880 4612 3072 4679 quippe
3111 4611 3302 4678 quibus
3341 4619 3422 4664 cst
3465 4612 3607 4678 quod

2035 4706 2231 4759 auferri
2263 4704 2450 4771 possit.
2487 4702 2546 4756 Si
2578 4702 2774 4755 bellum
2818 4701 3110 4761 immineat,
3141 4699 3290 4753 dives
3331 4700 3381 4752 in
3423 4699 3612 4767 primis

2036 4796 2407 4850 discruciatur.
2458 4793 2697 4861 Denique
2741 4806 2837 4844 nee
2877 4790 3258 4858 superstitione
3308 4801 3504 4857 vacat,
3545 4809 3612 4844 ne

2039 4885 2178 4955 quod
2200 4897 2394 4936 numen
2434 4897 2617 4951 parum
2647 4880 2874 4933 amicum
2916 4880 3165 4932 damnum
3188 4879 3459 4933 immittat.
3492 4880 3614 4934 lltec

2043 4974 2380 5028 doctissimus
2426 4972 2509 5026 vir
2540 4972 2794 5028 Erasmus
2835 4970 2887 5024 iu
2928 4969 3337 5024 Proverbiorum
3375 4970 3615 5025 Chiliade

2045 5079 2230 5134 prima.

2114 5159 2319 5214 Vacuus
2341 5157 2522 5228 viator]
2547 5156 2714 5209 Totus
2738 5152 2825 5208 hic
2847 5154 2995 5209 locus
3016 5167 3081 5208 ex
3102 5152 3358 5208 Juvenale
3379 5163 3619 5221 sumptus

2040 5260 2142 5321 est,
2167 5252 2319 5319 cujus
2342 5250 2398 5303 hi
2428 5258 2551 5303 sunt
2579 5261 2766 5300 versus
2792 5263 2806 5298 :

2164 5366 2317 5413 Pauca
2348 5365 2461 5410 licet
2487 5366 2655 5421 portes
2681 5362 2867 5418 argenti
2896 5359 3097 5419 vascula,
3114 5359 3243 5419 puri,

2165 5426 2322 5473 Nocte
2346 5427 2439 5471 iter
2465 5418 2737 5483 ingressus,
2760 5422 2970 5483 gladium
2995 5444 3001 5459 ι
3022 5418 3285 5483 nutumque
3310 5418 3526 5483 timebis,

2162 5486 2225 5535 Et
2249 5497 2390 5531 mO'aa
2418 5485 2474 5530 ad
2504 5478 2660 5528 lunam
2688 5478 2956 5541 trepidabis
2981 5482 3227 5526 arundinis
3249 5478 3488 5531 umbram.

2161 5547 2383 5597 Cantabit
2408 5556 2586 5594 vacuus
2609 5555 2768 5589 coram
2796 5542 2981 5589 latrone
3007 5542 3180 5588 viator.

2115 5650 2159 5702 0
2189 5647 2459 5718 prwclara]
2508 5646 2679 5700 lronia
2708 5656 2812 5699 est.
2852 5644 3036 5698 lrridet
3060 5644 3198 5698 enim
3221 5658 3353 5713 opes
3371 5645 3623 5715 caducas,

2042 5749 2095 5795 et
2120 5753 2368 5794 curarum
2406 5738 2602 5791 molem
2634 5751 2814 5793 secum
2842 5734 3133 5803 trahentes,
3159 5734 3313 5803 juxta
3346 5734 3513 5790 illud:
3616 5724 3620 5728 ’
