4190 6268
673 323 776 380 975

1062 435 1384 505 Crescentem
1408 440 1632 501 sequitur
1652 453 1768 490 cura
1790 443 2064 505 pecuniam,

796 496 1126 559 Majorumque
1150 497 1318 547 idmes.

1219 578 1283 633 IN
1324 578 1609 635 METRUM
1642 581 1705 634 V.

644 665 651 675 ’
738 671 964 725 Carmen
1007 680 1085 724 est
1118 671 1456 736 monocolon,
1497 672 1896 741 anapzesticum,
1940 673 2244 741 parthenia-

670 777 811 827 cum,
839 761 1145 824 dimetrum,
1175 763 1560 817 cataiecticum.
1610 763 1665 816 In
1710 765 1879 833 prima
1919 776 1973 819 ct
2008 766 2243 822 secunda

670 852 885 920 regione
925 862 1275 920 anapaestum,
1317 854 1504 923 recipit
1547 864 1601 908 et
1642 856 1958 926 spondeum,
1991 860 2043 913 in
2088 861 2241 914 tertia

668 942 841 996 solum
884 950 1229 1010 anapaestum,
1272 952 1454 1011 postea
1496 955 1739 1012 superest
1784 946 2007 1015 syllaba.
2058 948 2243 1004 Simile

669 1041 751 1087 est
789 1033 863 1087 illi
899 1049 912 1085 :

917 1122 1121 1185 Adytum
1144 1122 1350 1172 Veneris
1372 1120 1509 1186 fuge,
1530 1124 1684 1187 virgo.

670 1205 875 1260 Laudat
920 1217 1096 1261 autem
1140 1221 1317 1262 mores
1361 1209 1534 1261 aetatis
1582 1210 1811 1276 primae,
1864 1223 2024 1278 quam
2074 1220 2243 1278 poetm

669 1297 738 1349 ob
785 1311 992 1350 morum
1043 1300 1405 1365 prchtantiam
1448 1307 1503 1354 et
1548 1300 1772 1353 virtutes
1820 1316 2035 1355 auream
2086 1317 2245 1357 voca-

669 1397 902 1454 verunt,
935 1388 1093 1457 idque
1132 1389 1184 1442 in
1227 1391 1464 1444 avariti:c
1487 1391 1788 1445 mortalium
1814 1392 2241 1459 detestationem,

668 1493 784 1548 qua:
804 1493 1073 1547 nunquam
1096 1481 1277 1534 satiari
1303 1489 1496 1548 potest.

739 1569 912 1641 Prior]
954 1571 1151 1637 Prima,
1178 1572 1245 1626 de
1274 1588 1373 1640 qua
1415 1572 1619 1641 legatur
1660 1573 1710 1625 in
1753 1573 1926 1639 primo
1957 1573 2242 1628 Metamor-

668 1664 913 1733 phoseos.
942 1664 1089 1718 Maro
1116 1663 1166 1717 in
1191 1661 1482 1733 Georgicis,
1505 1674 1559 1717 et
1579 1662 1837 1717 Tibullus.

737 1754 913 1825 zEtas]
944 1755 1373 1810 Subaudiendum
1408 1756 1525 1824 fuit.

736 1846 1004 1901 Fidelibus
1026 1844 1181 1914 arvis]
1221 1847 1350 1912 Quae
1380 1847 1678 1915 depositum
1718 1860 1899 1901 semen
1929 1843 2156 1899 ﬁdeliter
2190 1854 2243 1899 et

669 1957 785 1995 cum
827 1942 1009 1997 fenore
1051 1941 1305 1997 reddunt.

740 2031 927 2103 Facili]
977 2033 1230 2087 Parabili.

737 2122 888 2193 Sera]
920 2123 1171 2177 Diuturna
1200 2132 1253 2178 et
1286 2123 1339 2178 in
1375 2137 1651 2193 vesperam
1683 2121 1957 2175 durantia.

738 2214 971 2285 Solvere]
1012 2215 1299 2285 Frangere.

737 2303 955 2375 Glande]
995 2304 1123 2359 Nam
1163 2315 1286 2359 ante
1319 2305 1564 2359 frumenti
1596 2304 1953 2359 inventionem
1984 2302 2238 2356 mortales

668 2396 947 2465 glandibus
988 2395 1375 2459 vescebantur;
1425 2394 1565 2449 unde
1603 2394 1823 2449 Ovidius
1866 2411 1879 2444 :

786 2484 1113 2545 Contentique
1136 2485 1257 2533 cibis
1281 2483 1411 2531 nullo
1435 2492 1647 2545 cogente
1668 2484 1865 2545 creatis,

788 2542 1196 2601 Arbuteos'fetus,
1221 2542 1541 2604 montanaque
1568 2543 1701 2603 fraga
1727 2542 1977 2603 legebant.

784 2605 1041 2666 Cornaquc
1067 2612 1118 2653 et
1140 2607 1187 2653 in
1210 2606 1345 2652 duris
1376 2605 1611 2666 haerentia
1637 2617 1769 2651 mora
1792 2605 2001 2666 rubetis,

789 2666 848 2715 Et
868 2664 978 2728 quas
1000 2666 1285 2717 deciderant
1310 2665 1471 2726 patula
1495 2665 1629 2714 Jovis
1651 2666 1825 2713 arbore
1847 2664 2069 2726 glandes.

735 2750 989 2806 Bacchica
1015 2747 1247 2819 munera]
1281 2749 1432 2802 Vina.

737 2838 927 2911 Norat]
977 2839 1222 2900 Noverat,
1257 2838 1477 2904 sciebat,
1512 2838 1677 2907 perita
1717 2844 1850 2891 erat.

735 2930 1079 3004 Confundere]
1126 2930 1365 2986 Miscere.

738 3022 914 3096 Melle]
956 3023 1035 3077 Ex
1063 3023 1187 3077 vino
1213 3031 1268 3077 et
1293 3022 1452 3077 melle
1477 3020 1759 3077 conficitur
1785 3021 2015 3091 potionis
2048 3035 2238 3091 genus,

667 3112 804 3185 quod
837 3113 1021 3168 Latine
1052 3113 1246 3168 dicitur
1276 3113 1529 3177 mulsum,
1556 3111 1738 3167 Graece
1762 3114 2081 3187 μελίκρατον.

735 3200 953 3272 Lucida]
993 3200 1250 3256 Candida.

736 3290 939 3363 Serum]
985 3293 1044 3345 lli
1069 3292 1245 3360 pepuli
1270 3301 1393 3347 sunt
1412 3292 1554 3346 Asia:
1577 3293 1861 3363 Scytliicm,
1885 3292 1950 3347 de
1974 3292 2166 3362 quibus
2191 3293 2241 3346 in

667 3382 937 3450 Georgicis
968 3391 1119 3450 poeta
1145 3399 1159 3435 :
1963 3407 1965 3410 ⁴

778 3473 1082 3534 λνριιρηίιιιθ
1105 3472 1229 3521 foliis
1251 3474 1514 3537 depectant
1538 3477 1703 3523 tenuia
1726 3487 1882 3524 seres.

662 3554 877 3610 Solinus
906 3570 921 3607 :
954 3553 1114 3608 Seres
1140 3569 1397 3622 aquarum
1429 3556 1712 3625 aspergine
1735 3554 2005 3610 inundatis
2034 3554 2240 3610 frondi-

662 3647 785 3710 bus,
816 3645 1013 3700 vellera
1046 3644 1297 3699 arborum
1333 3644 1659 3701 adminiculo
1685 3647 1970 3714 depectunt
1995 3647 2236 3717 liquoris,

662 3747 717 3790 et
748 3734 1006 3805 lanuginis
1048 3742 1286 3788 teneram
1331 3736 1714 3791 sublimitatem
1754 3735 1981 3791 humore
2020 3738 2240 3791 domant

662 3827 727 3881 ad
752 3825 1088 3894 obsequium.
1118 3825 1225 3879 Hoc
1255 3825 1381 3879 illud
1413 3837 1493 3879 est
1518 3826 1770 3890 sericum,
1800 3828 1853 3880 in
1884 3840 2035 3880 nsum
2068 3828 2240 3895 publi-

661 3931 782 3972 cum
819 3916 1014 3971 damno
1040 3917 1340 3971 severitatis
1384 3914 1675 3969 admissum
1702 3955 1717 3980 ,
1744 3924 1799 3969 et
1836 3928 1941 3984 quo
1964 3923 2239 3971 ostentare

660 4008 835 4077 potius
867 4022 1091 4077 corpora
1139 4023 1297 4077 quam
1336 4008 1535 4061 vestire
1560 4047 1573 4069 ,
1605 4005 1780 4075 primo
1819 4006 2029 4061 feminis
2053 4047 2069 4071 ,
2098 4022 2240 4061 nunc

660 4097 816 4154 etiam
840 4097 967 4152 viris
989 4098 1252 4165 persuasit
1273 4097 1495 4151 luxuriae
1514 4098 1697 4151 libido.
1721 4097 1879 4153 Seres
1903 4098 2001 4166 ipsi
2024 4098 2237 4165 quidem

660 4189 815 4243 mites
836 4197 889 4243 et
920 4188 1057 4242 inter
1078 4201 1137 4240 se
1159 4187 1495 4254 quietissimi,
1525 4187 1658 4242 alios
1684 4189 2009 4257 reliquorum
2040 4199 2238 4243 morta-

659 4280 785 4334 lium
813 4289 983 4334 cmtus
1013 4276 1280 4345 refugiunt
1323 4276 1499 4342 adeo,
1542 4285 1597 4331 ut
1636 4287 1951 4332 caeterarum
2000 4277 2235 4347 gentium

620 4360 623 4363 ἤ
658 4371 979 4429 commercia
1018 4369 1271 4424 abnuant.
1319 4369 1553 4423 Primum
1597 4384 1784 4439 eorum
1829 4369 2047 4423 fluvium
2093 4384 2237 4424 mer-

655 4476 865 4523 calores
887 4464 987 4535 ipsi
1010 4470 1305 4529 transeunt,
1331 4463 1383 4516 in
1408 4462 1558 4533 cujus
1582 4462 1707 4529 ripis
1746 4461 1893 4515 nullo
1925 4462 2235 4530 interpretis
2266 4488 2315 4546 ο

658 4554 850 4627 linguae
897 4555 1219 4611 commercio
1244 4597 1259 4621 ,
1301 4553 1398 4609 sed
1439 4553 1798 4621 depositarum
1842 4567 2019 4607 rerum
2066 4554 2233 4621 pretia

656 4646 826 4702 oculis
851 4645 1209 4710 aestimantes,
1236 4658 1331 4698 sua
1374 4642 1611 4706 tradunt,
1653 4652 1837 4697 nostra
1882 4658 1983 4696 non
2026 4652 2230 4698 emunt.

657 4737 925 4791 Hactenus
960 4736 1069 4790 ille.
1096 4734 1392 4804 Singularis
1420 4734 1577 4803 hujus
1601 4734 1851 4789 dictionis
1881 4734 2236 4789 nominativus

657 4837 756 4894 εει,
790 4827 911 4884 Ser.
939 4827 1192 4883 Sidonius
1219 4843 1233 4880 :

780 4914 1004 4978 Assyrius
1024 4926 1264 4976 gemmas,
1288 4915 1381 4965 Ser
1405 4912 1614 4976 vellera,
1640 4915 1782 4965 thura
1803 4915 2020 4965 Sabaeus.

659 4998 925 5055 Ausonius
952 5015 965 5051 :

776 5087 881 5136 Jam
910 5087 1084 5150 pelago
1109 5087 1273 5135 volitat
1295 5094 1530 5136 mercator
1554 5087 1806 5137 vestiﬂuus
1826 5085 1937 5135 Ser.

659 5170 994 5225 Vermiculus
1017 5180 1070 5224 et
1100 5170 1212 5239 ipse
1250 5170 1333 5238 (ut
1358 5177 1545 5224 auctor
1570 5180 1651 5224 est
1679 5168 1989 5237 Pausanias)
2029 5182 2119 5223 scr
2144 5182 2238 5237 ap-

660 5262 905 5332 pellatur.

726 5350 884 5423 Tyrio
905 5352 1117 5423 veneno]
1144 5351 1415 5421 Purpura,
1458 5366 1730 5422 purpureo
1770 5351 1993 5421 liquore.
2038 5350 2235 5420 Tyrus,

661 5445 788 5499 urbs
816 5454 898 5500 est
925 5444 1334 5509 Pbmniciae,’ubi
1357 5444 1553 5513 Optima
1577 5453 1660 5499 est
1690 5443 2238 5514 purpuragVenenum

583 5560 588 5565 ·
660 5549 756 5604 pro
793 5536 973 5591 colore.
1004 5537 1236 5604 ponitur,
1268 5550 1333 5589 eo
1370 5534 1513 5605 quod
1549 5544 1751 5589 vestem
1774 5534 1842 5589 ita
1871 5541 2153 5603 percurrat
2181 5542 2241 5587 ut

660 5638 924 5679 venenum
965 5638 1178 5690 corpus.
1225 5622 1353 5676 Nam
1396 5624 1568 5683 Latini
1616 5625 1669 5677 id
1719 5639 1976 5679 venenum
2023 5631 2235 5688 vocant,

661 5714 799 5778 quod
824 5715 989 5768 Grrrci
1016 5718 1292 5782 φάρμακον.
1321 5714 1572 5781 Virgilius
1603 5733 1616 5771 :

769 5865 829 5873 σε..

1304 324 1639 380 ΛΡΡΕΝΟΙΧ
1685 329 1773 381 AD
1816 327 2055 386 LIBROS
2095 331 2183 385 DE
2222 329 2748 387 CONSOLA'HONE
2792 330 3283 387 PHIWSOPIIUE.

2275 449 2327 508 Α

2266 3133 2313 3196 C

3844 332 3957 387 976

2475 444 2597 495 Alba
2620 457 2715 495 nec
2738 446 2933 508 Assyrio
2956 444 3145 495 fucatur
3166 443 3508 494 lauaveaeno.

2424 526 2642 582 Somnos
2682 527 2949 597 salubres]
3005 526 3241 583 Salutem
3280 534 3687 581 conservantes.
3729 527 3961 582 Alludit

2350 629 2526 674 autem
2550 621 2616 674 ad
2638 619 2984 675 medicinales
3018 620 3233 674 herbas.
3262 618 3448 674 Potest
3468 628 3523 675 et
3548 619 3793 674 salubris
3814 620 3959 689 legi.

2352 710 2499 765 Maro
2522 728 2536 764 :

2900 801 3171 863 Mollesque
3192 801 3285 851 sub
3308 800 3485 851 arbore
3496 803 3681 851 somni.

2420 882 2687 953 Lubricus]
2715 884 2929 949 Fluens,
2960 885 3188 939 mobilis.

2419 972 2557 1044 Alta]
2590 974 2880 1028 Profunda.
2907 974 3148 1028 Tibullus
3177 992 3192 1026 :

2470 1064 2693 1126 Nondum
2718 1065 2954 1114 caeruleas
2976 1067 3119 1126 pinus
3141 1071 3503 1125 contempserat
3527 1065 3709 1125 undas,

2531 1125 2745 1174 Etrusum
2765 1128 2925 1175 ventis
2951 1125 3333 1187 praebueratque
3357 1128 3544 1175 sinum:

2469 1185 2572 1235 Nec
2594 1200 2746 1247 vagus
2768 1185 3207 1248 ignotis'repetens
3227 1185 3508 1246 compendia
3534 1193 3711 1247 terris,

2531 1248 2784 1296 Presserat
2808 1256 3017 1296 externa
3042 1249 3205 1297 navita
3226 1259 3393 1297 merce
3414 1255 3591 1296 ratem.

2423 1328 2678 1397 Undique]
2701 1328 2857 1382 Omni
2887 1345 2955 1383 ex
2986 1338 3155 1398 parte.

2422 1417 2609 1490 Lectis]
2631 1418 2904 1473 Collectis.

2421 1508 2569 1561 Nova
2607 1510 2780 1562 littora
2808 1508 3000 1561 viderat
3027 1506 3229 1579 hospes]
3270 1508 3424 1563 Ovid.
3469 1527 3483 1563 :

2468 1597 2709 1660 Xullaque
2734 1596 2960 1647 mortales
2978 1606 3163 1660 prteter
3185 1612 3273 1649 sua
3296 1599 3455 1649 littora
3477 1604 3673 1649 norant.

2421 1677 2583 1748 Tunc]
2614 1680 2669 1734 In
2699 1695 2861 1734 aurea
2881 1688 3057 1734 aetate.
3764 1678 3769 1681 “

2269 1787 2321 1846 Β
2416 1766 2643 1820 Classica
2664 1766 2816 1837 sreva]
2839 1766 3001 1822 Tuba:
3021 1768 3215 1837 quibus
3237 1770 3363 1823 ε.ωῆ
3387 1769 3582 1824 milites
3605 1770 3658 1823 in
3680 1770 3937 1838 praelium

2346 1856 2668 1909 excitantur.

2421 1942 2694 2014 Tacebant]
2753 1943 2866 1997 Non
2918 1943 3260 1998 resonabant.
3318 1943 3650 2009 Classicum,
3713 1956 3939 2003 auctora

2344 2032 2547 2092 Servio.
2580 2042 2685 2086 tam
2717 2033 2894 2086 tubam
2926 2032 3094 2101 ipsam
3116 2072 3131 2096 ,
3164 2047 3321 2101 quam
3352 2035 3469 2102 ejus
3496 2036 3732 2089 'sonitum
3761 2037 3935 2107 signi-

2345 2119 2485 2174 ficat.
2516 2120 2659 2175 Maro
2698 2138 2709 2173 :
3285 2137 3288 2140 '

2466 2208 2569 2256 Nec
2592 2208 2703 2256 dum
2730 2210 2875 2257 etiam
2900 2210 3157 2259 audierant
3182 2211 3337 2258 inﬂari
3362 2210 3580 2268 classica,
3610 2228 3706 2263 nec
3729 2214 3852 2263 dum

2465 2268 2721 2329 lmpositos
2742 2270 2879 2317 duris
2899 2274 3140 2332 crepitare
3168 2273 3425 2320 incudibus
3448 2286 3614 2321 enses.

2415 2347 2669 2418 Horrida]
2685 2345 2986 2419 Terribilia,
3004 2353 3281 2406 horrorem
3300 2352 3632 2409 incutientia.
3649 2356 3929 2410 Tibullus:

2464 2442 2570 2505 Non
2595 2444 2745 2505 acies,
2772 2455 2868 2490 non
2893 2446 2961 2491 ira
2986 2443 3091 2501 fuit,
3116 2454 3209 2492 n0n
3235 2444 3385 2502 bella,
3411 2458 3503 2495 nec
3527 2454 3695 2505 enses,

2530 2502 2708 2551 Immiti
2730 2511 2888 2553 saavtts
2908 2505 3119 2554 duxerat
3140 2512 3249 2554 arte
3270 2506 3427 2555 faber.
3680 2502 3688 2505 ’
3712 2538 3715 2543 μ

2416 2582 2737 2654 ριιὶά.ὲηὶιη]
2764 2584 2895 2652 Cur,
2924 2594 3144 2653 propter
3180 2586 3329 2655 quid.

2418 2672 2651 2745 Utinam]
2681 2675 2840 2744 Optat
2879 2676 3125 2745 antiquos
3168 2687 3345 2731 mores
3366 2718 3381 2743 ,
3407 2687 3463 2733 et
3490 2678 3730 2748 priscam
3776 2680 3926 2738 illam

2345 2766 2657 2821 mortalibus
2678 2767 2801 2821 vita:
2831 2766 3190 2836 integritatem
3220 2767 3391 2822 reddi.

2414 2854 2602 2927 litua]
2630 2857 2819 2912 Montis
2858 2858 3054 2912 Siciliae
3088 2868 3346 2931 perpetuo
3368 2860 3606 2914 ardentis
3643 2861 3923 2929 incendio,

2344 2944 2413 2999 de
2440 2962 2548 3009 quo
2574 2946 2827 3015 Virgilius
2856 2962 2892 3001 ιι
2921 2964 2934 3013 ;
2968 2948 3289 3003 Claudianus
3318 2948 3503 3003 multa.

2412 3035 2571 3090 Amor
2601 3030 2838 3108 habendi]
2875 3039 3131 3092 Avaritia.
3160 3039 3378 3093 Ovidius
3409 3057 3421 3091 :

2957 3129 3018 3178 Et
3042 3142 3176 3177 amor
3199 3129 3475 3179 sceleratus
3499 3131 3734 3180 habendi.

2419 3208 2539 3263 Heu
2563 3209 2756 3278 primus
2780 3210 2890 3280 quis
2921 3206 3019 3278 [τιἱί
3048 3209 3156 3281 ille]
3188 3211 3505 3266 Exsecratur
3532 3214 3649 3267 auri
3678 3213 3925 3269 invento-

2345 3314 2479 3363 rem,
2508 3300 2646 3354 sicut
2675 3299 2921 3355 Tibullus
2944 3314 3214 3355 armorum
3240 3317 3253 3352 :

2468 3393 2587 3455 Quis
2611 3392 2993 3455 fuitborrendos
3020 3395 3199 3454 primus
3220 3396 3301 3454 qui
3327 3395 3526 3455 protulit
3549 3407 3703 3445 enses
3720 3395 3745 3443 τ

2529 3454 2681 3512 Quam
2704 3453 2859 3511 ferus,
2885 3463 2936 3503 et
2959 3453 3078 3503 vere
3103 3453 3299 3504 ferreus
3323 3453 3405 3504 ille
3432 3455 3539 3505 fuit.

2413 3536 2539 3589 Auri
2561 3536 2697 3606 tecti]
2722 3537 2776 3591 In
2802 3546 2955 3591 terra:
2979 3539 3220 3593 cavernis
3242 3539 3627 3605 delitescentis,
3651 3539 3794 3607 quod
3820 3553 3924 3591 non

2343 3628 2445 3683 nisi
2473 3629 2719 3683 maximis
2755 3628 3025 3684 laboribus
3061 3629 3283 3683 eruitur.
3310 3630 3385 3683 De
3427 3630 3582 3697 cujus
3619 3630 3926 3683 inventione

2341 3722 2386 3773 si
2417 3720 2624 3789 placet,
2653 3718 2775 3773 vide
2805 3718 3132 3772 Lucretium.
3166 3720 3384 3773 Ovidius
3414 3734 3429 3773 :

2460 3811 2687 3859 Eruimus
2711 3816 2841 3857 terra
2865 3808 3069 3857 solidum
3096 3822 3181 3870 pro
3206 3809 3427 3870 frugibus
3454 3820 3645 3859 aurum.

2524 3871 2747 3921 Possidet
2771 3872 2994 3920 iuventas
3016 3872 3256 3930 sanguine
3280 3870 3424 3920 miles
3446 3882 3587 3932 opes.

2412 3952 2629 4006 Plautus
2658 3967 2673 4004 :

2464 4042 2556 4091 Odi
2580 4055 2676 4103 ego
2698 4054 2865 4091 aurum
2888 4056 2901 4091 :
2924 4042 3074 4093 multa
3097 4043 3262 4093 multis
3282 4044 3418 4106 δέρε
3439 4044 3594 4093 suasit
3616 4053 3900 4105 perperam.

2412 4124 2652 4179 Tibullus
2676 4141 2699 4180 ⁴ε

2526 4214 2669 4276 Saepe
2693 4211 2856 4264 solent
2878 4227 2995 4264 auro
3018 4208 3166 4267 multa
3190 4215 3398 4266 subesse
3421 4213 3566 4265 mala.

2413 4297 2723 4365 Pr0pertius
2751 4314 2763 4351 :

2464 4411 2649 4458 Aurum
2673 4422 2862 4472 omnes,
2890 4411 3015 4460 victa
3036 4411 3132 4471 jam
3155 4412 3363 4472 pietate,
3389 4410 3578 4469 colunt,

2462 4472 2595 4519 Auro
2619 4470 2752 4533 pulsa
2783 4471 2920 4532 tides,
2946 4484 3067 4519 auro
3091 4470 3280 4521 venalia
3303 4470 3429 4533 jura.

2523 4530 2706 4580 Aurum
2733 4531 2816 4581 lex
2838 4530 3081 4594 sequitur,
3108 4544 3221 4580 mox
3246 4530 3355 4581 sine
3381 4532 3495 4592 lege
3520 4530 3693 4593 pudor.

2342 4632 2677 4701 Pbocylides,
2710 4633 3001 4701 interprete
3028 4633 3164 4686 Aldo
3188 4634 3422 4687 Manutio
3447 4649 3461 4682 :
3489 4632 3731 4686 Avaritia
3756 4642 3924 4685 mater
3994 4620 4003 4627 ’

2342 4723 2559 4777 malitia:
2589 4724 2873 4778 universae.
2930 4727 3132 4777 Aurum
3180 4739 3393 4793 semper
3429 4723 3580 4777 dolus
3610 4732 3694 4777 est
3738 4734 3794 4777 et
3837 4738 3923 4776 ar-

2340 4820 2553 4879 gentum
2604 4812 2911 4867 hominibus
2959 4812 3048 4866 :0
3095 4827 3285 4866 aurum
3334 4813 3593 4866 malorum
3638 4812 3918 4879 princeps,

2343 4902 2602 4971 vitiperda
2630 4942 2644 4964 ,
2691 4902 2869 4955 omnia
2920 4902 3182 4955 minuens.
3220 4902 3430 4955 Utinam
3469 4916 3572 4955 non
3606 4902 3922 4955 mortalibus

2342 5005 2489 5045 esses
2539 5000 2914 5045 nocumentum
2961 4990 3207 5043 amabile.
3265 4991 3376 5043 Tua
3418 4990 3560 5046 enim
3613 5004 3775 5043 causa
3833 5006 3922 5058 pn-

2348 5093 2592 5147 guaeque,
2616 5079 2937 5147 praedaeque,
2972 5078 3271 5148 caedesque.
3304 5079 3505 5133 Inimici
3533 5092 3664 5131 vero
3698 5077 3791 5131 filii
3836 5093 3921 5145 pa-

2350 5168 2611 5234 rentibus,
2629 5168 2922 5236 fratresque
2961 5166 3265 5223 Germanis.
3292 5168 3550 5222 Diodorus
3564 5167 3777 5222 Siculus
3792 5167 3917 5220 libro

2352 5267 2507 5313 sexto
2537 5258 2602 5313 de
2645 5260 2828 5313 insulis
2852 5259 3160 5314 Balearibus
3186 5260 3300 5314 haec
3330 5260 3600 5314 memoriae
3640 5257 3875 5327 prodidit
3905 5276 3915 5308 :

2350 5356 2527 5407 Aureo
2565 5368 2780 5407 nummo
2807 5362 2897 5407 ant
2926 5361 3143 5422 argento
3168 5367 3273 5406 non
3298 5362 3522 5406 utuntur
3548 5390 3563 5415 ,
3599 5366 3718 5419 qua:
3745 5350 3917 5405 afferri

2344 5442 2409 5495 ad
2454 5442 2681 5495 insulam
2721 5442 3004 5509 prohibent
3033 5457 3247 5497 causam
3283 5441 3586 5496 afferentes.
3615 5440 3917 5511 Geryonem

2342 5531 2631 5602 Chrysauri
2666 5532 2830 5584 filium
2867 5546 2997 5585 auro
3022 5541 3180 5599 atque
3210 5539 3430 5600 argento
3456 5530 3915 5599 opulentissimum

2344 5625 2607 5693 quondam
2643 5624 2707 5678 ad
2750 5624 2978 5679 llercule
3017 5624 3158 5679 bello
3179 5632 3567 5691 expugnatum.
3602 5620 3917 5673 Existimant

2341 5714 2484 5767 enim
2509 5727 2572 5767 eo
2594 5724 2769 5781 pacto,
2794 5730 2911 5767 cum
2940 5728 3070 5768 auro
3094 5723 3251 5783 atque
3273 5719 3496 5780 argento
3525 5720 3770 5767 careant.
3803 5722 3914 5762 sese
