4216 6256
382 289 491 350 977

1552 293 1929 351 MURMELLII
1969 296 2481 355 COMMENTARIA.

3546 299 3655 355 973

384 401 542 459 facile
562 414 748 456 omnes
771 403 895 457 vita:
918 401 1140 457 insidias
1161 416 1436 467 evasuros,
1468 412 1524 458 ut
1544 406 1763 463 Solinus
1784 416 1971 461 auctor
1998 416 2047 472 Α
2077 413 2282 469 nullum
2306 424 2423 481 est,
2454 417 2633 471 omnia
2664 416 2879 471 virtutis
2907 414 3121 485 praemia
3150 408 3370 470 ambitio
3394 408 3652 479 posside'.

384 500 489 559 est,
519 506 548 545 a
577 491 728 546 Susis
757 491 985 545 Barbita:
1012 492 1265 561 oppidum
1294 506 1507 549 centum
1548 497 1778 566 trigenta
1808 498 1965 566 quin-

388 596 493 649 que
524 581 758 635 millibus
779 597 1027 651 passuuiu
1054 584 1235 650 distat,
1262 584 1315 637 in
1338 599 1442 653 quo
1459 588 1709 640 mortales
1731 587 1967 641 universi

386 671 509 726 odio
532 672 646 725 auri
677 681 928 726 coemunt
951 672 1050 726 hoc
1080 688 1246 743 genus
1280 675 1509 739 metalli,
1544 686 1598 731 et
1618 676 1872 745 abjiciunt
1904 678 1957 731 in

385 769 647 813 terrarum
680 761 955 827 profunda.
994 760 1069 814 Ne
1101 762 1283 829 polluti
1313 779 1409 817 usu
1437 764 1556 833 ejus
1584 766 1809 819 avaritia
1839 782 1962 821 cor-

385 859 640 918 rumpant
666 850 990 918 aequitatem.
1024 852 1182 906 Silius
1210 853 1422 907 italicus
1448 855 1582 908 libro
1611 854 1780 923 primo
1806 873 1819 908 :

506 940 605 1003 _S_ed
629 939 873 1003 scelerum
896 944 1247 1003 causasroperit
1274 943 1428 1000 Deus,
1456 944 1605 992 Astur
1631 956 1805 994 avarus

505 1000 1193 1065 Eisceribnslacerantelluris
1215 1007 1457 1065 mergitur
1484 1006 1611 1065 imis,

501 1059 563 1108 Et
584 1062 710 1109 redit
737 1061 903 1110 infelix
932 1060 1109 1111 effosso
1133 1059 1360 1112 concolor
1388 1078 1528 1113 auro.

376 1140 734 1197 Pliniuslibro
754 1143 1021 1199 Naturalis
1044 1144 1289 1200 Historia:
1317 1162 1485 1201 χχχιιι
1502 1186 1517 1211 ,
1546 1149 1720 1217 capite
1740 1150 1913 1217 primo
1945 1169 1957 1205 :

382 1237 707 1306 Utinamque
732 1249 912 1306 posset
934 1254 964 1293 e
988 1240 1095 1292 vita
1121 1240 1173 1292 in
1202 1250 1369 1295 totum
1388 1240 1843 1308 abdicariaurum,
1871 1258 1957 1297 sa-

378 1341 468 1382 cra
501 1327 690 1392 fames,
722 1338 779 1382 ut
807 1328 1144 1383 celeberrimi
1174 1339 1418 1384 auctores
1450 1330 1666 1397 dixere,
1713 1332 1953 1400 proscis-

378 1432 497 1471 sum
536 1416 801 1473 conviciis
850 1417 917 1471 ab
952 1417 1167 1486 optimis
1194 1418 1520 1487 quibusque.
1563 1426 1617 1472 et
1666 1418 1733 1473 ad
1774 1420 1961 1494 perni-

378 1508 515 1563 ciem
545 1507 669 1562 vita:
698 1517 992 1577 repertum.

452 1599 633 1654 Latere
662 1600 901 1672 volentes]
951 1600 1007 1655 in
1041 1608 1199 1656 terra:
1240 1603 1487 1656 cavernis
1532 1602 1834 1658 reconditas
1856 1644 1871 1667 ,
1904 1604 1956 1658 in

377 1690 528 1759 cujus
560 1693 720 1761 (teSIe
750 1690 946 1762 Plinio)
970 1692 1183 1777 viscera
1205 1692 1372 1759 imus,
1408 1703 1461 1747 et
1482 1692 1535 1746 in
1559 1692 1689 1748 sede
1719 1693 1953 1747 manium

2151 505 2281 572 Quae
2304 522 2422 561 vero
2452 517 2527 563 est
2554 508 2649 561 ista
2686 506 2871 577 uestra]
2901 506 3089 561 lrridet
3125 504 3426 559 mortalium
3467 508 3652 569 potou~

2075 595 2223 671 tiam,
2256 604 2316 649 ut
2344 596 2547 649 irritam
2573 605 2628 650 et
2657 596 2993 650 imbecillem.

2140 683 2287 739 Inter
2300 683 2487 756 mures]
2511 686 2762 740 Alludere
2779 686 2985 739 videtur
3002 685 3068 738 ad
3083 683 3421 738 Homericum
3440 695 3649 751 poema,

2069 774 2154 829 cui
2189 774 2372 830 titulus
2404 776 3025 846 Batrachontyomachia,
3055 789 3160 843 quo
3180 772 3433 828 describit
3453 772 3546 827 ille
3566 782 3651 825 rl-

2048 879 2256 919 rnarum
2294 874 2349 920 et
2393 865 2623 920 murium
2649 880 2903 936 pugnam,
2927 875 2982 922 et
3005 865 3193 922 horum
3216 878 3393 933 regem
3421 861 3650 918 Troxar-

2072 964 2180 1009 tem
2205 957 2350 1011 facit.

2144 1046 2369 1120 Quanto]
2404 1048 2654 1106 Maximo.

2136 1133 2451 1193 Imbecillius
2507 1138 2753 1213 homine]
2788 1138 3202 1194 Proverbialiter
3250 1136 3442 1192 dicitur
3491 1135 3649 1190 homo

2068 1227 2264 1296 fictilis,
2294 1230 2459 1285 id'est
2495 1232 2695 1299 mollis,
2728 1232 3031 1296 imbecillis,
3063 1231 3285 1301 fragilis.
3317 1230 3541 1283 Dnctum
3568 1236 3648 1282 est

2064 1331 2093 1368 a
2112 1317 2247 1373 vasis
2267 1322 2537 1386 testaceis,
2556 1337 2673 1391 quae
2687 1322 2848 1376 facile
2868 1321 3327 1376 comminuuntur.
3349 1319 3646 1375 Homerus:

2186 1407 2263 1457 Nil
2289 1409 2484 1460 homine
2511 1415 2697 1461 enutrit
2719 1412 2869 1461 tellus
2892 1411 3124 1460 inﬁrmius
3147 1410 3289 1462 alma.

2134 1487 2358 1544 Homine
2372 1491 2519 1562 quos]
2534 1493 2774 1547 Notanda
2790 1493 2904 1548 haec
2919 1494 3117 1547 locutio
3132 1509 3146 1557 ;
3164 1491 3472 1547 discordant
3495 1490 3640 1545 enim

2063 1594 2287 1636 numero
2322 1584 2643 1639 antecedens
2672 1595 2725 1640 et
2752 1585 3054 1640 relativum.
3085 1585 3176 1641 Sic
3206 1599 3367 1654 supra
3398 1586 3452 1639 in
3484 1598 3642 1653 prosa
3688 1654 3697 1667 ι

2065 1666 2223 1738 hujus
2250 1669 2370 1725 libri
2392 1672 2576 1740 quinta
2612 1674 2730 1728 :An
2762 1674 2842 1727 vis
2867 1681 3134 1742 congestae
3157 1674 3396 1742 pecuniae
3418 1713 3433 1738 ,
3461 1672 3641 1741 singu-
3688 1662 3717 1701 ’κ

377 1796 504 1849 opes
556 1759 862 1850 φαγίηωί
918 1759 1159 1837 pretiosa
1214 1784 1482 1852 pericula,
1526 1798 1621 1853 per
1666 1786 1955 1853 appositi,»
1985 1764 2030 1824 Β
2059 1759 2246 1853 lariter
2296 1763 2533 1853 protulit.
2579 1762 2781 1853 Deinde
2819 1762 3092 1831 subjunxit
3129 1762 3443 1853 pluraliter:
3476 1762 3641 1830 Atqui

377 1884 496 1923 uem
523 1887 537 1923 :
560 1870 928 1938 superioribus
951 1870 1051 1925 hoc
1072 1871 1248 1935 addit,
1274 1872 1323 1925 id
1343 1881 1445 1938 est,
1476 1886 1564 1927 res
1591 1873 1803 1941 quidem
1832 1889 1954 1941 pre-

377 1962 567 2027 tiosas,
595 1962 689 2017 sed
716 1962 1068 2030 periculorum
1089 1978 1308 2029 causas,
1353 1965 1422 2017 ob
1448 1978 1579 2033 quas
1603 1964 1812 2035 plurimi
1834 1966 1952 2034 qui-

377 2049 493 2105 dem
526 2051 778 2105 mortales
816 2066 960 2119 saepe
991 2052 1375 2119 periclitantur.
1407 2052 1623 2106 Ovidius
1658 2070 1671 2105 :

621 2164 862 2213 Seditum
890 2172 965 2213 est
990 2167 1038 2213 in
1064 2169 1250 2214 viscera
1279 2173 1443 2225 terrae,

467 2225 693 2289 Quasque
712 2227 942 2289 recoudid
965 2234 1071 2285 -rat,
1100 2229 1381 2287 Stygiisque
1405 2228 1681 2277 admoverat
1707 2230 1918 2289 umbris,

465 2286 764 2335 Etl‘odiuutur
786 2299 907 2347 epes
933 2286 1234 2336 irritamenta
1261 2286 1513 2337 malorum.

376 2387 583 2442 Plinius
609 2388 702 2443 lib.
727 2404 785 2457 ιι,
810 2402 929 2458 cap.
962 2389 1032 2444 65
1062 2407 1073 2441 :
1112 2389 1539 2446 Peuetramusvin
1565 2392 1804 2457 viscera,
1834 2393 1952 2447 auri

376 2481 689 2549 argentique
710 2493 892 2545 venas,
913 2490 968 2535 et
982 2482 1104 2535 teris
1118 2496 1179 2535 ac
1197 2480 1394 2549 plumbi
1418 2481 1631 2536 metalla
1657 2481 1918 2536 fodientes
1940 2496 1953 2531 :

376 2584 614 2639 gemmas
640 2570 836 2638 etiam,
867 2578 922 2624 et
961 2570 1217 2640 quosdam
1255 2571 1505 2639 parvulos
1546 2572 1834 2639 quaerimus
1878 2571 1954 2623 la-

375 2661 523 2727 pides
546 2700 562 2726 ,
599 2661 874 2714 scrobibus
900 2661 953 2715 in
999 2662 1318 2729 profundum
1364 2664 1525 2728 aetis,
1558 2665 1762 2717 viscera
1794 2673 1951 2718 terrae

374 2750 724 2813 extrahimus,
749 2759 807 2804 ut
826 2751 994 2820 digito
1013 2761 1249 2820 gestetur
1265 2767 1495 2821 gemma,
1519 2769 1679 2821 quam
1701 2754 1948 2822 petimus.

374 2837 514 2903 Quot
541 2852 731 2891 manus
754 2846 1068 2906 atteruntur,
1097 2849 1155 2893 ut
1174 2855 1313 2895 unus
1334 2840 1504 2895 niteat
1529 2836 1806 2895 articulus!

448 2927 517 2983 Ut
544 2928 800 2984 hactenus
830 2928 1011 2984 docuit
1040 2930 1253 2985 divitias
1281 2946 1388 2985 non
1417 2945 1537 2985 esse
1565 2931 1764 2985 homini
1790 2946 1953 2998 expe-

373 3017 600 3085 tendas,
648 3019 721 3073 ita
752 3036 890 3075 nunc
929 3021 1304 3089 pulcherrimis
1350 3023 1747 3089 verissimisque
1790 3038 1951 3092 argu-

2065 1847 2151 1904 htc
2178 1850 2366 1904 nitent.
2396 1850 2485 1905 Sic
2511 1862 2565 1907 et
2593 1850 2853 1919 Catullus,
2884 1862 2941 1907 ut
2967 1853 3100 1908 alios
3128 1867 3269 1908 nunc
3298 1852 3485 1908 sileam
3511 1867 3527 1906 :

2184 1964 2308 2032 Iuni
2330 1966 2581 2032 iamnulla
2604 1970 2707 2016 viro
2726 1970 2907 2029 juranti
2933 1969 3326 2032 femiuaicredat,

2183 2025 2440 2089 Nulla'viri
2463 2037 2636 2089 speret
2656 2025 2912 2078 sermones
2936 2044 3046 2078 esse
3071 2030 3243 2078 fideles

2184 2087 2296 2152 Qui,
2320 2089 2431 2136 dum
2456 2087 2637 2152 aliquid
2661 2092 2865 2152 cupiens
2889 2092 3078 2139 animus
3101 2091 3354 2151 praegestit
3376 2089 3547 2152 apisci,

2183 2146 2259 2196 Nil
2284 2156 2509 2200 metuunt
2525 2146 2857 2211 j'urare,'uihil
2880 2146 3165 2214 promittere
3189 2146 3412 2213 parcunt.

2135 2268 2248 2335 Quo
2276 2287 2391 2325 vero
2418 2272 2707 2345 quisquam]
2756 2272 3001 2336 Ostendit
3047 2273 3295 2346 tyrannis
3330 2273 3464 2329 nihil
3499 2272 3636 2345 juris

2059 2374 2178 2416 esse
2208 2362 2260 2415 in
2289 2366 2452 2419 animi
2482 2366 2805 2435 libertatem,
2834 2382 2935 2423 nec
2960 2382 3054 2424 eos
3076 2368 3213 2425 ultra
3243 2383 3401 2438 quam
3442 2369 3495 2423 in
3520 2383 3636 2424 cor-

2058 2470 2157 2524 pus
2178 2457 2365 2513 saevire
2395 2474 2572 2529 posse,
2594 2460 2755 2530 idque
2770 2460 3043 2532 cujusdam
3066 2462 3367 2534 philosophi
3389 2462 3636 2533 exemplo

2059 2547 2393 2602 memorabili
2416 2551 2747 2620 comprobat.

2132 2638 2265 2709 Quo]
2293 2640 2406 2705 Qua
2434 2657 2521 2707 re,
2538 2658 2644 2711 quo
2669 2644 2849 2712 modo,
2870 2658 2977 2715 quo
2998 2645 3372 2701 instrumento.

2128 2728 2435 2804 lmperabis]
2451 2736 2679 2804 'Aliquis
2706 2736 3007 2805 imperabit.

2128 2819 2369 2876 Liberum
2395 2826 2667 2889 quemdam
2697 2826 2883 2899 uirum]
2924 2826 3297 2882 Anaxarchum
3336 2826 3635 2898 significare

2057 2911 2285 2980 videtur,
2318 2914 2410 2983 qui
2452 2914 2737 2971 Abderites
2764 2932 2991 2987 genere,
3029 2918 3358 2987 professione
3400 2917 3635 2987 philoso-

2058 3004 2229 3077 phus,
2272 3006 2543 3061 inimicum
2586 3007 2774 3062 habuit
2814 3007 3225 3064 Nicocreontem
3253 3006 3415 3078 Cypri
3459 3016 3635 3079 tyran-

372 3111 567 3165 mentis
594 3109 830 3164 ostendit
857 3110 1140 3179 dignitates
1174 3121 1239 3165 et
1266 3112 1557 3179 potentiam
1588 3112 1717 3165 nihil
1754 3111 1948 3166 habere

2062 3111 2211 3151 num.-
2254 3095 2387 3152 Cum
2419 3098 2559 3153 enim
2592 3099 2739 3152 illum
2770 3099 3073 3154 Alexander
3102 3099 3325 3167 Magnus
3349 3096 3636 3167 aliquando

374 3202 512 3271 quod
564 3203 648 3263 vel
694 3202 1050 3271 expetendum
1090 3201 1191 3265 sit,
1233 3200 1316 3255 vel
1346 3214 1526 3255 veram
1572 3201 1950 3257 beatitudinem

373 3290 621 3344 conferre
654 3290 845 3359 possit.

444 3375 622 3448 [nscit]
652 3379 793 3447 lgna:
812 3388 821 3405 ι

443 3465 582 3521 Caelo
607 3468 902 3539 emquatisj
932 3467 1166 3524 Summis
1213 3469 1370 3523 rebus
1399 3470 1743 3539 comparatis,
1778 3486 1955 3541 atqua-

371 3554 554 3624 lesque
576 3555 848 3625 judicans.

444 3649 570 3712 Qua:
592 3648 846 3719 incendia]
879 3649 1039 3715 Quasi
1069 3650 1209 3704 dicat
1240 3650 1399 3705 nulla.

448 3737 831 3810 Eructantibus]
861 3741 1291 3809 Erumpentibus.

445 3828 682 3900 Strages]
713 3832 1071 3897 Calamitates,
1102 3832 1514 3888 devastationes.

442 3918 675 3992 Dederit]
703 3921 963 3977 Intulerit.

394 4034 395 4037 η
444 4009 554 4081 Uti]
587 4012 1065 4077 Quemadmodum.

446 4102 725 4157 Consulare
762 4101 1055 4171 imperium]
1106 4102 1351 4159 Ostendit
1394 4104 1740 4174 dignitatibus
1795 4102 1951 4173 hujus

368 4196 553 4251 sarcuii
581 4196 780 4250 nullam
812 4197 989 4249 inesse
1013 4197 1397 4263 constantiam,
1438 4214 1557 4252 cum
1589 4200 1665 4254 rei
1692 4198 1950 4253 Romana:

365 4295 539 4342 status
566 4280 707 4355 Stepe
748 4288 819 4341 sit
849 4287 1176 4341 immutatus.
1209 4287 1444 4343 Primum
1477 4290 1616 4343 enim
1650 4290 1817 4343 Roma
1848 4289 1950 4342 sub

364 4379 578 4447 regibus
601 4379 715 4445 fuit,
742 4393 967 4448 quorum
991 4380 1246 4447 septimus
1267 4381 1606 4449 Tarquinius.
1635 4383 1720 4436 cui
1743 4397 1944 4452 cogno-

2057 3190 2111 3244 in
2136 3190 2378 3244 convivio
2407 3200 2679 3261 rogasset,
2707 3192 2960 3260 quidnam
2991 3191 3058 3247 de
3083 3204 3238 3247 coena
3265 3189 3353 3244 illa
3380 3190 3633 3250 sentiret,

2057 3279 2255 3337 dixisse
2283 3281 2450 3336 fertur
2488 3300 2501 3335 :
2540 3281 2740 3336 Cuncta
2786 3284 3163 3353 permagnifiee
3184 3323 3200 3349 ,
3223 3297 3264 3337 ο
3289 3296 3382 3337 rex
3406 3322 3419 3347 ,
3446 3296 3631 3337 verum

2057 3372 2339 3438 oportebat
2362 3372 2471 3441 jam
2494 3382 2655 3442 caput
2681 3383 2908 3443 satrapae
2930 3375 3204 3443 cujusdam
3226 3375 3452 3445 apponi,
3482 3374 3636 3431 Nico-

2057 3468 2331 3515 creontem
2374 3462 2606 3517 intuens.
2640 3462 2752 3518 Hoc
2786 3463 2878 3519 ille
2923 3464 3104 3518 audito
3131 3463 3465 3533 indignatus,
3510 3474 3635 3534 post

2057 3558 2286 3605 mortem
2334 3552 2474 3619 regis
2502 3565 2623 3622 cum
2649 3552 2770 3606 navi
2806 3552 3037 3607 ferretur
3072 3554 3423 3607 Anaxarchus
3446 3591 3463 3619 ,
3494 3553 3633 3607 invi-

2057 3648 2249 3709 tusque
2271 3640 2885 3713 applicuiSset-Cyprum
2903 3684 2919 3709 ,
2958 3643 3400 3712 comprehensum
3427 3659 3549 3699 eum
3579 3644 3632 3698 in

2055 3743 2241 3784 saxum
2276 3743 2570 3785 concavum
2601 3733 2865 3801 eenjecit,
2897 3734 3163 3803 iussitque
3191 3734 3383 3790 ferreis
3428 3735 3633 3789 malleis

2056 3818 2207 3872 caedi.
2243 3819 2395 3873 Illum
2425 3835 2600 3889 pinna:
2628 3835 2740 3878 suae
2764 3824 3120 3895 negligentem
3141 3865 3155 3891 ,
3188 3826 3401 3881 celebre
3435 3825 3487 3879 id
3514 3826 3630 3881 dic-

2054 3918 2165 3963 tum
2215 3912 2572 3981 ingeminasse
2611 3916 2760 3970 aiunt
2808 3934 2823 3969 :
2861 3918 3081 3983 Tunde,
3115 3917 3277 3973 tunde
3321 3918 3628 3974 Anaxarchi

2054 4002 2326 4057 vasculum
2353 4020 2366 4057 :
2394 4008 2515 4058 nam
2532 4007 2911 4062 Anaxarchum
2933 4008 3063 4063 nihil
3087 4011 3233 4065 teris.
3256 4010 3484 4066 .lubente
3506 4025 3629 4067 vero
3678 4026 3683 4030 ‘

2052 4093 2145 4147 illo
2172 4094 2339 4163 ipsius
2363 4096 2583 4163 praecidi
2604 4098 2864 4167 linguam,
2888 4098 3025 4154 fama
3053 4110 3155 4169 est,
3181 4102 3458 4170 praecisum
3488 4117 3631 4156 mor-

2052 4183 2204 4238 dieus
2233 4184 2285 4239 in
2325 4186 2442 4255 ejus
2471 4189 2657 4243 faciem
2689 4193 3023 4260 conspuisse.
3070 4192 3285 4249 Rectius
3315 4203 3490 4250 tamen
3529 4196 3630 4250 hoc

2052 4275 2115 4329 ad
2144 4276 2412 4333 Zenonem
2460 4280 2696 4336 Eleatem
2727 4282 2818 4350 (de
2847 4298 2952 4352 quo
2988 4283 3188 4339 dictum
3219 4297 3298 4340 est
3334 4286 3543 4340 abunde
3576 4288 3628 4341 in

2053 4368 2225 4433 primo
2264 4372 2673 4443 commentario)
2707 4374 2936 4428 refertur
2962 4389 3028 4429 eo
3065 4376 3207 4444 quod
3247 4378 3628 4446 conjurationis

364 4484 489 4523 men
521 4469 787 4536 Superbo,
815 4484 877 4523 ex
909 4469 1146 4523 moribus
1175 4470 1377 4535 datum,
1404 4486 1571 4540 regno
1591 4481 1811 4525 exactus
1841 4480 1942 4536 est,

2057 4458 2137 4511 hic
2164 4460 2223 4512 fit
2264 4463 2495 4526 mentio,
2538 4479 2656 4531 qua:
2695 4464 2761 4517 ad
2797 4465 3175 4520 Anaxarchum
3223 4482 3327 4520 non
3373 4469 3623 4536 pertinet.

362 4557 454 4611 ubi
482 4558 549 4611 ad
590 4558 708 4627 ejus
746 4561 1045 4627 superbiam
1075 4552 1364 4615 liberorum
1396 4561 1563 4614 libido
1592 4562 1938 4627 accessisset,

361 4662 589 4716 quorum
634 4664 755 4703 cum
803 4650 937 4704 alter
988 4651 1347 4705 ornatissima:
1408 4651 1622 4705 femina:
1686 4651 1945 4706 Lucret-ite

362 4749 607 4808 stuprum
647 4742 933 4810 intulisset,
970 4744 1191 4810 pepulus
1237 4742 1511 4795 Romanus
1547 4743 1707 4794 Bruto
1729 4742 1945 4796 Collati-

363 4844 541 4899 noque
570 4830 793 4885 ducibus
814 4841 869 4886 et
896 4832 1230 4898 auctoribus,
1262 4846 1385 4900 rege
1408 4839 1629 4899 repente
1655 4831 1905 4886 destitute
1922 4873 1937 4897 ,

359 4919 643 4988 imperium
674 4920 726 4973 in
759 4919 977 4974 eosdem
1006 4919 1272 4974 libertatis
1300 4934 1410 4973 suae
1444 4918 1679 4974 vindices
1707 4927 1941 4973 transtu-

359 5008 442 5072 lit,
466 5008 820 5076 consulesque
845 5008 1126 5077 appellavit
1158 5025 1253 5077 pro
1290 5009 1532 5079 regibus,
1560 5018 1618 5063 ut
1658 5010 1940 5066 consulere

358 5099 561 5153 civibus
598 5101 708 5155 suis
752 5100 948 5155 debere
992 5101 1376 5155 meminissent.
1422 5103 1611 5156 Postea
1660 5112 1835 5157 tamen
1884 5114 1940 5157 et

356 5189 638 5243 consulare
669 5190 945 5259 imperium
963 5192 1407 5259 cupivitabolere,
1440 5201 1493 5246 et
1513 5208 1654 5247 nunc
1674 5194 1934 5258 dictatori,

355 5293 499 5332 nunc
528 5279 846 5335 decemviris
867 5325 891 5353 ,_
932 5282 1209 5336 consulatu
1250 5296 1467 5351 prorsus
1506 5283 1746 5350 sublato,
1799 5298 1939 5338 nunc

354 5369 581 5424 tribunis
602 5372 772 5439 plebis
786 5372 1038 5441 permisit
1061 5373 1437 5441 principatum.

433 5458 581 5525 Quod
614 5476 880 5530 perrarum
906 5458 1001 5532 est]
1040 5462 1381 5516 Parentltesis
1424 5470 1523 5516 est.
1561 5463 1725 5519 Valde
1760 5479 1937 5519 rarum

351 5555 439 5604 est
463 5548 643 5616 probis
690 5549 922 5603 honores
953 5549 1167 5603 deferri.
1203 5551 1268 5605 Ut
1292 5552 1434 5605 enim
1465 5553 1601 5621 apud
1624 5553 1931 5609 Sallustium

380 5652 409 5698 ε.
450 5637 758 5693 Catilinario
806 5650 887 5694 est
922 5655 936 5691 :
966 5639 1103 5693 lnter
1150 5640 1319 5695 bonos
1364 5653 1413 5696 ct
1449 5644 1611 5698 malos
1644 5644 1930 5702 discrimen

2050 4547 2314 4603 Eusebius
2340 4566 2572 4620 quoque,
2601 4552 2735 4607 libro
2756 4553 2821 4607 de
2836 4554 3228 4621 Praeparatione
3249 4556 3551 4625 evangelica
3568 4575 3623 4625 x,

2049 4638 2164 4692 hazc
2190 4639 2387 4692 tradit:
2418 4640 2599 4695 Zenon
2631 4641 2836 4706 Eleata,
2865 4657 3020 4711 quem
3052 4644 3199 4697 aiunt
3224 4659 3345 4699 cum
3386 4650 3628 4716 tyranni-

2049 4729 2172 4783 dem
2215 4728 2484 4797 deponere
2514 4742 2825 4798 conaretur,
2856 4735 3086 4802 linguam
3107 4775 3121 4799 ,
3145 4735 3268 4790 dum
3298 4752 3328 4791 a
3363 4753 3619 4809 tyranno,

2049 4829 2106 4873 ut
2134 4822 2380 4874 conscios
2407 4822 2629 4892 diceret,
2661 4834 3018 4897 torqueretur,
3042 4829 3289 4886 dentibus
3309 4833 3622 4901 abscissam,

2048 4912 2101 4964 in
2129 4911 2312 4965 faciem
2337 4913 2453 4982 ejus
2480 4916 2709 4983 spuisse.

2121 5002 2257 5066 Quid
2286 5013 2589 5071 autemest,
2644 5006 2763 5078 etc.]
2818 5007 3232 5079 Argumentatur
3286 5018 3623 5085 perexiguam

2047 5106 2168 5147 esse
2206 5095 2506 5149 mortalium
2553 5100 2865 5167 potentiam,
2895 5116 2961 5156 eo
3002 5105 3142 5173 quod
3180 5106 3283 5161 vim
3315 5124 3471 5178 quam
3502 5111 3625 5165 ali's

2046 5182 2304 5251 inferunt,
2350 5201 2417 5240 ne
2450 5186 2551 5241 sibi
2595 5204 2805 5259 quoque
2835 5192 3059 5249 invicem
3092 5196 3158 5250 ab
3194 5197 3311 5252 aliis
3338 5200 3622 5273 inferatuq‘,

2048 5276 2337 5343 prohibere
2366 5294 2469 5332 non
2502 5291 2741 5348 possunt.

2117 5368 2193 5420 Ab
2221 5368 2345 5440 alia]
2379 5369 2540 5425 Vetus
2580 5373 2717 5441 apud
2762 5373 3019 5432 Senecam
3050 5381 3313 5435 sententia
3356 5392 3435 5437 est
3488 5400 3499 5435 :
3543 5385 3622 5438 Ab

2043 5460 2212 5514 altero
2242 5471 2545 5529 exsnectes,
2574 5465 2728 5521 alteri
2761 5469 2902 5537 quod
2930 5469 3141 5526 feceris.

2112 5552 2422 5625 Busiridem]
2458 5556 2656 5612 Busiris
2690 5575 2781 5614 rex
2825 5561 2922 5615 fuit
2963 5565 3193 5633 :‘Egypli,
3236 5567 3475 5635 qni’cum
3507 5583 3625 5624 sus-

2039 5656 2222 5715 ceptos
2272 5646 2507 5716 hospites
2552 5650 2875 5721 immolaret,
2907 5655 2972 5709 ab
3014 5655 3238 5711 ilcrcule
3270 5657 3628 5729 interemptus
