4216 6256
673 349 775 406 979

672 471 774 526 est,
802 475 922 515 cum
948 448 1105 515 etiam
1134 474 1253 515 eum
1277 461 1532 513 voluisset
1552 459 1815 514 occidere.
1846 460 2095 529 Virgilius
2124 477 2136 511 :

1291 550 1407 604 Quis
1429 556 1510 595 aut
1533 547 1787 596 liuristhea
1811 548 2002 608 durum,

862 611 958 657 Aut
985 609 1195 657 illaudati
1224 612 1379 671 nescit
1402 610 1636 658 Busiridis
1660 622 1765 657 aras
1783 610 1806 657 ‘l

746 711 995 781 Regulus]
1022 711 1225 763 Marcus
1253 712 1469 764 Attilius
1507 711 1741 779 Regulus
1764 710 1946 765 consul
1979 709 2109 763 fusis
2151 708 2246 763 Sa-

671 802 884 855 lentinis
918 802 1289 870 triumphavit,
1325 801 1629 870 primusque
1661 800 2020 853 Romanorum
2048 799 2241 852 ducum

671 895 725 946 in
758 891 989 945 Africam
1018 895 1245 947 classem
1282 893 1526 961 trajecit,
1556 901 1832 962 quassatas
1869 892 1937 945 de
1980 892 2243 946 Amilcare

673 997 834 1036 naves
850 984 1035 1049 longas
1057 992 1167 1037 tres
1188 984 1523 1051 etsexaginta
1537 984 1759 1049 accepit.
1776 982 1975 1049 Oppida
1991 982 2238 1045 ducenta,

668 1081 722 1125 et
747 1071 1018 1124 hominum
1043 1073 1271 1126 ducenta
1294 1073 1455 1125 millia
1480 1075 1639 1139 cepit.
1669 1072 1900 1125 Absente
1918 1085 2002 1133 eo,
2027 1069 2240 1141 conjugi

665 1166 781 1234 ejus
801 1179 855 1219 et
872 1167 1052 1221 liberis
1076 1168 1143 1220 ob
1173 1175 1535 1235 paupertatem
1565 1177 1808 1234 sumptus
1832 1167 2040 1234 publice
2062 1167 2234 1221 datus.

665 1257 787 1310 Mox
814 1268 929 1313 arte
964 1258 1215 1327 Xantippi
1263 1260 1651 1314 Lacedznmonii
1694 1262 2010 1315 mercenarii
2057 1263 2237 1317 militis

663 1360 872 1418 captus,
906 1352 959 1403 in
991 1364 1259 1405 carcerem
1291 1351 1518 1413 missus,
1556 1351 1759 1420 legatus
1785 1350 1849 1404 de
1874 1351 2236 1419 permutandis

663 1440 889 1508 captivis
922 1440 1142 1494 Romam
1169 1440 1362 1493 missus
1384 1482 1398 1506 ,
1430 1440 1553 1495 dato
1575 1439 1944 1508 jurejurando,
1976 1450 2033 1495 ut
2057 1444 2101 1495 si
2129 1458 2233 1496 non

665 1530 1033 1596 impetrasset,
1068 1531 1139 1584 ita
1168 1531 1382 1584 demum
1407 1530 1611 1584 rediret
1643 1548 1659 1581 :
1684 1531 1734 1583 in
1760 1540 1947 1584 senatu
1974 1531 2235 1585 conditio-

664 1635 783 1673 nem
817 1620 1091 1684 dissuasit,
1123 1621 1308 1689 ejectis
1337 1636 1366 1673 a
1389 1636 1446 1675 se
1467 1620 1691 1689 conjuge
1711 1630 1763 1675 et
1785 1621 1986 1684 liberis,
2015 1622 2234 1677 Cartha-

660 1710 837 1772 ginem
869 1726 1166 1780 regressus,
1201 1711 1290 1765 ubi
1337 1712 1387 1763 in
1420 1726 1597 1765 arcam
1647 1712 1873 1779 ligneam
1924 1712 2230 1780 conjectns,

1328 350 1667 406 APPENDIX
1706 352 1795 405 AD
1835 350 2076 407 LIBROS
2115 351 2201 404 DE
2241 350 2757 409 CONSOLATIONE
2798 352 3282 408 PHILOSOPHUS.

2277 462 2327 518 A
2355 460 2643 516 facinorum
2677 462 2793 531 ejus
2834 462 3109 516 temeritas
3148 461 3432 530 impietatis
3473 460 3523 514 in
3570 460 3759 515 Deum.
3786 459 3922 517 Nam

3816 350 3924 407 980

2354 551 2556 617 primus
2591 550 2775 604 Ruina:
2810 550 3137 604 Christianos
3163 552 3433 619 supplicis
3460 560 3513 605 et
3541 551 3801 605 mortibus
3835 553 3918 606 af-

2348 640 2504 703 fecit,
2534 655 2594 693 ac
2626 655 2720 707 per
2749 655 2936 692 omnes
2967 641 3266 707 provincias
3292 641 3402 709 pari
3433 643 3799 708 perseeutione
3822 657 3919 698 ex-

2346 730 2573 781 eruciari
2624 730 2935 797 imperavit,
2972 730 3250 798 ipsumque
3277 745 3465 783 nomen
3504 731 3800 798 exstirpare
3829 747 3920 785 co-

2346 828 2532 884 natus,
2568 820 2911 873 beatissimos
2941 821 3135 874 Christi
3169 822 3441 890 apostolos
3483 821 3697 876 Petrum
3726 838 3918 893 cruce,

2344 906 2562 962 Paulum
2593 910 2770 979 gladio
2801 910 3015 963 occidit.

2418 999 2550 1055 Urbe
2571 1002 2857 1071 ﬂammata]
2883 1002 3131 1056 Incendio
3158 1011 3489 1070 consumpta.
3517 1003 3677 1067 Nero,
3698 1014 3756 1058 ut
3783 1006 3915 1060 scri-

2341 1090 2418 1144 bit
2448 1093 2823 1160 Tranquillus,
2857 1095 3004 1163 quasi
3037 1094 3271 1148 oll‘ensus
3319 1096 3650 1151 deformitate
3675 1106 3913 1152 veterum

2340 1182 2709 1249 aediﬁciorum,
2740 1195 2793 1239 et
2822 1187 3080 1254 angustiis
3110 1186 3431 1254 ﬂexurisque
3452 1187 3720 1253 vicorum,
3744 1190 3913 1256 palam

2338 1274 2576 1331 incendit
2615 1276 2824 1331 urbem.
2860 1277 2961 1331 Per
2990 1291 3083 1330 sex
3120 1276 3237 1330 dies
3266 1289 3576 1346 septemque
3623 1289 3804 1333 noctes
3849 1295 3913 1333 ea

2340 1366 2490 1419 clade
2520 1366 2763 1419 saevitum
2794 1374 2906 1429 est,
2938 1366 3003 1418 ad
3036 1376 3503 1419 monumentorum
3534 1368 3915 1436 bustorumque

2339 1457 2630 1510 diversoria
2674 1456 2827 1524 plebe
2866 1456 3161 1524 compulsa.
3195 1457 3343 1510 Tunc
3378 1460 3912 1524 praeterimmensum

2337 1559 2618 1598 numerum
2650 1545 2943 1598 insularum
2966 1587 2981 1610 ,
3008 1546 3194 1599 domus
3218 1548 3512 1616 priscorum
3545 1531 3738 1600 due'um
3767 1562 3913 1602 arse-

2338 1645 2464 1690 runt
2494 1635 2775 1689 hostilibus
2806 1634 2978 1688 adhuc
3014 1635 3197 1703 spoliis
3223 1646 3501 1688 exornata:
3523 1679 3537 1702 ,
3582 1635 3912 1703 deorumque

2338 1724 2481 1777 mdes
2519 1724 2585 1777 ab
2625 1723 2838 1793 regibus
2868 1738 2929 1776 ac
2957 1722 3148 1776 deinde
3176 1722 3387 1775 Punicis
3410 1732 3465 1776 et
3505 1722 3721 1776 Gallicis
3758 1723 3913 1776 bellis

661 1803 823 1856 clavis
842 1806 1127 1856 introrsum
1158 1803 1383 1870 adactis,
1412 1802 1603 1870 vigiliis
1625 1817 1685 1855 ac
1703 1802 1887 1856 dolore
1905 1804 2228 1870 punitusest.
2262 1803 2310 1865 B
2340 1825 2477 1869 νοιαε
2504 1815 2897 1882 amicamque,
2928 1814 3263 1882 “quidquid
3290 1813 3567 1867 visendum
3606 1824 3765 1882 atque
3800 1826 3911 1870 mg.

733 1894 809 1946 Ad
832 1894 959 1964 Ita'c]
981 1894 1265 1947 Praeterea.
1295 1893 1606 1946 Probatalia
1631 1892 1837 1946 ratione
1864 1892 1991 1945 nihil
2022 1902 2237 1946 natura-

662 1974 813 2038 lis‘ac
839 1984 1035 2051 proprii
1059 1984 1183 2038 boni
1206 1983 1549 2051 dignitatibus
1570 1996 1633 2036 ac
1662 1983 2013 2050 potestatibus
2037 1983 2231 2048 inesse,

661 2089 726 2128 co
755 2074 893 2139 quod
928 2073 1239 2141 plerumque
1271 2074 1513 2141 pessimis
1544 2074 1878 2141 proveniant.

736 2161 940 2214 Natura
963 2161 1178 2231 respuit]
1218 2163 1273 2216 Id
1323 2170 1425 2225 est,
1474 2178 1575 2215 non
1608 2162 1837 2215 admittit
1873 2168 1930 2213 ut
1966 2160 2232 2213 contraria

661 2268 885 2322 quaeque
910 2255 1219 2322 jungantur.
1255 2253 1416 2306 Divus
1451 2252 1745 2322 Cyprianus
1774 2252 2030 2305 adversus
2060 2250 2229 2304 Nova-

660 2348 859 2398 tianum
885 2362 897 2396 :
930 2344 1215 2398 Cohaererc
1241 2353 1294 2397 et
1324 2344 1570 2412 conjungi
1603 2359 1705 2395 non
1736 2352 1907 2410 potest
1930 2341 2230 2397 amaritudo

658 2424 777 2487 cum
808 2433 1087 2487 dulcedine
1108 2474 1121 2497 ,
1164 2433 1482 2502 ealigo'cum
1521 2434 1740 2494 lumine,
1795 2431 1973 2498 pluvia
2000 2446 2117 2483 cum
2146 2445 2231 2483 se-

658 2525 905 2588 renitate,
928 2540 1099 2592 pugna
1132 2540 1250 2577 cum
1282 2538 1427 2592 pace,
1455 2538 1573 2577 cum
1604 2520 1926 2576 fecunditate
1953 2522 2226 2585 sterilitas,

658 2631 778 2669 rum
815 2616 1044 2669 fontibus
1074 2616 1313 2679 siccitas,
1345 2629 1464 2665 cum
1495 2612 1871 2681 tranquillitate
1915 2620 2226 2680 tempestas.

660 2708 972 2763 lt‘ranciscus
1000 2706 1312 2773 Philelphus
1334 2704 1386 2758 in
1410 2705 1612 2773 Satyris
1645 2722 1656 2755 :

898 2797 1153 2845 Tenebras
1176 2796 1255 2843 luv
1287 2797 1471 2855 respuit
1494 2807 1685 2855 omnes,

778 2858 880 2905 Nec
904 2860 1083 2917 patitur
1106 2870 1271 2905 secum
1296 2859 1463 2904 vitium
1487 2856 1769 2903 coalescere
1796 2858 1965 2913 virtus,

778 2918 1040 2967 Stultitiam
1066 2930 1262 2979 semper
1286 2919 1410 2965 ratio
1433 2926 1733 2976 aSpernatnr,
1761 2919 1933 2963 eodem

774 2980 1029 3039 Nunquam
1055 2978 1185 3026 stare
1213 2980 1317 3025 loco
1346 2978 1531 3038 pariter
1556 2979 1791 3025 contraria
1816 2982 2031 3038 possunt.

729 3057 877 3125 Quod
907 3060 1109 3129 quidem
1148 3058 1210 3110 de
1232 3055 1451 3125 cunctis]
1477 3057 1719 3111 Ostendit
1748 3056 1975 3109 fortuna:
2008 3067 2225 3107 munera

656 3148 793 3202 nulla
819 3157 960 3201 recte
990 3147 1093 3201 dici
1144 3146 1281 3200 bena
1306 3187 1319 3211 ,
1370 3162 1489 3199 cum
1522 3147 1833 3213 pb-rumquc
1864 3144 2016 3197 malis
2045 3143 2224 3197 adhm-
2250 3154 2297 3217 ο

656 3251 828 3304 rcant,
858 3255 955 3294 nec
987 3240 1190 3309 possint
1218 3254 1310 3293 eos
1340 3239 1506 3291 bonos
1529 3238 1743 3291 efficere
1763 3278 1777 3300 ,
1815 3236 2005 3304 quibus
2029 3234 2224 3288 fuerint

655 3330 922 3399 adjuncta.
956 3330 1371 3384 Redoletautem
1400 3330 1521 3391 hoc,
1545 3327 1718 3380 utalia
1746 3326 1909 3379 Boetii
1939 3326 2219 3393 permulta,

657 3421 892 3475 l‘lntonis
920 3421 1214 3475 doctrinam
1236 3463 1250 3485 ,
1297 3422 1436 3487 apud
1482 3436 1639 3489 quem
1668 3421 1915 3475 Socrates
1946 3418 1997 3472 in
2031 3417 2223 3488 Gorgia

655 3513 819 3564 s'eait
844 3529 856 3562 :
882 3512 976 3565 Est
996 3521 1170 3564 autem
1192 3513 1451 3578 voluptas,
1477 3526 1577 3579 qua
1615 3519 1875 3577 prmsente
1896 3509 2185 3578 gaudemus
2208 3526 2219 3559 :

656 3602 850 3653 bonum
879 3616 1025 3665 vero,
1056 3616 1161 3668 quo
1186 3612 1447 3669 przesente
1475 3600 1595 3652 boni
1624 3615 1825 3653 sumus.
1851 3600 2075 3653 Prorsus
2098 3598 2224 3653 boni

657 3680 781 3743 vero
807 3704 991 3743 sumus
1019 3699 1070 3744 et
1097 3706 1191 3744 nos
1208 3732 1223 3757 ,
1256 3700 1309 3744 et
1336 3706 1677 3758 qu:ecumque
1700 3690 1801 3744 alia
1826 3691 1963 3744 bona
1984 3698 2130 3756 sunt,
2154 3691 2224 3745 ob

654 3784 904 3838 virtutem
937 3783 1220 3853 quamdam
1254 3797 1370 3850 quae
1392 3782 1551 3835 adsit.

824 3938 827 3939 ν
1179 3892 1245 3948 ΙΝ
1284 3892 1575 3947 METRUM
1619 3890 1706 3944 Vl.

722 3986 949 4040 Carmen
989 3995 1071 4040 est
1096 3983 1419 4053 Sapphicum
1444 4025 1457 4047 ,
1492 3997 1595 4051 quo
1625 3979 1959 4048 Plt‘l050phia
2000 3978 2224 4033 Neronis

653 4077 898 4146 exemplo
928 4076 1114 4140 docet,
1145 4076 1427 4144 dignitates
1457 4084 1509 4127 et
1538 4073 1824 4140 potentiam
1857 4071 2010 4122 malis
2031 4069 2221 4138 quibus

652 4167 914 4236 adjuncta:
955 4166 1179 4229 fuerint,
1215 4170 1390 4219 nmr‘es
1420 4179 1523 4217 non
1573 4164 1741 4216 solum
1786 4176 1889 4215 non
1920 4162 2221 4230 corrigere,

652 4258 744 4311 sed
778 4258 893 4325 plus
925 4256 1256 4310 truculentia:
1287 4266 1341 4309 et
1374 4254 1709 4323 turpitudinis
1737 4252 1949 4307 afferre.

720 4343 991 4414 Nouimus]
1022 4344 1253 4401 Scimus.

723 4437 948 4506 Dederit]
982 4436 1217 4490 Intulerit
1239 4434 1563 4489 hominibus.

2341 1907 2598 1960 morabile
2626 1920 2689 1958 ex
2721 1905 3037 1970 antiquitate
3065 1903 3366 1957 duraverat.
3407 1905 3518 1956 Hoc
3546 1903 3850 1956 incendium
3878 1919 3911 1958 θ

2338 2006 2483 2051 turre
2506 1996 2852 2050 Meccenatiea
2879 2004 3251 2063 prospectans,
3286 1995 3539 2063 lzetusque
3574 1995 3797 2047 tlar’nnue
3830 1994 3911 2064 (ut

2334 2088 2535 2157 aiebat)
2571 2088 2992 2156 pulchritudine,
3033 2086 3238 2139 halosin
3270 2087 3345 2139 Ilii
3379 2087 3680 2140 decantavit
3727 2088 3779 2139 in
3817 2086 3909 2139 illo

2333 2180 2546 2232 scenico
2580 2178 2779 2231 habitu.
2811 2178 3093 2245 Eutropius
3123 2186 3177 2229 et
3212 2176 3473 2231 Eusebius
3506 2178 3721 2229 tradunt
3743 2174 3909 2229 Ne'ro-

2334 2284 2453 2321 nem
2513 2267 2813 2321 incendisse
2855 2266 3039 2319 urbem
3082 2266 3339 2327 Romam,
3380 2275 3436 2317 ut
3464 2264 3752 2333 spectaculi
3788 2264 3907 2332 ejus

2332 2357 2619 2425 imaginem
2662 2366 2932 2421 cerneret,
2964 2356 3137 2424 qualis
3162 2356 3284 2409 olim
3315 2357 3476 2421 Troja
3500 2364 3649 2422 capta
3677 2366 3901 2409 arserat.

2406 2449 2745 2516 Putribusque
2766 2446 2934 2517 cwsis]
2957 2448 3305 2503 Senatoribus
3318 2449 3529 2501 occisis.
3548 2437 3737 2501 Multos
3759 2448 3903 2501 enim

2333 2555 2398 2593 ex
2437 2539 2771 2592 senatoribus
2800 2539 3025 2602 occidit,
3058 2548 3241 2605 aperte
3283 2539 3441 2593 etiam
3471 2538 3773 2607 significans
3796 2578 3812 2602 ,
3838 2553 3904 2592 ne

2331 2628 2549 2695 reliquis
2590 2627 2803 2696 quidem
2839 2640 2896 2681 se
2925 2634 3203 2695 parsurum
3227 2668 3240 2689 ,
3278 2641 3507 2695 eumque
3529 2627 3770 2679 ordinem
3811 2642 3904 2681 su-

2333 2719 2597 2772 blaturum
2651 2717 2971 2786 quandoque
3013 2732 3043 2769 e
3088 2716 3390 2785 republica,
3429 2730 3492 2769 ac
3523 2716 3821 2784 provincias
3847 2725 3904 2770 et

2335 2813 2791 2883 exercitusequiti
2822 2812 3061 2866 Romano
3088 2827 3150 2865 ac
3181 2812 3382 2865 libertis
3404 2812 3803 2879 per-inis‘éurum.

2403 2901 2611 2972 Fratre]
2641 2904 2941 2957 Britannico
2958 2903 3159 2957 Claudii
3178 2912 3232 2957 et
3259 2903 3547 2956 Messalina:
3566 2902 3693 2960 filio.
3716 2902 3902 2957 Fratre

2331 2990 2491 3059 igitur
2522 3008 2613 3061 per
2649 2994 2988 3060 adeptionem
3008 3038 3021 3060 ,
3054 3002 3173 3047 nam
3216 3008 3244 3046 a
3273 2993 3525 3060 Claudio,
3556 3004 3612 3046 ut
3636 2992 3898 3058 diximus,

2332 3082 2481 3137 Nero.
2500 3084 2777 3151 adoptatus
2806 3084 2921 3147 fuit.
2955 3098 3057 3137 non
3082 3083 3332 3137 naturali.

2401 3171 2733 3242 Interempto]
2770 3173 2985 3227 Veneno
3014 3174 3263 3226 sublato:
3295 3168 3366 3227 de'
3390 3188 3496 3241 quo
3528 3174 3643 3242 lege
3672 3172 3896 3227 Sueton.

2404 3264 2607 3335 Ma!ris]
2634 3264 2773 3317 Nero
2800 3272 3023 3317 matrem
3051 3264 3417 3333 Agrippinam,
3447 3270 3511 3317 eo
3538 3262 3677 3331 quod
3702 3272 3818 3314 trux
3847 3269 3900 3315 et

2332 3360 2507 3409 minax
2535 3365 2705 3414 esset.
2741 3355 2955 3408 etdicta
2985 3356 3225 3422 factaque
3259 3354 3375 3423 ejus
3405 3357 3709 3423 exquireret
3749 3368 3900 3407 acer-

2332 3444 2449 3498 bius
2468 3460 2528 3496 ac
2549 3444 2863 3512 corrigeret,
2897 3446 3045 3498 varie
3074 3445 3373 3499 interficere
3400 3446 3640 3509 tentavit,
3668 3446 3897 3513 primum

2332 3548 2537 3587 veneno
2583 3551 2594 3585 :
2631 3533 2727 3587 sed
2766 3539 2885 3587 cum
2930 3534 3180 3587 antidotis
3216 3536 3442 3590 sentiret
3483 3536 3855 3604 prmmunitam
3883 3577 3899 3601 ,

2329 3621 2600 3675 lacunaria
2637 3638 2754 3691 qua:
2786 3632 2942 3676 noctu
2983 3638 3143 3691 super
3173 3625 3525 3680 dormientem
3568 3627 3743 3680 laxata
3786 3642 3900 3680 ma-

2330 3712 2487 3765 china
2520 3713 2843 3776 deciderent,
2883 3716 3103 3781 paravit.
3139 3716 3251 3769 lloe
3279 3719 3503 3772 consilio
3540 3734 3631 3785 per
3653 3723 3901 3776 conscios

2334 3820 2523 3873 parum
2550 3807 2749 3870 celato,
2776 3806 3039 3858 solutilem
3069 3822 3254 3861 navem
3273 3848 3287 3871 ,
3319 3809 3470 3877 cujus
3495 3812 3575 3863 vel
3604 3812 3901 3881 naufragio,

2335 3894 2417 3946 vel
2463 3908 2688 3948 camera:
2738 3896 2888 3948 ruina
2936 3897 3165 3961 periret,
3216 3908 3550 3954 commentus
3584 3910 3685 3955 est.
3729 3907 3901 3970 Atque

2333 3984 2403 4036 ita
2450 3984 2886 4038 reconciliatione
2938 3984 3220 4046 simulata.
3268 3987 3672 4054 jucundissimis
3714 3990 3899 4044 litteris

2328 4073 2482 4126 Baias
2512 4075 2783 4139 evocavit,
2822 4074 2886 4126 ad
2923 4076 3159 4128 solennia
3191 4078 3587 4145 quinquatrium
3618 4079 3779 4132 simul
3807 4095 3897 4133 ce-

2331 4164 2607 4227 lebranda,
2638 4174 2925 4233 paratoque
2957 4167 3170 4233 negotio
3196 4169 3530 4231 trierarchis,
3561 4170 3649 4235 qui
3679 4170 3897 4223 liburni-

2329 4270 2467 4320 cam,
2491 4272 2590 4321 qua
2618 4257 2837 4309 advecta
2870 4270 3012 4322 erat,
3043 4258 3187 4312 velut
3219 4258 3438 4312 fortuito
3476 4268 3736 4313 concursu
3772 4276 3898 4314 cnn-

2330 4346 2639 4415 fringerent,
2670 4348 3268 4415 protraxitconvivium,
3296 4350 3661 4417 repetentique
3685 4350 3895 4415 Baulos,

2329 4438 2381 4490 in
2413 4438 2587 4491 locum
2615 4437 2852 4505 corrupti
2882 4438 3073 4505 navigii
3113 4438 3477 4492 machinosum
3509 4438 3634 4492 illud
3656 4441 3845 4493 obtulit
3880 4459 3893 4493 :

722 4527 941 4599 Ruinas]
994 4528 1231 4598 Strages.
1298 4527 1550 4595 Designat
1602 4535 1777 4579 autem
1838 4524 1919 4578 bis
1978 4525 2217 4580 versibus
2247 4502 2304 4565 D
2326 4527 2468 4582 unde
2496 4543 2614 4581 cum
2648 4536 2913 4581 enatasset
2936 4537 3126 4587 mater.
3151 4528 3589 4597 impientissimus
3610 4530 3749 4583 (iiius
3778 4546 3893 4583 eam

651 4605 917 4675 Neronem
956 4621 1193 4673 omnium
1238 4620 1539 4672 mortalium
1572 4620 1727 4685 longe
1768 4618 2217 4673 crudelissimum.

652 4712 748 4765 llic
778 4722 932 4765 natus
955 4722 1035 4765 est
1056 4720 1206 4779 patre
1231 4710 1461 4763 Domitio
1486 4709 1819 4775 1Enobarbo,
1841 4720 2010 4763 matre
2033 4710 2223 4780 Agrip-

649 4803 769 4868 p'na
787 4801 1089 4855 Germanici
1124 4801 1227 4853 filia
1256 4815 1408 4868 :quzn
1430 4814 1549 4853 eum
1575 4809 1757 4869 postea
1784 4799 2004 4853 Claudio
2025 4800 2221 4855 Caesari

649 4890 939 4957 nupsisset,
972 4890 1039 4942 ab
1067 4891 1167 4943 hoc
1190 4890 1327 4943 Nero
1354 4889 1636 4957 adoptatus
1658 4898 1756 4943 est.
1791 4889 1932 4942 Nero
1972 4890 2067 4944 fuit
2091 4891 2217 4944 olim

649 4995 842 5033 nomen
886 4981 1085 5042 laudis,
1134 4980 1275 5047 quod
1320 4980 1553 5032 oetendit
1585 4980 1635 5031 in
1677 4978 1893 5032 Tiberio
1937 4982 2221 5034 Suetonius

650 5071 731 5122 his
752 5070 960 5122 verbis:
988 5071 1128 5121 Inter
1151 5067 1467 5135 cognomina
1491 5077 1665 5120 autem
1690 5077 1743 5120 et
1768 5067 1989 5121 Neronis
2019 5083 2225 5122 assum-

654 5159 782 5224 psit,
808 5174 914 5227 quo
941 5158 1271 5228 significatur
1295 5159 1470 5227 lingua
1485 5158 1682 5213 Sabina
1707 5158 1856 5211 fortis
1872 5174 1933 5213 ac
1951 5170 2219 5215 strenuus.

647 5251 797 5305 Nunc
834 5262 1011 5305 autem
1060 5265 1282 5304 summa:
1310 5251 1641 5304 crudelitatis
1671 5266 1860 5305 nomen
1908 5263 1989 5305 est
2047 5256 2221 5319 Nero,

645 5343 734 5408 qui
764 5342 909 5395 rabie
938 5341 1005 5395 ita
1034 5341 1288 5396 efferatus
1314 5350 1415 5405 est,
1448 5351 1502 5394 ut
1531 5342 1812 5409 plurimam
1849 5354 2066 5396 senatus
2098 5362 2221 5411 par-

646 5446 751 5485 tem
774 5432 1125 5493 interfecerit,
1150 5440 1452 5501 equestrem
1475 5432 1715 5486 ordinem
1742 5448 1874 5499 pene
1896 5433 2217 5497 destituerit,

644 5525 739 5579 sed
766 5541 831 5579 ne
852 5525 1143 5594 parricidiis
1164 5524 1378 5595 quidem
1404 5526 1675 5591 abstinuit,
1704 5537 1949 5590 matrem,
1979 5526 2221 5590 fratrem,

645 5629 884 5669 sororem
911 5656 925 5677 ,
969 5631 1219 5681 uxorem,
1266 5624 1597 5683 crateresque
1630 5626 1885 5683 cognatos
1912 5624 1965 5670 et
2004 5617 2223 5685 prepin-

646 5718 777 5762 quos
805 5704 919 5757 sine
952 5704 1285 5759 bresitatione
1328 5706 1628 5771 prostravit.
1662 5704 1820 5760 Auxit
1854 5706 1989 5762 banc
2024 5708 2215 5784 molem

2329 4619 2508 4672 missis
2538 4618 2788 4671 militibus
2817 4618 2987 4671 occidi
3025 4617 3203 4685 jussit.
3238 4619 3354 4685 Quo
3390 4620 3621 4673 nefando
3662 4620 3896 4673 facinore

2329 4726 2433 4763 non
2457 4717 2763 4763 contentum
2792 4708 3006 4776 quidam
3040 4720 3282 4763 auctores
3311 4709 3552 4762 scribunt
3577 4750 3591 4771 ,
3620 4707 3687 4761 ad
3718 4710 3896 4761 visen-

2330 4800 2456 4851 dum
2520 4797 2818 4852 interfecta:
2870 4799 3099 4851 cadaver
3151 4799 3485 4861 accurrisse,
3541 4806 3899 4852 contrectasse

2332 4890 2592 4953 membra,
2643 4890 2745 4942 alia
2773 4889 3133 4955 vituperasse,
3161 4890 3403 4941 laudasse
3446 4888 3577 4950 alia,
3610 4887 3798 4952 sitique
3826 4889 3900 4939 in-

2334 4982 2488 5034 terim
2512 4981 2698 5032 nborta
2723 4979 2941 5033 bibisse.
2973 4979 3154 5033 Latius
3184 4980 3297 5032 haec
3317 4994 3346 5030 a
3373 4978 3682 5046 Tranquillo
3704 4966 3759 5031 et
3779 4977 3899 5031 Cor-

2331 5072 2473 5126 nelio
2501 5072 2685 5125 Tacito
2714 5064 3008 5137 perscripta
3040 5080 3183 5125 sunt.

2408 5166 2525 5217 Non
2557 5161 2725 5231 tinxit]
2758 5164 2873 5217 Non
2907 5164 3116 5231 rigavit.

2404 5254 2616 5324 Censor]
2651 5253 2884 5317 Arbiter,
2909 5252 3093 5321 judex.

2402 5344 2635 5414 Dccoris]
2672 5344 2856 5397 Decori
2887 5344 3147 5411 corporis.

2404 5433 2676 5503 Exstincti]
2707 5434 2918 5487 Morlui.
2976 5466 2980 5470 -

2408 5524 2641 5576 Condcns
2667 5520 2859 5591 radios]
2893 5522 3182 5586 Occidens,
3224 5523 3485 5592 significat
3524 5533 3697 5577 autem
3742 5519 3900 5574 totius

2332 5616 2477 5669 orbis
2504 5623 2764 5666 terrarum
2789 5621 3006 5681 gentes,
3040 5628 3132 5681 per
3162 5624 3386 5681 quatuor
3415 5614 3530 5683 ejus
3558 5613 3757 5682 plagas.

2405 5706 2545 5759 Plut!
2562 5703 2642 5773 us]
2666 5704 2779 5759 Sol.
