4216 6256
379 344 474 398 981

1510 384 1517 391 .
1571 331 1945 387 MURMELLII
1985 328 2503 386 COMMENTARIA.

3525 322 3634 397 98?

449 449 680 521 Triones]
734 442 922 504 Prisca
966 448 1148 518 lingua
1193 448 1397 501 triones
1436 446 1953 517 bovesjdicebantnr

2130 441 2485 514 Ambitionem]
2513 442 2888 512 Cupiditatem.

375 544 617 599 aratorii.
637 543 856 611 Septem
874 548 1051 594 autem
1068 538 1238 591 stella:
1260 537 1332 591 ita
1351 539 1402 591 in
1426 552 1488 592 ea
1512 545 1661 605 parte
1682 537 1803 591 cteli
1826 545 1949 590 sunt

376 635 651 689 collocatae
668 672 683 697 ,
705 641 763 685 ιιι
786 631 1076 701 plaustrum
1103 643 1223 683 cum
1257 628 1425 683 bobus
1445 628 1699 697 effingere
1728 628 1950 683 videan-

376 735 485 793 tur,
516 739 637 793 qua:
671 730 728 777 et
764 723 1152 791 septentriones
1196 729 1485 783 vocantur,
1531 730 1585 773 et
1617 719 1689 773 illi
1744 719 1948 788 regioni

374 817 727 886 septentrioni
750 830 939 869 nomen
965 816 1347 882 imposuerunt.
1364 812 1520 866 Ovid.
1539 811 1632 866 lib.
1657 828 1671 864 l
1696 812 1943 865 Metam.:

920 903 1176 963 Scythiam,
1202 910 1492 965 septemque
1517 902 1701 950 triones

499 967 719 1016 Horrifer
745 966 920 1014 invasit
943 966 1134 1013 boreas.

444 1050 633 1118 Notus]
658 1050 869 1102 Auster.

442 1142 593 1198 Sicco
612 1141 760 1213 testu]
787 1142 996 1195 Calore.
1024 1139 1305 1195 Sciendum
1335 1148 1445 1202 est,
1480 1148 1613 1193 teste
1643 1136 1939 1200 Macrobio,

369 1234 508 1301 quod
540 1242 723 1287 auster
756 1233 849 1286 ita'
877 1233 927 1284 in
958 1232 1165 1301 origine
1206 1246 1299 1284 sua
1332 1230 1531 1299 gelidus
1561 1240 1675 1291 est,
1708 1238 1765 1283 ιιι
1804 1230 1947 1297 apud

374 1339 469 1379 nos
494 1324 812 1392 septentrio.
846 1322 938 1379 sed
967 1323 1092 1391 quia
1116 1336 1209 1389 per
1229 1320 1495 1373 flammam
1538 1319 1751 1372 torrida:
1794 1334 1941 1372 zona:

371 1417 434 1469 ad
469 1430 567 1469 nos
587 1424 872 1479 commeat,
897 1413 1156 1467 admistus
1179 1412 1285 1482 igni
1314 1411 1554 1477 calescit,
1573 1419 1625 1463 et
1645 1410 1734 1479 qui
1762 1408 1947 1477 incipit

371 1508 615 1578 frigidus,
650 1508 855 1562 calidus
886 1506 1148 1575 pervenit.

440 1598 601 1668 Num]
629 1597 895 1667 Nunquid.

438 1687 584 1741 Celsa
609 1670 856 1756 potestas]
884 1687 1108 1755 Egregia
1132 1684 1388 1753 potentia.

444 1778 670 1846 Vertere]
694 1777 917 1831 Mutare.
948 1778 1059 1829 lloc
1080 1775 1299 1829 verbum
1326 1773 1567 1841 producit
1592 1773 1681 1845 hic
1704 1772 1939 1825 ultimam
1977 1797 2021 1854 Β

368 1870 683 1938 positionem
708 1869 778 1921 ob
800 1868 931 1920 duas
959 1875 1313 1921 consonantes
1344 1865 1938 1933 insequentiSdimionis

367 1961 517 2013 initio
549 1961 780 2028 positas,
805 1959 1013 2012 tametsi
1047 1970 1239 2028 negent
1269 1959 1319 2012 id
1346 1959 1456 2012 ﬁeri
1490 1959 1636 2011 scioli
1668 1973 1936 2027 gramma-

368 2050 525 2112 tistas,
551 2051 637 2117 qui
674 2064 770 2103 nec
792 2049 1121 2113 Juvenalcm,
1148 2064 1245 2103 nec
1270 2048 1637 2114 Prudentium,
1674 2065 1771 2101 uec
1798 2048 1936 2100 hunc

368 2149 636 2191 auctorem
668 2155 901 2207 unquam
931 2138 983 2191 di
1008 2139 1212 2207 igenter
1234 2139 1564 2193 evolverunt.

438 2227 669 2298 Rabiem]
702 2228 981 2290 Elleratam
1013 2229 1401 2282 truculentiam.

438 2317 552 2370 Ileu
574 2335 771 2388 gravem
809 2318 1012 2388 sortem]
1039 2319 1260 2371 Pulchra
1284 2320 1616 2385 exclamatio,
1645 2333 1741 2374 nec
1764 2319 1935 2370 minus

367 2423 511 2461 vera.
541 2409 653 2462 Heu
682 2423 957 2477 asperam,
991 2411 1192 2479 inquit,
1242 2421 1298 2463 et
1328 2411 1712 2465 intolerabilem
1746 2411 1931 2467 condi-

367 2500 591 2561 tionem,
623 2500 838 2566 quando
885 2501 1093 2568 iniquus
1122 2500 1358 2569 gladius,
1388 2502 1438 2555 id
1466 2513 1577 2569 est,
1609 2504 1801 2572 injusta
1842 2520 1933 2572 po-

366 2590 561 2649 tentia,
585 2600 638 2642 et
677 2590 914 2658 iniquum
958 2592 1239 2659 imperium
1286 2594 1497 2647 additur
1534 2610 1676 2649 saevo
1705 2610 1929 2660 veneno,

367 2678 419 2732 id
447 2687 529 2733 est
548 2678 767 2734 immani
794 2690 847 2733 ct
876 2682 1172 2735 truculento
1196 2683 1426 2752 ingenio,
1454 2686 1794 2755 moribusque
1818 2703 1932 2741 cor-

367 2768 707 2836 ruptissimis.
739 2769 944 2824 Seneca
978 2787 990 2822 :
1022 2770 1243 2825 Fulmen
1274 2783 1377 2839 est,
1411 2774 1495 2827 ubi
1527 2790 1645 2829 cum
1676 2786 1934 2843 potestate

367 2859 638 2912 iracundia
667 2859 890 2915 habitat.
921 2862 1233 2917 Aristoteles
1272 2865 1323 2917 in
1363 2880 1379 2918 ι
1420 2866 1759 2921 Politicorum
1796 2886 1807 2921 :
1866 2868 1935 2924 Ut

367 2951 505 3003 enim
534 2952 859 3018 perfectione
889 2965 1154 3023 suscepta,
1184 2958 1444 3024 optimum
1478 2958 1787 3013 cunctorum
1818 2960 1935 3013 ani-

366 3040 581 3096 malium
606 3050 687 3094 est
714 3040 874 3095 homo
901 3060 913 3095 :
945 3044 1011 3097 ita
1042 3046 1084 3096 si
1117 3045 1322 3099 alienus
1353 3046 1442 3099 fiat
1471 3064 1498 3098 a
1527 3048 1640 3117 lege
1664 3059 1716 3102 et
1738 3062 1766 3100 a
1790 3048 1934 3117 judi-

366 3130 480 3197 ciis,
513 3131 799 3199 pessimum
818 3142 899 3186 est
917 3134 1154 3187 omnium
1174 3136 1507 3191 animalium.
1522 3138 1828 3191 Stevissima
1854 3149 1936 3193 est
1961 3148 2017 3210 cp

366 3226 502 3279 enim
518 3226 589 3296 inj
599 3229 774 3281 ustitia
790 3229 990 3283 habens
1009 3246 1180 3285 arma.
1195 3231 1500 3286 Lactantius
1516 3233 1605 3286 lib.
1623 3233 1689 3287 de
1703 3233 1929 3299 iustitia,

366 3329 484 3383 cap:
514 3317 576 3370 11
628 3335 641 3370 :
675 3319 803 3385 Quis
838 3319 1139 3389 Caucasus,
1190 3337 1307 3389 qua:
1340 3306 1504 3387 India,
1531 3337 1649 3391 qua:
1676 3323 1936 3391 Hyrcania

366 3412 469 3459 tam
492 3407 774 3473 immanes,
797 3417 902 3461 tam
925 3410 1298 3480 sanguinarias
1325 3412 1521 3466 bestias
1534 3427 1765 3480 unquam
1782 3412 1936 3466 aluit?

366 3500 614 3567 quoniam
669 3500 909 3555 ferarum
952 3504 1189 3556 omnium
1218 3504 1392 3557 rabies
1421 3518 1590 3571 usque
1638 3504 1703 3557 ad
1738 3503 1937 3558 ventris

366 3592 664 3647 satietatem
691 3592 839 3657 furit,
869 3593 1112 3662 fameque
1148 3594 1355 3658 sedata,
1388 3595 1630 3659 protinus
1652 3596 1935 3662 conquies-

367 3683 455 3735 cit.
488 3683 577 3737 llla
606 3685 750 3737 en'm
784 3698 907 3738 vera
935 3682 1127 3747 bestia,
1151 3684 1302 3752 cujus
1323 3698 1423 3736 una
1450 3684 1690 3752 jussione

486 3771 722 3835 Funditur
747 3780 853 3823 ater
876 3774 1058 3834 ubique
1084 3786 1248 3833 cruor,
1274 3775 1484 3822 crudelis
1510 3776 1690 3835 ubique
1748 3799 1755 3803 -

488 3832 690 3895 Luctus,
715 3837 780 3881 ub
800 3849 897 3896 que
924 3832 1086 3896 pavor,
1114 3842 1164 3883 et
1189 3832 1389 3895 plurima
1416 3840 1582 3884 mortis
1604 3832 1764 3896 imago

365 3912 531 3967 Nemo
572 3914 727 3982 hujus
775 3924 932 3969 tantm
966 3917 1154 3969 bellum
1203 3916 1582 3971 immanitatem
1628 3926 1799 3987 potest
1843 3931 1941 3985 pro

365 4007 557 4060 merito
583 4007 911 4072 describere,
942 4012 1030 4077 qui
1059 4023 1164 4061 uno
1192 4009 1307 4062 loco
1337 4009 1615 4075 tecuhans,
1644 4020 1817 4063 tamen
1846 4024 1941 4078 per

366 4104 530 4150 totum
561 4098 746 4152 orbem
781 4100 1031 4152 dentibus
1067 4101 1257 4153 ferreis
1286 4102 1470 4166 saevit,
1504 4112 1556 4154 et
1586 4118 1690 4155 non
1735 4112 1936 4156 tantum

366 4197 507 4242 artus
535 4188 809 4243 hominum
839 4191 1082 4259 dissipat,
1111 4192 1203 4244 sed
1239 4201 1287 4245 et
1317 4207 1437 4245 ossa
1472 4194 1580 4260 ipsa
1604 4194 1935 4258 comminuit,

367 4287 419 4329 et
456 4278 509 4331 in
538 4281 745 4334 cineres
771 4281 974 4345 fundit,
1020 4298 1085 4335 ue
1115 4283 1231 4350 quis
1256 4293 1429 4338 exstet
1458 4286 1741 4352 sepultum
1773 4284 1938 4339 locus.

367 4370 596 4437 Baptista
629 4372 940 4425 Mantuanus
969 4373 1018 4424 in
1048 4373 1275 4425 secunda
1311 4373 1624 4449 Parthenice

486 4473 623 4536 ﬁtilla
650 4474 740 4521 s'ub
766 4474 963 4531 indigno
988 4477 1145 4524 virtus
1171 4483 1244 4524 est
1271 4477 1490 4536 principe
1520 4483 1641 4533 tuta,

487 4532 625 4582 Nulla
646 4536 740 4581 Sub
764 4537 950 4583 incesto
973 4538 1117 4585 castis
1142 4546 1217 4584 est
1243 4532 1395 4594 gloria
1427 4532 1568 4597 rege.

884 4628 945 4680 ΙΝ
990 4628 1265 4684 PROSAM
1311 4630 1420 4683 VII.

435 4716 767 4785 Disputatum
799 4730 880 4773 est
908 4719 1188 4785 hactenus,
1225 4736 1397 4789 neque
1418 4721 1467 4773 in
1499 4719 1698 4773 divitiis
1722 4762 1736 4786 ,
1766 4734 1943 4789 neque

364 4807 414 4863 in
445 4808 793 4878 dignitatibus
832 4821 886 4865 et
936 4813 1171 4879 potentia
1200 4827 1381 4865 veram
1422 4811 1727 4865 felicitatem
1760 4813 1937 4864 consi-

366 4906 504 4952 stere
534 4916 545 4949 :
584 4914 724 4953 nunc
754 4915 910 4969 quam
956 4902 1128 4955 inanis
1172 4913 1224 4955 et
1265 4902 1411 4954 irrita
1444 4902 1512 4953 sit
1540 4901 1703 4969 gloria
1725 4941 1741 4965 ,
1782 4917 1939 4969 quam

365 4987 601 5055 plerique
630 5004 817 5045 omnes
848 5006 1187 5061 summopere
1234 5000 1526 5053 sectantur,
1565 4990 1940 5059 pulcherrimis

367 5081 768 5150 verissimisque
830 5085 1127 5139 rationibus
1180 5085 1532 5139 demonstrat.
1600 5086 1715 5153 Qun
1768 5096 1943 5141 autem

365 5172 767 5228 convenientius
796 5176 861 5228 ad
899 5177 946 5228 id
978 5176 1273 5244 perveniat,
1320 5176 1534 5231 Boetius
1566 5180 1684 5243 ipse
1725 5178 1944 5233 interlo-

364 5263 565 5330 quitur,
610 5264 912 5335 fateturque
958 5282 1079 5322 sese
1126 5283 1230 5321 non
1278 5276 1382 5321 tam
1425 5269 1726 5323 mortalium
1765 5282 1944 5322 rerum

364 5355 652 5411 ambitione
677 5369 888 5426 captum
934 5359 1130 5423 fuisse,
1174 5376 1331 5429 quam
1368 5360 1525 5415 fama:
1566 5352 1946 5431 propagandae,

363 5450 847 5519 comparandteque
877 5452 1059 5519 gloria:
1090 5452 1381 5520 cupiditate
1412 5453 1818 5508 inﬂammatum.

443 5535 592 5607 Tum]
619 5537 837 5592 Ordinis
862 5541 1170 5594 adverbium
1202 5551 1300 5595 cst.
1352 5598 1359 5603 ,

438 5624 735 5700 Minimum]
785 5631 1042 5684 Dill‘erunt
1092 5634 1369 5686 minimum
1401 5645 1455 5688 et
1503 5635 1721 5689 minime
1753 5653 1764 5687 :
1794 5636 1947 5689 mini-

362 5726 511 5772 mum
540 5722 681 5775 enim
712 5722 1283 5791 quantitatis,’adv.est,
1302 5726 1519 5780 minimc
1545 5742 1672 5783 vero
1698 5727 1943 5794 negandi.

2127 534 2393 606 Gerendis]
2422 536 2890 593 Administrandis.

2130 623 2326 693 Quone]
2350 624 2417 680 Ut
2448 641 2575 679 non.
2614 625 2858 681 Horatius
2881 625 2933 680 in
2964 625 3346 681 Sermonihus:

2179 716 2350 772 Quone
2376 727 2666 776 peri-acuum
2687 715 2901 764 Romano
2922 718 3199 767 incurreret
3220 718 3387 767 hostis.

2125 795 2326 867 Tacita]
2356 797 2557 864 Ignota.
2583 796 2900 852 Claudianus
2925 816 2937 852 :

2178 909 2327 975 bfaior
2351 919 2402 959 et
2428 910 2591 959 utilior
2617 910 2740 959 facto
2764 911 3013 971 conjuncta
3040 916 3244 975 potenti.

2179 970 2284 1032 Yfle
2311 971 2469 1018 latens
2491 976 2675 1019 virtus:
2705 975 2819 1032 quid
2846 970 2975 1023 enim
2998 970 3251 1021 submersa
3278 974 3499 1022 tenebris

2178 1031 2403 1095 Proderit
2427 1034 2651 1093 obscuro,
2671 1031 2820 1081 veluti
2844 1035 2955 1095 rsiue
2983 1038 3171 1093 remige
3193 1038 3384 1095 puppis.

2178 1091 2270 1139 Vel
2295 1092 2392 1153 lyra
2416 1107 2523 1153 quas
2550 1091 2746 1153 reticet,
2778 1094 2856 1143 vel
2879 1098 2960 1155 qui
2988 1110 3081 1143 non
3108 1091 3321 1144 tenditur
3345 1095 3525 1143 artus?

2122 1205 2201 1256 Ad
2231 1213 2506 1257 extremam
2526 1202 2755 1274 manum]
2785 1204 2863 1257 Ad
2888 1204 3186 1259 absolutum
3213 1206 3391 1258 linem.
3423 1204 3625 1258 Extre-

2049 1304 2189 1343 mam
2232 1306 2446 1343 manum
2476 1292 3072 1360 imponere,siguific:tt
3095 1307 3206 1346 rem
3235 1292 3482 1347 omnibus
3510 1292 3627 1361 ejus

2050 1378 2287 1445 partibus
2304 1379 2607 1449 absolvere,
2624 1379 2931 1448 metaphora
2948 1381 3012 1434 ab
3027 1380 3317 1435 artificibus
3338 1381 3588 1435 translata
3612 1399 3627 1434 :

2048 1468 2138 1534 qui
2170 1468 2396 1534 primum
2424 1470 2557 1522 rude
2586 1471 2849 1537 quoddam
2879 1472 3056 1538 operis
3099 1470 3438 1523 simulacrum
3467 1470 3625 1524 ειη..-

2050 1564 2212 1623 gunt,
2243 1567 2403 1625 atque
2430 1559 2565 1610 hanc
2596 1558 2820 1625 primam
2850 1560 3118 1626 appellant
3143 1552 3362 1612 manum
3386 1602 3400 1627 ,
3432 1560 3625 1613 deinde

2049 1643 2281 1697 formant
2305 1646 2637 1714 expressius,
2666 1654 2934 1714 postremo
2955 1664 3160 1701 summa
3181 1662 3305 1701 cura
3327 1648 3622 1717 expoliunt,

2049 1744 2207 1803 atque
2239 1734 2376 1789 hanc
2403 1747 2715 1801 extremam,
2742 1752 3066 1805 snpretnant,
3095 1754 3189 1793 seu
3222 1753 3481 1791 summam
3514 1753 3623 1791 tua-

2048 1838 2171 1877 num
2204 1834 2417 1879 vocant.

2112 1915 2302 1969 Gloria
2325 1916 2511 1970 scilicet
2538 1918 2745 1989 cupido]
2777 1919 2843 1972 M.
2872 1918 3073 1974 Tullius
3106 1934 3201 1989 pro
3224 1920 3416 1974 Archia
3443 1937 3455 1972 :
3485 1920 3619 1974 Tra-

2042 2003 2222 2057 himur
2274 2020 2462 2059 omnes
2522 2006 2694 2060 laudis
2749 2007 2961 2071 studio,
3014 2018 3070 2061 ct
3115 2009 3347 2076 optimus
3393 2011 3621 2078 quisque

2042 2094 2270 2147 maxime
2298 2096 2467 2162 gloria
2495 2096 2727 2151 ducitur.
2758 2097 2861 2165 Ipsi
2904 2098 2979 2150 illi
3012 2098 3314 2168 philosophi
3356 2100 3515 2154 etiam
3567 2101 3618 2154 in

2042 2182 2145 2237 illis
2178 2186 2407 2249 libellis,
2439 2202 2573 2255 quos
2612 2190 2679 2241 de
2725 2191 3110 2243 contemnenda
3149 2192 3313 2260 gloria
3346 2194 3614 2257 scribunt,

2038 2290 2233 2330 nomen
2263 2289 2416 2329 suum
2450 2278 2747 2331 inscribunt
2791 2280 2842 2331 in
2888 2296 2952 2332 eo
2985 2280 3097 2347 ipso
3145 2281 3195 2333 itt
3229 2295 3333 2347 quo
3363 2282 3616 2349 pra-dici-

2040 2365 2238 2419 tionem
2265 2366 2707 2435 nobilitatemque
2732 2356 3051 2436 daspiciunt,
3077 2369 3354 2437 prmdicari
3380 2371 3447 2425 de
3472 2388 3531 2427 se
3555 2386 3617 2427 ac

2037 2462 2309 2515 nominari
2339 2463 2540 2516 Volunt.
2578 2462 2720 2516 idem
2751 2463 2803 2515 in
2826 2456 3017 2517 eadem
3048 2481 3062 2518 :
3093 2463 3248 2517 Nulla
3279 2466 3419 2519 enim
3451 2467 3616 2522 virtus

2036 2550 2194 2603 aliam
2226 2550 2525 2604 mercedem
2576 2551 2815 2604 laborum
2852 2553 3313 2620 pei‘iculorumque
3348 2554 3617 2609 desiderat

2041 2653 2237 2710 prazter
2277 2645 2413 2696 hanc
2448 2643 2616 2695 laudis
2643 2654 2697 2696 et
2734 2643 2916 2711 gloi'itu
2942 2659 2956 2698 :
2988 2659 3088 2713 qua
3118 2644 3329 2712 quidem
3358 2644 3612 2711 detracta,

2034 2733 2265 2801 judices,
2297 2732 2424 2801 quid
2452 2741 2533 2785 est
2558 2733 2700 2800 quod
2729 2734 2781 2785 iu
2810 2732 2910 2785 hoc
2940 2742 3043 2785 tant
3075 2733 3272 2801 exig'uo
3299 2736 3421 2786 vita:
3446 2738 3615 2789 curri-

2036 2824 2157 2876 culo
2184 2830 2240 2875 et
2268 2830 2372 2875 tam
2402 2822 2582 2884 brevi,
2628 2824 2786 2875 tantis
2819 2836 2914 2875 nos
2944 2822 3213 2876 laboribus
3240 2828 3615 2877 exerceamus?

2036 2904 2297 2980 Loquitur
2327 2922 2505 2966 autem
2551 2911 2739 2966 Cicero
2772 2911 2929 2965 nimis
2972 2912 3153 2979 impie,
3189 2921 3248 2965 ut
3288 2912 3446 2966 homo
3473 2929 3615 2967 vera:

2039 3001 2314 3070 religionis
2336 3016 2529 3068 expers
2555 3012 2608 3054 et
2632 3000 2929 3069 sapientire,
2961 3002 3045 3054 cui
3074 3017 3197 3069 spes
3227 3013 3441 3056 (eterna:
3469 3004 3613 3069 viae,

2039 3102 2483 3161 contemptusque
2514 3092 2684 3145 inanis
2712 3093 2892 3161 gloriae
2915 3107 3018 3145 non
3047 3101 3207 3145 esset.

2024 3204 2027 3205 ν
2118 3180 2327 3235 Omnem
2350 3190 2496 3233 terra:
2515 3178 2778 3249 ambitum]
2806 3181 2878 3233 Ex
2903 3189 3107 3234 sumina
3131 3182 3290 3234 totius
3313 3182 3614 3235 mortalium

2042 3273 2391 3329 habitationis
2419 3272 2692 3341 angustia,
2724 3286 2882 3340 quam
2913 3273 2983 3325 sit
3011 3270 3165 3326 eitilis
3198 3273 3349 3327 fama:
3377 3274 3613 3342 divulga-

2042 3364 2139 3427 tio,
2160 3377 2427 3431 quamque
2451 3361 2634 3415 irritus
2656 3360 2959 3429 proferendi
2988 3361 3215 3414 nominis
3236 3372 3461 3415 conatus
3486 3375 3616 3416 sane

2040 3454 2314 3509 evidenter
2343 3452 2594 3506 ostendit.

2112 3543 2279 3598 Sicuti
2321 3542 2633 3612 astrologicis
2673 3540 3183 3595 demonstrationibus
3222 3538 3481 3609 accepisti]
3522 3540 3618 3595 Pa-

2044 3635 2311 3690 renthesis
2338 3644 2453 3699 est,
2500 3635 2753 3704 astrologi
2784 3644 3031 3703 reSpectu
3074 3634 3390 3689 ﬁrmamen'i
3424 3644 3618 3688 terram

2044 3731 2225 3797 puncti
2275 3729 2443 3784 vicem
2495 3729 2695 3783 habere
2740 3729 2818 3783 sic
2869 3729 3255 3783 demonstrant.
3308 3730 3619 3798 Ubicunque

2043 3820 2186 3873 enim
2216 3820 2564 3874 existentibus
2602 3820 2755 3873 nobis
2784 3820 2835 3873 in
2868 3829 3023 3874 terra:
3063 3818 3347 3888 superficie
3367 3858 3381 3881 ,
3413 3829 3468 3872 et
3492 3834 3619 3873 con-

2042 3910 2401 3964 siderantibus
2442 3911 2627 3963 stellas
2663 3910 2889 3964 diversis
2931 3912 2983 3963 in
3016 3910 3179 3974 locis,
3225 3924 3329 3961 non
3373 3907 3620 3961 videntur

2043 4000 2470 4069 magnitudines,
2521 4014 2693 4068 neque
2738 4000 2918 4052 earun’i
2963 4000 3098 4052 inter
3138 4014 3196 4052 se
3238 3997 3503 4052 distantia:
3533 4012 3621 4049 va-

2044 4095 2193 4148 riari.
2225 4092 2377 4148 Unde
2405 4101 2457 4145 et
2485 4107 2576 4146 eas
2604 4091 2881 4157 mqualiter
2918 4106 2946 4143 a
2989 4095 3129 4144 terra
3176 4098 3408 4143 remotas
3438 4088 3621 4141 haberi

2044 4184 2445 4251 comprobatur,
2476 4196 2636 4235 sensu
2668 4182 2718 4235 id
2746 4182 3061 4238 testimante.
3098 4179 3264 4235 Tei'ra
3301 4180 3464 4248 igitur
3492 4194 3621 4233 ceu-

2045 4284 2182 4327 trum
2212 4285 2295 4326 est
2333 4274 2593 4341 sphterai,
2636 4274 2819 4341 sicque
2863 4273 3039 4341 puncti
3082 4272 3335 4325 sortietur
3362 4270 3620 4324 officium.

2044 4364 2187 4417 Idem
2233 4364 2441 4417 accidet
2489 4373 2643 4418 terra:
2690 4364 2756 4415 ad
2801 4364 2927 4415 solis
2966 4363 3230 4429 Spltznram
3277 4373 3620 4427 comparatae,

2044 4454 2181 4521 quod
2214 4465 2267 4505 et
2315 4452 2430 4505 aliis
2470 4454 2796 4519 comperitur
2838 4450 3067 4504 indiciis.
3117 4450 3247 4502 Nam
3297 4464 3521 4517 corpora
3573 4456 3623 4502 in

2046 4546 2244 4597 centris
2272 4543 2748 4595 instrumentorum
2789 4542 3127 4594 circulariutn
3176 4540 3375 4606 posita,
3409 4541 3627 4591 umbras

2045 4633 2369 4703 projiciunt,
2412 4646 2609 4698 easque
2653 4632 2806 4698 longe
2836 4638 3038 4697 motas,
3072 4644 3173 4697 qua
3202 4636 3255 4681 et
3280 4630 3357 4681 Sttl
3396 4629 3506 4694 ipse
3540 4644 3626 4680 ru-

2045 4726 2202 4779 diaus
2229 4732 2373 4776 motu
2416 4724 2588 4793 primo
2618 4723 3008 4775 circumfertur.
3050 4722 3125 4774 Ex
3162 4721 3502 4789 regularitate
3533 4719 3626 4772 ita-

2049 4832 2152 4883 que
2181 4825 2357 4868 tnotus
2386 4815 2618 4877 umbrat,
2661 4829 2819 4881 quam
2848 4828 3005 4866 sensu
3036 4812 3501 4881 deprehendimus,
3533 4811 3629 4864 eli-

2052 4907 2191 4959 citur
2207 4904 2373 4957 solem
2400 4905 2535 4957 circa
2561 4911 2802 4957 centrum
2828 4903 3299 4955 instrumentorum
3316 4901 3631 4970 regulariter

2053 4996 2296 5049 moveri:
2334 4995 2560 5062 ideoque
2591 5002 2773 5048 centra
2811 4992 3120 5061 hujusmodi
3157 4992 3630 5046 instrumentorum

2053 5088 2221 5142 centri
2249 5087 2474 5150 mundi,
2515 5086 2653 5139 circa
2685 5085 2826 5155 quod
2854 5094 3030 5139 motus
3060 5086 3291 5154 primus,
3320 5084 3631 5153 regulariter

2054 5179 2221 5233 vicem
2248 5179 2513 5233 obtinere.
2546 5176 2677 5230 Cum
2711 5176 2888 5244 itaque
2916 5186 3071 5231 terra:
3096 5175 3395 5231 crassitudo
3419 5174 3547 5227 nihil
3579 5172 3632 5226 in

2058 5269 2140 5323 his
2170 5270 2330 5339 rebus
2363 5269 2610 5321 immittat
2645 5282 2704 5318 va
2740 5268 2949 5329 ietatis,
2981 5282 3163 5322 verum
3196 5266 3525 5334 propositum
3556 5263 3633 5315 vi-

2053 5360 2228 5415 detur.
2260 5360 2530 5413 Prteterea
2570 5359 2789 5413 horizon
2813 5360 2967 5413 oculo
2999 5362 3049 5413 in
3079 5374 3138 5412 se
3182 5355 3431 5411 existenti
3476 5354 3633 5407 dimi.
3718 5398 3723 5403 .

2055 5450 2199 5504 dium
2243 5450 2363 5504 eteli
2394 5451 2656 5515 occultat,
2705 5451 3087 5518 dimidiumque
3113 5447 3279 5501 videri
3312 5445 3458 5499 sinit.
3487 5446 3635 5509 Quod

2053 5545 2291 5611 proiecto
2337 5544 2467 5597 nulli
2523 5543 2826 5611 superficiei
2878 5543 3073 5611 planze,
3128 5541 3228 5594 nisi
3273 5555 3365 5607 per
3395 5546 3634 5593 centrum

2056 5636 2279 5702 sphzera:
2320 5636 2614 5687 transeunti
2664 5634 2933 5704 proprium
2982 5642 3083 5686 est.
3115 5632 3278 5685 Sectis
3310 5640 3483 5682 autem
3512 5643 3633 5681 eve-

2056 5727 2194 5779 uirct
2240 5725 2283 5781 si
2331 5742 2432 5794 qua
2485 5736 2629 5783 eset
2661 5736 2815 5781 terrae
2858 5734 3101 5795 respectu
3147 5722 3267 5779 cteli
3310 5718 3635 5791 magnitudo.
