4216 6256
681 362 786 419 983

1358 370 1696 427 APPENIHX
1740 374 1829 427 AD
1870 374 2107 429 LlBl‘lUS
2148 375 2234 428 DE
2273 375 2784 439 CONSULATIONE
2821 387 3313 446 PliiLUSOPHl/E.

3834 396 3941 457 984

679 481 752 536 Μ.
785 482 988 537 Tullius
1014 485 1376 551 Qua'stionum
1407 489 1828 544 Tusculanarum
1872 490 2007 543 libro
2038 490 2209 558 primo
2239 505 2252 543 :
2283 494 2324 547 Α
2359 494 2685 559 asperrimus
2715 509 2767 551 et
2789 499 3143 568 inh05pitalis,
3169 503 3369 558 Indiam
3392 518 3420 557 a
3440 504 3654 575 Scythia
3678 522 3935 579 separatis

681 572 1007 628 Persuadent
1070 576 1210 630 enim
1270 581 1631 633 mathematici
1700 589 1894 634 terram
1963 582 2015 634 in
2078 581 2254 635 medio

674 663 876 717 mundo
913 664 1067 717 sitam
1118 666 1182 719 ad
1229 668 1462 722 universi
1508 671 1628 723 mali
1667 673 2038 736 complexum,
2072 674 2251 741 puncti

674 753 846 806 instar
889 753 1164 819 oblinere,
1211 758 1350 826 quod
1390 762 1584 835 κέντρον
1633 763 1705 814 illi
1747 772 1959 816 vocant.
2005 763 2247 819 Seneca:

672 840 930 895 Punctum
959 853 1071 911 est,
1104 855 1158 901 et
1197 848 1373 903 adhuc
1412 862 1607 918 puncto
1649 853 1824 905 minus
1846 894 1861 919 ,
1895 855 2034 923 quod
2062 855 2251 909 incoli-

668 946 808 986 mus.
869 931 1010 1003 Lege
1069 934 1298 991 Plinium
1370 939 1506 994 libro
1561 955 1597 994 ll
1643 940 1908 996 Naturalis
1960 944 2244 1009 Historiae,

665 1035 785 1088 cap.
820 1022 909 1089 70,
941 1023 1094 1092 cujus
1118 1024 1302 1082 titulus
1328 1036 1448 1082 est:
1515 1031 1644 1097 Qua:
1702 1033 1874 1099 portio
1906 1042 2062 1089 terrae
2094 1036 2245 1089 babi-

666 1118 827 1163 telur.

732 1200 945 1272 Puncti]
989 1204 1287 1260 Macrobius
1315 1207 1365 1261 in
1398 1211 1663 1264 somnium
1686 1211 1953 1279 Scipionis
1982 1214 2098 1268 haec
2129 1224 2239 1269 tra-

656 1289 839 1345 didit:
876 1292 1138 1348 Punctum
1188 1297 1435 1352 dixerunt
1478 1314 1599 1355 esse
1646 1310 1933 1371 geometrae
1980 1304 2123 1372 quod
2169 1305 2245 1365 ob,

656 1382 1249 1452 incomprehensibilem
1298 1388 1607 1445 brevitatem
1638 1392 1718 1444 sui
1767 1394 1818 1446 in
1870 1403 2046 1459 partes
2073 1394 2236 1450 dividi

653 1491 759 1530 non
796 1480 997 1545 possit,
1031 1494 1128 1533 nec
1154 1481 1323 1549 ipsum
1368 1497 1491 1550 pars
1518 1483 1723 1551 aliqua,
1750 1486 1842 1539 sed
1870 1488 2235 1542 tantummodo

650 1568 861 1637 signum
879 1583 998 1624 esse
1019 1570 1246 1625 dicatur.
1265 1572 1474 1641 Physici
1490 1582 1692 1635 terram
1717 1576 1783 1628 ad
1812 1578 2230 1645 magnitudinem

649 1662 801 1725 circi,
835 1677 931 1730 per
960 1677 1119 1733 quem
1147 1662 1229 1718 Sui
1256 1664 1509 1732 volvitur,
1538 1666 1722 1735 puncti
1746 1667 1962 1720 modum
1986 1668 2229 1725 obtinere

640 1755 898 1809 docuere.

2356 585 2408 637 in
2442 587 2634 641 finibus
2662 584 3023 660 Assyriorum.
3080 654 3083 655 ν

2427 674 2661 748 Parthis]
2692 680 2733 731 Η
2743 681 2753 732 i
2780 682 2955 749 populi
2980 693 3103 736 sunt
3129 686 3270 739 Asia:
3297 688 3513 757 majoris
3538 704 3701 759 prope
3724 694 3929 759 Medos,

2356 764 2653 833 Hyrcanos,
2684 770 2861 832 Arios,
2891 782 2942 825 et
2965 773 3014 825 id
3039 790 3206 841 genus
3232 776 3433 832 vicinas
3461 789 3645 848 gentes
3670 798 3683 834 :
3718 784 3931 839 fuerunt

2352 862 2531 908 autem
2575 856 2893 926 Scytharum
2936 864 3166 917 exsules.
3212 865 3343 919 Nam
3388 868 3639 937 Scythico
3680 886 3929 929 sermone

2349 943 2552 1009 Parthi,
2573 949 2786 1002 exsules
2808 949 3076 1013 dicuntur,
3100 954 3325 1021 primum
3349 957 3561 1024 quidem
3584 961 3723 1013 inter
3738 963 3926 1017 Orien-

2350 1034 2485 1089 tales
2517 1039 2739 1104 p0pulos
2769 1039 3167 1109 obscurissimi,
3204 1056 3386 1112 postea
3429 1063 3524 1115 per
3570 1050 3816 1105 virtutem
3856 1054 3922 1106 ad

2344 1137 2611 1179 summam
2642 1128 2865 1196 gloriam
2892 1134 3126 1200 provecti
3150 1144 3295 1188 sunt.
3326 1135 3567 1204 Pugnant
3593 1148 3767 1193 autem
3803 1155 3923 1206 pro-

2343 1216 2686 1269 currentibus
2725 1219 2906 1287 equis,
2948 1231 3039 1274 aut
3083 1231 3229 1293 terga
3259 1225 3534 1290 dantibus;
3575 1242 3718 1296 szepe
3758 1229 3921 1283 etiam

2341 1305 2519 1376 fugam
2570 1309 2852 1376 simulant,
2900 1322 2958 1367 ut
3013 1316 3331 1371 incautiores
3385 1320 3641 1373 adversus
3699 1323 3919 1377 vulnera

2341 1396 2682 1466 insequentes
2710 1401 2958 1455 habeant.
2982 1402 3138 1458 Plura
3161 1406 3226 1459 de
3249 1407 3331 1460 his
3355 1408 3469 1477 lege
3490 1410 3625 1475 apud
3652 1410 3917 1466 Justinum

2339 1486 2476 1541 libro
2500 1505 2608 1556 xu,
2638 1502 2693 1545 et
2717 1494 2855 1559 apud
2886 1492 3227 1548 Plutarchum
3250 1496 3301 1548 in
3327 1496 3442 1550 Vita
3469 1498 3666 1552 Crassi.

2408 1577 2478 1631 Id
2502 1579 2750 1650 locorum]
2783 1582 2858 1635 Eo
2882 1582 2999 1635 loco
3023 1583 3407 1639 habitantibus.
3433 1587 3628 1640 Eorum
3652 1588 3912 1657 locorum,

2335 1666 2554 1735 figurata
2603 1669 2832 1736 locutio,
2872 1672 3063 1727 similis
3113 1673 3188 1727 illi
3226 1689 3387 1744 supra
3433 1676 3648 1744 positae,
3681 1686 3739 1731 ut
3774 1679 3828 1732 in
3860 1680 3913 1733 id

2333 1756 2506 1809 aetatis
2538 1760 2739 1825 pueris.

717 1847 1019 1920 Ptolemwo]
1052 1849 1147 1903 llic
1190 1850 1489 1922 astrologus
1530 1850 1627 1904 fuit
1666 1851 1947 1922 Egyptius
1991 1867 2221 1923 genere,
2252 1838 2299 1897 B
2399 1842 2783 1915 Formidotosa]
2810 1847 3207 1905 Formidabilis.
3237 1852 3637 1910 Formidolosus
3655 1857 3816 1912 modo
3838 1858 3909 1912 εἰ-

644 1940 848 1994 studuit
879 1940 1244 2005 Alexandriae,
1286 1953 1337 1995 et
1367 1943 1663 1997 liberalium
1692 1945 1884 1997 artium
1916 1958 1977 1998 ac
2014 1943 2224 1998 Graeca-

641 2047 762 2084 rum
797 2032 1089 2085 Iitterarum
1117 2034 1304 2087 studiis
1334 2034 1665 2088 clarissimus
1694 2037 1865 2090 evasit
1895 2035 2223 2102 temporibus

639 2121 896 2175 Antonini
926 2122 1293 2191 imperatoris,
1318 2124 1458 2192 quod
1486 2125 1711 2192 ipsemet
1745 2126 1795 2178 in
1838 2139 2000 2194 opere
2030 2140 2222 2194 magno

636 2212 993 2267 demonstrat.
1045 2213 1101 2265 ln
1168 2213 1473 2281 astrologiae
1519 2215 1740 2267 scientia
1802 2216 2041 2282 priorum
2091 2216 2218 2268 nulli

634 2301 816 2356 cessit.
873 2302 1082 2356 Primus
1125 2302 1266 2356 enim
1313 2303 1453 2368 apud
1515 2301 1730 2358 Graccus
1776 2305 1897 2359 caeli
1954 2305 2217 2360 rationem

632 2405 846 2444 omnem
866 2391 1169 2461 diligentius
1185 2392 1456 2459 explicuit,
1482 2391 1806 2461 inventaque
1825 2396 1892 2447 ab
1912 2394 2217 2464 Hipparcho

631 2481 981 2534 instrumenta
1006 2481 1203 2534 clarius
1228 2481 1566 2536 monstravit.
1595 2481 1777 2537 Edidit
1800 2498 2043 2553 magnam
2067 2486 2214 2541 illam

628 2573 1095 2641 compositionem,
1157 2589 1314 2643 quam
1365 2573 1730 2641 Almagestum
1781 2585 2020 2642 vocant;
2077 2593 2213 2646 opus

626 2664 754 2718 item
780 2672 1009 2733 quatuor
1032 2671 1373 2717 tractatuum.
1400 2663 1622 2733 Scripsit
1647 2666 2026 2733 centiluquium
2051 2681 2212 2735 super

625 2752 709 2807 his
738 2769 855 2821 qua:
886 2753 953 2807 ad
982 2755 1269 2821 practicam
1314 2755 1582 2823 pertinent
1608 2764 1872 2811 astrorum
1917 2760 2211 2828 prognosti-

622 2860 742 2897 ram
762 2885 775 2905 .
808 2858 1020 2899 centum
1052 2845 1301 2899 videlicet
1323 2860 1586 2911 canones,
1617 2861 1753 2916 quos
1783 2848 1954 2903 Graeci
1980 2852 2208 2922 κάρπους

621 2948 719 2989 voc
756 2918 833 3001 nt,
860 2937 1003 3005 quod
1034 2935 1264 2989 fructum
1294 2945 1348 2990 et
1381 2937 1806 3006 experimentum
1839 2918 2206 3009 prognostico-

619 3039 737 3077 rum
768 3039 887 3078 esse
917 3024 1116 3079 dicant.
1150 3025 1257 3079 Sed
1300 3035 1352 3080 et
1398 3026 1466 3081 de
1509 3030 1711 3082 musica
1753 3038 1859 3083 tres
1906 3033 2204 3099 composuit

617 3116 815 3181 libros,
842 3117 1016 3187 deque
1057 3116 1376 3189 geographia
1397 3160 1413 3183 ,
1443 3120 1583 3188 quod
1614 3121 1869 3191 astrologi
1900 3137 2046 3176 more
2073 3137 2198 3176 con-

2326 1933 2543 2002 gnificat
2570 1923 2962 1992 meticulosum.
2990 1939 3270 1997 Terentius
3298 1961 3311 1996 :

3108 2033 3261 2093 Egon'
3289 2034 3622 2086 formidolosus
3638 2038 3662 2086 ?

2323 2106 2375 2159 id
2405 2116 2508 2173 est,
2538 2123 2706 2178 egone
2735 2125 2852 2164 sum
2879 2112 2969 2180 qui
3011 2112 3269 2167 timeam?
3334 2118 3492 2170 modo
3520 2133 3640 2171 eum
3668 2120 3759 2188 qui
3788 2122 3905 2175 aliis

2324 2197 2567 2253 timorem
2592 2201 2768 2255 infert.
2817 2204 3134 2257 SalluSIius:
3171 2205 3406 2275 Regibus
3437 2209 3559 2262 boni
3583 2226 3743 2278 quam
3775 2214 3902 2266 mali

2319 2302 2460 2357 susp:
2481 2291 2681 2346 ctiores
2704 2302 2847 2359 sunt,
2877 2309 3196 2365 semperque
3225 2297 3306 2351 bis
3336 2299 3506 2353 aliena
3528 2301 3695 2355 virtus
3718 2303 3900 2356 formi-

2318 2377 2500 2431 dolosa
2533 2389 2635 2433 est.

2389 2468 2612 2523 Romani
2653 2473 2895 2545 nominis]
2945 2477 3171 2531 Romani
3221 2480 3471 2534 hominis.
3522 2481 3895 2540 Parauomasia

2315 2565 2416 2621 est,
2439 2574 2559 2627 quae
2587 2562 2773 2617 Latine
2794 2566 2989 2619 dicitur
3008 2570 3391 2638 agnominatio.
3419 2570 3690 2638 Depromit
3716 2582 3894 2629 autem

2312 2660 2685 2717 argumentum
2713 2670 2777 2707 ex
2810 2656 2928 2710 loco
2974 2661 3062 2727 qui
3107 2661 3301 2714 dicitur
3353 2662 3421 2715 ab
3458 2678 3523 2716 eo
3557 2665 3695 2731 quod
3724 2668 3891 2736 magis

2311 2749 2433 2793 est:
2461 2743 2602 2810 quod
2640 2754 2695 2798 et
2722 2747 2864 2801 ltunc
2887 2749 2937 2801 iu
2969 2749 3186 2804 modum
3214 2762 3389 2819 potest
3422 2753 3695 2821 explicari.
3724 2756 3890 2825 Magis

2308 2828 2519 2885 videtur
2548 2832 2732 2889 Roma;
2762 2837 3068 2905 reipublicte
3110 2854 3266 2907 quam
3314 2841 3759 2909 uniuscujuslibet
3785 2845 3887 2897 lto-

2306 2922 2469 2977 minis
2521 2925 2780 2994 Romani,
2836 2943 3028 2984 nomen
3080 2932 3215 2985 ultra
3273 2931 3573 2988 Caucasum
3637 2936 3884 3005 progredi

2305 3028 2493 3082 posse;
2521 3018 2613 3072 sed
2645 3034 2748 3073 non
2780 3020 2929 3089 illud,
2964 3020 3189 3099 proinde
3210 3040 3308 3079 nec
3336 3026 3456 3080 hoc.
3812 3074 3815 3077 .

2378 3107 2514 3172 Quid
2554 3112 2689 3176 quod
2720 3110 3037 3165 diversarum
3071 3114 3317 3185 gentium]
3349 3115 3544 3169 Probat
3573 3132 3639 3171 ex
3679 3119 3882 3174 discre-

616 3209 848 3279 scripsit.
899 3187 1253 3268 Enarratores
1297 3187 1470 3265 habet?
1505 3213 1801 3281 prmcipuos
1846 3228 1908 3267 ex
1955 3212 2197 3268 barbaris

2304 3202 2479 3267 pantia
2505 3214 2710 3255 morum
2738 3212 2791 3256 et
2819 3202 3205 3267 institutorum.
3235 3208 3425 3276 quibus
3448 3208 3673 3263 diversae
3695 3220 3880 3279 gentes

615 3300 749 3372 Haly
778 3308 834 3354 et
862 3301 1201 3366 Albumazer,
1233 3317 1298 3355 ex
1326 3301 1528 3356 Graecis
1552 3301 1790 3370 Tappnm
1815 3311 1867 3356 et
1895 3302 2190 3359 Theonem.

613 3392 850 3459 Sepulcri
879 3392 1112 3462 elogium
1144 3394 1515 3446 tetrasticltum
1556 3394 1671 3462 ipse
1701 3395 1879 3464 posuit
1911 3393 2187 3463 Grzecum,

609 3480 749 3549 quod
776 3479 991 3547 quidam
1018 3482 1096 3533 sic
1118 3482 1495 3549 interpretatus
1515 3492 1598 3537 est
1622 3501 1636 3537 :

732 3572 986 3639 Mortalem
1008 3575 1230 3631 quamvis
1254 3587 1333 3622 me
1357 3576 1511 3623 norim
1537 3583 1671 3625 sorte
1696 3587 1932 3639 creatum,

794 3634 917 3680 Dum
945 3642 1105 3701 tamen
1132 3643 1368 3701 astrorum
1391 3644 1581 3701 scrutor
1606 3641 1653 3687 in
1672 3634 1956 3701 orbeivtas,

727 3696 844 3744 Sum
873 3696 1076 3758 pedibus
1101 3695 1278 3744 tellure
1306 3697 1491 3758 procul,
1511 3700 1753 3758 juxtaque
1775 3695 2051 3751 Tonantem

784 3755 988 3805 Assideo
1011 3758 1167 3814 divus,
1197 3755 1366 3816 pascor
1392 3766 1443 3808 et
1468 3755 1724 3809 ambrosia.

672 3837 958 3911 lncofatur]
989 3838 1338 3893 lnhabitetur.

671 3927 795 3999 Siti]
827 3927 1095 3984 Siccitate.

676 4017 854 4089 Vasta]
887 4019 1126 4073 Deserta.

666 4108 819 4181 Area]
851 4110 1196 4178 llegiuucula.

665 4199 955 4271 Limitibus]
987 4200 1274 4254 Termiuis.

664 4288 894 4359 Arctata]
920 4290 1187 4356 Cohibila,
1220 4290 1530 4347 constricta.

665 4379 832 4452 Adde]
859 4381 1104 4436 Ostendit
1128 4396 1192 4435 ex
1223 4382 1457 4451 gentium
1483 4382 1797 4439 diversitate
1817 4383 2175 4454 distantiaque

594 4475 787 4529 famam
818 4490 921 4527 non
949 4475 1102 4543 longe
1126 4473 1405 4541 pr0pagari
1431 4488 1607 4549 posse.

663 4563 902 4635 Ratione]
938 4565 1114 4617 Modo.

663 4652 942 4726 Distantes]
1002 4655 1334 4711 Dill‘erentes.
1390 4658 1699 4711 Graecorum
1756 4657 2003 4727 adagium
2053 4670 2167 4718 est.

590 4746 745 4817 Νόμος
772 4749 850 4800 καὶ
876 4755 1052 4820 χῶρα,
1078 4747 1191 4801 Mos
1216 4748 1331 4800 sive
1356 4746 1438 4799 lex
1460 4754 1515 4800 et
1540 4750 1708 4815 regio,
1741 4747 1879 4813 quod
1903 4747 2169 4817 significat

588 4836 871 4903 unicuique
902 4836 1043 4906 genti
1072 4851 1196 4890 suas
1227 4838 1482 4906 quasdam
1509 4851 1627 4891 esse
1666 4838 1812 4906 leges
1840 4846 1896 4891 et
1926 4839 2165 4893 instituta

786 4943 819 4977 I.

587 4926 806 5069 “gilii:
835 5015 940 5083 ipse
964 5020 1186 5081 quodam
1216 5016 1327 5068 loco
1359 5013 1633 5085 signiﬁcat]
1665 5016 1815 5083 Apud
1846 5014 2162 5071 Ciceronem

582 5108 636 5161 iu
677 5105 901 5161 Somnio
929 5105 1225 5175 Scipionis,
1268 5106 1549 5161 Africanus
1579 5110 1645 5160 ad
1675 5115 1922 5173 nepotem
1965 5108 2044 5162 sic
2079 5109 2162 5161 in-

581 5199 738 5267 quit:
786 5197 863 5251 Ex
910 5197 993 5251 his
1042 5197 1170 5265 ipsis
1210 5197 1365 5252 cultis
1403 5198 1650 5266 notisque
1694 5196 1851 5250 terris
1900 5212 2022 5249 num
2069 5207 2162 5252 aut

581 5298 732 5344 tuum
754 5330 767 5351 ,
797 5297 888 5341 aut
912 5287 1225 5355 cujusquam
1257 5296 1498 5342 nostrum
1531 5302 1727 5340 nomen
1751 5286 1833 5339 vel
1864 5285 2156 5341 Caucasum

581 5381 726 5434 hunc.
757 5381 937 5450 (quem
982 5376 1179 5445 cernis)
1230 5376 1608 5432 transcendere
1652 5376 1853 5444 potuit,
1896 5376 1979 5429 vel
2009 5376 2157 5430 illum

580 5471 816 5541 Gangem
858 5470 1227 5525 trausnatare?

649 5563 954 5633 Caucasum]
1001 5563 1272 5617 Caucasus
1335 5562 1567 5630 Scythia:
1619 5576 1773 5615 mons
1821 5570 1935 5623 est,
1984 5561 2160 5616 dictus

578 5654 725 5720 quasi
752 5668 1072 5723 graucasus,
1101 5656 1205 5707 hoc
1234 5663 1317 5707 est
1352 5655 1471 5708 nive
1499 5653 1788 5716 candidus,
1819 5665 1876 5706 ut
1921 5648 2159 5705 Plin.'ait

578 5743 674 5795 lib.
721 5759 789 5796 vt.
853 5745 1122 5798 Caucasus
1172 5760 1326 5800 mons
1375 5755 1455 5800 est
1518 5745 1847 5799 cditissimus
1914 5743 2157 5811 idemque

2299 3300 2540 3356 utuntur,
2574 3307 2679 3347 non
2717 3294 3019 3351 conducere
3042 3296 3272 3366 cuipiam
3301 3312 3494 3375 nomen
3529 3299 3579 3351 in
3622 3300 3879 3368 plurimos

2296 3381 2525 3450 populos
2553 3384 2812 3451 proferre,
2840 3400 2959 3438 cum
2990 3388 3133 3455 quod
3160 3388 3300 3456 apud
3328 3388 3425 3442 hos
3456 3386 3672 3458 dignum
3693 3390 3872 3457 laude,

2293 3473 2431 3541 apud
2464 3473 2584 3527 illos
2609 3476 2874 3543 supplicio
2899 3477 3116 3546 dignu’m
3136 3478 3425 3548 indicetur.

2363 3562 2534 3618 Mores
2564 3574 2714 3633 atque
2737 3567 2968 3621 instituta
2989 3570 3302 3642 discordant]
3333 3572 3408 3627 De
3430 3573 3512 3628 his
3534 3573 3742 3645 legatur
3766 3576 3875 3631 Eu-

2290 3653 2472 3709 sebius
2518 3655 2653 3711 libro
2679 3673 2728 3709 v1
2769 3658 2835 3712 de
2878 3657 3272 3733 Praeparationé
3311 3667 3652 3736 evangelica,
3697 3670 3874 3736 capite

2286 3756 2508 3811 octavo;
2531 3748 2772 3804 Valerius
2786 3750 3053 3807 Maximus
3070 3755 3206 3808 libro
3223 3757 3490 3822 secundo;
3516 3758 3871 3829 Hieronymus

2287 3836 2339 3888 in
2365 3833 2738 3904 Juvi'niauum;
2768 3840 3050 3897 Bessarion
3083 3843 3220 3899 libro
3246 3854 3466 3915 quarto,
3499 3848 3550 3901 in
3576 3850 3869 3904 calumnia-

2287 3932 2456 3980 torem
2479 3926 2732 3993 Platonis,
2757 3932 2932 4000 capite
2954 3934 3021 3997 3;
3054 3932 3327 4003 Philippus
3351 3936 3643 3992 Beroaldus
3672 3940 3725 3993 in
3748 3954 3867 3993 ora-

2287 4015 2432 4072 tione
2462 4010 2812 4087 proverbiali‘,
2846 4034 2900 4076 et
2932 4022 3184 4079 Erasmus
3214 4035 3396 4080 noster
3426 4027 3479 4080 in
3511 4028 3867 4097 explicatione

2284 4108 2424 4163 illius
2451 4110 2664 4180 adagii:
2697 4112 2805 4167 Lex
2831 4123 2887 4167 et
2920 4116 3085 4184 regio.
3122 4115 3245 4169 llaec
3268 4117 3394 4169 mihi
3435 4133 3573 4172 nunc
3600 4120 3865 4173 indicasse

2282 4199 2539 4255 studiosis
2563 4216 2746 4256 earum
2773 4220 2950 4259 rerum
2977 4206 3105 4260 satis
3126 4206 3197 4261 sit
3224 4207 3289 4260 ad
3312 4207 3415 4261 alia
3444 4209 3771 4277 properanti.

2354 4288 2621 4342 Prtecfaru
2643 4290 2755 4361 illa]
2782 4292 2963 4347 lrrisio
2993 4304 3074 4349 cst
3102 4311 3249 4350 vanae
3271 4297 3476 4372 gloriae.

2352 4378 2460 4432 Sed
2478 4395 2626 4448 quam
2643 4384 2827 4436 multos
2850 4382 3178 4457 clarissimos]
3206 4387 3392 4455 Arguit
3412 4389 3634 4455 gloriam
3658 4388 3859 4442 irritam

2278 4483 2419 4534 esse,
2451 4479 2560 4524 tum
2588 4472 2657 4526 ob
2703 4463 3023 4542 scriptorum
3068 4476 3368 4542 defectum,
3409 4488 3516 4532 tum
3557 4479 3627 4533 ob
3671 4494 3858 4534 eorum

2201 4537 2253 4596 Ῑ)
2280 4559 2689 4616 inconstantiam
2717 4572 2771 4617 et
2796 4564 3013 4619 minime
3042 4566 3336 4622 durabilem
3366 4568 3747 4622 infirmitatem.

2350 4649 2676 4720 Scriptorum
2706 4652 2878 4724 inops]
2905 4654 3188 4709 Multarum
3232 4658 3467 4728 gentium
3497 4668 3549 4711 et
3596 4658 3856 4727 imprimis

2274 4742 2659 4796 Germanorum
2680 4744 2949 4814 pleneque
2969 4747 3153 4801 laudes
3171 4756 3222 4802 et
3245 4763 3329 4802 res
3346 4758 3508 4819 gestae
3523 4749 3687 4802 latent
3702 4749 3858 4817 igno—

2273 4843 2587 4903 ranturque,
2611 4835 2751 4903 quod
2774 4836 2961 4903 priscis
2983 4838 3089 4892 illis
3105 4840 3459 4907 temporibus,
3479 4853 3597 4892 cum
3616 4839 3853 4892 nondum

2272 4940 2448 4980 mores
2470 4926 2705 4980 externis
2730 4927 2932 4981 deliciis
2954 4938 3131 4982 essent
3147 4930 3392 4994 emolliti,
3415 4929 3664 4997 paulatim
3687 4938 3851 4996 atque

2271 5017 2509 5084 corrupti
2539 5015 2829 5086 scriptores
2850 5060 2865 5084 ,
2888 5017 2984 5087 qui
3014 5018 3267 5087 praeclara
3291 5019 3521 5071 facinora
3556 5017 3853 5070 litterarum

2271 5110 2631 5162 monumentis
2660 5110 2982 5177 proderent,
3016 5110 3315 5164 defuerunt.
3348 5110 3451 5163 Sed
3482 5118 3533 5161 et
3562 5122 3702 5161 nunc
3729 5106 3850 5160 libri

2272 5198 2427 5252 Plinii
2459 5199 2525 5253 de
2563 5199 2726 5254 Bellis
2763 5198 3062 5253 Germania:
3090 5207 3143 5253 et
3173 5198 3354 5265 procul
3383 5198 3544 5251 dubio
3589 5196 3848 5264 permulta

2269 5290 2537 5359 quondam
2570 5291 2800 5358 scripta,
2849 5305 3072 5357 quorum
3123 5304 3190 5343 ne
3234 5289 3369 5342 tituli
3414 5288 3624 5357 quidem
3653 5286 3717 5339 ad
3751 5300 3849 5339 nos

2267 5395 2582 5449 pervenere,
2612 5381 3003 5435 desiderantur.

2351 5469 2447 5521 Vos
2461 5486 2594 5531 vero,
2609 5468 3153 5539 etc.]Argumentatur
3168 5469 3538 5533 disertissime,
3555 5467 3845 5537 quamlibet

2262 5560 2495 5613 diuturni
2527 5562 2781 5627 temporis
2814 5558 3842 5628 famam,cumfinemaliquandoadmit~

2264 5660 2359 5710 tat.
2395 5650 2534 5702 milia
2561 5651 2767 5704 ratione
2796 5667 2914 5705 cum
2940 5652 3237 5707 mternitate
3263 5666 3381 5706 csse
3410 5650 3841 5719 comparandam.

2337 5739 2502 5810 Quod]
2532 5741 2785 5809 Tempus.
