4216 6256
420 283 525 339 985

489 396 803 467 Perlractes]
872 397 1148 453 lutellectu
1211 395 1534 467 perpendas,
1588 406 1644 450 et
1688 398 1865 450 animo
1910 411 1992 449 rc-
2020 404 2069 457 Α

415 485 617 538 volvas.

488 579 674 633 Decem
715 581 936 634 millibus
978 577 1148 651 annis]
1193 581 1463 635 Annorum
1508 578 1692 632 decem
1738 578 1990 632 millibus.

414 674 609 728 Sciolis
659 674 1042 728 litteratoribus
1096 674 1361 726 nonnulla:
1416 671 1665 725 videntur
1721 672 1993 725 orationes

414 780 604 833 parum
633 781 909 834 congruae,
940 780 1054 827 quae
1082 779 1184 816 non
1226 777 1476 830 congrua:
1504 761 1674 816 solum
1703 771 1859 825 sunt,
1898 761 1991 815 sed

413 857 578 909 etiam
610 871 731 909 cum
761 856 943 923 primis
976 848 1243 923 elegantes
1266 862 1320 906 et
1348 852 1735 922 probatissimis
1766 853 1995 919 scripto-

412 946 562 999 ribus
595 955 880 1014 usurpataa.
911 943 1216 1012 Cujusmodi
1238 952 1320 998 e~t
1347 948 1458 998 bzec
1490 962 1504 999 ε
1532 944 1723 997 Decem
1758 943 1991 996 millibus

410 1037 568 1089 annis
614 1050 708 1103 per
752 1036 1159 1104 appositiOuem.
1210 1036 1297 1090 Sic
1342 1035 1526 1089 Latine
1580 1036 1855 1089 dicimus:
1894 1034 1992 1089 Hic

411 1135 682 1181 mercator
736 1125 921 1179 decem
963 1125 1126 1179 millia
1175 1125 1335 1181 debet
1376 1139 1586 1180 aureos.
1636 1126 1992 1197 Hieronymus

408 1230 528 1269 cum
557 1215 683 1269 alibi
715 1214 765 1268 id
792 1229 959 1283 genus
995 1214 1263 1279 abundat,
1306 1224 1413 1269 tum
1454 1216 1506 1269 in
1541 1216 1874 1270 Jovinianum
1913 1217 1991 1270 sic

408 1306 626 1374 scripsit
650 1323 663 1357 :
695 1305 851 1360 Aliud
878 1313 961 1359 est
983 1305 1166 1360 decem
1195 1306 1355 1360 millia
1385 1292 1575 1360 talenta
1603 1305 1819 1369 debere,
1848 1305 1989 1369 aliud

410 1394 782 1464 quadrantem.
834 1394 1066 1448 Florus:
1117 1393 1248 1449 Cum
1297 1395 1475 1448 statim
1523 1394 1709 1449 decem
1763 1395 1990 1462 amplius

410 1482 578 1537 millia
606 1485 838 1539 coissent
862 1484 1125 1551 homines,
1150 1499 1255 1539 non
1283 1485 1441 1538 modo
1461 1484 1709 1554 cllugisse
1730 1486 1986 1552 contenti,

411 1574 517 1643 jam
542 1574 797 1629 vindicari
819 1575 977 1629 etiam
1005 1575 1268 1629 volebant.
1295 1574 1437 1629 Idem
1457 1590 1471 1627 :
1490 1574 1563 1627 Ex
1588 1575 1703 1643 ipso
1728 1576 1989 1642 equestris

410 1664 615 1717 ordinis
642 1664 772 1718 ﬂore
800 1679 863 1717 ac
889 1673 1077 1719 senatu
1106 1664 1211 1718 duo
1238 1664 1401 1718 millia
1431 1664 1587 1718 electi
1624 1664 1714 1732 qui
1744 1663 1881 1718 mori
1907 1669 1988 1731 ju-

1578 283 1950 339 MURWELLII
1991 281 2510 339 COMMENTARIA.

3559 282 3675 348 986

2168 394 2282 463 Ira]
2315 394 2416 450 Per
2444 396 2595 449 iram.

2169 473 2291 554 Ille]
2327 486 2582 539 Tcntatur
2612 486 2813 541 etfalsi
2847 486 3146 557 philosophi
3174 489 3378 545 illusor.

2166 574 2226 629 Si
2248 574 2509 645 tacuisses]
2529 574 2775 630 Salomon
2798 576 2853 630 in
2877 577 3178 632 Proverbiis
3202 596 3215 631 :
3239 580 3338 644 Qui
3360 578 3672 637 moderatur

2093 677 2368 717 sermones
2417 678 2577 729 suos,
2619 666 2809 721 doctus
2849 677 2903 722 et
2948 669 3180 736 prudens
3217 678 3327 735 est,
3356 681 3409 724 et
3448 671 3668 737 pretiosi

2092 754 2311 822 Spiritus
2341 756 2423 809 vir
2451 755 2710 811 eruditus.
2740 758 2944 813 Stultus
2977 776 3187 829 quoque
3211 761 3259 815 si
3305 764 3556 830 tacuerit,
3584 777 3669 816 sa-

2091 846 2245 913 piens
2278 848 2645 914 reputabitur:
2675 859 2728 903 et
2758 851 2801 904 si
2846 854 3223 920 compresserit
3259 853 3395 907 labia
3426 869 3549 917 sua,
3587 856 3669 909 in-

2094 936 2359 1005 telligens.
2388 937 2649 1006 Diogenes
2670 940 2880 993 cuidam
2910 941 3225 1009 philosopho
3254 946 3340 1012 qui
3371 942 3670 998 contentid-

2090 1025 2204 1079 sius
2232 1026 2430 1093 aliquid
2463 1029 2781 1095 disserebat,
2804 1030 2982 1096 Miser,
3016 1032 3214 1101 inquit,
3245 1033 3381 1101 quod
3410 1035 3667 1103 optimuin

2092 1125 2172 1170 est
2201 1116 2252 1169 in
2282 1117 2392 1170 vita
2423 1118 2728 1188 philosophi
2768 1136 2833 1176 ac
2862 1124 3186 1190 prmeipunm
3232 1124 3407 1178 verbis
3438 1120 3669 1190 pbilosd-

2093 1206 2308 1274 pbaudo
2344 1210 2662 1277 corrumpis.
2692 1211 2886 1267 Thales
2918 1230 2929 1263 :
2964 1213 3076 1267 Non
3109 1215 3273 1268 multa
3310 1214 3500 1279 verba,
3542 1233 3668 1285 pru-

2093 1296 2269 1352 dentis
2300 1301 2475 1355 animi
2522 1303 2774 1357 indicium
2803 1315 2945 1360 sunt.
2978 1306 3227 1361 Salomon
3261 1308 3666 1363 Proverbiorum

2090 1402 2209 1455 cap.
2252 1404 2283 1442 κ
2319 1406 2332 1443 :
2376 1390 2433 1444 ln
2482 1392 2819 1461 multiloquio
2859 1410 2963 1449 non
3007 1396 3178 1449 deerit
3224 1407 3519 1464 peccatum.
3569 1399 3665 1462 Qui

2092 1478 2399 1533 moderatur
2443 1480 2579 1535 labia
2608 1496 2734 1549 sua,
2768 1484 3213 1551 prudentissimus
3255 1496 3357 1542 est.
3404 1487 3667 1542 Ecclesia-

2090 1580 2199 1624 stes
2222 1588 2234 1621 :
2260 1571 2467 1626 Stultus
2486 1574 2648 1628 verba
2670 1575 3003 1643 multiplicat.
3030 1578 3231 1632 Seneca
3258 1595 3272 1631 :
3297 1578 3441 1633 Tene
3456 1592 3666 1648 semper

2090 1661 2237 1715 vocis
2274 1672 2331 1717 et
2364 1664 2562 1718 silentii
2596 1675 3093 1735 temperamentum.
3127 1670 3327 1724 Tacere
3354 1670 3443 1736 qui
3472 1670 3663 1736 nescit,

411 1753 682 1809 bereutur.
717 1756 816 1811 Ubi
847 1755 1345 1825 subintelligendum
1369 1763 1451 1811 est
1477 1756 1720 1810 homines
1743 1771 1835 1810 seu
1863 1757 1984 1824 viri,
2018 1744 2063 1802 Β
2091 1752 2261 1807 nescit
2304 1753 2469 1821 loqui.
2515 1753 2813 1809 Macrobius
2841 1756 2931 1812 lib.
2968 1774 3038 1812 vn
3079 1758 3439 1813 Satnrnalium
3474 1778 3487 1812 :
3533 1758 3663 1813 Cum

411 1855 467 1898 ut
495 1846 741 1900 desinant
765 1846 1067 1915 improbare
1094 1846 1223 1902 illud
1250 1846 1301 1899 in
1323 1846 1493 1900 sacris
1515 1847 1754 1902 Litteris:
1772 1846 1986 1902 Duode-

410 1937 515 1989 cim
548 1936 711 1990 millia
740 1936 954 2005 signati.

481 2026 709 2098 Ejusque
756 2029 1119 2096 quantumlibet
1169 2026 1468 2098 multiplex]
1514 2029 1582 2083 Et
1631 2030 1677 2082 is
1734 2044 1985 2087 numerus

411 2118 803 2186 quantumlibet
832 2118 1225 2186 multiplicatus,
1250 2128 1308 2171 ut
1328 2118 1521 2173 millies
1548 2118 1696 2172 mille
1723 2133 1983 2172 annorum

410 2207 599 2271 millia,
634 2208 714 2261 vel
744 2208 859 2277 plus
890 2209 1148 2263 minusve.
1180 2268 1194 2285 .

477 2297 721 2370 Collatia]
754 2302 1106 2367 Comparatio,
1143 2301 1433 2369 pmportio.
1462 2301 1776 2355 Aristote'es
1807 2317 1822 2354 ι
1851 2301 1984 2355 libro

407 2387 475 2441 de
500 2388 651 2442 leo
683 2398 738 2443 et
768 2390 961 2444 Mundo
995 2408 1007 2442 :
1049 2390 1230 2444 Por.iu
1259 2400 1433 2445 autem
1467 2391 1610 2446 nulla
1636 2400 1717 2447 est
1751 2392 1886 2447 ﬁniti
1915 2392 1981 2445 ad

408 2476 687 2530 inlinitum.
1516 2481 1525 2491 “

481 2568 955 2642 Quantumcunque]
986 2572 1306 2628 Adverbium
1339 2588 1478 2627 nunc
1504 2584 1605 2628 est.

476 2658 699 2730 Prolixi]
720 2662 924 2735 ‘Longi.

476 2748 809 2821 lnexhausta]
843 2752 1067 2817 Infinita,
1101 2754 1499 2808 interminabili.

484 2837 585 2890 Vos
612 2848 778 2891 autent
801 2840 919 2909 nisi]
953 2842 1191 2909 Increpat
1222 2844 1524 2897 mortalium
1557 2845 1859 2907 stultitiam,
1893 2846 1982 2913 qui

405 2948 470 2987 eo
512 2933 623 2987 fere
654 2944 772 2986 sunt
803 2934 1041 3003 ingenio,
1086 2946 1142 2989 ut
1171 2938 1339 3006 magis
1382 2937 1657 2991 hominum
1706 2939 1889 2992 laudes
1928 2948 1982 2993 et

405 3024 558 3078 fama:
591 3027 932 3092 celebritate,
967 3042 1125 3096 quam
1155 3042 1265 3081 suae
1292 3028 1633 3082 conscientia:
1663 3029 1977 3097 puritatem,

405 3127 691 3185 veramque
734 3118 988 3171 virtutum
1020 3118 1358 3171 securitatem
1388 3125 1679 3172 sectentur.
1718 3117 1880 3183 Nam,
1924 3085 2053 3173 utC

405 3207 703 3262 rectissime
736 3208 937 3263 dictum
980 3216 1096 3276 est,
1139 3207 1287 3262 Multi
1326 3208 1551 3273 famam,
1600 3210 1980 3265 conscientiam

405 3296 554 3363 pauci
585 3308 855 3351 verentur.

470 3384 551 3436 Ad
578 3387 848 3451 populares
874 3386 1052 3459 auras]
1096 3388 1178 3443 Ad
1216 3389 1426 3444 favores
1464 3399 1519 3445 et
1560 3372 2041 3459 applaususpo-‘I

402 3470 531 3539 puli,
556 3489 712 3541 quos,
732 3484 867 3531 teste
891 3477 1115 3543 Donato,
1136 3493 1241 3533 non
1264 3489 1510 3548 quierunt
1529 3480 1817 3549 sapientes.
1837 3479 1979 3534 Aura

402 3564 738 3631 splendorem
769 3567 1053 3635 significat.
1090 3569 1340 3625 Horatius
1366 3588 1381 3625 :

643 3655 746 3705 Tua
778 3669 842 3705 ne
869 3658 1089 3708 retardet
1111 3672 1227 3708 aura
1254 3663 1464 3711 maritos.

402 3738 623 3793 P0nitur
645 3755 738 3808 pro
762 3756 907 3804 aere,
932 3752 1071 3796 statu
1098 3755 1401 3809 ventorum,
1429 3744 1631 3810 afﬂatu,
1657 3745 1978 3814 aSpiratione

403 3844 495 3883 seu
524 3828 720 3883 favore.
750 3831 895 3885 Maro
924 3833 976 3885 in
1003 3832 1254 3888 [Eneidos
1278 3844 1433 3889 sexto
1458 3851 1473 3890 :

492 3918 632 3968 Nunc
652 3933 845 3982 quoque
867 3923 965 3983 jam
991 3924 1186 3971 nimium
1214 3926 1399 3986 gaudes
1422 3925 1736 3987 popularibus
1755 3928 1905 3975 auris.

404 4003 755 4074 Hieronymus
780 4022 793 4058 ε
827 4006 953 4060 Plus
973 4006 1129 4060 debet
1150 4007 1349 4061 Christi
1379 4008 1673 4077 discipulus
1696 4021 1973 4078 prmstare,

404 4107 557 4160 quam
591 4096 771 4148 mundi
805 4092 1152 4164 pliilOSOpbus
1179 4097 1363 4166 gloriae
1398 4099 1595 4153 animal
1625 4111 1678 4154 et
1705 4102 1988 4170 popularis.

404 4196 546 4236 aurae
574 4193 731 4253 atque
759 4201 1032 4241 rumorum
1062 4188 1252 4243 venale
1279 4191 1621 4259 mancipium.

474 4274 845 4347 Sermunculis]
910 4278 1268 4336 Rumusculis.
1339 4282 1720 4338 Sermunculus
1780 4299 1973 4354 parvus

403 4377 607 4427 sermo,
653 4375 711 4419 ut
760 4368 1091 4422 rumusculus
1133 4384 1327 4438 parvus
1368 4387 1572 4425 rumor.
1620 4373 1972 4443 Hieronymus

2090 1849 2271 1895 orator
2300 1856 2405 1896 non
2435 1842 2595 1896 aliter
2636 1843 2738 1898 nisi
2779 1845 2979 1900 orando
3016 1848 3285 1914 probetur,
3321 1847 3664 1915 philosophus

2089 1946 2195 1986 non
2224 1934 2398 1987 minus
2426 1934 2648 1989 tacendo
2678 1950 2773 2004 pro
2804 1944 3043 2006 tempore
3070 1953 3226 2006 quam
3253 1939 3521 2007 loquendo
3547 1940 3663 2007 phi-

2088 2025 2416 2094 losophatur.
2474 2026 2715 2081 Valerius
2756 2027 3015 2082 Maximus
3054 2029 3147 2083 lib.
3178 2044 3286 2082 vn:
3317 2029 3449 2094 Quid
3482 2028 3664 2084 Xeno-

2087 2119 2246 2168 cratis
2273 2129 2589 2183 responsum
2620 2131 2777 2184 quam
2809 2118 3093 2184 laudabile,
3123 2134 3242 2173 cum
3268 2119 3527 2174 maledico
3553 2134 3664 2174 ser-

2086 2208 2233 2261 moui
2259 2207 2610 2276 quorumdam
2638 2223 2850 2263 summo
2878 2210 3093 2265 silentio
3120 2212 3434 2275 interesset,
3468 2226 3574 2265 uno
3598 2227 3664 2267 ex

2088 2297 2172 2351 bis
2214 2306 2487 2367 quarente
2535 2312 2631 2351 cur
2673 2298 2821 2354 solus
2866 2298 3099 2369 linguam
3144 2316 3293 2355 suam
3343 2301 3660 2356 cohiberet:

2086 2389 2218 2457 Quia
2248 2388 2447 2445 dixisse
2473 2405 2580 2454 me,
2616 2390 2809 2459 inquit,
2832 2391 3118 2460 aliquando
3143 2393 3411 2460 ptenituit,
3437 2394 3663 2447 tacuisse

2086 2495 2377 2549 nunquam.
2408 2480 2582 2550 Lege,
2614 2497 2659 2536 si
2689 2481 2899 2550 placet,
2928 2482 3201 2550 pulchram
3232 2497 3395 2552 super
3433 2484 3533 2539 hoc
3554 2485 3664 2539 Ma-

2085 2573 2232 2625 ronis
2261 2571 2578 2625 sententiam
2609 2571 2749 2639 apud
2780 2570 3041 2628 Donatum
3074 2573 3125 2627 in
3157 2573 3272 2642 ejus
3304 2573 3442 2629 Vita.

2158 2660 2294 2725 Quid
2337 2670 2503 2713 autem
2544 2659 2647 2730 est]
2693 2660 2935 2716 Ostendit
2982 2663 3203 2732 gloriam
3252 2663 3474 2719 mortuis
3527 2663 3660 2720 nihil

2084 2751 2362 2820 prodesse.
2398 2750 2549 2804 Unde
2578 2751 2795 2819 quidam
2821 2753 3093 2822 eleganter
3117 2771 3133 2809 :

2330 2838 2448 2887 Post
2471 2841 2667 2889 cineres
2689 2840 2842 2901 gloria
2864 2852 2975 2889 sera
2998 2845 3151 2892 venit.

2159 2920 2328 2991 Quod]
2360 2920 2523 2974 Totos
2548 2930 2603 2974 et
2628 2935 2856 2987 corpore
2884 2931 2939 2975 et
2958 2923 3131 2975 anima
3157 2923 3295 2977 mori
3325 2922 3587 2979 homines.

2156 3010 2362 3063 Nostra:
2386 3009 2633 3079 rationes]
2661 3009 3047 3078 Philosopbica:
3068 3014 3584 3081 argumentationes.

2161 3096 2367 3168 Vctant]
2396 3099 2508 3153 Non
2542 3100 2876 3168 permittunt.

2157 3188 2378 3242 Terrena
2408 3185 2631 3257 carcere]
2662 3186 2928 3256 Carpore,
2967 3188 3109 3256 quod
3147 3199 3227 3244 est
3262 3190 3415 3259 quasi
3452 3204 3657 3256 carcer,

2083 3282 2163 3335 vel
2191 3280 2517 3348 sepulcrum,
2550 3279 2637 3333 vel
2668 3279 2939 3334 vinculum
2970 3279 3155 3334 animi.

2152 3369 2477 3440 Exemptam]
2507 3369 2834 3424 Liberatam.

2599 3459 2664 3515 IN
2698 3459 2984 3516 METRUM
3026 3459 3140 3515 VII.

2151 3552 2380 3608 Carmen
2396 3560 2479 3608 est
2496 3552 2709 3606 dicolon
2730 3551 3068 3622 distrophon,
3088 3551 3241 3621 cujus
3258 3552 3458 3623 primus
3474 3568 3659 3608 versus

2080 3654 2162 3701 est
2203 3644 2593 3710 archilocbius,
2643 3644 2932 3710 iambicus,
2980 3647 3259 3711 senarius,
3306 3645 3656 3705 acatalectus;

2078 3734 2350 3807 secundus
2374 3734 2637 3789 iambicus
2666 3734 2891 3789 dimeter
2918 3745 2968 3788 et
3000 3734 3111 3803 ipse
3150 3732 3488 3788 acatalectus.
3526 3734 3659 3787 Ilor-

2082 3836 2223 3880 tatur
2253 3841 2320 3881 eo
2349 3812 2694 3894 Philosophia
2725 3824 2982 3879 mortales
3014 3825 3081 3879 ad
3112 3825 3292 3878 inanis
3319 3824 3501 3891 glorise
3530 3837 3657 3877 con-

2079 3924 2369 3984 temptum,
2413 3930 2531 3983 qua:
2568 3929 2747 3968 rerum
2784 3914 3019 3968 omnium
3049 3912 3330 3967 vanissima
3363 3912 3517 3967 facile
3556 3914 3659 3968 illis

2078 4004 2365 4073 videbitur,
2392 4005 2438 4057 si
2466 4014 2725 4059 terrarum
2753 4005 3026 4072 angustias
3049 3989 3419 4072 contemplati,
3440 4003 3657 4070 amplis-

2077 4094 2265 4147 simam
2296 4094 2417 4148 cueli
2451 4091 2861 4145 immensitatem
2894 4092 3251 4161 suspexerim.

2150 4180 2433 4253 Praecipiti]
2461 4181 2694 4246 Festina,
2723 4181 3043 4246 inconsulta,
3074 4183 3373 4236 temeraria.

2150 4274 2443 4347 Summum]
2472 4277 2673 4330 Bonum
2701 4289 2991 4341 summum,
3025 4291 3137 4331 rem
3164 4290 3424 4330 summam
3444 4318 3459 4343 ,
3486 4276 3654 4330 bono-

2077 4380 2193 4419 rum
2223 4367 2400 4421 finem.

402 4452 695 4519 Nepotiauo
719 4472 733 4508 :
762 4456 903 4510 Cave
926 4471 991 4509 ne
1014 4435 1285 4513 hominum
1308 4462 1639 4516 rumusculos
1665 4435 1966 4531 aucuperis,
2000 4435 2054 4494 Β
2147 4457 2416 4530 ίΕιΙιωήε]
2440 4458 2592 4514 Caeli-

403 4560 469 4597 ne
512 4544 563 4597 in
606 4545 862 4599 olfensam
894 4548 986 4602 Dei
1035 4550 1348 4617 populorum
1393 4552 1601 4606 laudem
1650 4566 1967 4609 commutes.

400 4632 541 4687 Idem
572 4634 826 4689 Paulino:
861 4637 1214 4692 Rumusculos
1241 4651 1295 4695 et
1331 4642 1583 4712 gloriolas
1612 4654 1662 4699 et
1694 4646 1970 4714 palpantes

398 4723 698 4780 adulatores
727 4728 877 4796 quasi
905 4730 1084 4785 hostes
1115 4732 1253 4801 fuge.

464 4811 668 4883 Accipe]
698 4817 854 4881 Audi,
884 4834 1148 4889 cognosce

466 4860 668 4883 ---μνη
698 4860 854 4881 .-.....,
886 4860 1147 4889 ,ινδ-...νυν

466 4901 534 4955 In
562 4902 852 4973 hujusmodi
890 4908 1117 4980 levitate]
1140 4860 1390 4965 ‘Ianitate
1417 4929 1428 4962 :
1461 4912 1652 4981 legitur
1687 4924 1741 4969 et
1780 4916 1976 4970 levita-

396 4998 535 5055 tem,
566 4993 706 5060 quod
741 4995 942 5064 placet,
979 5008 1035 5051 ut
1061 5001 1141 5054 sic
1168 5015 1351 5055 contra
1390 5000 1652 5069 ejusmodi
1686 5008 1969 5061 vanitatem

394 5082 678 5149 superbizc.

466 5174 630 5239 Quam
654 5180 846 5250 festive]
874 5182 1047 5248 Quam»
1067 5183 1320 5251 jucunde,
1354 5186 1526 5255 lepide
1553 5197 1607 5243 et
1633 5188 1821 5244 facete.

465 5261 715 5337 Illuserit]
744 5268 962 5325 Jocatns
988 5273 1079 5326 sit.

465 5356 682 5411 Adortus
734 5360 883 5432 esset]
916 5363 1129 5433 Legitur
1155 5369 1314 5421 etiam
1345 5369 1568 5425 adorsus
1594 5391 1608 5425 :
1643 5373 1781 5441 quod
1806 5374 1964 5428 ctiam

390 5452 528 5516 apud
562 5454 898 5512 Ambrosium
927 5469 979 5512 et
1012 5461 1386 5533 Hieronymum
1418 5467 1647 5522 imenio.

464 5538 770 5621 Tolerusset]
800 5548 991 5602 Passus
1015 5552 1216 5605 fuisset.

468 5630 761 5690 Pauliwerl
790 5638 871 5691 Ad
904 5642 1191 5706 pauxillum
1224 5647 1496 5712 temporis.

2149 4548 2355 4619 Cernat]
2380 4549 2800 4616 Coutempletur.

2147 4637 2361 4710 Plagae]
2393 4639 2677 4706 Regiones.
3584 4710 3585 4713 η

2147 4726 2383 4797 Arctum]
2424 4728 2751 4794 Angustum,
2790 4726 3160 4782 constrictum.
3206 4727 3489 4782 Africanus
3514 4733 3652 4799 apud

2078 4817 2390 4871 Ciceronem
2430 4817 2482 4869 in
2514 4816 2733 4871 Somnio
2760 4816 3058 4884 Scipionis,
3102 4800 3241 4870 unde
3266 4818 3377 4871 fere
3408 4818 3508 4871 hoc
3532 4834 3652 4873 car-

2078 4921 2198 4959 men
2226 4920 2346 4959 cum
2376 4920 2531 4975 prosa
2549 4906 2659 4973 jam
2683 4915 2929 4960 enarrata
2956 4906 3293 4976 desumptum
3316 4919 3399 4961 est
3423 4926 3436 4961 :
3469 4908 3654 4965 Omnis

2071 5008 2248 5053 autem
2273 5006 2415 5052 terra
2436 5014 2555 5068 quae
2574 4999 2768 5053 colitur
2786 5015 2816 5052 a
2840 4999 3009 5066 vobis,
3035 5011 3309 5070 angustata
3336 5003 3649 5070 verticibus,
3722 5064 3729 5071 .

2072 5091 2327 5145 lateribus
2354 5092 2532 5155 latior,
2574 5107 2735 5160 parva
2758 5093 2997 5162 quaedam
3025 5093 3195 5148 insula
3220 5105 3303 5150 est
3332 5096 3653 5152 circumfusa

2069 5179 2165 5233 illo
2187 5180 2317 5232 mari
2337 5179 2475 5247 quod
2502 5180 2846 5247 Atlanticum,
2872 5181 3013 5251 quod
3036 5182 3302 5249 Magnum,
3324 5186 3463 5253 quod
3486 5188 3655 5239 Occa-

2072 5284 2195 5322 ntnn
2238 5269 2519 5336 appellatis
2562 5270 2612 5323 in
2658 5272 2849 5335 terris,
2899 5273 2989 5340 qui
3031 5282 3204 5326 tamen
3253 5282 3398 5328 tento
3439 5277 3653 5329 nomine

2070 5373 2228 5426 quam
2271 5361 2342 5412 sit
2381 5376 2603 5426 parvus,
2645 5363 2815 5416 vides.
2863 5364 2995 5418 llinc
3048 5364 3328 5419 Petrarcba
3381 5369 3434 5425 in
3477 5382 3511 5421 η
3556 5366 3647 5421 lib.

2073 5448 2266 5503 Africa:
2287 5464 2396 5502 Stttn
2422 5467 2434 5500 :

2300 5538 2555 5596 «Augustis
2581 5549 2791 5590 arctatus
2813 5542 2988 5592 finibus
3011 5546 3141 5593 orbis

2203 5598 2357 5665 insula
2385 5603 2643 5665 parvasilu
2671 5611 2764 5659 est,
2786 5606 2943 5653 curvis
2963 5619 3105 5665 quam
3130 5606 3339 5654 ﬂexilus
3363 5608 3511 5657 ambit

2197 5660 2439 5719 Oceanus,
2468 5663 2624 5711 \iden’
2651 5671 2704 5712 ut
2728 5677 2904 5724 partus
2927 5660 3216 5728 cognomine
3237 5681 3272 5717 rt
3290 5668 3453 5728 agno?
