4216 6256
609 316 711 372 987

1252 315 1593 372 APPENDIX
1637 320 1724 373 AD
1768 321 2008 379 LIBROS
2048 325 2135 379 DE
2175 326 2696 385 CONSOLATIONE
2734 329 3230 386 PIllLOSOPﬂlrE.

3769 340 3871 394 988

678 425 891 481 Brevem
916 425 1132 496 replere]
1163 426 1306 482 Ordo
1334 439 1447 496 est,
1493 430 1746 498 Pudehit,
1782 434 2005 492 subaudi
2036 452 2190 501 cum,
2220 443 2274 500 Α
2300 439 2487 505 rhum,
2536 440 2694 509 idque
2740 443 2853 509 ejus
2897 441 3092 496 factum
3149 458 3179 496 a
3223 453 3407 499 senatu
3453 444 3721 503 laudatum
3762 462 3866 507 est.

607 518 699 584 qui
728 525 988 571 terrarum
1030 520 1301 587 angustias
1329 534 1391 574 ac
1428 521 1688 575 cmlorum
1722 526 1978 581 immensa
2021 529 2191 596 spatia

608 608 999 674 contemplatus
1026 609 1117 673 sit,
1149 610 1378 663 nominis
1407 613 1567 675 aucti,
1602 611 1655 665 id
1680 624 1761 667 est
1789 616 1977 683 prolati
2004 629 2056 671 et
2078 633 2191 672 am-

610 696 861 763 plificati,
908 710 1013 750 non
1043 698 1273 752 valentis
1300 707 1479 753 tamen
1518 702 1726 769 replere
1767 705 1979 758 brevem
2020 710 2190 761 ambi-

607 796 752 849 tum,
786 786 837 839 id
866 796 947 842 est
976 801 1257 859 angustum
1289 801 1549 848 terrarum
1594 796 1976 853 habitaculum.
2014 800 2193 868 Scipio

606 874 747 939 apud
786 874 1097 933 Ciceronem
1145 880 1234 934 lib.
1283 881 1351 936 de
1390 882 1597 950 Repuh.
1628 900 1676 938 γι
1704 904 1717 939 :
1748 887 1864 940 Jam
1912 903 2042 942 vero
2078 891 2191 958 ipsa

606 972 751 1017 terra
781 966 849 1017 ita
892 967 1021 1021 mihi
1056 986 1214 1037 parva
1258 974 1368 1026 visa
1400 984 1510 1038 est,
1544 984 1601 1029 ut
1640 993 1723 1031 me
1754 978 1959 1047 imperii
1993 983 2188 1048 nostri,

604 1069 711 1118 quo
737 1058 882 1122 quasi
915 1069 1166 1125 punctum
1188 1063 1308 1131 ejus
1330 1064 1657 1133 attingimus,
1686 1071 1990 1137 paeniteret.
2021 1074 2073 1126 In
2097 1089 2191 1127 eo-

607 1143 731 1199 dem
778 1162 907 1201 avus
950 1150 1029 1205 sic
1076 1153 1323 1207 eumdem
1370 1168 1617 1225 nepetem
1662 1174 1815 1213 suum
1855 1164 2187 1231 alloquitur:

603 1232 767 1301 Igitur
806 1237 913 1291 alte
956 1251 1202 1307 spectare
1232 1245 1275 1297 si
1307 1246 1486 1313 voles,
1528 1260 1687 1318 atque
1734 1246 1871 1306 hanc
1913 1254 2092 1308 sedem
2135 1264 2191 1310 et

604 1336 861 1381 aeternam
883 1329 1100 1386 domum
1123 1338 1389 1401 contueri,
1423 1354 1595 1408 neque
1618 1350 1667 1395 te
1688 1343 2023 1398 sermonibus
2047 1347 2187 1415 vulgi

605 1415 849 1482 dederis,
891 1434 989 1474 nec
1018 1423 1071 1475 in
1101 1427 1335 1493 praemiis
1365 1428 1609 1483 humanis
1636 1447 1785 1499 spem
1820 1438 2061 1502 posueris
2104 1452 2191 1491 re—

607 1519 729 1559 rum
756 1514 989 1576 tuarum,
1021 1516 1132 1584 suis
1156 1525 1208 1570 te
1230 1518 1499 1573 illecebris
1523 1532 1732 1590 Oportet
1754 1524 1866 1591 ipsa
1892 1527 1960 1579 VII
1977 1535 2059 1580 tus
2083 1538 2189 1582 tra-

603 1592 698 1647 hat
740 1596 805 1649 ad
837 1612 1020 1654 verum
1050 1603 1233 1659 decus.
1266 1609 1403 1673 Quid
1450 1610 1516 1664 de
1548 1619 1602 1666 te
1647 1615 1734 1667 alii
1769 1616 2050 1683 loquantur
2088 1621 2186 1688 ipsi

601 1685 839 1752 videant,
859 1691 950 1745 sed
974 1694 1262 1763 loquentur
1284 1709 1484 1756 tamen.
1507 1702 1695 1759 Sermo
1715 1707 1963 1761 enimille
1983 1685 2181 1778 omnis,

2295 530 2467 598 Super
2495 531 2597 584 hoc
2626 532 2776 599 plura
2809 532 3053 586 Valerius
3082 533 3357 598 Maximus,
3385 534 3552 591 Aulus
3573 535 3792 605 Gellius,
3811 550 3866 593 et

2296 619 2349 672 in
2374 619 2488 673 Vita
2522 619 2713 690 Pyrrhi
2741 621 3081 675 Plutarchus.

2362 708 2567 780 Jacent]
2599 709 2811 779 Legitur
2837 713 2996 764 etiam
3030 722 3262 766 manent.

2370 799 2506 862 Quid
2546 798 2771 870 Brutus]
2800 800 3056 873 .Subaudi
3102 817 3244 855 nunc
3288 810 3389 857 est.
3440 798 3630 860 Junius
3678 806 3871 865 Brutus

2296 888 2496 954 primus
2527 888 2890 943 [tertianorum
2932 891 3147 957 consul,
3196 893 3398 946 exactis
3434 895 3649 963 regibus
3685 899 3866 951 urbem

2293 977 2569 1045 liberavit,
2619 979 2757 1033 ﬁlios
2802 994 2953 1046 suos,
2979 981 3120 1049 quod
3160 997 3281 1035 cum
3312 982 3540 1051 Aquiliis
3568 994 3622 1039 et
3650 985 3871 1041 Vitelliis

2294 1068 2359 1121 ad
2402 1068 2737 1136 recipiendos
2766 1069 2817 1123 in
2848 1070 3032 1123 urbem
3074 1071 3392 1141 Tarquinios
3420 1076 3831 1142 conjuraverunt
3850 1120 3868 1142 ,

2295 1156 2461 1225 virgis
2486 1170 2653 1211 caesos
2682 1171 2872 1212 secure
2901 1161 3182 1226 percussit.
3238 1162 3439 1216 Deinde
3470 1164 3723 1232 singulari
3750 1182 3867 1222 cer-

2293 1248 2496 1301 tamine
2536 1262 2657 1302 eum
2700 1254 2904 1303 Arunte
2934 1250 3207 1319 Tarquinii
3253 1252 3362 1308 lilio
3399 1267 3717 1323 congressus
3755 1268 3867 1322 est,

2291 1350 2396 1402 quo
2421 1351 2480 1389 se
2508 1338 2664 1389 ambo
2693 1339 2889 1391 mutuis
2930 1340 3242 1395 vulneribus
3287 1344 3621 1399 occiderunt.
3662 1348 3867 1403 Marcus

2293 1426 2501 1491 Brutus,
2535 1428 2618 1481 vir
2644 1429 2944 1495 praetorius,
2970 1438 3080 1483 tum
3110 1433 3481 1501 seientia,tum
3512 1437 3705 1491 virtute
3736 1453 3866 1506 pne-

2290 1517 2435 1571 ditus
2463 1519 2528 1572 ad
2563 1520 2981 1587 recuperandam
3026 1524 3323 1581 libertatem
3363 1528 3555 1583 Julium
3602 1533 3863 1586 (Izesarem

2290 1608 2517 1672 occidit,
2553 1618 2735 1676 postea
2764 1610 2934 1665 victus
2957 1612 3010 1665 in
3043 1615 3221 1681 proelio
3253 1617 3321 1670 ab
3349 1618 3570 1673 Octavio
3598 1622 3699 1675 sibi
3726 1639 3864 1677 mor-

2294 1704 2397 1749 tem
2429 1700 2706 1751 conscivit.

601 1783 658 1828 et
685 1782 944 1845 angustiis
972 1784 1202 1854 cingitur
1242 1789 1323 1843 his
1366 1792 1678 1859 regionum,
1721 1811 1851 1864 quas
1879 1799 2053 1863 vides,
2088 1816 2187 1857 nec
2216 1797 2265 1855 Β
2363 1784 2602 1857 Riguus]
2637 1787 2885 1857 severus:
2920 1792 3245 1848 ίηηθκίδῖίίδο

604 1879 839 1935 uuquam
880 1870 947 1925 de
986 1874 1094 1928 ullo
1119 1880 1367 1944 perennis
1395 1880 1521 1946 fuit,
1551 1883 1795 1938 obruitur
1821 1888 2059 1943 omnium
2101 1892 2188 1944 in-

604 1957 785 2023 teritu,
812 1956 1078 2018 oblivione
1109 1971 1456 2037 posteritatis,
1483 1975 1853 2042 exstinguitur.

675 2046 835 2117 Quid]
864 2052 942 2104 Ad
971 2056 1117 2121 quid.

676 2134 741 2204 0]
770 2137 1011 2197 Mirantis
1038 2143 1357 2214 inte‘tjectio,
1386 2153 1468 2204 vel
1498 2155 1801 2210 miserantis
1824 2167 1876 2209 et
1896 2162 2184 2214 condolen-

595 2224 666 2275 tis
694 2228 862 2279 errori
900 2232 1234 2288 mortalium.
1267 2238 1410 2291 Ordo
1446 2252 1566 2294 est:
1594 2244 1637 2295 Ο
1665 2247 1789 2310 quid
1832 2252 2043 2316 superbi
2087 2267 2182 2319 ge-

593 2314 768 2367 stiunt
798 2315 988 2372 frustra
1013 2321 1188 2379 levare
1214 2326 1349 2380 colla
1375 2333 1581 2384 mortali
1602 2332 1750 2401 jugo!
1780 2337 1880 2390 hoc
1899 2314 2018 2392 est:
2045 2314 2181 2406 Quid

592 2406 811 2471 superbi
843 2417 897 2463 et
926 2410 1063 2466 fastu
1096 2415 1260 2470 inﬂati
1303 2407 1561 2476 homines
1587 2436 1852 2479 conantur
1904 2430 1955 2482 in
1985 2445 2175 2486 vanum

592 2497 810 2552 nomine
832 2514 929 2555 suo
949 2504 1275 2571 divulgando
1299 2524 1357 2563 se
1379 2512 1603 2567 reddere
1630 2515 1959 2574 immortales
1982 2518 2007 2567 Ῡ

665 2588 855 2644 Levare
886 2595 1020 2647 colla
1046 2596 1196 2668 jugo]
1241 2600 1443 2654 Alludit
1484 2604 1549 2657 ad
1590 2607 1755 2662 boves
1787 2608 1972 2677 jugum
2003 2611 2180 2667 delre-

590 2687 801 2735 ctautes
830 2696 893 2736 ac
921 2684 1155 2751 abjicere
1180 2704 1283 2743 non
1313 2692 1577 2759 valentes,
1604 2696 1752 2763 juxta
1776 2699 1908 2754 illud
1938 2720 1951 2754 :

713 2767 817 2817 Non
833 2770 951 2834 iuga
972 2780 1144 2825 taurus
1161 2788 1305 2843 amat,
1327 2794 1437 2842 quas
1456 2790 1619 2833 tamen
1640 2787 1741 2835 odit
1763 2788 1933 2842 habet.

666 2847 875 2903 Mortali
896 2854 1048 2926 jugo]
1080 2858 1417 2915 Mortalitatis
1443 2866 1749 2921 conditione
1770 2911 1785 2933 ,
1815 2872 1897 2924 cui
1924 2884 2049 2928 sunt
2081 2876 2177 2929 ub-

589 2938 758 2991 noxii’.
1448 3014 1451 3017 μ

663 3028 823 3101 Licet]
856 3033 1129 3103 Quamvis,
1161 3045 1389 3096 tametsi.

660 3119 713 3171 Μ
719 3122 857 3194 cans]
889 3125 1197 3185 Transiens.

658 3210 917 3287 Explicet]
948 3218 1355 3288 Interpretatur.

655 3300 871 3375 Domus]
902 3305 1063 3372 Gens,
1089 3311 1286 3367 familia
1313 3330 1502 3383 genus.

654 3392 795 3447 Mors
835 3401 1031 3463 spernit
1066 3404 1225 3454 altam
1269 3406 1510 3480 gloriam]
1551 3410 1754 3467 Seneca
1784 3416 2005 3484 epistola
2047 3417 2108 3473 91
2147 3437 2159 3473 :

580 3481 775 3549 A'lquat
812 3489 998 3541 onlnes
1025 3490 1159 3545 cinis
1182 3532 1197 3555 ,
1231 3494 1459 3563 impares
1487 3504 1776 3569 nascimur,
1815 3520 1970 3572 pares
2000 3510 2162 3561 mori-

579 3585 719 3624 mur.
755 3572 896 3626 Idem
945 3579 1171 3645 epistola
1203 3582 1311 3637 99:
1347 3585 1401 3639 In
1436 3598 1578 3642 tanta
1614 3572 1941 3649 volutatione
1982 3611 2159 3651 rerum

577 3658 928 3717 humanarum
967 3669 1040 3721 nil
1071 3672 1345 3741 cuiquam,
1382 3679 1481 3731 nisi
1530 3696 1703 3746 mors,
1733 3694 1959 3738 certum.
1994 3687 2161 3741 liora-

577 3753 682 3804 tius
706 3752 758 3805 in
788 3755 951 3810 Odis:

695 3840 1183 3927 mersaeque
1203 3852 1360 3913 pulsat
1382 3857 1510 3917 pede
1532 3832 1796 3921 pa‘uperum
1819 3865 2065 3927 tabernas,

695 3902 985 3969 “egumtwe
1005 3902 1184 3962 ιυτπέε,
1203 3902 1215 3913 “
1384 3902 1399 3917 τ
1422 3902 1439 3905 ‘
1454 3902 1507 3906 "
1532 3902 1703 3921 τ-νιτν·
1718 3902 1796 3911 ----
1819 3902 1881 3945 ...τ

582 3982 857 4047 lucretius
882 4004 894 4039 :

693 4076 942 4149 Scipiadas
961 4072 1078 4149 belli
1101 4082 1303 4143 fulmen,
1325 4087 1630 4149 Carthaginis
1652 4106 1789 4142 error

694 4135 813 4209 Ossa
833 4139 967 4187 dedit
988 4148 1155 4202 terrai,
1169 4135 1381 4209 proinde
1395 4135 1457 4196 ac
1478 4135 1628 4199 diuini
1648 4135 1839 4203 infimus
1858 4167 2009 4209 esset.

851 4195 1905 4278 repertoresthriuarumatque-leporum;

693 4257 832 4306 Adde
852 4257 1222 4314 Heliconiadum
1241 4270 1458 4320 comites.

572 4333 713 4389 Idem
741 4356 751 4390 :
830 4390 831 4393 η

690 4425 908 4507 l‘n‘dejalii
930 4432 1068 4507 multi
1091 4448 1258 4507 reges,
1284 4452 1550 4507 rerumque
1574 4454 1817 4507 potentes,

687 4486 999 4555 Ceciderunt,
1024 4486 1213 4556 magnis
1231 4486 1311 4559 qui
1334 4486 1942 4567 gentibus'imperivta’runt.

568 4566 712 4621 Idem
740 4586 752 4621 :

599 4667 612 4683 '
684 4660 1053 4737 [Qute‘malanos
1067 4670 1253 4737 subigit
1270 4674 1385 4721 vitai
1408 4681 1535 4723 lauta
1557 4678 1731 4737 cupido
1748 4678 1772 4727 ‘I

684 4721 828 4797 gena.
848 4726 1043 4797 quidem
1065 4721 1301 4780 linis‘vitaa
1324 4721 1772 4797 mortalibusad—sfitv.

682 4779 785 4829 Nec.
801 4779 1003 4834 devitari
1026 4788 1178 4838 letum
1201 4803 1313 4852 pote
1327 4779 1724 4856 'éiuiti’eiiésin‘iiéi

634 4860 831 4918 Fidelis
862 4866 1106 4943 Fabricii]
1131 4875 1225 4928 llic
1248 4881 1434 4931 consul
1461 4880 1731 4935 Romanus
1757 4884 1872 4943 fuit.
1897 4889 1984 4955 qui
2013 4890 2142 4945 lide-

560 4948 625 5003 lis
647 4966 712 5003 eo
734 4953 928 5008 dicitur
952 4961 1091 5023 quod
1116 4963 1274 5016 [idem
1300 4968 1379 5018 vel
1406 4966 1545 5021 hosti
1572 4974 1886 5026 servandam
1914 4948 2137 5045 putavit,

558 5040 797 5110 nihilque
819 5060 913 5112 per
937 5046 1173 5104 fraudem
1198 5055 1279 5107 vel
1302 5055 1521 5110 insidias
1541 5059 1822 5128 agendum.
1843 5040 1974 5117 Cum
1997 5040 2136 5121 enim

561 5129 644 5195 (ut
674 5131 742 5186 M.
769 5133 921 5188 Tullii
955 5140 1132 5193 verbis
1170 5146 1319 5212 utar)
1365 5161 1458 5200 rex
1506 5147 1741 5219 Pyrrhus
1786 5154 1983 5220 populo
2029 5155 2139 5209 llo-

522 5216 525 5217 ⁷
555 5235 712 5275 mano
743 5224 937 5280 bellum
971 5230 1253 5299 intulisset,
1277 5252 1503 5308 cumque
1520 5240 1586 5295 de
1609 5242 1835 5311 imperio
1859 5256 2130 5303 certamen

552 5321 692 5366 esset
719 5329 839 5369 cum
873 5333 996 5387 rege
1025 5337 1287 5389 generoso
1323 5342 1385 5381 ac
1427 5333 1659 5397 potenti,
1705 5332 1920 5403 perfuga
1972 5337 2041 5391 ab
2070 5354 2135 5393 eo

550 5404 695 5456 venit
722 5405 773 5457 in
806 5419 981 5463 castra
1014 5411 1275 5482 Fabricii,
1307 5419 1463 5488 eique
1492 5431 1573 5474 est
1602 5423 1891 5490 pollicitus,
1916 5425 1958 5479 si
1990 5418 2131 5496 pra!-

548 5496 710 5549 mium
744 5499 791 5552 ei
824 5506 1215 5571 proposuisset,
1246 5520 1392 5583 seut
1416 5512 1552 5566 clam
1580 5505 1841 5581 venisset,
1885 5518 1961 5570 sic
1989 5519 2129 5573 clam

547 5579 599 5635 in
631 5583 821 5657 Pyrrhi
852 5602 1025 5647 castra
1071 5596 1364 5653 rediturum
1412 5610 1465 5653 et
1504 5616 1625 5655 eum
1666 5617 1875 5657 veneno
1916 5615 2131 5661 necatu-

545 5682 689 5727 rum.
732 5673 887 5734 Ilunc
934 5679 1212 5741 Fabricius
1260 5690 1619 5753 reducendum
1658 5694 1865 5749 curavit
1893 5693 1958 5749 ad
2004 5696 2131 5760 Pyr—

2361 1871 2508 1944 Cato]
2537 1876 2681 1930 Multi
2711 1878 2893 1934 Romae
2915 1881 3142 1935 Catones
3163 1883 3399 1948 fuerunt,
3424 1902 3606 1940 verum
3631 1888 3736 1941 duo
3761 1906 3863 1957 pra:

2289 1964 2500 2017 etcteris
2530 1965 2775 2022 illustrati
2807 1981 2966 2033 sunt,
3012 1972 3220 2026 Marcus
3261 1974 3479 2029 Porcius
3510 1978 3638 2031 Cato
3667 1980 3861 2034 Censo-

2290 2053 2437 2117 rius,
2469 2062 2525 2109 et
2553 2055 2685 2111 Cato
2721 2060 2964 2123 Stoicus,
3002 2064 3090 2129 qui
3140 2072 3257 2130 post
3300 2076 3522 2119 mortem
3568 2084 3724 2136 quam
3764 2072 3861 2124 sibi

2288 2140 2456 2198 Utica:
2487 2148 2766 2215 conscivit,
2802 2149 3067 2205 Uticensis
3087 2152 3261 2209 dictus
3286 2164 3388 2209 est.
3418 2159 3612 2211 [lorum
3642 2170 3859 2230 uterque

2280 2233 2483 2302 jnstitia
2506 2277 2521 2302 ,
2552 2241 2865 2305 severitate,
2899 2258 3214 2316 morumque
3244 2260 3448 2300 summa
3478 2250 3735 2316 gravitate
3764 2251 3857 2309 fuit

2285 2326 2638 2382 clarissimus.

2359 2420 2519 2489 Quid]
2550 2422 2628 2474 Ad
2651 2423 2798 2490 quid.

2354 2507 2552 2562 Decora
2579 2512 2844 2582 vocabula]
2876 2502 3099 2570 Pulchra
3130 2524 3365 2574 nomina.

2355 2595 2626 2669 Nouimus]
2661 2600 2893 2670 Scimus,
2928 2616 3189 2662 tenemus.

2314 2738 2317 2739 ,
2353 2686 2515 2757 Num]
2542 2689 2809 2760 Nunquid.

2350 2778 2714 2854 Consumptos]
2748 2786 3004 2843 Mortuus.
3528 2796 3552 2819 ⁸

2338 2860 2560 2942 ducetis]
2593 2873 2830 2929 Snbaudi
2865 2893 2958 2936 vos
2989 2880 3229 2936 homines
3260 2895 3379 2954 post
3403 2898 3648 2942 mortem.

2348 2959 2594 3033 Prorsus]
2625 2965 2876 3020 Omnino.
3644 2986 3648 2990 ’

2347 3048 2686 3125 Ignorabiles]
2716 3055 3003 3124 ignobiles.

2194 3146 2240 3208 C
2342 3144 2524 3218 Trahi]
2555 3148 2821 3205 Protrahi.

2340 3238 2501 3311 Aura]
2534 3241 2851 3311 Splendore.

2340 3328 2577 3384 Nominis
2618 3336 2869 3406 mortalis]
2916 3336 3070 3392 Morti
3123 3349 3179 3393 et
3223 3344 3555 3412 corruptioni
3599 3346 3843 3416 subjecti.

2252 3419 2537 3476 'Ausonius
2567 3439 2582 3476 :

2389 3513 2624 3588 Miremur
2643 3519 2847 3588 periisse
2859 3519 3440 3588 _homines,_monumenta
3463 3524 3682 3575 fatiscunt
3707 3543 3720 3588 ;

2450 3575 2577 3623 Mors
2598 3575 2745 3625 etiam
2766 3582 2912 3639 saxis,
2934 3575 3305 3643 nominibusque
3330 3586 3474 3634 venit.

2338 3653 2482 3726 Cum]
2511 3656 2752 3722 Quando.

2337 3744 2464 3799 Sera
2501 3745 2629 3817 dies]
2653 3748 2885 3817 Tempus
2913 3750 3198 3820 aliquando
3231 3764 3529 3808 venturum.

2337 3836 2472 3909 Hoc]
2503 3838 2729 3893 Nomen.

2335 3928 2577 3982 Secunda
2626 3929 2792 3999 mors]
2859 3932 2971 3996 Qua
3032 3948 3224 3988 nomen
3270 3936 3652 4003 exstinguitur,
3704 3938 3836 3993 sicut

2233 4018 2429 4085 .prima
2460 4028 2628 4072 morte
2653 4022 2754 4072 vita
2779 4024 3036 4075 exstincta
3068 4033 3169 4075 est.
3197 4025 3347 4091 Apud
3380 4026 3714 4079 Petrarcham
3741 4027 3835 4083 lib.

2259 4108 2452 4161 Africre
2486 4125 2542 4175 ιι,
2575 4109 2879 4179 Scipionem
2910 4114 3188 4170 Africanus
3212 4117 3354 4173 hunc
3384 4116 3436 4169 in
3467 4118 3681 4171 modum
3704 4118 3834 4172 allo-

2259 4197 2478 4263 quitur:

2378 4286 2769 4355 Trausibuntque
2790 4292 2905 4343 cito.
2926 4306 3033 4351 quae
3058 4307 3141 4340 vos
3160 4308 3380 4342 mansura
3402 4298 3594 4355 putatis.

2383 4348 2483 4410 lina
2503 4348 2702 4399 manere
2724 4360 2880 4410 potest
2904 4348 3106 4401 occasus
3126 4358 3287 4402 nescia
3314 4348 3485 4404 vurt'us.

2380 4406 2461 4477 illa
2484 4412 2607 4477 viam
2633 4406 2739 4458 facit
2760 4413 2817 4457 ad
2838 4425 3063 4477 superos,
3087 4416 3173 4462 hac
3195 4419 3389 4476 pergite
3412 4418 3579 4477 fortes,

2381 4469 2481 4531 δυο
2497 4471 2691 4532 defessa
2715 4474 2846 4529 gravi
2870 4469 2965 4519 suc.
2986 4476 3179 4522 nimiam
3197 4469 3342 4532 terga
3366 4477 3535 4525 labori.

2530 4533 2569 4578 si
2591 4530 2705 4598 falsa
2728 4545 2896 4593 vagam
2916 4534 3132 4583 delectat
3153 4530 3309 4596 gloria
3328 4545 3562 4598 mentem,

2374 4590 2549 4659 ASpice
2567 4591 2684 4659 quid
2706 4590 2891 4659 cupias,
2918 4590 3188 4659 transibunt
3210 4606 3448 4658 tempora,
3470 4590 3643 4659 corpus

2372 4649 2472 4719 llos
2494 4649 2627 4699 cadet
2641 4689 2654 4712 ,
2677 4661 2727 4719 et
2747 4649 2925 4702 cedent
2946 4656 3144 4719 indigno
3164 4649 3377 4706 membra
3395 4649 3639 4719 sepulcro.

2370 4710 2483 4778 ldos
2504 4710 2689 4778 ruetet
2710 4715 2922 4774 bustum,
2948 4710 3215 4778 titulusque
3236 4722 3283 4766 in
3306 4710 3546 4768 marmore
3565 4728 3728 4769 sectus

2372 4772 2590 4832 Occidet,
2612 4773 2687 4820 hic
2707 4772 2917 4824 mortem
2933 4772 3267 4836 patieris'nate
3287 4784 3569 4831 secundam.

2764 4880 2829 4934 IN
2860 4883 3130 4938 PROSAM
3173 4886 3306 4941 VIII.

2321 4967 2587 5025 Hactenus
2612 4970 2838 5028 fortuna:
2859 4950 3290 5042 ineonsiautiam,
3312 4979 3824 5051 t'raudnlentiamque

2248 5068 2301 5113 et
2327 5060 2602 5127 perfidiam
2634 5059 2975 5131 Philosophia
3000 5065 3221 5128 detexit,
3250 5076 3304 5121 et
3334 5068 3385 5121 in
3410 5070 3487 5122 eis
3517 5070 3824 5125 muneribus

2249 5151 2378 5204 nihil
2405 5154 2511 5207 veri
2542 5153 2666 5207 boni
2695 5155 2871 5209 inesse
2897 5155 3286 5211 demonstravit
3315 5176 3328 5211 :
3362 5175 3504 5213 nunc
3529 5161 3603 5214 ait
3636 5161 3833 5216 adver-

2246 5257 2358 5294 sam
2392 5244 2506 5309 plus
2550 5244 2852 5299 hominibus
2882 5262 3041 5315 quam
3074 5266 3381 5319 prosperam
3415 5254 3669 5319 prodesse
3715 5254 3822 5309 for-

2245 5341 2456 5391 tunam.
2489 5349 2609 5387 cum
2657 5334 2771 5389 haec
2814 5337 3025 5405 quidem
3072 5340 3346 5398 blanditiis
3386 5344 3607 5399 allectos
3634 5362 3663 5398 a
3694 5360 3820 5400 vero

2240 5420 2384 5475 bono
2413 5421 2670 5477 fallaciter
2696 5424 2989 5493 abstrahat,
3017 5428 3103 5482 illa
3132 5445 3262 5486 vero
3296 5434 3609 5503 plerumque
3636 5450 3819 5490 erran-

2241 5520 2318 5566 tes
2360 5513 2423 5566 ad
2473 5528 2654 5569 veram
2702 5515 3078 5575 beatitudinem
3130 5524 3466 5588 quaerendam
3520 5526 3814 5588 reducens,

2241 5603 2379 5656 velut
2415 5617 2549 5656 unco
2580 5607 2835 5660 retrahat.

2314 5694 2656 5765 lttcxorabile]
2688 5700 2835 5763 Quod
2870 5702 3031 5759 nullis
3064 5706 3303 5771 precibus
3334 5670 3579 5777 componi
3628 5705 3816 5777 possit.
