4190 6268
368 267 476 321 980

444 377 559 449 En]
592 360 797 435 E‘venn.

440 467 565 539 ll'a]
599 470 853 523 Fortuna.

442 560 594 629 Tum]
626 561 794 613 Tunc.

441 649 591 721 Cum]
620 652 865 716 Quando.

439 740 635 811 Cestio]
667 742 858 809 Cupio.

441 831 637 901 quue]
671 833 734 885 Et
756 832 826 884 ob
859 831 930 885 id.

442 923 566 993 Illa]
602 926 858 992 Prospera
907 923 1134 976 fortuna.
1191 922 1448 978 Rationes
1478 924 1630 977 atl‘ert
1670 926 1861 991 quibus
1892 924 1943 976 id

367 1015 511 1083 quod
542 1015 676 1068 dixit
703 1030 886 1067 verum
912 1028 1032 1067 esse
1063 1013 1272 1081 probat.
1918 1006 1929 1017 ’

439 1104 585 1174 Haec]
617 1105 875 1158 Adversa.
912 1104 1115 1159 Seneca
1140 1106 1437 1173 Tragicos:

488 1195 664 1243 Malam
686 1196 825 1243 bonae
842 1195 1078 1256 praeferre
1097 1195 1334 1245 fortunam
1356 1196 1491 1246 licet.

444 1276 741 1346 Ventosam]
774 1276 1190 1331 lnconstantem.
1222 1278 1511 1335 Horatius:
1574 1266 1577 1273 ’

487 1364 655 1414 Romae
672 1365 822 1414 Tibur
840 1379 1017 1423 amem,
1037 1373 1267 1415 ventosus
1283 1366 1492 1428 Tibure,
1515 1366 1726 1415 Ruinam.

444 1446 733 1517 Fluentem]
760 1448 1156 1511 Luxuriantem,
1183 1446 1536 1514 difﬂuentem,
1557 1450 1942 1517 Vagabundam.

368 1536 588 1591 Uviilius
610 1552 626 1589 :

492 1625 921 1687 Luxuriantanimi
944 1625 1094 1673 rebus
1113 1624 1402 1687 plerumque
1423 1626 1669 1687 secundis,

548 1686 651 1734 Nec
671 1684 810 1733 facile
830 1694 906 1734 est
925 1699 1060 1746 aequa
1079 1684 1332 1734 commoda
1348 1695 1516 1735 mente
1537 1689 1650 1747 pati.

440 1767 631 1836 Suique
675 1783 873 1833 semper
918 1762 1186 1836 ignaram]
1236 1767 1487 1820 Homines
1528 1768 1669 1819 enim
1722 1768 1945 1822 fortuna:

368 1861 701 1913 successibus
736 1860 884 1924 elati,
914 1860 1075 1912 nimis
1104 1860 1448 1927 superbiunt,
1479 1872 1645 1928 seque
1677 1860 1819 1929 ipsos
1850 1877 1943 1912 ne-

369 1965 627 2020 quaquam
661 1958 1013 2019 cognoscunt.

442 2028 702 2109 Saluiam]
732 2040 1162 2107 Temperanteui.

437 2131 783 2200 Succinctam]
815 2130 1139 2192 Cobibitam,
1168 2144 1274 2182 non
1302 2128 1657 2182 difﬂuentem.

437 2224 769 2277 Adversitatia
797 2219 1178 2289 exercitatione]
1224 2221 1456 2290 Baptista
1499 2221 1811 2274 Mantuanus
1848 2220 1940 2273 lo.

368 2314 625 2368 Silvarum
661 2311 896 2367 secundo
922 2330 935 2363 :

609 2403 777 2451 Rebus
796 2403 1017 2449 adversis
1040 2402 1218 2459 agitata
1243 2404 1392 2447 virtus

607 2464 814 2519 Crescit,
839 2471 889 2511 et
910 2464 1056 2509 robur
1078 2463 1287 2508 cruciata
1311 2460 1454 2519 lutth

606 2525 764 2574 Sumit
785 2526 975 2577 attritu.
999 2521 1271 2582 meliusque
1292 2530 1424 2569 terso

709 2620 712 2624 .
794 2585 1021 2633 (ῖιιησίοεη
1040 2596 1148 2630 ore.

435 2669 476 2719 Α
502 2682 615 2720 vero
638 2664 787 2735 bona]
817 2665 978 2717 Divus
1003 2663 1315 2716 Ambrosius
1342 2662 1393 2715 in
1425 2661 1515 2714 lib.
1533 2662 1601 2716 de
1630 2664 1787 2729 Inter]
1808 2663 1941 2715 eila-

370 2759 513 2810 tione
543 2772 557 2808 :
591 2754 773 2823 Magna
803 2754 944 2807 enim
979 2752 1228 2807 illecebra
1261 2751 1597 2817 delinquendi
1625 2762 1707 2804 est
1762 2768 1939 2804 rerum

368 2846 638 2899 affluentia
676 2843 1050 2897 secundarum.
1105 2838 1302 2907 Supina
1347 2840 1583 2905 extollit,
1616 2841 1938 2894 oblivionem

367 2936 601 2990 auctoris
632 2933 879 2987 infundit.
906 2930 1298 3000 Mimographus
1322 2946 1336 2981 :

487 3024 699 3074 Fortuna
718 3036 865 3086 quem
890 3023 1089 3070 nimium
1110 3020 1260 3079 fovet,
1279 3020 1478 3069 stultum
1499 3019 1626 3070 facit.

437 3107 669 3184 Baptista
703 3106 1018 3159 Mantuanus
1048 3104 1101 3156 in
1132 3102 1300 3171 prima
1327 3102 1639 3157 Parthenice
1667 3120 1681 3156 :

485 3195 735 3245 Enervare
756 3194 913 3242 solent
933 3205 1128 3241 securas
1144 3195 1239 3241 otia
1262 3198 1473 3247 mentes.

484 3258 543 3306 Et
564 3260 690 3306 vitiis
709 3257 935 3303 umbrare
956 3256 1158 3310 animas,
1178 3260 1232 3300 ut
1253 3252 1407 3312 pulvis
1426 3265 1606 3313 aquoso

484 3318 649 3366 Imbre
666 3322 781 3374 colt,
799 3316 1084 3371 levibusque
1107 3316 1205 3373 rapi
1224 3313 1320 3372 jam
1343 3312 1499 3360 nescit
1518 3316 1579 3359 ab
1598 3312 1760 3373 Euris,

485 3380 567 3428 Sic
585 3379 784 3425 adversa
805 3376 983 3436 premit
1000 3387 1177 3422 sensus
1196 3375 1383 3436 fortuna
1404 3373 1642 3433 rebelles,

486 3438 544 3487 Et
563 3440 694 3499 cogit
716 3433 888 3499 parere
910 3435 1033 3499 Deo,
1055 3436 1343 3499 morbosque
1361 3433 1575 3499 latentes

485 3495 651 3557 Pellit‘,
670 3495 1030 3557 et'ardentesin
1051 3506 1251 3556 pectore
1273 3495 1460 3553 mitigat
1478 3501 1642 3542 cestus.

486 3561 548 3609 L't
567 3556 669 3609 sale
690 3570 951 3620 conspersa
970 3556 1141 3615 longos
1158 3562 1416 3603 servantur
1438 3558 1487 3601 in
1510 3568 1625 3602 usus

485 3622 706 3675 Viscera,
726 3617 817 3667 nec
833 3617 942 3666 lardi
963 3619 1113 3669 sanie.
1137 3630 1227 3663 nec
1248 3624 1470 3676 tempore
1490 3624 1708 3675 possunt,

489 3683 568 3729 Sic
585 3683 718 3729 duris
740 3682 883 3728 animi
904 3680 1057 3727 rebus
1078 3679 1344 3733 tirmantur,
1365 3684 1418 3724 et
1433 3689 1626 3723 omnem

484 3745 729 3804 Abjiclunt
751 3745 901 3804 pestis
919 3752 1131 3804 causam,
1150 3750 1256 3804 sors
1276 3750 1451 3804 aspera
1468 3743 1623 3783 lutum

484 3798 680 3852 Praebet
699 3798 814 3861 itcr,
834 3802 907 3849 via
927 3801 1147 3848 sidereas
1167 3799 1271 3845 haec
1290 3798 1423 3845 ducit
1442 3800 1486 3844 in
1509 3809 1661 3845 arces.

431 3886 717 3937 Amicorum
748 3879 995 3950 ﬁdelium]
1024 3880 1255 3932 Ennius:

486 3975 683 4023 Amicus
702 3980 868 4019 certus
890 3972 936 4017 in
960 3982 1015 4017 re
1041 3971 1220 4016 incerta
1243 3972 1475 4019 cernitur.

363 4056 493 4109 Iliae
521 4068 617 4106 nos
645 4053 785 4104 hunc
814 4050 1135 4103 versiculum
1168 4051 1390 4104 lusimus
1422 4069 1433 4102 :

483 4147 646 4195 Rebus
667 4147 715 4194 in
738 4146 939 4193 incertis
957 4149 1123 4192 certus
1145 4152 1392 4204 spectatur
1412 4148 1609 4195 amicus.

360 4230 576 4283 Ovidius
608 4245 621 4281 :

477 4317 572 4369 Scil
594 4323 676 4366 cet
693 4322 743 4363 ut
768 4314 948 4363 fulvum
969 4320 1222 4374 spectatur
1242 4317 1287 4362 in
1309 4317 1506 4376 ignibus
1521 4327 1710 4377 aurum,

538 4379 782 4439 Tempore
800 4378 871 4425 sic
887 4377 1007 4423 duro
1030 4384 1105 4425 est
1127 4377 1421 4437 inspicienda
1442 4378 1576 4424 fides.

428 4459 583 4529 Suos]
615 4458 870 4524 Sodales,
918 4456 952 4508 ii
1000 4457 1140 4508 enim
1191 4457 1278 4523 qui
1323 4454 1585 4508 fortunam
1639 4465 1931 4525 sequuntur

358 4570 458 4607 non
488 4552 601 4605 veri
623 4561 745 4603 sunt
776 4550 956 4612 amici,
988 4549 1080 4602 sed
1106 4548 1316 4601 sodales
1348 4558 1401 4600 et
1435 4546 1661 4601 fortunae
1687 4551 1927 4604 comites.

425 4637 656 4711 Integer]
699 4638 942 4692 Nondum
984 4637 1173 4699 Imsus,
1215 4636 1447 4689 nondum
1479 4637 1638 4689 rebus
1684 4639 1781 4692 tuis
1811 4654 1932 4707 spo-

356 4734 420 4787 Iia
450 4748 532 4786 us.

428 4824 627 4896 Desine]
654 4824 880 4880 Pulchra
902 4823 1175 4877 conclusio
1196 4829 1277 4876 est
1296 4836 1358 4875 ex
1382 4821 1662 4875 contrariis
1685 4833 1927 4877 ornatum

356 4917 573 4971 ducens.
1568 4924 1571 4927 ’

424 5006 622 5058 Amicos
661 5002 913 5073 invenisti]
958 5002 1109 5057 Nunc
1156 5003 1297 5055 enim
1345 5012 1669 5057 novercante
1719 5003 1925 5060 fortuna

357 5112 506 5149 vei-os
555 5106 673 5149 tuo;
721 5095 923 5149 amicos
985 5094 1286 5166 cognoscis.
1349 5094 1730 5161 Argumentum
1784 5099 1924 5152 enim

357 5199 488 5239 vene
513 5186 760 5241 amicitia:
785 5194 888 5250 est,
914 5199 1019 5237 non
1048 5184 1301 5238 deserere
1321 5184 1549 5238 amicum
1574 5194 1810 5254 tempore
1830 5187 1924 5240 ad-

355 5281 634 5335 mrsitatis.
872 5284 873 5287 “

855 5370 919 5424 ΙΝ
957 5367 1245 5423 METRUM
1290 5366 1418 5420 VIII.

416 5461 643 5514 Carmen
678 5468 759 5513 est
786 5459 1133 5529 Glyconicum
1158 5498 1171 5519 ,
1202 5456 1376 5510 simile
1405 5466 1555 5510 sexto
1585 5458 1737 5525 primi
1782 5447 1918 5523 libri.

352 5552 425 5606 Eo
455 5552 644 5616 docet,
672 5565 856 5604 amore
886 5550 1058 5602 omnia
1101 5547 1353 5615 conjungi
1377 5588 1390 5609 .
1436 5549 1702 5615 totiusque
1743 5548 1925 5601 mundi

353 5651 595 5697 constare
633 5640 970 5696 concordiam
1015 5655 1027 5689 :
1086 5650 1269 5691 amore
1312 5651 1521 5706 quoque
1560 5652 1591 5703 p
1629 5638 1779 5705 pulos
1825 5638 1923 5693 fm-

1539 269 1914 327 IIURMELLII
1955 275 2467 337 COMMENTARIA.

1976 394 2025 446 Δ
2052 387 2186 444 dere
2213 395 2527 462 conjunctos
2547 438 2562 453 .
2593 412 2774 454 amore
2804 400 3056 470 conjuges
3074 443 3088 468 ,
3128 410 3183 458 et
3209 404 3408 459 amicos
3432 418 3625 460 conve-

1957 4426 2007 4484 ι)

3523 292 3624 347 990

2053 481 2189 536 nire.
2224 483 2541 541 Franciscus
2565 487 2870 557 Philelplius
2898 493 2947 543 in
2975 491 3183 562 Satyris
3206 512 3221 546 ε

2176 573 2343 621 Omnia
2367 584 2606 635 perpetuo
2628 578 2781 627 lirmat
2799 581 3051 628 concordia
3076 594 3223 630 nexu.

2173 636 2411 696 Quidquid
2435 649 2565 684 amor
2580 637 2759 699 jungit,
2778 641 2970 689 sieclum
2988 643 3220 702 perdurat
3239 644 3287 692 in
3307 655 3469 692 omne.

2050 713 2371 770 Claudianus
2402 718 2467 771 ad
2498 719 2790 775 llonorium
2818 740 2829 773 :

2176 806 2277 876 [fon
2297 810 2365 855 sic
2386 811 2626 869 excubim,
2647 824 2738 860 nec
2757 815 3109 863 circumstantia
3134 816 3245 876 pila.

2172 867 2525 935 Quanrtutatur
2546 867 2695 935 amor.
2716 887 2809 920 non
2831 867 3150 935 extorquebis
3171 878 3335 926 amari.

2171 927 2273 994 Iloc
2292 928 2478 994 alterna
2500 933 2636 989 lides,
2654 934 2746 981 hoc
2764 935 2965 994 simplex
2994 927 3146 991 gratia
3166 940 3328 985 donat.

2168 987 2341 1057 l_‘i_onn_e
2363 992 2499 1040 vides
2520 987 2824 1057 Operuniqni
2848 987 2901 1043 se
2926 987 3279 1056 piilclterrimus
3297 999 3406 1057 ipse

2170 1048 2377 1117 Mundus
2396 1048 2561 1117 amore
2584 1055 2738 1114 ligat?
2762 1048 2853 1104 nec
2873 1048 3153 1104 vi'connexa
3176 1072 3261 1117 per
3280 1048 3431 1105 tre-eunt

2170 1109 2456 1177 Consiiirant
2476 1109 2721 1177 elementa
2745 1119 2859 1171 sibi,
2879 1119 2959 1177 qui
2982 1117 3137 1163 limite
3162 1109 3373 1164 l‘liorbus

2172 1170 2440 1233 Contentus
2460 1176 2641 1230 medio.
2662 1170 2920 1223 contentus
2939 1177 3103 1224 littore
3130 1178 3331 1233 Pontus,

2170 1229 2230 1296 Et
2248 1236 2328 1291 qui
2351 1246 2589 1294 perpetuo
2612 1242 2784 1290 terras,
2806 1238 3055 1293 ambitque
3077 1229 3335 1296 venitque,

2168 1290 2273 1340 Nec
2292 1290 2477 1353 premat
2498 1296 2784 1360 incumbens
2802 1301 2939 1343 oneri
2963 1290 3051 1343 nec
3072 1290 3281 1345 cesserit
3304 1290 3389 1346 aer
3405 1297 3429 1346 ?

2051 1369 2119 1425 Ut
2147 1371 2296 1425 Plato
2323 1374 2479 1428 docet
2508 1376 2558 1428 in
2590 1376 2791 1429 'I‘ima-o
2812 1417 2827 1438 ,
2861 1376 3088 1431 mundus
3119 1378 3358 1445 seipsum
3390 1378 3621 1434 amicitia

2047 1463 2297 1516 concordi
2346 1465 2743 1532 complectitur,
2786 1473 2945 1534 atque
2974 1467 3045 1519 ita
3089 1478 3214 1535 apte
3255 1467 3516 1533 cohaeret,
3568 1477 3625 1521 ut

2047 1562 2276 1621 nequeat
2303 1555 2521 1609 dissolvi
2551 1557 2660 1609 ullo
2686 1558 2867 1624 modo,
2910 1558 3008 1611 nisi
3040 1559 3108 1611 ab
3135 1559 3325 1613 eodem
3354 1574 3383 1612 a
3415 1574 3520 1627 quo
3545 1570 3625 1614 est

2047 1646 2351 1714 colligatus.
2367 1648 2608 1703 ‘Mundus
2640 1649 2826 1703 Latine
2864 1666 2893 1702 a
2938 1652 3129 1718 puritia
3157 1660 3395 1717 vocatur,
3429 1652 3623 1705 coelum

1977 1744 2024 1800 Β
2049 1749 2077 1788 a
2109 1738 2383 1802 caelatura,
2416 1738 2601 1793 Grmce
2625 1741 2693 1793 ab
2725 1748 2913 1792 ornatu
2936 1730 3146 1811 κόσμοξ.
3169 1740 3232 1796 C.
3261 1739 3462 1795 Plinius
3490 1741 3624 1794 libro

2048 1828 2319 1880 sicunde:
2350 1829 2517 1894 Quem
2549 1831 2730 1901 κόσμθν
2758 1830 2928 1885 Graeci
2959 1832 3174 1886 nomine
3204 1832 3503 1886 ornamenti
3529 1847 3624 1899 ap-

2047 1921 2403 1987 pellaverunt,
2438 1937 2557 1975 eum
2587 1932 2641 1975 et
2684 1938 2782 1977 nos
2813 1940 2841 1976 a
2872 1926 3107 1992 perfecta
3135 1927 3482 1995 absolutaque
3510 1925 3623 1978 ele-

2045 2009 2222 2077 gantia
2259 2011 2536 2065 mundum.
2568 2012 2777 2067 (Icelum
2819 2014 3031 2081 quidem
3083 2014 3221 2069 haud
3265 2015 3425 2069 dubie
3452 2014 3623 2070 czelati

2046 2109 2357 2166 argumento
2384 2100 2636 2165 diximus,
2667 2111 2724 2156 ut
2749 2102 3129 2170 interpretatur
3156 2104 3224 2158 M.
3256 2103 3444 2157 Varro.

2115 2190 2303 2244 Stabili
2324 2192 2449 2262 ﬁde]
2483 2193 2743 2262 Per'petua
2770 2196 3093 2250 constantia.
3318 2182 3329 2194 ’

2126 2278 2290 2351 Vires]
2321 2280 2762 2337 Periiiutaliones.

2116 2368 2348 2440 Semina]
2392 2371 2687 2425 Elementa.
2738 2373 2938 2427 Plinius
2986 2373 3123 2427 libro
3169 2373 3404 2427 secundo
3450 2375 3621 2441 capita

2046 2460 2229 2526 quinto
2257 2476 2271 2511 :
2301 2460 2409 2514 Nec
2438 2462 2503 2515 de
2531 2462 2812 2517 elementis
2842 2464 2998 2517 video
3036 2463 3266 2517 dubitari
3310 2473 3534 2526 quatuor
3562 2479 3622 2520 ea

2044 2562 2183 2614 esse,
2212 2550 2411 2618 ignium
2441 2565 2708 2606 summum
2727 2592 2744 2617 ,
2773 2552 2898 2607 inde
2942 2561 3019 2605 tot
3045 2553 3322 2606 stellarum
3351 2552 3623 2606 collucen-

2046 2641 2174 2694 tium
2209 2641 2329 2695 illos
2372 2643 2589 2708 oculos,
2628 2644 2928 2709 proximum
2959 2644 3214 2710 spiritus,
3262 2656 3419 2711 quem
3450 2642 3621 2697 Graeci

2046 2736 2319 2804 nostrique
2363 2736 2549 2789 eodem
2599 2736 2863 2791 vocabulo
2908 2751 3033 2790 aera
3067 2737 3367 2804 appellant,
3409 2737 3620 2790 vitalem

2046 2825 2205 2887 hunc,
2231 2835 2284 2878 et
2303 2839 2398 2892 per
2424 2836 2617 2880 cuncta
2640 2842 2816 2880 rerum
2840 2827 3143 2889 meabilem,
3168 2837 3384 2894 totoque
3406 2840 3620 2880 conser-

2046 2926 2177 2966 tum.
2208 2913 2369 2982 Cujus
2394 2916 2446 2967 vi
2474 2930 2786 2984 suspensam
2834 2932 2954 2969 cum
2986 2927 3177 2983 quarto
3224 2930 3482 2983 aquarum
3512 2916 3619 2969 ele-

2047 3014 2227 3059 mento
2258 3006 2450 3060 librare
2481 3010 2658 3062 medio
2687 3008 2842 3076 spatii
2874 3009 3137 3061 tellurem.
3170 3008 3244 3061 lia
3269 3018 3452 3060 mutuo
3473 3004 3639 3059 com;~

1962 3081 2007 3140 C
2044 3095 2198 3161 plexu
2236 3095 2554 3149 diversitatis
2581 3097 2721 3151 effici
2762 3086 2994 3161 nexum,
3023 3105 3079 3151 et
3115 3096 3247 3150 levia
3290 3095 3616 3163 ponderibus

2038 3184 2299 3246 inhiberi,
2338 3201 2442 3253 quo
2479 3187 2655 3241 minus
2691 3187 2925 3242 evolent.
2963 3188 3265 3255 Contraque
3308 3187 3519 3250 gravia,
3550 3202 3617 3238 ne

2037 3284 2215 3340 ruant,
2244 3276 2518 3343 suspendi,
2560 3276 2763 3331 levibus
2789 3277 2840 3331 in
2873 3278 3103 3331 sublime
3134 3276 3498 3331 tendentibus.
3526 3275 3616 3329 Sic

2034 3365 2149 3433 pari
2176 3366 2228 3418 in
2265 3364 2474 3419 diversa
2504 3366 2620 3419 nisu
2643 3406 2660 3432 ,
2689 3368 2741 3420 vi
2770 3383 2865 3422 sua
2892 3383 3117 3436 quaeque
3140 3368 3452 3429 consistere,
3484 3366 3615 3421 irre-

2034 3454 2213 3521 quieto
2244 3455 2424 3508 mundi
2458 3455 2624 3523 ipsius
2652 3457 2940 3509 constricta
2974 3456 3229 3521 circuitu,
3272 3472 3376 3524 quo
3404 3462 3615 3525 semper

2034 3544 2085 3594 in
2117 3556 2175 3596 se
2198 3557 2446 3597 currente
2470 3585 2485 3609 ,
2520 3546 2675 3597 imam
2707 3549 2866 3613 atque
2899 3546 3129 3599 mediam
3162 3547 3213 3598 in
3245 3556 3353 3599 toto
3385 3555 3610 3607 terram,

2033 3632 2379 3701 eamdemque
2403 3635 2610 3687 inverso
2632 3633 2850 3688 cardine
2874 3644 3016 3687 stare
3040 3635 3381 3703 pendentem,
3411 3634 3610 3688 libran-

2036 3733 2140 3776 tem
2172 3737 2265 3790 per
2294 3740 2411 3791 qua:
2440 3725 2688 3793 pendeat.
2735 3725 2807 3778 lta
2852 3728 3019 3779 solam
3070 3726 3425 3788 immobilem,
3466 3727 3607 3779 circa

2034 3826 2149 3865 eam
2183 3813 2400 3867 volubili
2451 3815 2831 3878 universitate,
2883 3817 3230 3885 eamdemque
3257 3832 3323 3870 ex
3366 3816 3612 3870 omnibus

2034 3904 2196 3967 necti,
2229 3903 2511 3972 eidemque
2537 3907 2713 3959 omnia
2743 3906 2917 3959 inniti.

2107 3984 2420 4066 Pugnantia]
2449 3994 2747 4050 Contraria.
3251 4063 3255 4067 ,

2106 4083 2294 4137 Fcedus
2328 4086 2644 4159 perpetuum]
2676 4088 2994 4157 Perpetuam
3015 4106 3219 4159 pacem.
3245 4093 3398 4147 Ovid.
3420 4112 3436 4145 :

2159 4177 2423 4225 Dissociata
2445 4176 2560 4227 locis
2579 4181 2802 4229 concordi
2828 4195 2946 4242 pace
2967 4182 3158 4242 ligavit.

2033 4258 2259 4312 Manlius
2289 4262 2707 4315 Astronomimn
2738 4262 2873 4315 libro
2906 4266 3074 4331 primo
3100 4282 3113 4319 :

2152 4349 2256 4413 Hoc
2274 4362 2394 4406 Opus
2412 4351 2630 4400 immensi
2651 4361 2977 4400 constructum
2997 4367 3199 4413 corpore
3219 4355 3407 4413 mundi,

2161 4410 2477 4471 Membraque
2498 4423 2678 4460 natura:
2696 4413 2886 4460 diversa
2905 4410 3095 4461 condita
3116 4416 3268 4462 forma

2162 4474 2318 4534 Aeris,
2337 4481 2489 4534 atque
2512 4475 2656 4532 ignis,
2676 4481 2841 4527 terrae,
2862 4473 3123 4533 pelagique
3140 4477 3360 4534 jacentis.

2162 4532 2247 4593 \f'is
2269 4533 2441 4580 animae
2460 4534 2616 4579 divina
2642 4536 2788 4589 regit.
2809 4532 3222 4593 szicquue’meatu

2160 4592 2407 4653 ConSpirat
2428 4594 2581 4648 Deus,
2605 4599 2657 4640 et
2675 4598 2817 4640 tacita
2839 4592 3026 4640 ratione
3048 4596 3309 4653 gubernat,

2161 4652 2216 4713 Et
2237 4652 2384 4700 multa
2406 4655 2451 4699 in
2471 4661 2669 4700 cunctas
2686 4654 2935 4713 dispensat
2958 4653 3136 4700 turdi-ra
3160 4663 3341 4713 partes,

2157 4712 2320 4775 Altera
2342 4720 2394 4760 ut
2413 4713 2616 4760 alterius
2637 4712 2782 4769 vires,
2800 4712 3039 4773 faciatque
3062 4712 3306 4775 feratque,

2154 4774 2448 4832 Summaque
2469 4786 2557 4833 per
2577 4776 2730 4821 varias
2748 4782 2939 4822 maneat
2960 4779 3160 4833 cognata
3182 4773 3376 4835 figuras.

2035 4853 2175 4908 Idem
2208 4854 2344 4907 libro
2375 4855 2530 4907 tertio
2561 4874 2572 4906 :

2155 4946 2270 5011 Fata
2295 4955 2473 5007 regunt
2489 4947 2831 5011 orbem,cerla
2851 4954 2978 4997 stant
2995 4951 3153 4997 omnia
3174 4949 3288 5011 lege
3302 4987 3315 5008 .

2155 5007 2419 5069 Longaque
2445 5022 2530 5069 per
2552 5016 2712 5057 certos
2731 5010 2983 5070 signantur
3005 5007 3430 5074 tempora‘cuis‘us,

2105 5089 2346 5161 Plurima]
2379 5092 2488 5144 Sol.

2104 5180 2347 5251 Roseum]
2381 5182 2690 5245 l‘ulclirum,
2723 5180 3005 5250 fulgidum,
3039 5184 3411 5241 rubicundum.

2105 5272 2290 5342 Aurea]
2321 5273 2542 5336 Lucido,
2571 5275 2738 5341 claro,
2771 5275 2979 5328 illustri.

2104 5363 2263 5433 Quas]
2292 5364 2505 5420 Noctes.

2109 5454 2322 5508 θηται-η
2359 5455 2633 5527 Hesperus]
2669 5455 2933 5525 Hesperus
2975 5457 3078 5510 dux
3126 5456 3298 5510 noctis
3336 5465 3450 5520 est,
3483 5470 3602 5508 nam

2031 5561 2146 5600 eam
2197 5547 2482 5613 praecedit,
2534 5562 2652 5601 cum
2702 5548 2910 5615 vesperi
2954 5547 3082 5602 solis
3123 5561 3371 5603 occasum
3418 5546 3609 5601 subscv

2030 5641 2226 5706 quitur.
