4216 6256
623 324 721 381 991

696 430 909 502 Phoebe]
941 430 1105 485 Luna.

698 520 937 591 Avidum]
966 520 1223 588 Cupidum
1252 527 1304 572 et
1337 530 1520 571 vorax.

697 612 960 681 Coerceat]
991 611 1268 666 Cohibeat.

701 702 881 772 Vagisl
910 702 1280 768 Prwscriptum
1309 698 1465 754 linem
1494 702 1911 755 transeuntibus.

714 792 883 845 Tende
895 789 940 859 e]
972 790 1291 843 Extendere.

692 880 911 951 Seriem]
966 880 1398 947 Connexionem,
1449 883 1808 936 continuatam
1867 883 2197 952 progressio-

619 987 763 1027 nem.

692 1069 936 1142 Pelagus]
969 1072 1129 1125 Mare.

689 1161 1020 1232 Itnperilans]
1051 1161 1341 1229 lmperans.

688 1250 812 1322 Hic]
844 1252 1029 1305 Amor.
1612 1322 1615 1327 η

685 1339 859 1394 Frena
889 1339 1155 1409 remiserit]
1200 1340 1454 1409 Regimen
1494 1350 1545 1393 et
1588 1340 2007 1395 moderationem
2040 1342 2195 1396 dese~

615 1433 799 1484 ruerit.
831 1431 1129 1485 Translatio
1159 1441 1241 1484 est
1266 1446 1477 1499 sumpta
1520 1432 1588 1485 ab
1622 1433 1685 1484 iis
1722 1434 1811 1501 qui
1842 1434 2001 1488 frenis
2025 1449 2195 1503 equos

615 1521 885 1575 cohibent.

681 1618 953 1690 Continuo]
982 1620 1121 1684 Mox,
1153 1620 1352 1689 absque
1381 1619 1663 1676 dilatione.

684 1717 843 1772 Socia
872 1696 993 1789 [ide]
1026 1718 1201 1771 Mutua
1226 1719 1535 1772 concordia.

682 1816 930 1889 Incitant]
960 1819 1192 1873 Movent.

680 1907 903 1978 Certent]
933 1908 1189 1964 Certatim
1219 1910 1567 1964 contendant.

684 1998 911 2068 Solvere]
941 1999 1262 2062 Dissolvere,
1294 2015 1658 2067 corrumpi-re.

684 2088 1002 2159 Hac/tinam]
1032 2091 1204 2143 Mundi
1234 2106 1450 2160 corpus.

687 2178 809 2248 llic]
842 2184 1021 2233 Amor.

1268 319 1608 375 APPENDIX
1650 320 1738 373 AD
1779 317 2018 372 LIBROS
2059 316 2145 370 DE
2184 311 2699 369 CONSOLATIONE
2741 306 3236 366 PHILOSOPHIIE.

2232 428 2283 481 Α

3779 307 3888 361 99⁸3

2383 420 2622 490 Sanctae]
2652 422 2833 476 Justos
2855 461 2870 485 ,
2899 421 3043 488 pacis
3084 416 3326 472 amantes
3345 458 3361 483 ,
3401 415 3594 471 Christi
3626 417 3885 483 sanguine

2309 513 2669 566 confirmatos.
2706 512 2799 565 Vel
2827 521 3040 565 sanctos
3062 550 3079 578 ,
3112 509 3263 564 factis
3291 510 3458 565 sacris
3482 518 3536 566 et
3567 509 3885 578 iuramentis

2308 604 2559 672 pirestitis
2587 603 2946 657 consociatos.

2380 696 2467 766 Et]
2502 696 2697 750 Etiam.

2377 786 2640 856 Conjugii]
2669 786 3012 840 Matrimonii.

2376 876 2619 945 Sacrum]
2643 876 3066 930 Sacramentnm.

2376 964 2540 1018 Cattis
2566 964 2845 1035 amoribus]
2880 964 3091 1019 Pudicis
3120 965 3396 1020 aﬂeCIibus
3422 965 3717 1019 amatoriis.
3775 1033 3779 1037 _

2376 1052 2587 1122 Triplex
2622 1064 2694 1107 est
2719 1052 2885 1125 amor]
2925 1055 3118 1123 Turpis
3164 1057 3378 1123 quidem
3424 1058 3593 1110 solam
3636 1058 3879 1123 corporis

2302 1142 2625 1210 voluptatem
2666 1143 2929 1211 sequitur,
2970 1144 3197 1212 ideoque
3236 1145 3511 1197 brutorutn
3557 1144 3732 1212 passio
3770 1154 3875 1197 est.

2302 1228 2609 1283 Generosus
2640 1244 2770 1284 vero
2796 1230 3052 1284 mundum
3088 1232 3307 1298 respicit
3332 1232 3588 1295 animum,
3621 1232 3686 1285 ad
3712 1232 3879 1284 virtu-

2301 1319 2367 1372 tis
2396 1319 2571 1373 ollicia
2612 1330 2938 1388 promptum.
2973 1321 3177 1375 Medius
3210 1333 3489 1390 utramque
3528 1322 3729 1392 diligit,
3767 1332 3875 1374 tum

2299 1410 2561 1475 corporis,
2587 1417 2696 1463 tum
2726 1410 2891 1464 animi
2922 1409 3390 1478 pulchritudinem.

2370 1498 2563 1570 Dictal]
2595 1501 2919 1565 Prazscribit,
2947 1502 3203 1570 suggerit.

2371 1590 2523 1643 Fidi:
2554 1590 2699 1661 coda]
2731 1592 2886 1646 Veris
2917 1594 3122 1647 amicis.

2371 1677 2416 1731 0
2447 1679 2573 1748 felix
2591 1680 2853 1732 hominum
2874 1680 3051 1751 genus]
3081 1680 3431 1749 Subintellige
3457 1694 3604 1734 esses
3647 1678 3702 1733 Si
3721 1694 3875 1732 amor

2224 1776 2266 1832 Β
2295 1786 2400 1839 quo
2428 1774 2623 1827 cm!um
2655 1771 2878 1838 regitur,
2909 1782 3057 1841 regat
3081 1773 3290 1829 animos
3319 1781 3558 1833 vestros,
3590 1770 3637 1822 id
3668 1779 3752 1823 est
3782 1770 3876 1822 bo-

2292 1860 2494 1913 niinum
2526 1860 2754 1915 animos.
2790 1858 2993 1914 Felices
3017 1861 3234 1931 (inquit)
3262 1876 3356 1915 vos
3389 1862 3631 1914 homines
3654 1861 3873 1925 essetis,

2292 1950 2336 2002 si
2361 1963 2454 2016 per
2475 1964 2711 2003 amorem
2737 1960 2881 2003 tanta
2908 1951 3043 2004 foret
3070 1953 3205 2005 inter
3228 1966 3324 2004 vos
3345 1951 3651 2018 concordia,
3677 1960 3875 2018 quanta

2291 2049 2372 2094 est
2401 2039 2451 2092 in
2484 2040 2639 2094 rebus
2665 2041 2995 2095 cmlestibus.
3026 2042 3247 2105 Verum.
3280 2053 3333 2095 ut
3362 2044 3436 2095 ait
3468 2051 3640 2109 poeta,

2328 2138 2340 2145 ”
2414 2136 2554 2197 Lege
2575 2138 2722 2187 deum
2746 2141 2963 2187 minimas
2984 2153 3149 2189 rerum
3174 2142 3410 2189 discordia
3432 2142 3608 2198 turba',

2417 2198 2595 2247 Pacem
2622 2208 2805 2247 summa
2833 2207 3024 2249 tenent.

613 2300 3861 2325 Μ

1829 2401 2114 2477 LIBER
2167 2402 2635 2479 TERTIUS.

1049 2616 1114 2669 IN
1155 2616 1424 2671 PROSAM
1467 2617 1671 2671 PRIMA
1685 2617 1755 2671 M.

682 2705 929 2760 Secundo
949 2706 1217 2760 volumine
1242 2708 1457 2761 fallaces
1488 2708 1713 2761 fortuna:
1736 2724 1915 2764 mores
1945 2710 2188 2766 Philoso-

608 2794 732 2862 phia
763 2795 1047 2849 luculentis
1073 2796 1252 2851 verbis
1289 2798 1530 2864 aperuit,
1556 2798 1779 2866 ejusque
1811 2814 2029 2853 munera
2060 2816 2188 2855 vera

606 2884 746 2937 bona
778 2899 882 2937 non
917 2898 1037 2939 esse
1064 2886 1472 2940 demonstravit.
1507 2887 1619 2941 lloc
1648 2898 1822 2942 autem
1853 2890 2012 2943 tertio
2042 2890 2186 2944 lalsm

606 2973 875 3028 felicitatis
917 2975 1139 3030 formam
1185 2977 1471 3043 describit,
1522 2980 1577 3034 et
1621 2980 1816 3035 deinde
1861 2984 2183 3036 contrariam

605 3063 683 3117 Illi
707 3080 847 3120 vera:
888 3065 1231 3122 beatitudinis
1273 3069 1720 3137 pulchritudinem
1751 3072 1985 3137 inducit,
2014 3083 2067 3127 et
2094 3074 2181 3129 ubi

2370 2621 2651 2694 Hii/cedo]
2701 2624 2975 2688 Snavitas,
3028 2624 3460 2689 delinimentum,
3505 2624 3787 2679 delectatio
3839 2642 3867 2679 a

2295 2714 2598 2770 mulcendo.
2645 2715 2806 2768 Divus
2847 2716 3149 2784 Cyprianus
3178 2716 3241 2768 ad
3274 2716 3534 2769 Donatum
3561 2732 3579 2768 :
3605 2716 3868 2769 Proleotet

2294 2802 2437 2857 auris
2474 2805 2722 2873 religiosa
2764 2806 3010 2861 mulcedo
3043 2824 3059 2858 :
3108 2807 3246 2860 USus
3275 2816 3354 2860 est
3400 2816 3453 2861 et
3497 2808 3595 2861 hac
3636 2807 3877 2861 dictione

2293 2895 2546 2950 Sidonius
2577 2898 2900 2965 Apollinaris
2924 2899 2977 2952 in
3007 2897 3259 2967 Epistolis
3283 2900 3413 2954 suis.

2363 2985 2646 3056 Deﬁxerat]
2676 2991 2950 3043 Attentum
2976 2989 3303 3044 reddiderat.

2364 3078 2640 3134 Lastorum
2678 3080 3041 3153 fatigatorum]
3085 3082 3241 3138 Curis
3279 3090 3336 3138 et
3375 3082 3647 3137 doloribus
3686 3080 3865 3137 confe-

604 3155 885 3221 consistat,
916 3159 1163 3227 quodque
1190 3175 1352 3213 unum
1381 3159 1451 3213 sit
1479 3175 1744 3215 summum
1784 3162 1982 3216 bonum
2009 3182 2022 3216 :
2057 3167 2181 3218 item
2210 3138 2256 3201 C
2285 3178 2515 3225 ctornm.

605 3245 748 3312 quod
794 3246 934 3301 Deus
980 3248 1250 3301 beatitudo
1293 3257 1347 3302 et
1376 3262 1645 3302 summum
1675 3250 1872 3304 bonum
1905 3266 2008 3304 non
2033 3252 2184 3307 dilfe-

604 3346 757 3403 rant,
788 3337 1072 3391 luculentis
1101 3340 1396 3392 rationibus
1435 3340 1691 3394 ostendit.
1740 3340 2000 3394 Praeterea
2029 3341 2184 3397 docet

603 3441 725 3479 eum
754 3427 841 3494 qui
872 3418 1252 3481 beatitudinem
1290 3428 1359 3481 sit
1386 3437 1695 3491 assecutus,
1726 3428 1885 3481 simul
1915 3429 2183 3485 sufﬁcien-

604 3518 755 3579 tiam,
788 3518 1163 3584 reverentiam,
1186 3518 1501 3585 potentiam,
1524 3519 1915 3585 celebritatem,
1941 3521 2180 3575 laetitiam

603 3620 725 3661 esse
755 3616 1121 3661 consecutum.
1158 3608 1236 3661 Ad
1267 3607 1381 3661 haec
1405 3610 1639 3663 ostendit
1662 3610 1850 3664 horum
1883 3612 2177 3677 nominum,

602 3700 845 3766 quamvis
870 3711 1002 3751 voce
1028 3697 1307 3762 differant,
1338 3698 1657 3753 sufficientia
1679 3741 1694 3765 ,
1729 3701 2025 3754 reverentia
2046 3741 2061 3763 ,
2095 3716 2179 3768 po-

602 3788 764 3842 tentia
785 3830 799 3852 ,
836 3788 1153 3852 celebritas,
1181 3787 1363 3841 laetitia
1386 3828 1402 3852 ,
1434 3798 1612 3841 tamen
1642 3803 1799 3841 unam
1829 3789 2179 3858 eamdemque

600 3894 720 3935 esse
749 3883 879 3936 vim.
911 3879 1061 3935 Unde
1092 3880 1364 3935 heminum
1395 3894 1550 3934 error
1576 3880 1779 3947 liquido
1825 3879 2179 3948 deprehendi-

601 3978 709 4035 tur,
740 3970 830 4038 qui
865 3980 1115 4037 tanquam
1145 3985 1206 4023 ea
1241 3968 1516 4035 differant,
1550 3984 1716 4023 unum
1743 3969 1952 4024 illorum
1985 3979 2177 4038 praeter

600 4066 792 4112 caetera
817 4057 1018 4112 ducunt
1042 4060 1422 4128 expetendum.
1455 4058 1521 4113 Et
1549 4059 1597 4113 in
1623 4058 1851 4115 diversis
1880 4074 2028 4113 suam
2062 4060 2175 4113 feli-

598 4150 812 4202 citatem
858 4150 1222 4214 constituunt,
1270 4150 1321 4203 in
1348 4152 1538 4220 quibus
1566 4152 1782 4206 minime
1812 4152 2035 4206 inveniri
2079 4166 2175 4219 po-

598 4247 721 4293 test.
750 4239 853 4292 Alii
885 4254 1115 4307 namque
1146 4240 1201 4293 in
1227 4240 1448 4309 opibus,
1486 4241 1573 4294 alii
1602 4241 1653 4294 in
1681 4241 2054 4310 dignitatibus,
2082 4241 2172 4295 alii

595 4328 647 4379 in
674 4329 881 4395 regnis,
916 4327 1062 4382 multi
1093 4328 1145 4381 in
1174 4329 1337 4397 gloria
1362 4370 1377 4393 ,
1414 4329 1628 4397 plurimi
1673 4331 1725 4383 in
1758 4330 2025 4398 voluptate
2049 4330 2171 4385 bea-

594 4419 875 4474 titudinem
917 4435 977 4474 se
1011 4421 1299 4485 adepturos
1337 4421 1688 4487 existimant,
1734 4422 1826 4477 sed
1878 4423 2166 4476 falluntur:

593 4511 1022 4581 quandoquidem
1054 4527 1153 4566 nec
1180 4512 1369 4580 Opibus
1394 4511 1743 4578 sufﬁcientia,
1773 4528 1872 4567 nec
1901 4512 2171 4580 dignitati-

590 4604 693 4658 bus
717 4606 1017 4659 reverentia
1039 4648 1053 4672 ,
1087 4619 1185 4659 nec
1209 4606 1389 4674 regnis
1417 4606 1650 4674 potentia
1677 4645 1693 4669 ,
1735 4620 1831 4659 nec
1855 4605 2041 4674 glorize
2073 4622 2166 4659 no-

592 4694 751 4746 minis
798 4695 1200 4754 immortalitas.
1264 4709 1362 4748 nec
1420 4694 1680 4763 voluptati
1730 4695 1936 4749 sincera
1982 4697 2164 4749 laetitia

590 4785 899 4855 contingere
929 4796 1122 4854 potest.
1152 4787 1240 4840 Sic
1260 4802 1381 4840 cum
1408 4788 1563 4856 longe
1590 4788 1803 4842 diversa
1835 4790 2088 4852 sentiant,
2110 4798 2165 4842 et

590 4878 644 4931 in
692 4878 942 4933 felicitate
992 4880 1355 4947 investiganda
1397 4879 1648 4932 mortales
1687 4879 1941 4933 aberrent
1978 4893 2006 4931 a
2035 4893 2163 4932 vero

589 4968 750 5031 bono,
783 4968 947 5023 nihilo
978 4978 1150 5023 tamen
1179 4971 1353 5022 minus
1375 4969 1426 5022 in
1453 4983 1663 5023 summo
1695 4968 1835 5023 bono
1864 4969 2166 5039 appetendo

588 5060 912 5113 conveniunt
933 5073 1141 5122 omnes,
1167 5068 1324 5127 atque
1346 5058 1704 5112 consentiunt.
1727 5058 1844 5124 Quo
1868 5058 1926 5110 fit
1948 5066 2004 5111 ut
2027 5073 2163 5111 unus

586 5163 765 5205 rerum
787 5150 857 5203 sit
876 5149 1110 5202 omnium
1140 5148 1261 5201 finis
1281 5147 1579 5211 Deus,cum
1604 5147 1875 5201 beatitudo
1896 5162 2158 5199 summum

586 5240 784 5294 bonum
806 5280 821 5305 ,
852 5249 904 5293 et
935 5239 1074 5293 Deus
1096 5280 1109 5304 ,
1141 5239 1353 5292 nomina
1398 5238 1610 5305 quidem
1641 5237 1850 5290 diversa
1871 5278 1883 5298 ,
1918 5250 2002 5289 res
2034 5250 2160 5288 vero

584 5332 656 5387 sit
683 5348 805 5386 una.
844 5332 932 5386 Sic
971 5340 1146 5385 autem
1188 5330 1374 5383 Boetio
1416 5327 1469 5382 in
1514 5336 1744 5381 mentem
1796 5334 2076 5381 revocatur
2104 5326 2158 5379 id

583 5425 725 5495 quod
756 5441 819 5479 ex
850 5425 1015 5477 tribus
1044 5433 1166 5477 ante
1210 5437 1268 5475 se
1308 5422 1583 5478 confessus
1612 5430 1695 5483 est
1722 5421 1998 5499 ignorare,
2035 5426 2155 5488 puta

583 5518 701 5585 qnis
726 5530 900 5570 rerum
929 5515 1048 5567 ﬁnis
1072 5515 1139 5567 sit
1163 5514 1421 5567 omnium.

652 5603 891 5674 Avidum]
917 5602 1199 5671 Cupidum.

651 5690 973 5761 Stupentch
1006 5691 1299 5746 Mirantem.

2358 3260 2622 3332 Solamen]
2651 3262 3010 3318 Consolatrix.

2356 3350 2623 3420 Refovisti]
2654 3352 2949 3407 Recreasti.

2353 3443 2514 3514 Adeo]
2548 3443 2603 3497 In
2630 3453 2855 3499 tantum.

2354 3532 2641 3605 Imparem]
2670 3536 2947 3592 Resistere
2973 3552 3077 3591 non
3103 3546 3393 3605 potentem.

2354 3623 2472 3676 Non
2503 3624 2852 3696 perhorresco]
2883 3626 2998 3680 Non
3028 3627 3340 3682 reformido.

2352 3714 2607 3786 Eﬁlagt’lo]
2640 3717 2866 3785 Expeto.

2351 3803 2521 3875 Sensi]
2554 3804 2787 3875 Cognovi
2813 3816 2863 3861 te
2884 3807 3131 3861 audiendi
3158 3807 3368 3860 aridum
3398 3806 3601 3860 acriora
3623 3807 3856 3861 remedia

2280 3895 2625 3949 vehementer
2656 3896 2969 3963 efﬂagitare.

2348 3983 2620 4053 Habitum]
2650 3986 3024 4052 Alfectionem,
3048 3985 3476 4053 dispositionem.

2351 4076 2479 4139 Qua:
2501 4073 2709 4145 restant]
2744 4075 2998 4129 Remedia
3029 4084 3147 4144 qua:
3174 4077 3375 4145 reliqua
3405 4086 3547 4129 sunt.

2346 4164 2644 4237 Flagrares]
2670 4168 2918 4222 Arderes.

2348 4256 2602 4327 Quonam]
2634 4259 2769 4324 Quo,
2800 4259 2865 4311 ad
2898 4259 3045 4327 quid.

2348 4348 2602 4413 Somniat]
2637 4350 2807 4404 Veluti
2842 4366 2934 4419 per
2964 4353 3229 4405 somnium
3270 4352 3608 4421 imaginatur,
3640 4360 3695 4403 et
3722 4364 3853 4404 con-

2271 4443 2453 4509 jcctat.

2323 4532 2425 4585 ‘Ad
2453 4530 2720 4601 imagines]
2748 4531 2824 4585 Ad
2852 4534 3060 4600 species
3088 4532 3379 4585 felicitatis.

2341 4621 2368 4675 Ι
2379 4638 2521 4688 psam
2552 4619 2719 4691 illam]
2752 4622 2940 4675 \‘eram
2967 4623 3296 4676 felicitatem.

2340 4713 2466 4766 Sine
2485 4712 2824 4783 cunctatione]
2852 4714 3063 4781 Absque
3090 4728 3257 4766 mora.

2341 4801 2628 4873 Specimen]
2663 4802 3000 4868 Exemplum,
3032 4803 3280 4869 formam,
3310 4801 3700 4868 probationem.

2693 4894 2759 4948 ΙΝ
2798 4893 3084 4948 METRUM
3128 4890 3412 4948 PRIMUM.

2339 4982 2565 5039 Carmen
2593 4992 2677 5037 est
2717 4983 3155 5051 itbypballicuin,
3206 4983 3553 5053 dactylicum,
3594 4988 3843 5033 tetrante-

2268 5084 2426 5141 trum,
2459 5075 2810 5129 acatalcctum
2830 5114 2844 5137 ,
2877 5084 3135 5128 constans
3156 5075 3321 5127 tribus
3347 5071 3571 5142 dactylis
3599 5080 3651 5124 et
3674 5069 3843 5139 pyrri-

2264 5164 2408 5218 cliio.
2437 5164 2724 5219 Scanditur
2749 5175 2923 5217 autem
2952 5163 3054 5216 hoc
3082 5164 3241 5217 modo
3267 5181 3279 5214 :

2512 5252 2605 5310 Qui
2630 5264 2768 5314 sere,
2787 5254 3098 5313 ringenuum,
3121 5249 3273 5309 volet,
3292 5262 3482 5311 agrum.

2265 5332 2616 5388 Terentianus
2656 5333 2753 5388 hoc
2801 5334 2956 5387 metri
3004 5348 3173 5402 genus
3222 5332 3521 5402 plialiscun
3552 5330 3792 5383 nominat
3822 5365 3840 5392 ,

2265 5440 2383 5478 cum
2414 5424 2487 5477 ait
2518 5444 2530 5477 :
3468 5440 3475 5445 ν’

2387 5512 2521 5562 Talia
2545 5512 2672 5561 dicta
2697 5512 2903 5572 phalisca
2928 5512 3155 5573 legimus.

2264 5597 2504 5662 Quatuor
2560 5600 2737 5646 autem
2790 5593 3269 5657 similitudinibus,
3325 5592 3596 5654 eleganter
3651 5586 3841 5657 probat

2266 5687 2412 5754 prius
2443 5685 2587 5739 falsa:
2631 5683 2971 5739 beatitudinis
3026 5683 3259 5753 speciem
3309 5681 3482 5736 verbis
3533 5690 3654 5735 esse
3699 5676 3837 5733 desi-
