4216 6256
322 379 431 446 993

328 605 570 647 εαηοςει.

399 609 570 645 "OSCI.

362 609 505 749 gQui
532 675 719 747 serere]
757 652 910 728 Prius
940 665 1159 740 (inquit)
1196 662 1371 718 noxize
1408 660 1589 716 herba:
1619 666 1669 712 et
1698 655 1917 710 frutices

333 743 664 839 exstirpandi
686 743 830 829 sunt,
848 774 1004 831 quam
1031 754 1236 811 semina
1258 751 1434 808 telluri
1455 748 1743 806 credenda.
1777 743 1912 798 Fau-

338 873 457 919 stus
491 856 816 915 Andrelinus
842 870 856 906 :

465 950 687 1000 Pessima
710 945 911 995 sollicito
932 939 1260 1000 vellendaest
1282 935 1435 984 herba
1458 932 1651 992 colono,

524 998 598 1059 Ne
624 1018 796 1071 pereat
814 1003 915 1053 sola
940 1001 1145 1064 plurimo
1170 998 1279 1046 labe
1303 1008 1470 1058 seges.

340 1101 504 1154 Divus
528 1094 879 1160 Hieronymus
907 1102 922 1138 :
951 1087 1090 1152 Ager
1118 1082 1366 1151 Spinosus
1398 1078 1499 1131 nisi
1541 1084 1665 1128 ante
1696 1071 1915 1126 cultoris

344 1191 527 1246 labore
548 1183 709 1239 fuerit
729 1179 1074 1247 exstirpatus,
1110 1187 1217 1227 non
1253 1169 1419 1224 nutrit
1464 1168 1518 1220 in
1546 1180 1607 1220 se
1642 1165 1782 1233 jacta
1825 1175 1916 1215 se-

338 1282 508 1344 mina,
540 1274 633 1330 sed
661 1270 903 1327 sutfocat.

416 1363 618 1435 Serere]
658 1360 966 1419 Seminibus
996 1356 1240 1424 implere.

418 1452 738 1531 Ingenuum]
778 1450 1054 1507 Fertilem.

420 1524 733 1616 Fraticibus]
770 1540 1013 1597 Frutices
1068 1534 1231 1590 medii
1270 1538 1395 1587 sunt
1424 1528 1567 1583 inter
1598 1524 1829 1579 arbores
1868 1530 1923 1575 ct

348 1642 561 1697 herbas.
591 1613 733 1691 Nam
772 1639 827 1687 et
860 1631 1093 1684 minores
1122 1622 1402 1678 arboribus
1442 1626 1585 1682 sunt,
1617 1630 1717 1670 nec
1744 1613 1923 1667 hieme

350 1740 409 1785 ut
436 1727 618 1784 herbae
644 1729 912 1779 arescunt.

422 1804 839 1888 Fificem]’Filix
859 1810 1024 1866 herba
1069 1815 1152 1861 est
1198 1804 1356 1873 vulgo
1408 1808 1554 1862 nota,
1607 1795 1775 1866 segeti
1802 1808 1922 1848 eum
1956 1820 2003 1879 Β

353 1912 538 1982 primis
576 1906 755 1962 noxia.
792 1903 1081 1957 Horatius:
1130 1928 1138 1935 ι

476 1999 728 2061 Neglectis
751 1994 936 2044 urenda
958 1991 1055 2039 ﬁlix
1082 1986 1349 2037 innascitur
1372 1982 1524 2043 agris.

427 2055 599 2149 Ceres]
642 2079 828 2147 Segcs.
869 2075 939 2128 Et
965 2073 1184 2125 licenter
1223 2066 1311 2121 hic
1349 2064 1591 2143 ultimam
1620 2055 1877 2125 corripuit
1916 2070 1929 2105 :

361 2183 419 2227 ut
444 2171 691 2227 lloratius
721 2168 773 2221 in
806 2169 931 2221 Arte
960 2160 1199 2233 poetica,
1229 2156 1399 2227 palus,
1445 2161 1531 2207 est
1559 2149 1703 2205 enim
1746 2155 1934 2201 natura

364 2265 519 2332 longa
553 2278 565 2312 :
599 2257 786 2327 Virgil.

488 2352 633 2401 Flava
652 2349 804 2397 Ceres
826 2345 923 2394 alto
944 2342 1237 2404 nequiquam
1259 2338 1452 2397 spectat
1469 2330 1692 2392 Olympo.

366 2438 613 2492 Fortasse
639 2430 854 2486 Boetius
882 2428 1137 2494 scriptum
1164 2420 1384 2487 reliquit
1403 2428 1574 2484 seges,
1613 2424 1738 2465 cum
1765 2422 1830 2462 ex
1858 2406 1939 2459 ala

367 2538 478 2584 tera
504 2525 737 2581 dictione
764 2521 816 2574 in
845 2519 1067 2571 alteram
1099 2512 1267 2567 facilis
1296 2509 1365 2562 sit
1386 2504 1688 2574 prolapsus.
1731 2499 1827 2553 Est
1847 2512 1942 2550 au-

370 2630 474 2672 tem
503 2615 636 2679 ordo
666 2632 681 2667 :
713 2612 786 2668 Ut
813 2622 951 2664 nova
971 2605 1132 2661 Ceres
1156 2608 1265 2665 eat,
1304 2598 1357 2653 id
1387 2604 1471 2653 est
1511 2591 1789 2663 proveniat
1818 2604 1941 2659 gra-

372 2708 472 2769 vis,
522 2705 574 2759 id
602 2713 685 2759 est
713 2700 871 2769 plena
900 2697 1068 2764 fruge.
1112 2692 1277 2746 Ceres
1315 2688 1455 2741 dicta
1485 2693 1568 2739 est
1594 2684 1802 2751 frugum
1845 2680 1942 2732 dea

374 2806 622 2863 tanquam
652 2803 827 2859 geres,
861 2787 1029 2854 prima
1059 2782 1235 2837 littera
1262 2784 1483 2831 mutata.

446 2887 632 2956 Apium
672 2880 837 2949 labor]
867 2878 993 2935 Mel.

451 2977 503 3029 Μ
511 2973 622 3045 age]
662 2972 846 3041 Magis.

454 3040 626 3121 Malus
668 3062 840 3134 sapor]
872 3054 1206 3116 Amaritudo.
1246 3052 1334 3107 Sic
1365 3048 1718 3115 Hieronymus
1747 3057 1761 3094 :
1791 3040 1953 3134 Ama-

1555 355 1928 421 IIURMELILII
1969 354 2485 412 COMMENTARIA.

324 499 613 573 gnandam,
670 500 725 548 ut
768 478 954 562 po'stea
984 499 1124 541 vera:
1163 483 1327 538 forma
1370 478 1704 533 commodius
1734 474 1903 545 possit
1932 476 1981 532 Α

3479 342 3589 407 994

2130 472 2357 521 Constitit
2384 477 2437 519 et
2458 468 2620 530 Libyae
2636 465 2816 519 Ueﬁxit
2839 464 3023 515 lumina
3049 464 3240 528 regnis.

2092 552 2409 622 Mortalium]
2460 551 2770 605 Hominum.

2093 644 2146 696 Μ
2153 644 2462 710 ultiplicium
2487 639 2796 709 studiorum]
2827 637 3108 694 Terentius
3131 656 3145 693 :

2356 734 2485 789 Quot
2508 731 2747 787 homines,
2769 736 2840 777 tot
2862 731 3124 778 sententias
3146 741 3159 774 :

2356 794 2485 841 Suus
2507 794 2687 852 cuique
2710 802 2815 838 mos
2838 797 2929 838 est.

2022 876 2234 930 Persius
2267 892 2279 926 :

2145 964 2277 1012 Mille
2301 963 2549 1012 hominum
2570 962 2783 1021 species,
2808 964 2861 1007 et
2883 970 3049 1007 rerum
3071 955 3281 1021 discolor

2144 1024 2289 1073 Velle
2312 1036 2453 1071 suum
2476 1020 2655 1083 cuique
2679 1027 2777 1078 est,
2802 1032 2897 1069 nec
2917 1026 3032 1069 voto
3050 1020 3224 1068 vivitur
3246 1032 3365 1069 uno.
3433 1052 3439 1061 .

2022 1108 2273 1165 Horatius
2301 1109 2352 1162 in
2390 1107 2741 1162 Sermonibus
2767 1123 2779 1158 :

2145 1196 2316 1247 Castor
2341 1198 2525 1258 gaudet
2549 1196 2710 1255 equis,
2732 1207 2825 1243 ovo
2847 1200 3115 1258 prognatus
3138 1194 3316 1258 eodem

2144 1259 2329 1367 {Elegia
2345 1255 2367 1307 ἵ
2386 1265 2503 1319 quot
2525 1257 2733 1317 capitum
2759 1258 2945 1315 vivunt,
2964 1255 3168 1304 totidem
3187 1255 3463 1308 studiorum

2025 1400 2166 1455 Idem
2200 1401 2423 1469 primam
2469 1398 2705 1451 omnium
2744 1397 2898 1450 odam
2932 1396 3091 1465 hujus
3118 1407 3437 1467 argumento
3477 1410 3604 1454 ser:-

2025 1493 2208 1546 teutiae
2248 1488 2585 1557 conscripsit,
2618 1488 2738 1541 aliis
2764 1486 2956 1541 studiis
3000 1488 3133 1541 alios
3162 1488 3305 1552 duci,
3350 1487 3472 1543 aliis
3503 1489 3607 1543 alia

2024 1580 2174 1635 cordi
2212 1593 2352 1634 esse.
2388 1577 2668 1645 Euripides
2698 1576 2751 1629 in
2785 1575 3066 1646 Hippolyto
3091 1576 3362 1632 Coronato
3391 1593 3408 1632 :

2150 1669 2274 1717 Aliis
2298 1668 2389 1716 alia
2414 1666 2627 1729 placent.

2031 1754 2289 1809 llomerus
2318 1752 2371 1805 in
2402 1751 2641 1820 Odyssea
2674 1764 2689 1803 :

2149 1842 2369 1903 Namque
2391 1840 2497 1888 aliis
2519 1838 2627 1887 aliae
2648 1850 2732 1887 res
2753 1838 3067 1897 arridentque
3093 1836 3407 1901 placentque.

2034 1925 2232 1980 Plinius
2255 1923 2440 1978 Junior
2471 1939 2486 1978 :
2516 1920 2673 1975 Varia
2699 1928 2824 1974 sunt
2870 1920 3143 1975 hominum
3190 1919 3412 1988 judicia,
3445 1935 3609 1975 varum

2034 2017 2355 2071 voluntates.
2387 2012 2721 2068 Hermannus
2767 2010 3028 2066 Buscbius
3074 2010 3380 2079 Pasiphilus
3430 2019 3615 2065 noster

2035 2108 2238 2161 amicus
2261 2120 2276 2159 :

2160 2194 2279 2243 Nam
2302 2192 2547 2240 hominum
2572 2202 2658 2249 par
2681 2194 2760 2241 est
2782 2190 3017 2248 studium,
3036 2201 3134 2239 non
3152 2201 3248 2239 una
3264 2189 3490 2240 voluntas
3508 2227 3523 2249 ,

2224 2252 2285 2302 Et
2304 2253 2478 2301 fruitur
2499 2260 2610 2301 voto
2632 2252 2840 2313 quilibet
2862 2264 3019 2313 usque
3043 2264 3150 2300 suo.

2115 2335 2221 2392 Sed
2246 2336 2314 2389 ad
2338 2351 2493 2388 unum
2517 2342 2682 2388 tamen
2718 2334 3048 2387 beatitudinis
3071 2334 3226 2401 ﬁnem
3247 2334 3428 2386 nititur
3452 2349 3622 2400 pervc-

2042 2424 2171 2498 nire]
2210 2427 2376 2482 Divus
2396 2426 2646 2480 Aurelius
2674 2424 3000 2493 Augustinus
3021 2423 3159 2478 libro
3183 2424 3250 2478 de
3276 2424 3508 2479 Civitate
3531 2423 3625 2479 Det

2044 2518 2272 2581 decimo,
2298 2516 2472 2585 capite
2500 2515 2976 2585 primo:0mnium
3021 2523 3169 2569 certa
3215 2514 3480 2568 sententia
3518 2523 3628 2577 est,

2045 2610 2134 2679 qui
2162 2607 2368 2662 ratione
2405 2619 2619 2675 quoquo
2663 2604 2825 2658 modo
2856 2603 2931 2657 uti
2978 2611 3223 2673 possunt,
3274 2602 3461 2657 beatos
3503 2617 3629 2657 esse

2047 2714 2235 2754 omnes
2258 2698 2507 2752 homines
2528 2696 2689 2751 velle.
2724 2695 2827 2760 Qui
2858 2704 3035 2749 autem
3066 2695 3193 2757 sint,
3219 2694 3304 2749 vel
3325 2696 3464 2748 unde
3483 2694 3630 2757 ﬁant,

1972 2816 1983 2824 ι
2050 2791 2175 2844 dum
2202 2789 2505 2843 mortalium
2532 2786 2724 2857 quaerit
2766 2785 3070 2848 inﬁrmitas,
3102 2784 3284 2838 multae
3324 2799 3636 2852 magnaeque

2051 2877 2430 2934 controversiae
2457 2876 2735 2931 concitatae
2750 2882 2897 2939 sunt,
2924 2874 2975 2927 in
2997 2874 3189 2942 quibus
3216 2871 3517 2941 philosophi
3537 2887 3633 2927 sua

2053 2968 2226 3022 studia
2274 2975 2328 3021 et
2359 2967 2468 3021 otia
2520 2957 2914 3019 eontriverunt.
2964 2963 3233 3018 Hactenus
3284 2963 3636 3031 Augustinus.

2054 3059 2161 3115 Nos
2186 3067 2360 3113 autem
2386 3057 2606 3127 juventa
2634 3055 2901 3124 quondam
2941 3055 3071 3108 satis
3098 3052 3351 3116 audaces,
3384 3053 3523 3105 hunc
3561 3050 3641 3104 lo-

382 3159 556 3217 ritudo
582 3156 866 3227 prazeuntis
890 3149 1111 3216 doloris,
1137 3140 1477 3200 commendat
1504 3135 1733 3205 amplius
1763 3129 1951 3200 gaudia
1984 3162 2032 3225 C
2061 3165 2180 3205 cum
2208 3147 2485 3203 versiculis
2505 3148 2865 3216 expressimus
2911 3144 3050 3198 "bro
3098 3143 3377 3196 moralium
3428 3139 3643 3208 Elegia.

388 3261 648 3309 tecutura.
679 3245 1000 3302 Claudianus
1031 3256 1048 3296 :

631 3340 947 3395 Semperque
962 3327 1172 3395 vicissim

512 3377 1229 3458 Ceadda-praemissi»cumulant
1242 3383 1437 3458 inopina
1462 3377 1679 3458 dolores,

510 3440 831 3512 Commendat
851 3440 1087 3516 placidum
1112 3448 1260 3495 maris
1282 3440 1594 3495 inclementia
1618 3440 1825 3498 portum.

462 3540 620 3611 Edat]
668 3537 927 3599 Mordeat,
964 3532 1188 3586 cruciet.
1243 3584 1245 3586 ,

461 3631 633 3702 Astra]
663 3630 860 3686 Stellae.

469 3724 590 3795 Ubi]
629 3724 936 3790 Postquam.

468 3814 521 3868 Ν
528 3810 660 3882 atus]
691 3810 899 3864 Auster.

420 3930 425 3935 -
472 3901 791 3973 Imbriferos]
834 3898 1060 3954 lmbrem
1104 3893 1412 3947 allerentes.

476 3998 567 4070 Ut]
619 3998 926 4063 Postquam.

474 4085 684 4156 Boreas]
748 4080 1089 4139 Rubicundus
1111 4077 1180 4131 ob
1206 4084 1474 4128 auroram.

475 4181 614 4252 Agit]
640 4176 915 4234 Producit.

477 4267 668 4338 Tuens]
696 4268 932 4321 lntueus-.

479 4359 634 4432 Jugo]
677 4355 956 4413 Servituti.

486 4446 782 4517 Retrahere]
816 4444 1147 4501 Subducere.

490 4541 641 4612 Vera]
686 4537 919 4596 Subaudi
945 4537 1101 4588 bona.

488 4629 734 4700 Subierit]
778 4628 1039 4684 Subibuut
1051 4665 1064 4678 .

946 4736 1014 4790 IN
1052 4732 1324 4788 PROSAM
1366 4730 1429 4784 ll.

491 4837 653 4889 Docet
699 4841 885 4887 natura
935 4826 1190 4882 mortales
1233 4837 1419 4876 omnes
1469 4831 1738 4873 summum
1789 4815 1989 4867 bonum

418 4936 620 4998 petere,
652 4933 706 4979 et
725 4918 1106 4976 beatitudinem
1147 4914 1338 4968 sectari
1362 4911 1464 4965 viis
1492 4908 1707 4979 quidem
1742 4905 1992 4965 diversis,

420 4993 590 5085 eoque
616 5013 774 5067 variis
814 5008 1087 5065 erroribus
1118 5006 1184 5058 ab
1229 5004 1319 5057 illa
1368 5001 1593 5067 turpiter
1620 4995 1838 5057 abduci,
1871 4993 1998 5046 dum

420 5109 474 5162 in
500 5081 717 5167 divitiis,
771 5097 1136 5169 dignitatibus,
1178 5093 1380 5181 regnis,
1422 5089 1589 5158 gloria
1621 5096 1679 5141 et
1722 5081 2005 5150 voluptati-

424 5193 523 5247 bus
571 5191 876 5247 felicitatem
905 5200 964 5241 se
1003 5184 1287 5253 adepturos
1320 5170 1643 5248 '0pinantur,
1696 5171 1840 5243 quod
1890 5170 2004 5223 ﬁeri

426 5284 644 5338 minime
666 5288 860 5350 potest.

496 5371 651 5443 Tum]
684 5372 904 5426 Deinde.

502 5441 701 5532 Deﬁcco]
734 5458 995 5530 Exprimit
1020 5465 1226 5525 gestum
1257 5441 1488 5506 heminis
1535 5465 1646 5505 rem
1696 5448 2001 5519 quampiam

432 5553 759 5619 penitissima
786 5549 1149 5620 speculatione
1180 5545 1509 5599 meditantis.

504 5639 707 5710 De/ixo]
738 5641 1000 5705 Demisso,
1048 5645 1102 5692 et
1145 5637 1200 5691 in
1239 5635 1487 5692 eumdem
1533 5633 1709 5690 locum
1741 5631 2037 5701 conjecto,

439 5733 684 5802 Virgilius

2068 3238 2186 3296 rum
2219 3248 2429 3309 quarto,
2459 3252 2592 3307 quos
2619 3236 2706 3293 hic
2733 3249 3000 3305 apponere
3041 3233 3245 3288 libitum
3272 3240 3354 3287 est
3378 3248 3391 3283 :

2190 3354 2330 3406 Clare
2353 3352 2646 3408 Modersoni,
2670 3352 2753 3412 qui
2777 3348 3129 3412 consuetudine
3152 3345 3279 3412 dulei

2254 3415 2404 3463 Docta
2427 3413 2567 3461 simul
2594 3407 2785 3459 meeum
2810 3410 2992 3459 cudere
3017 3410 3167 3457 verba
3190 3407 3352 3455 soles:

2196 3475 2385 3536 Cernis,
2408 3480 2462 3522 ut
2483 3474 2541 3521 ad
2564 3472 2709 3521 ﬁnem
2733 3471 2894 3536 cuncti
2906 3470 3258 3536 contendimus
3282 3479 3430 3517 unum

2260 3531 2410 3593 Quam
2429 3536 2574 3582 variis
2594 3536 2705 3582 vita:
2728 3532 3018 3591 consiliique
3039 3531 3144 3593 viis.

2201 3597 2291 3647 Hic
2315 3597 2468 3643 inhiat
2493 3595 2643 3655 gazis,
2668 3599 3112 3655 congestopauper
3137 3592 3355 3655 in__at_tro,

2261 3650 2552 3725 Divitiisque
2579 3650 2985 3725 putatep'ulch‘rius
3010 3650 3120 3725 esse
3149 3650 3286 3700 nihil.

2202 3719 2293 3769 llle
2315 3718 2407 3765 sibi
2432 3712 2632 3774 magnos
2656 3712 2775 3775 petit
2796 3714 3078 3773 ambitiosus
3102 3712 3333 3775 honores,

2266 3778 2309 3826 Α
2328 3770 2686 3826 venerabundis
2709 3776 2893 3836 gaudet
2915 3770 3100 3836 ubique
3124 3770 3238 3820 coli.

2206 3842 2331 3889 Sunt
2351 3839 2526 3899 quibus
2550 3850 2661 3886 esse
2686 3831 2869 3899 bimum
2885 3831 3115 3899 praedam
3139 3833 3353 3899 potentia
3376 3831 3469 3877 visa
3491 3836 3558 3876 es
3583 3880 3593 3889 ,

2269 3893 2399 3957 Quos
2416 3899 2550 3957 juvat
2572 3898 2838 3945 innumeris
2858 3893 3138 3957 imperitare
3160 3893 3306 3957 viris”:

2210 3962 2272 4010 Hi
2290 3954 2350 4007 se
2376 3954 2454 4007 vel
2475 3971 2625 4019 reges
2646 3964 2833 4019 Optanl,
2857 3958 2935 4019 vel
2958 3955 3159 4013 regibus
3183 3954 3308 4009 addi,

2274 4021 2509 4070 Omnibus
2534 4017 2581 4066 et
2609 4021 2733 4065 votis
2759 4017 2960 4075 plurima
2988 4026 3131 4075 posse
3156 4020 3347 4074 petunt.

2211 4084 2335 4133 Sunt
2356 4094 2478 4141 quos
2499 4080 2662 4127 dilatte
2685 4074 2899 4141 delectat
2922 4075 3077 4136 gloria
3101 4074 3259 4134 famte,

2272 4144 2331 4191 Ili
2357 4137 2535 4190 clarant
2560 4152 2734 4188 nomen
2758 4137 2977 4196 qualibet
3004 4144 3108 4185 arte
3133 4149 3294 4184 suum.

2213 4204 2427 4263 lmplicat
2452 4202 2699 4250 illecebris
2722 4198 3158 4263 fallaxeplerosque
3178 4196 3417 4258 voluptas,

2278 4261 2369 4323 Qui
2394 4266 2538 4312 nimio
2560 4264 2720 4310 studio
2742 4261 2972 4323 deliciosa
2999 4265 3187 4319 petunt.

2216 4319 2331 4390 Pais
2353 4326 2595 4390 hominum
2619 4324 2817 4381 ﬂorent,
2838 4322 3013 4390 quibus
3037 4326 3114 4390 est
3135 4320 3370 4390 sapientia
3393 4319 3543 4377 cordi,

2279 4382 2337 4434 Et
2358 4388 2439 4447 qui
2464 4400 2519 4433 se
2542 4398 2705 4433 rerum
2722 4381 3012 4447 cognitione
3037 4381 3201 4447 beant.

2219 4441 2441 4497 Nonnulli
2468 4452 2691 4506 tanquam
2717 4441 2861 4506 liuent
2883 4446 3129 4506 sectantur
3149 4441 3430 4506 honestum,

2278 4508 2370 4555 Pro
2392 4500 2769 4564 virtute-quibus
2795 4504 2872 4549 vix
2898 4500 3040 4564 datur
3066 4500 3234 4564 umbra
3259 4500 3389 4564 honi.

2211 4568 2331 4618 Nam
2349 4568 2459 4613 dum
2488 4560 2757 4627 prudentes
2782 4575 2869 4622 per
2893 4574 2948 4609 se
2967 4560 3188 4621 justique
3211 4560 3363 4607 videri

2277 4625 2539 4681 Conantur,
2561 4630 2788 4685 pereunt,
2812 4634 3020 4685 prazque
3035 4627 3225 4667 tumore
3250 4625 3469 4679 crepant.

2218 4689 2305 4737 Hic
2331 4695 2471 4737 certe
2496 4681 2639 4739 nemo
2660 4686 2855 4732 dicetur
2874 4683 2988 4741 jure
3009 4681 3201 4730 beatus.

2282 4749 2332 4798 ln
2357 4747 2465 4796 εαξη
2488 4758 2728 4795 summum
2754 4751 3007 4804 permanet
3029 4753 3153 4804 arce
3170 4742 3362 4804 bonum.

2217 4809 2339 4858 Illud
2369 4811 2416 4856 in
2441 4816 2625 4856 aeterna
2654 4802 2850 4867 pax‘est
2876 4806 2952 4867 (ut
2980 4802 3311 4867 sentio)_vita,

2284 4873 2388 4932 Ipse
2410 4868 2489 4919 vel
2516 4860 2769 4932 exundans
2789 4860 2898 4932 fons
2922 4864 3136 4912 bonitate
3160 4860 3315 4932 Deus.

2224 4925 2342 4980 Illuc
2362 4931 2564 4987 justitia:
2590 4928 2821 4988 gradibus
2845 4929 3054 4988 nitamur
3078 4925 3253 4988 amice.

2286 4985 2378 5051 Qui
2404 4992 2577 5040 fruitur
2592 4985 2707 5047 'tali,
2732 4988 2801 5037 nil
2823 4988 2954 5049 cupit
2978 4985 3082 5045 ille,
3100 4986 3243 5033 bono.

2182 5075 2264 5146 Id]
2308 5074 2353 5128 ls
2381 5074 2500 5127 ﬁnis
2533 5071 2891 5127 beatitudinis.

2180 5167 2327 5238 Quis]
2368 5166 2591 5234 Aliquis.

2183 5268 2216 5313 Α
2227 5257 2396 5328 demo]
2436 5258 2776 5325 Comparate.

2182 5349 2406 5423 Abforet]
2449 5350 2683 5404 Deesset.

2186 5441 2379 5511 Liquet]
2423 5441 2663 5504 Constat,
2696 5439 3032 5508 perspicuum
3062 5440 3163 5487 est.

2185 5534 2555 5587 Beatitudinem
2595 5530 2804 5599 statum]
2846 5530 2999 5583 Ponit
3031 5520 3370 5578 beatitudinis
3408 5516 3692 5572 deﬁnitia.

2114 5640 2232 5678 nem
2268 5622 2563 5690 hnjusmodi
2600 5640 2610 5672 :
2646 5620 2923 5674 Bcatitudo
2963 5625 3043 5671 est
3070 5624 3240 5668 status
3280 5612 3541 5666 bonorum
3578 5627 3701 5690 Iom-

2118 5716 2256 5769 uium
2281 5682 2647 5781 af'gregatione
2680 5709 2963 5778 pel'vallIS.
3002 5706 3331 5776 Speusippus
3367 5703 3419 5755 in
3457 5682 3598 5754 libri)
3627 5695 3695 5748 de
