4190 6268
555 358 655 417 395

1204 344 1544 404 APPENDIX
1585 343 1673 397 AD
1709 340 1948 394 LIBROS
1990 338 2075 393 DE
2113 330 2622 393 CONSOLATIONE
2661 319 3148 382 PHILOSOPHIE.

3704 304 3810 364 996

554 467 790 526 Platonis
822 460 1220 519 Deliuirionibus
1251 460 1364 512 haec
1393 454 1556 509 tradit
1585 455 1709 507 huic
1749 454 1884 507 bene
1919 466 2114 505 conve—
2151 458 2202 513 Α
2297 448 2432 503 Sunt
2468 445 2555 514 qui
2595 438 2769 509 etiam]
2804 439 3004 491 Sensus
3031 443 3113 486 est
3137 448 3150 481 :
3177 428 3323 483 Sunt
3341 425 3430 495 qui
3459 421 3601 493 quod
3630 436 3694 475 ex
3726 422 3813 476 his

553 559 791 615 nientia:
824 551 1099 608 Beatitudo
1128 557 1212 604 est
1239 550 1438 602 bonum
1470 562 1532 600 ex
1564 546 1719 599 bonis
1745 543 1999 597 omnibus
2029 557 2123 595 ac-

555 645 905 705 cumulatum,
936 646 1170 709 potestas
1198 637 1261 690 ad
1293 637 1429 690 bene
1457 634 1744 690 vivendum
1777 648 1835 687 se
1863 633 1977 701 ipsa
2021 632 2131 706 sui:

557 736 761 800 ficiens,
792 732 1045 800 perfectio
1084 728 1375 784 secundum
1400 728 1669 791 virtutem,
1703 724 1979 778 sufficiens
2003 722 2129 775 vita:

558 822 926 879 commoditas.
967 818 1241 873 Beatitudo
1269 829 1323 872 et
1363 817 1592 871 beatitas
1622 816 1675 868 in
1702 813 1889 867 eodem
1938 810 2134 879 signifi-

560 921 680 967 catu
718 911 984 963 dicuntur.
1014 906 1257 961 Ciceroni
1295 920 1423 959 vero
1457 914 1740 971 utrumque
1770 901 1991 954 omnino
2036 900 2135 951 du-

561 1016 681 1055 rum
708 999 878 1051 visum
905 1005 989 1050 est
1016 994 1350 1056 vocabulum,
1383 992 1473 1045 sed
1507 1006 1600 1044 usu
1632 988 1999 1044 molliendum.
2023 989 2137 1041 Au-

564 1090 811 1159 gustinus
838 1085 976 1138 libro
1003 1084 1069 1137 de
1095 1082 1320 1137 Civitate
1350 1081 1443 1134 Dei
1483 1080 1686 1147 quinto,
1717 1079 1888 1145 capite
1929 1076 2136 1143 primo:

564 1181 824 1249 Quoniam
854 1187 1067 1233 constat
1092 1175 1325 1228 omnium
1367 1188 1549 1227 rerum
1582 1172 1933 1238 optandarum
1973 1166 2141 1235 pleui-
2228 1212 2229 1215 η

566 1272 800 1325 tudinem
832 1283 949 1322 esse
991 1266 1317 1319 felicitatem.
1349 1264 1554 1329 Quibus
1599 1276 1663 1315 ex
1694 1259 1870 1311 verbis
1914 1258 2143 1311 sumitur

568 1364 680 1416 hzec
706 1362 895 1415 finitio.
922 1358 1168 1412 Felicitas
1196 1366 1277 1410 est
1305 1355 1543 1408 omnium
1576 1366 1755 1404 rerum
1784 1350 2138 1417 optaudarum

569 1451 861 1522 plenitudo.
894 1449 1167 1516 Philippus
1216 1444 1504 1500 Beroaldus
1537 1461 1549 1495 :
1584 1444 1768 1510 Magna
1819 1456 1905 1494 res
1934 1448 2015 1493 est
2044 1439 2144 1491 viri

571 1538 893 1596 ornatissimi
911 1579 926 1605 ,
954 1547 1006 1591 et
1027 1538 1272 1591 omnibus
1303 1536 1448 1588 horis
1476 1534 1712 1587 omnium
1740 1531 1879 1584 votis
1905 1529 2142 1597 expetita

573 1631 838 1702 felicitas;
896 1630 997 1682 huc
1029 1627 1248 1681 tendunt
1294 1634 1605 1677 cunctorum
1654 1630 1777 1673 vota
1820 1618 2143 1680 mortalium,

575 1728 689 1779 haec
716 1734 800 1779 est
826 1734 1033 1777 summa
1064 1730 1241 1770 rerum
1267 1711 1682 1780 expetendarum
1711 1726 1725 1773 ;
1767 1708 2019 1761 felicitate
2042 1715 2149 1757 ter-

2230 543 2434 604 petunt,
2462 546 2567 585 non
2585 531 2655 583 ob
2677 528 2726 582 id
2756 528 2951 594 ipsum,
2985 520 3077 574 sed
3101 524 3316 587 pr0pter
3345 514 3569 567 alterum
3589 516 3810 579 petunt:

2233 601 2289 685 nt
2322 630 2375 683 bi
2404 626 2616 681 divitias
2665 624 2734 676 ob
2778 618 3071 689 potentiam
3114 619 3205 665 aut
3237 608 3538 675 voluptates
3567 601 3814 669 concupi-

2233 728 2409 783 scunt,
2441 717 2515 771 illi
2544 713 2832 784 potentiam
2883 715 3099 776 propter
3148 700 3421 770 pecuniam
3450 695 3535 750 vel
3581 691 3815 747 nominis

2233 811 2602 870 claritudinem
2640 812 2912 874 appetunt.
2945 797 3163 852 Ovidius
3190 813 3202 846 :

2358 920 2633 970 Creverunt
2657 919 2711 962 et
2731 924 2872 972 opes,
2892 915 2943 957 et
2966 919 3109 972 opum
3134 904 3309 972 furiosa
3328 898 3500 972 libido,

2423 963 2481 1028 Et
2495 963 2613 1026 cum
2639 963 2917 1034 possideant
2942 963 3166 1034 plurima,
3192 963 3327 1024 plura
3354 964 3549 1029 petunt.

2284 1098 2287 1103 Α
2363 1020 2973 1103 Quaerere—titﬁbsuruant',
2990 1020 3240 1103 absun‘rp'ta
3267 1020 3527 1103 requirere
3553 1020 3768 1075 certant,

2485 1082 2649 1160 Atque
2675 1097 2790 1155 ipsa
2811 1094 2944 1141 vitiis
2960 1082 3078 1137 'sunt
3101 1082 3331 1134 alimenta
3350 1082 3505 1131 vices.

2316 1201 2470 1272 Sunt]
2501 1196 2737 1254 Subaudi
2775 1191 3037 1247 nonnulli.

2320 1292 2369 1345 Η
2376 1288 2540 1357 orum]
2578 1288 2869 1340 Bonorum.

2318 1373 2599 1444 Alterutro]
2641 1375 2713 1426 Ex
2744 1369 2952 1424 duobus
2980 1366 3169 1420 altero.

2320 1470 2385 1523 In
2426 1467 2523 1539 his]
2566 1464 2788 1527 Divitiis,
2820 1457 3186 1529 dignitatibus,
3218 1449 3476 1521 potentia,
3505 1447 3698 1517 gloria,
3727 1460 3829 1498 τοι

2250 1562 2473 1629 luptate.

2324 1651 2636 1717 Cit-terisque
2666 1641 2872 1712 tatibus]
2903 1637 3138 1705 Reliquis
3158 1630 3443 1702 ejusmodi,
3475 1638 3533 1681 ut
3560 1628 3612 1681 in
3640 1624 3835 1678 nobili.

2255 1754 2359 1796 tate
2400 1714 2683 1804 favoreqtm
2706 1729 2965 1801 pepulari,
3000 1741 3058 1780 re
3092 1724 3275 1777 uxoria
3316 1729 3371 1774 et
3418 1716 3623 1783 liberis,
3652 1714 3835 1768 amici!

577 1816 847 1868 minantur
904 1816 1081 1863 nostra
1111 1802 1392 1858 desideria.
1425 1798 1522 1853 Cui
1570 1797 1795 1851 felicitas
1822 1795 1990 1857 adest,
2026 1791 2151 1845 huic
2186 1804 2228 1862 Β
2256 1791 2475 1887 ‘ac
2498 1791 2655 1882 ’bon'is
2863 1791 3015 1872 “die
3053 1820 3276 1885 possum
3318 1808 3386 1864 ad
3431 1807 3709 1875 superiora
3754 1818 3839 1856 τε.

1457 1889 1467 1891 _
1760 1885 1772 1891 -
2664 1865 2678 1888 ,
2882 1854 2895 1870 .

2664 1865 2678 1888 ι
2708 1854 2825 1888 Ψιυυ
2865 1854 2895 1870 ’⁸

581 1902 712 1957 nihil
767 1902 983 1968 prorsus
1039 1895 1211 1947 deest.
1286 1889 1633 1949 Inveniuntur
1688 1885 1776 1955 qui
1829 1898 1989 1952 regna
2045 1896 2151 1934 nou

580 1999 782 2059 optent.
814 1989 903 2056 qui
932 1998 1058 2040 vero
1082 1983 1389 2036 felicitatem
1427 1976 1697 2045 repudiet,
1729 1974 1905 2027 nullus
1931 1972 2111 2027 existit
2139 1988 2152 2022 :

581 2093 739 2133 nemo
759 2077 898 2130 enim
934 2088 1037 2126 non
1070 2071 1189 2123 felix
1217 2083 1338 2122 esse
1363 2066 1494 2127 vult,
1523 2079 1679 2117 nemo
1709 2077 1811 2115 non
1844 2060 2153 2115 felicitatem

583 2180 844 2224 summum
872 2164 1129 2216 bonorum
1157 2171 1278 2212 esse
1303 2153 1587 2210 consentit.
1619 2153 1808 2205 Cicero
1836 2151 1886 2202 in
1913 2164 1945 2201 v
1975 2148 2041 2201 de
2070 2147 2159 2201 Fi-

586 2256 742 2310 nibus
767 2272 779 2307 :
806 2254 968 2305 Beate
1008 2246 1146 2301 enim
1178 2242 1393 2297 vivendi
1438 2240 1725 2307 cupiditate
1754 2238 1949 2291 incensi
1973 2250 2161 2289 omnes

586 2359 788 2399 sumus.
820 2342 981 2393 Divus
1012 2333 1335 2404 Augustinus
1359 2330 1453 2384 lib.
1482 2330 1550 2383 de
1579 2328 1801 2381 Civitate
1831 2325 1922 2379 Dei
1948 2332 2158 2392 quarto,

588 2434 761 2500 capite
807 2430 924 2483 23:
970 2424 1150 2480 Potior
1190 2431 1271 2474 est
1312 2419 1536 2473 felicitas
1585 2430 1772 2482 regno.
1826 2411 1992 2465 Nemo
2022 2410 2161 2463 enim

590 2495 792 2581 dubitat
820 2517 977 2572 facile
1009 2513 1231 2567 inveniri
1263 2509 1557 2566 hominem,
1608 2505 1699 2571 qui
1740 2517 1800 2556 se
1829 2503 2012 2554 timeat
2049 2495 2163 2551 fieri

590 2626 789 2681 regem.
834 2607 1018 2661 Nullus
1044 2612 1221 2656 autem
1250 2598 1518 2652 invenitur
1547 2593 1635 2663 qui
1665 2606 1724 2646 se
1752 2590 1885 2645 nolit
1930 2602 2049 2643 esse
2090 2586 2167 2640 fe-

591 2706 771 2757 licem.

668 2787 987 2844 Naturaliter
1016 2780 1223 2851 inserta]
1264 2779 1363 2833 Per
1405 2784 1650 2830 naturam
1693 2786 1789 2825 seu
1815 2785 1843 2822 a
1871 2776 2058 2823 natura
2087 2767 2169 2820 in-

596 2884 720 2939 sita.
751 2880 949 2935 Natura
979 2877 1056 2945 (ut
1085 2876 1159 2928 ait
1203 2873 1395 2927 Cicero
1445 2864 1863 2921 Tusculanarum
1911 2861 2172 2926 Quaastio-

597 2990 724 3029 num
768 2972 902 3025 libro
951 2967 1135 3035 tertio)
1192 2961 1442 3033 parvulos
1491 2957 1645 3011 nobis
1692 2952 1839 3007 dedit
1893 2950 2170 3016 igniculos,

598 3080 728 3136 quos
756 3063 1001 3118 celeriter
1040 3057 1195 3112 malis
1227 3052 1467 3109 moribus
1500 3045 1949 3116 OpilliOItiDUSque
1979 3042 2173 3107 depra-

599 3156 728 3210 vatis
763 3155 841 3208 sic
868 3149 1253 3218 exstinguimus
1286 3184 1301 3207 ,
1351 3152 1409 3196 ut
1441 3153 1700 3208 nusquam
1745 3144 1948 3187 natum
1994 3131 2173 3183 lumen

600 3251 867 3316 appareat.
912 3240 1049 3294 Sunt
1071 3237 1213 3291 enim
1255 3231 1478 3301 ingeniis
1518 3228 1716 3281 nostris
1742 3224 1947 3277 semina
1991 3221 2172 3273 innata

604 3329 877 3393 virtutitm,
905 3342 1021 3395 quae
1050 3326 1095 3377 si
1126 3322 1432 3376 adolescere
1461 3319 1665 3380 liceret,
1696 3314 1809 3381 ipsa
1831 3325 1928 3365 nos
1954 3308 2020 3362 ad
2050 3309 2173 3360 hea-

605 3438 706 3484 tam
728 3426 888 3477 vitam
918 3427 1105 3471 natura
1140 3413 1476 3482 perduceret.
1509 3408 1657 3460 Nunc
1685 3414 1860 3458 autem
1895 3401 2049 3455 simul
2091 3407 2175 3452 at-

606 3533 705 3587 que
730 3514 857 3570 editi
919 3511 970 3563 in
1000 3509 1170 3562 lucem
1220 3502 1451 3569 suscepti
1490 3513 1697 3562 sumus,
1744 3497 1796 3548 in
1839 3495 1980 3547 omni
2011 3490 2179 3546 conti-

607 3620 712 3660 nuo
738 3601 1001 3672 pravitate
1037 3605 1092 3649 et
1133 3596 1184 3647 in
1237 3606 1442 3646 summa
1489 3586 1795 3655 opinionum
1836 3582 2181 3650 perversitate

611 3704 899 3752 versamur,
924 3698 980 3741 ut
1009 3699 1144 3754 pene
1168 3697 1289 3737 cum
1316 3682 1454 3735 lacte
1470 3675 1692 3731 nutricis
1710 3686 1947 3727 errorem
1970 3670 2181 3724 suxisse

614 3787 916 3841 videamur.

679 3879 907 3944 Quorum
932 3871 1133 3940 quidem
1160 3864 1271 3935 alii]
1318 3862 1473 3916 Ponit
1499 3860 1707 3913 diversa
1732 3857 1785 3911 itt
1808 3868 2017 3910 summo
2042 3852 2183 3906 bono

615 3966 899 4039 quaarendo
930 3960 1230 4015 mortalium
1261 3953 1457 4009 studia.

682 4052 937 4124 Aff‘luaut]
988 4048 1291 4103 Abundent.

682 4117 1303 4212 Adeptis]ﬂ(lomparatis.
1351 4133 1394 4185 A
1438 4128 1604 4182 verbo
1647 4121 1933 4192 deponenti
1972 4117 2186 4188 partici-

619 4236 759 4304 pium
808 4226 1060 4299 praateriti
1110 4223 1365 4291 temporis
1412 4220 1627 4289 passiva
1680 4212 2061 4284 significatione
2092 4224 2190 4278 po-

620 4326 741 4380 suit.

689 4410 1029 4485 Regnantibus
1060 4400 1337 4470 adhaerere]
1384 4401 1587 4454 Seneca
1616 4397 1667 4448 in
1704 4392 1931 4447 Hercule
1958 4389 2147 4445 (lita-0
2176 4404 2188 4438 :

956 4498 1099 4556 Cupit
1124 4496 1199 4541 hic
1222 4492 1328 4556 regi
1358 4491 1609 4556 proximus
1633 4484 1725 4556 ipsi

960 4548 1224 4615 Cla'rusqne
1250 4548 1368 4599 altas
1392 4552 1464 4597 ire
1490 4560 1574 4609 per
1596 4560 1624 4593 u
1644 4548 1772 4593 rbes.

691 4641 930 4711 Claritas]
969 4639 1205 4694 Nominis
1247 4632 1549 4695 celebritas,
1586 4630 1742 4696 fama;
1786 4621 2056 4677 nobilitas.
2105 4619 2208 4672 Pli-

627 4743 746 4797 nius
772 4735 1123 4805 Epistolarum
1153 4729 1287 4780 libro
1314 4734 1502 4777 octavo
1536 4738 1548 4771 :
1585 4719 1736 4774 Alius
1766 4715 1930 4781 aliud,
1962 4726 2058 4781 ego
2083 4712 2207 4765 bea-

628 4833 881 4886 tissimum
903 4823 1170 4881 existimo,
1200 4817 1286 4885 qui
1320 4816 1472 4867 bona:
1495 4822 1866 4873 mansuraeque
1891 4804 2045 4857 fama).
2067 4815 2209 4867 prte-

628 4918 929 4986 sumptione
960 4909 1276 4980 perlruitur,
1308 4913 1591 4969 certusque
1622 4894 1949 4967 posteritatis
1981 4906 2101 4945 cum
2135 4889 2215 4942 fu-

631 5021 745 5062 tura
775 5004 941 5072 gloria
979 4999 1129 5051 vivit.

705 5084 1019 5158 Propagare]
1062 5082 1324 5146 Prnl‘erre,
1358 5077 1666 5134 extendere.

706 5179 925 5234 Plurimi
963 5172 1098 5244 vero]
1150 5174 1207 5227 lu
1254 5174 1389 5223 hanc
1429 5165 1747 5222 sententiam
1777 5158 2082 5228 agminatim
2113 5173 2210 5222 pc-

632 5272 785 5328 dibus
814 5278 963 5335 euut,
991 5266 1129 5319 docti
1162 5262 1356 5331 pariter
1397 5267 1450 5312 et
1478 5254 1696 5317 inducti,
1726 5252 2053 5319 voluptatem
2093 5258 2204 5300 stu-

631 5366 781 5420 diose
806 5369 1089 5418 sectantes.
1118 5356 1343 5424 Legatur
1372 5352 1437 5404 de
1465 5350 1547 5401 his
1579 5348 1839 5400 bonorum
1871 5342 2059 5395 ﬁnibus
2092 5339 2212 5392 Ari-

633 5455 853 5510 stmeles
876 5453 954 5503 -iu
982 5448 1149 5516 primo
1199 5444 1525 5501 Ethicorum,
1554 5436 1743 5491 Cicero
1771 5434 1836 5488 de
1872 5433 2086 5486 Finibus
2117 5432 2209 5484 lm-

640 5558 829 5597 norum
858 5549 911 5594 et
940 5538 1221 5601 malorum,
1257 5530 1577 5599 Augustinus
1612 5527 1745 5581 libro
1774 5524 1839 5577 de
1868 5522 2091 5576 Civitate
2113 5519 2206 5573 Dei
2290 5572 2293 5575 λ

646 5636 868 5699 decimo,
901 5643 951 5686 et
990 5628 1260 5695 Philippus
1292 5620 1576 5678 Beroaldus
1606 5619 1657 5671 in
1689 5614 1943 5685 Opusculo
1971 5612 2035 5696 de
2065 5608 2207 5665 Feli-

642 5723 825 5774 citate.

2257 1922 2407 1977 ferri.
2718 1936 2729 1941 ί

2334 2003 2603 2073 Votorum]
2641 2000 3027 2069 Cupiditatum,
3076 1991 3377 2055 ontionum,
3421 1982 3839 2053 appetitionum.

2334 2070 2603 2153 Nobilitas
2616 2095 2853 2161 favorque
2882 2080 3164 2155 popularis]
3206 2076 3555 2142 Subintellige
3578 2082 3719 2124 sunt.
3743 2070 3844 2121 Pu~

2262 2189 2448 2244 luisset
2478 2196 2651 2237 autem
2683 2196 2744 2234 ea
2775 2192 2971 2248 ponere
2997 2187 3122 2227 casu
3154 2169 3404 2238 septimo,
3433 2165 3525 2218 sed
3558 2164 3635 2216 uti
3668 2162 3846 2214 nomi-

2264 2277 2448 2331 nativo
2488 2272 2692 2335 maluit,
2727 2269 2796 2322 ob
2845 2263 3124 2319 relativum
3158 2257 3303 2325 quod
3345 2254 3536 2309 eodem
3563 2265 3688 2306 casu
3713 2249 3847 2304 θυι)-

2276 2367 2471 2438 junxit.

2338 2454 2509 2507 Favor
2536 2445 2817 2519 popularis]
2862 2444 3047 2512 Populi
3076 2442 3245 2495 favor.

2339 2539 2532 2609 Liberi]
2578 2538 2783 2591 Proles.
3602 2570 3616 2582 ,

2339 2636 2629 2687 Amicorum
2676 2624 2811 2696 vero]
2874 2625 2941 2679 υι
2988 2612 3300 2676 Aristoteles
3350 2613 3665 2670 Ethicorum
3716 2609 3851 2663 libra

2271 2733 2457 2780 octavo
2486 2723 2641 2776 docet
2668 2737 2680 2770 :
2715 2719 2848 2771 Tres
2893 2722 3013 2767 sunt
3059 2709 3310 2763 amicitia:
3339 2705 3570 2773 Species.
3602 2700 3852 2760 honesta,

2274 2812 2441 2881 utilis,
2489 2817 2645 2883 atque
2671 2810 2924 2881 jucunda.
2975 2807 3232 2861 Amicitia:
3261 2810 3438 2856 autem
3470 2799 3539 2853 ob
3569 2797 3853 2851 utilitatem

2275 2921 2432 2978 atque
2463 2906 2812 2971 voluptatem,
2842 2916 2945 2954 non
2978 2913 3070 2966 per
3097 2912 3177 2960 se,
3208 2894 3302 2949 sed
3332 2907 3429 2961 per
3464 2889 3708 2943 accidens
3735 2894 3856 2939 sunt

2275 3000 2543 3060 amicitiae,
2598 3006 2652 3051 et
2707 2993 2862 3047 facile
2910 2983 3129 3043 disdolvi
3177 2992 3395 3055 queunt.
3432 2982 3699 3035 Bonorum
3730 2993 3857 3030 veru

2280 3090 2531 3157 amicitia,
2563 3086 2829 3157 probitate
2875 3083 3174 3147 virtuteque
3219 3076 3470 3130 similium
3503 3071 3741 3141 perfecta
3774 3079 3859 3123 est

2281 3185 2510 3241 amicitia
2557 3191 2611 3235 et
2651 3179 2790 3247 jugis
2844 3185 3003 3242 atque
3034 3181 3370 3241 permanens.
3417 3165 3485 3219 Et
3532 3165 3647 3217 lucc
3674 3160 3861 3216 eadem

2278 3276 2509 3332 maxime
2548 3270 2801 3333 amicitia,
2850 3275 3009 3331 atque
3066 3261 3262 3330 nptima
3308 3256 3538 3310 amicitia
3565 3262 3670 3309 est.
3719 3251 3861 3305 Ideni

2281 3363 2521 3422 secundo
2552 3363 2687 3415 libro
2715 3358 3027 3424 Magnorum
3056 3349 3335 3404 Moralium
3369 3365 3381 3398 :
3416 3341 3863 3399 Constantissima

2281 3456 2442 3525 igitur
2498 3466 2559 3504 ac
2607 3446 2947 3500 stabilissima
2982 3451 3045 3504 ,ct
3112 3437 3489 3493 honestissima
3554 3446 3675 3501 qua:
3724 3432 3865 3484 inest

2282 3522 2469 3614 probis
2514 3538 2787 3592 amicitia:
2838 3535 3031 3602 quippe
3078 3528 3217 3599 quod
3259 3533 3475 3595 propter
3501 3522 3777 3585 virtutem,
3807 3533 3869 3570 ac

2281 3648 2379 3705 per
2403 3647 2460 3685 se
2496 3630 2713 3682 bonum.
2759 3623 2889 3677 Nam
2918 3622 3086 3674 virtus
3133 3611 3602 3671 incommutabilis,
3638 3617 3695 3662 et
3742 3622 3864 3674 quae

2285 3737 2379 3790 per
2413 3733 2530 3774 eam
2560 3714 2870 3769 conciliatur
2899 3708 3152 3773 amicitia,
3184 3700 3611 3759 constantissima
3657 3703 3778 3749 est:
3813 3705 3872 3746 at

2286 3824 2403 3878 qua:
2430 3822 2495 3859 ex
2526 3800 2826 3861 Commodo,
2882 3796 3089 3850 stabilis
3139 3808 3244 3845 non
3274 3800 3357 3844 est
3384 3787 3639 3847 amicitia,
3671 3783 3870 3852 quippe

2287 3910 2405 3964 qua:
2430 3889 2709 3947 commodo
2745 3886 2992 3947 elabitur,
3024 3882 3271 3936 similiter
3301 3879 3463 3932 etiam
3494 3888 3614 3943 qua:
3658 3880 3874 3940 propter

2288 3988 2630 4054 voluptatem.
2664 3980 2995 4048 Optimorum
3024 3976 3185 4043 igitur
3205 3970 3460 4031 amicitia,
3498 3980 3617 4034 qua:
3647 3979 3742 4033 per
3760 3964 3866 4015 vir-

2293 4088 2457 4133 tutem
2503 4074 2726 4127 excitata
2766 4078 2895 4123 est:
2944 4068 3227 4121 multorum
3258 4071 3458 4125 autem,
3508 4072 3627 4127 qua:
3659 4064 3877 4125 pr0pter

2292 4164 2650 4225 commodum,
2681 4170 2735 4213 et
2763 4173 2880 4227 qua:
2910 4164 3125 4226 propter
3152 4152 3498 4221 voluptatem,
3531 4148 3586 4200 in
3622 4144 3879 4199 oneribus

2295 4272 2520 4331 qumque
2545 4254 2858 4308 nbveniuut.

2372 4324 2465 4403 Vel
2513 4342 2763 4411 potentiw]
2816 4339 3057 4394 Amicitia
3103 4334 3266 4399 utilis,
3316 4333 3402 4386 vel
3460 4328 3737 4396 potentiae,
3790 4324 3875 4379 vel

2300 4445 2459 4495 etiam
2518 4436 2821 4491 divitiarum
2868 4430 3038 4500 gratia
3091 4426 3415 4488 assumitur;
3456 4419 3693 4491 jucunda
3729 4434 3879 4478 vero,

2307 4527 2678 4587 delecmtionis
2702 4525 2891 4593 gratia.

2379 4623 2497 4674 Jam
2540 4633 2656 4672 vero
2701 4615 2925 4684 corporis
2967 4610 3116 4682 bona]
3152 4607 3397 4664 Ostendit
3441 4600 3882 4673 quemadmodum

2313 4712 2448 4765 bona
2475 4704 2713 4773 corporis
2758 4704 2822 4755 ad
2861 4700 3131 4768 superiora
3174 4696 3492 4750 referantur.
3546 4687 3876 4749 Academici,

2315 4802 2365 4856 itl
2414 4808 2497 4853 est
2538 4793 2796 4851 Platonici
2827 4802 2879 4845 et
2924 4788 3286 4858 Peripatetici,
3318 4785 3367 4837 id
3400 4793 3482 4837 est
3526 4777 3904 4858 Aristotelici.’x

2316 4892 2416 4947 tria
2440 4903 2631 4957 genera
2676 4887 2934 4937 honorum
2966 4895 3084 4934 csse
3115 4877 3464 4935 tradiderunt,
3494 4890 3559 4926 ex
3588 4871 3779 4940 quibus
3806 4867 3856 4921 fe

2313 4982 2483 5036 licitas
2520 4978 2884 5046 perficeretur.
2938 4972 3133 5034 Prima,
3184 4968 3345 5021 animi
3378 4967 3536 5027 bona,
3583 4972 3643 5015 ut
3669 4961 3885 5014 virtutes

2313 5082 2367 5125 et
2390 5069 2678 5123 doctrinas.
2714 5062 2958 5119 Secunda
2980 5059 3240 5128 corporis,
3284 5066 3342 5109 ut
3368 5056 3649 5109 sanitatem
3669 5092 3682 5116 ,
3709 5051 3884 5109 robur,

2313 5158 2752 5229 magnitudinem,
2770 5151 3238 5221 pulchritudinem,
3257 5146 3427 5200 veloci
3455 5155 3616 5207 atem,
3641 5152 3887 5194 sensuum

2313 5253 2690 5320 integritatem.
2722 5247 2898 5300 Tertia
2939 5255 3154 5298 externa
3174 5282 3189 5306 ,
3219 5254 3337 5308 qua:
3367 5237 3590 5291 fortuna:
3618 5234 3890 5287 ascribun-

2316 5353 2424 5405 tur,
2470 5349 2528 5393 ut
2570 5339 2799 5399 divitias,
2850 5338 3101 5399 honores,
3145 5330 3463 5399 potentiam,
3501 5325 3891 5385 auctoritatem,

2319 5432 2567 5501 gloriam.
3256 5428 3257 5431 ‘

2395 5517 2667 5588 Prwstare]
2695 5515 2977 5570 Conferre.

2400 5605 2711 5675 Valentiam]
2769 5604 3090 5665 Potentiam.

2398 5694 2759 5765 Pulchritudo]
2783 5693 3037 5763 Corporis
3060 5687 3400 5761 pulchritudo
3416 5696 3497 5742 est
3519 5685 3745 5756 partium
3771 5694 3895 5739 cona
