4190 6268
596 328 697 380 999

1229 336 1566 393 APPENDlX
1603 337 1694 391 AD
1733 336 1971 391 LIBROS
2010 336 2098 392 DE
2137 336 2646 394 CONSOLATIONE.
2685 324 3170 391 PHILOSOPHUS.

3695 327 3842 384 £000

659 452 886 523 limata]
922 452 1141 517 Tristis,
1172 452 1312 518 quod
1343 452 1546 504 inclusa
1580 466 1685 503 non
1717 451 1884 518 possit
1910 451 2145 504 evolare.
2179 462 2229 516 Α
2267 452 2410 505 tione
2442 450 2732 519 perfectum
2764 456 3017 518 praestent
3059 463 3071 498 :
3104 459 3201 499 nec
3241 456 3422 498 veram
3453 442 3837 499 sufﬁcientiam

657 543 855 614 Silvis]
883 544 947 597 ad
977 544 1157 605 silvas,
1184 549 1239 595 et
1264 543 1512 595 silvarum
1544 541 1832 596 desiderio.

661 632 900 702 Vatidis]
934 633 1031 687 Per
1061 633 1220 701 virgae
1250 630 1546 685 naturalem
1607 632 1711 684 vim
1753 645 1813 685 ea
1861 644 1979 699 qua:
2016 628 2149 683 dixit

586 726 882 781 conﬁrmat.

656 816 924 883 Quondam
947 814 968 885 ]
1000 814 1322 884 Aliquando.

656 911 781 962 Acta
802 907 821 977 ]
852 908 988 962 Mota
1004 948 1017 971 ,
1046 908 1340 961 incurvata.

650 1001 882 1054 Pronum
907 999 926 1071 ]
960 999 1298 1054 inclinatum.

648 1091 875 1161 Flectit]
900 1090 1062 1146 Flecti
1092 1088 1308 1159 patitur.

650 1181 802 1235 Hanc
825 1180 845 1252 ]
878 1181 1107 1249 Virgam.

658 1268 857 1341 Recto]
889 1271 1080 1324 Erecto
1109 1278 1166 1323 ut
1204 1277 1329 1324 ante
1370 1267 1810 1322 incurvationem.
1853 1264 2161 1320 Consimili-

586 1374 669 1418 ter
697 1362 830 1416 dixit
852 1361 1096 1415 lloratius
1129 1362 1181 1413 in
1210 1359 1465 1428 Epistolis
1500 1378 1515 1414 :

708 1452 939 1501 Naturam
960 1450 1179 1511 expellas
1197 1447 1351 1508 furca,
1371 1456 1532 1497 tamen
1555 1459 1713 1510 usque
1729 1446 1958 1495 recurrit.

588 1538 755 1591 Ducta
779 1536 864 1603 (ut
883 1531 1110 1603 videtur)
1134 1547 1164 1586 a
1193 1532 1357 1585 ramis
1385 1529 1729 1597 metaphora,
1756 1529 1847 1596 qui
1877 1527 2020 1580 furca
2052 1532 2160 1579 tor-

588 1635 817 1696 quentur
858 1622 962 1678 alio
1007 1639 1166 1693 quam
1218 1631 1405 1676 natura
1455 1630 1725 1690 posuerat.
1757 1620 1870 1686 Qua
1915 1619 2155 1685 sublata,

590 1731 798 1771 rursum
826 1722 1055 1783 vergunt
1078 1714 1268 1769 eodem
1292 1726 1397 1781 quo
1426 1712 1593 1780 prius.

2255 556 2413 609 quam
2443 543 2753 610 promittere
2781 541 3047 604 videntur,
3088 537 3333 605 cuiquam
3369 534 3671 589 mortalium
3703 535 3839 591 alie—

2257 640 2397 684 rant.

2328 723 2584 795 Afﬂuebas
2616 722 2629 793 ]
2666 723 3005 778 Abundabas.

2331 823 2576 892 Confudit
2606 822 2623 892 j
2655 821 3013 877 Perturbavit.

2332 914 2465 976 Quin
2490 912 2509 981 ]
2538 912 2608 966 Ut
2633 926 2762 965 non.

2328 1001 2540 1070 Aliquid
2570 1016 2763 1067 semper
2792 1007 3000 1069 angeret
3029 995 3050 1067 ]
3076 996 3157 1051 Ob
3182 994 3381 1063 aliquid
3412 1008 3625 1061 semper
3651 993 3835 1047 turba-

2260 1108 2368 1149 rer.
2412 1094 2573 1146 Divus
2615 1092 2925 1146 Atiihrosius
2955 1089 3006 1142 in
3032 1098 3187 1143 sexto
3226 1087 3361 1140 libro
3405 1086 3769 1138 Hexaemeron
3818 1103 3835 1137 :

2259 1183 2465 1237 Divitizn
2487 1191 2543 1235 nt
2562 1182 2729 1250 epulis
2750 1189 2989 1234 ventrem
3006 1219 3021 1244 ,
3051 1177 3119 1231 ita
3148 1182 3381 1229 animum
3408 1174 3553 1228 curis
3575 1172 3836 1227 sollicitu-

2259 1276 2577 1343 dinibusque
2600 1273 2925 1327 distendunt.

2331 1365 2485 1418 Illius
2514 1363 2533 1434 ]
2561 1363 2710 1430 Quod
2749 1362 2959 1417 aberas.

2334 1452 2511 1524 Hujus
2536 1450 2555 1521 ]
2585 1451 2738 1517 Quod
2768 1450 2972 1503 aderat.

2336 1540 2705 1609 Usquequaque
2743 1537 2763 1608 ]
2805 1538 3055 1592 Omnino.
3120 1535 3515 1604 Usquequaque
3568 1533 3837 1603 signiﬁcat

2262 1631 2499 1692 omnino,
2528 1628 2723 1697 passim
2743 1668 2758 1691 ,
2787 1626 3021 1690 assidue,
3044 1639 3274 1692 semper,
3306 1627 3455 1691 quasi
3506 1624 3559 1677 in
3587 1636 3837 1688 unoque.

2262 1735 2367 1789 que
2424 1721 2577 1783 loco,
2609 1720 2720 1772 sive
2757 1730 3075 1785 unoquoque
3115 1726 3373 1781 tempore.
3404 1714 3591 1770 Cicero
3632 1713 3838 1768 Treba-

659 1810 810 1863 (Jadit
838 1806 856 1877 ]
884 1806 1111 1861 Occidit.
1144 1805 1307 1859 Addit
1334 1805 1465 1857 solis
1494 1801 1794 1870 exemplum
1814 1840 1829 1865 ,
1861 1814 1927 1853 ex
1955 1808 2073 1852 ortu
2106 1798 2157 1851 in
2192 1801 2236 1859 Β
2266 1810 2337 1864 ιῖο
2362 1826 2375 1862 ε
2410 1809 2797 1875 Usquequaque
2824 1819 3014 1873 sapere
3036 1812 3265 1873 oportet.

587 1888 834 1952 oecasum
856 1894 1122 1950 tendentis
1147 1936 1160 1959 ,
1188 1902 1244 1949 et
1265 1906 1449 1947 rursus
1474 1893 1610 1946 clam
1636 1891 1791 1945 nobis
1822 1903 1915 1957 per
1941 1888 2160 1943 inferius

587 1986 1020 2055 hemisphaerium
1050 1988 1103 2039 in
1133 1986 1393 2040 orientem
1420 1982 1768 2038 recurrentis.

659 2076 726 2128 In
770 2074 1045 2142 Hesperias
1088 2075 1253 2127 undas
1286 2072 1303 2142 1
1335 2074 1389 2126 In
1435 2070 1828 2126 Occidentalem
1879 2081 2159 2122 oceanum.

589 2165 848 2234 Loquitur
871 2177 1020 2217 more
1051 2172 1324 2229 poetarum
1353 2176 1419 2216 ex
1444 2161 1581 2229 vulgi
1611 2160 1881 2227 opinione.

661 2251 958 2322 Repetunt]
998 2251 1315 2316 Concludit,
1374 2248 1656 2303 universali
1714 2246 2007 2309 sententia,
2073 2259 2160 2298 res

588 2358 775 2398 omnes
807 2343 859 2396 in
886 2341 1181 2395 naturalem
1212 2340 1471 2409 originem
1500 2338 1732 2402 reverti,
1759 2347 1813 2391 et
1835 2350 1935 2390 suo
1967 2349 2156 2405 quam-

589 2448 693 2502 que
719 2434 895 2488 reditu
916 2431 1203 2496 delectari,
1230 2441 1288 2484 ut
1308 2431 1440 2485 dixit
1468 2430 1559 2483 ille
1591 2447 1604 2482 :

712 2523 858 2572 Ortus
875 2533 1085 2584 qumque
1105 2533 1215 2570 suos
1233 2528 1481 2580 repetunt,
1501 2528 1807 2579 matremque
1827 2517 2105 2587 requirunt.

590 2607 721 2661 Cum
747 2605 907 2676 igitur
933 2604 1162 2659 hominis
1202 2605 1409 2658 animus
1437 2603 1506 2655 sit
1531 2617 1560 2655 a
1601 2615 1809 2654 summo
1842 2599 1982 2652 bono
2010 2609 2161 2659 erea-

590 2708 703 2762 tus,
734 2697 879 2753 beari
913 2711 1020 2749 non
1053 2704 1253 2763 potest,
1286 2694 1387 2746 nisi
1420 2692 1596 2745 divina
1624 2691 1791 2760 gratia
1822 2690 1872 2744 ei
1918 2684 2161 2742 reconci-

590 2790 765 2852 lietur,
796 2796 851 2842 et
876 2787 929 2840 in
959 2787 1009 2840 id
1040 2801 1134 2853 per
1155 2785 1205 2839 id
1238 2784 1408 2852 ipsum
1438 2784 1742 2836 reducatur.

662 2879 781 2933 Nisi
821 2870 955 2941 quod
993 2876 1084 2944 [ini
1112 2876 1344 2944 junxerit
1373 2884 1538 2927 ortum
1565 2872 1582 2941 ]
1611 2872 1719 2925 Nisi
1750 2872 1798 2925 ei
1827 2869 1966 2940 quod
2008 2880 2160 2923 natu-

590 2972 753 3026 ralem
798 2980 852 3026 et
895 2971 1115 3037 originis
1144 2983 1255 3022 sum
1286 2968 1557 3037 proprium
1600 2964 1762 3018 ﬁnem
1803 2963 1961 3018 fuerit
2006 2977 2157 3016 asse-

592 3070 792 3115 culum.

660 3150 794 3221 Sui]
826 3151 1035 3204 Natura‘
1065 3166 1197 3206 suae.

664 3240 883 3311 Orbem]
910 3241 1221 3296 Circuitum.

1115 3391 1180 3445 ΙΝ
1226 3391 1497 3448 PROSAM
1544 3393 1625 3446 Ill.

662 3524 927 3577 Hactenus
949 3523 1198 3577 disseruit
1224 3524 1292 3578 ab
1320 3524 1568 3578 omnibus
1596 3522 1900 3577 hominibus
1931 3521 2155 3576 naturali

592 3610 882 3665 intentione
912 3625 1175 3664 summum
1220 3610 1418 3665 bonum
1471 3612 1604 3679 peti,
1636 3612 1846 3665 tametsi
1889 3610 1980 3663 ubi
2008 3610 2158 3677 posi-

593 3710 699 3754 tum
728 3702 829 3767 sit,
862 3716 966 3754 non
994 3716 1181 3756 omnes
1210 3704 1573 3766 consentiant,
1614 3702 1732 3756 aliis
1771 3702 1823 3755 in
1864 3702 2116 3770 dignitate
2142 3739 2160 3765 ,

592 3791 709 3845 aliis
756 3792 808 3845 in
855 3792 1120 3860 potentia,
1151 3793 1268 3845 aliis
1309 3793 1360 3845 in
1414 3792 1644 3846 nominis
1670 3792 2015 3857 celebritate,
2043 3792 2161 3844 aliis

593 3879 642 3931 in
671 3881 863 3949 gaudio
892 3890 947 3935 et
984 3881 1185 3935 laetitia.
1216 3880 1366 3935 Nunc
1397 3880 1449 3934 in
1492 3878 1679 3934 horum
1710 3882 1852 3935 nullo
1891 3895 2159 3934 summum

592 3968 718 4021 illud
748 3969 975 4036 bonum,
1003 3985 1291 4039 veramque
1321 3970 1698 4027 beatitudinem
1721 3971 1944 4026 inveniri
1977 3971 2159 4037 dispu-

593 4066 667 4111 tat
708 4076 720 4109 :
765 4061 987 4125 primum
1035 4060 1315 4116 luculentis
1360 4063 1650 4116 rationibus
1689 4063 1921 4127 docens,
1949 4062 2161 4116 divitias

594 4147 859 4201 hominem
886 4147 1095 4201 beatum
1130 4164 1233 4202 non
1262 4150 1496 4205 efficere.

662 4237 769 4290 Vos
815 4255 1039 4307 quoque,
1088 4257 1118 4293 ο
1166 4240 1412 4311 terrena]
1455 4244 1697 4296 Proxime
1742 4245 1809 4297 de
1855 4232 1967 4299 sole
2016 4243 2164 4297 dedit

595 4331 925 4397 exemp'um,
952 4346 1107 4397 quem
1137 4348 1257 4387 cum
1286 4335 1437 4388 cmlis
1462 4334 1717 4389 Platonici
1744 4336 1977 4391 cmlestia
2011 4336 2161 4389 dixe-

595 4431 717 4475 runt
742 4421 1010 4476 animalia.
1036 4422 1361 4478 Continuans
1393 4426 1547 4494 igitur
1569 4438 1869 4481 sermonem
1890 4469 1907 4493 ,
1933 4428 2110 4481 subdit
2144 4443 2157 4479 :

670 4531 772 4585 Vos
804 4534 988 4597 etiam,
1031 4533 1256 4587 homines
1299 4546 1497 4590 terrena
1536 4537 1812 4605 animalia,
1854 4539 2157 4611 sonmiutis]

596 4620 650 4674 Id
677 4631 789 4685 est,
820 4623 970 4691 quasi
1002 4638 1095 4691 per
1124 4626 1389 4678 somnium
1417 4628 1628 4681 videtis.

668 4712 901 4766 Vestrum
948 4715 1252 4785 principium
1290 4715 1307 4785 1
1339 4716 1394 4771 ld
1438 4726 1522 4773 est
1568 4721 1730 4773 Deum
1777 4732 2073 4777 creatorem
2104 4730 2160 4775 et

596 4816 856 4857 summum
886 4804 1105 4859 bonum.

665 4895 821 4966 Licet]
851 4898 1120 4963 Quamvis.

662 4985 825 5038 Tenui
848 4986 1086 5055 imagine]
1127 4988 1328 5053 Exigua
1362 4991 1690 5059 cognitione.

664 5075 959 5145 Praspicitis
987 5073 1004 5145 ]
1032 5076 1221 5131 Procul
1249 5080 1507 5147 aspicitis.

667 5165 744 5219 Eo
776 5164 791 5236 ]
821 5167 900 5220 Ob
940 5166 1023 5233 id,
1071 5170 1190 5235 quia
1233 5182 1498 5223 summum
1549 5172 1744 5225 bonum
1797 5174 2156 5246 qualicunque

595 5257 892 5325 cognitione
924 5258 1253 5324 prospicitis,
1286 5260 1378 5313 sed
1410 5276 1513 5315 non
1545 5263 1860 5331 pchpit-aci.

663 5348 943 5414 Adeptione
970 5345 989 5418 ]
1017 5348 1442 5415 Comparatione.

661 5440 881 5508 Liquida
907 5439 924 5509 ]
955 5440 1256 5505 Manifeste,
1287 5442 1581 5496 evidenter.

663 5529 905 5600 Speries]
937 5535 971 5583 Α
984 5546 1079 5599 ppa
1089 5534 1248 5586 rentia
1260 5574 1274 5588 .

663 5617 894 5672 Primum
921 5619 939 5689 ]
971 5623 1155 5689 Arguit
1183 5640 1311 5693 opes
1338 5640 1444 5691 non
1473 5626 1714 5680 conferre
1747 5625 2148 5688 beatitudinem,

595 5722 658 5760 eo
704 5710 841 5775 quod
888 5725 983 5764 nec
1023 5721 1219 5767 statum
1268 5716 1504 5769 omnium
1561 5717 1817 5770 bonorum
1867 5730 2156 5783 eongregi-

2337 1900 2527 1965 Quidni
2553 1898 2572 1967 ]
2599 1898 2706 1951 Cur
2736 1911 2862 1951 non.

2335 1989 2487 2055 Atqui
2517 1990 2612 2041 hoc
2638 2001 2835 2057 quoque
2863 1984 2885 2056 ]
2916 1984 3110 2039 Probat
3138 1984 3416 2053 pecuniam
3456 1981 3610 2037 facile
3652 1981 3840 2037 invitis

2265 2083 2498 2137 dominis
2521 2083 2717 2136 auferri
2749 2095 2926 2150 posse.

2342 2173 2606 2226 Valentior
2629 2172 2650 2242 ]
2684 2171 2977 2226 Potentior.

2334 2261 2584 2317 Forenses
2624 2259 2994 2332 querimoniae]
3024 2258 3267 2326 Querelaa
3313 2270 3434 2328 quae
3468 2256 3521 2309 in
3549 2254 3667 2308 l'oro
3689 2252 3837 2323 judi-

2261 2354 2424 2407 ciario
2454 2353 2620 2416 ﬁunt;
2654 2352 2875 2407 subaudi
2905 2360 3043 2405 sunt.

2334 2441 2453 2495 Nisi
2480 2441 2498 2512 ]
2528 2440 2877 2509 Subintellige
2904 2454 2970 2493 ex
2999 2454 3066 2493 eo
3104 2436 3245 2507 quod
3286 2436 3526 2520 pecuniae
3565 2442 3766 2502 ereptae.
3803 2446 3837 2484 ι

2263 2532 2598 2596 nolentibus,
2630 2533 2697 2585 ab
2737 2531 2913 2585 invitis
2952 2529 3350 2599 possessoribus
3387 2529 3468 2580 vel
3509 2527 3593 2592 vi,
3637 2526 3689 2580 id
3718 2534 3832 2588 est,

2260 2622 2540 2688 violentia,
2569 2622 2652 2675 vel
2684 2620 2902 2684 fraude,
2934 2621 3058 2674 dolo
3084 2620 3224 2673 malo
3250 2627 3582 2687 repetuntur.

2332 2712 2513 2783 Egebit
2540 2713 2693 2783 igitur
2718 2711 2739 2782 ]
2768 2710 3191 2780 Satyrograpbus
3225 2727 3237 2761 :

2502 2802 2677 2850 Misera
2702 2808 2781 2850 est
2803 2804 2959 2862 magni
2986 2799 3203 2849 custodia
3225 2800 3423 2850 census.

2260 2883 2451 2937 Strabo
2475 2882 2568 2936 lib.
2599 2899 2648 2937 ιι
2676 2901 2688 2935 :
2714 2884 2847 2937 Cum
2871 2882 3150 2935 invidiosa:
3173 2882 3281 2935 sint
3302 2881 3530 2947 divitim,
3565 2880 3831 2934 laboriosa

2259 2982 2343 3025 est
2383 2986 2563 3026 earum
2621 2972 2891 3035 custodia,
2935 2972 3150 3026 etiamsi
3177 2970 3406 3041 cuipiam
3446 2972 3651 3026 numini
3680 2975 3832 3026 attri-

2261 3063 2400 3117 buta:
2430 3071 2857 3130 consecratusque
2878 3063 3095 3116 fuerint.

2184 3150 2228 3209 C
2334 3150 2458 3213 Quis
2487 3157 2655 3202 autem
2680 3149 2910 3220 modus]
2952 3151 3195 3204 Ostendit
3237 3151 3436 3206 divitiis
3482 3167 3586 3206 non
3630 3153 3831 3207 auferri

2263 3238 2634 3305 indigentiam,
2667 3238 2760 3291 scd
2800 3248 3001 3292 tantum
3020 3240 3281 3314 cgnsolari
3305 3280 3324 3308 ,
3364 3250 3419 3296 et
3443 3244 3668 3297 relevari
3695 3259 3831 3297 nou-

2264 3329 2415 3383 nihil.

2333 3421 2648 3494 Consolari]
2682 3422 2949 3478 Relevari.
2989 3421 3250 3477 Consolor
3289 3424 3507 3479 verbum
3546 3438 3833 3479 commune

2262 3524 2362 3568 est.
2396 3515 2629 3569 Dicimus
2672 3515 2813 3569 enim
2857 3517 3109 3570 consolor
3145 3525 3218 3570 te.
3249 3516 3440 3571 Cicero
3469 3517 3831 3572 Familiarium

2264 3610 2617 3676 Epistolarum
2648 3610 2782 3663 libro
2811 3610 2996 3678 quinto
3030 3626 3042 3662 :
3071 3607 3180 3663 Etsi
3203 3618 3414 3679 egomet
3442 3610 3533 3678 qui
3564 3621 3615 3665 te
3640 3624 3832 3665 conso-

2263 3700 2361 3753 lari
2388 3701 2572 3768 cupio,
2601 3700 2957 3754 consolandus
2986 3701 3097 3768 ipse
3123 3715 3259 3754 sum.

2336 3788 2497 3843 Taceo
2519 3792 2654 3858 quod
2684 3789 2746 3841 de
2775 3798 2970 3842 natura:
3000 3788 3018 3858 ]
3048 3789 3405 3844 Pulcherrima
3433 3791 3703 3845 sententia
3728 3802 3830 3845 est.

2264 3880 2469 3934 Seneca
2503 3896 2515 3931 :
2547 3879 2729 3933 Potius
2756 3878 3067 3933 excitandus
3092 3894 3154 3933 ex
3176 3894 3397 3945 somno,
3424 3890 3477 3935 et
3505 3881 3833 3935 vellicandus

2264 3981 2341 4025 est
2366 3969 2574 4022 animus
2604 3968 3077 4037 admonendusque
3108 3979 3349 4023 naturam
3374 3970 3526 4023 nobis
3552 3970 3832 4023 minimum

2263 4058 2620 4115 consuluisse.
2673 4058 2835 4111 Nemo
2878 4058 3113 4112 nascitur
3156 4057 3335 4122 dives,
3368 4060 3594 4127 quisque
3631 4062 3733 4115 erit
3782 4062 3832 4114 in

2264 4150 2458 4211 lucem,
2479 4149 2657 4216 jussus
2678 4159 2759 4202 est
2774 4150 2905 4201 lacte
2923 4156 2977 4202 et
2998 4162 3171 4217 panno
3193 4162 3313 4201 esse
3330 4157 3633 4203 contentus.
3659 4149 3798 4203 Idem
3820 4167 3829 4199 :

2266 4238 2460 4292 Panem
2484 4248 2536 4293 et
2557 4252 2745 4308 aquam
2768 4246 2955 4292 natura
2977 4237 3262 4292 desiderat.
3286 4238 3366 4292 Ad
3394 4238 3509 4292 lucc
3532 4254 3688 4293 nemo
3711 4254 3832 4308 pau-

2265 4350 2360 4404 per
2388 4344 2468 4388 est
2486 4372 2501 4398 ,
2534 4334 2669 4387 inter
2693 4348 2809 4401 qua:
2833 4333 3057 4401 quisque
3088 4332 3411 4387 desiderium
3440 4347 3592 4387 suum
3621 4334 3833 4398 clausit,

2264 4439 2384 4478 cum
2417 4425 2531 4490 ipso
2568 4423 2699 4476 Jove
2727 4422 2794 4476 de
2840 4421 3091 4476 felicitate
3128 4422 3433 4476 contendat.
3481 4421 3710 4476 Libitum
3756 4432 3832 4478 est

2189 4496 2239 4553 ι)
2266 4514 2418 4567 nobis
2457 4514 2555 4565 hoc
2601 4513 2718 4565 loco
2757 4510 3022 4580 subjicere
3054 4511 3328 4567 Claudiani
3362 4522 3528 4578 poetze
3557 4529 3741 4567 versus
3782 4514 3832 4567 in

2265 4620 2481 4661 avarum
2505 4604 2775 4672 Ruﬁnum,
2804 4620 2910 4657 non
2932 4604 3104 4659 minus
3128 4604 3284 4658 utiles
3306 4620 3463 4673 quam
3494 4607 3789 4659 luculentus
3817 4622 3830 4658 :

2387 4697 2515 4754 Quo,
2540 4694 2750 4751 Vesane,
2778 4694 2918 4742 ruis?
2944 4700 3119 4743 teneas
3142 4701 3405 4752 utrumque
3431 4695 3597 4745 licebit

2388 4756 2656 4809 Oceanum.
2677 4754 2813 4816 laxes
2837 4755 3115 4816 rutilositihi
3138 4754 3282 4816 Lydia
3306 4754 3491 4814 fontes,

2390 4818 2661 4875 Jungantur
2681 4815 2851 4863 solium
2869 4816 2973 4876 Cyri
2996 4815 3245 4875 Crmsique
3266 4818 3421 4874 tiarae,

2386 4877 2641 4938 Nunquam
2661 4876 2798 4923 dives
2817 4880 2932 4938 eris,
2956 4888 3200 4936 nunquam
3220 4878 3465 4926 satiabere
3484 4886 3689 4932 quaestu.

2387 4937 2595 4998 Semper
2615 4938 2766 4997 ineps,
2786 4937 3067 4998 quicunque
3085 4942 3244 4996 cupit:
3271 4944 3529 4986 contentus
3549 4940 3751 4986 honesto

2388 4998 2638 5045 Fabricius
2659 5011 2822 5058 parto,
2841 4998 3105 5059 spernebat
3125 5010 3326 5047 munera
3349 5011 3541 5059 regum,

2386 5057 2698 5119 Stidabatqu’e
2717 5058 2853 5117 gravi
2874 5057 3044 5105 consul
3063 5057 3279 5107 Seranus
3298 5057 3461 5107 aratro
3481 5072 3494 5106 :

2388 5118 2445 5167 Et
2467 5132 2574 5167 casa
2600 5132 2844 5180 pugnaces
2863 5120 3032 5168 Curios
3051 5127 3252 5180 angusta
3274 5122 3494 5168 tenebat.

2387 5182 2502 5227 llaec
2519 5181 2632 5226 mihi
2657 5188 2919 5239 paupertas
2939 5186 3212 5239 augustior,
3232 5182 3334 5229 lure
3354 5182 3469 5227 mihi
3490 5188 3619 5229 tecta

2382 5240 2678 5301 Culmiuibus
2696 5241 2870 5299 majora
2892 5241 2988 5288 tuis
3010 5255 3021 5288 :
3047 5243 3131 5289 tibi
3152 5242 3326 5301 quaerit
3349 5243 3519 5289 inanes

2386 5300 2629 5362 Luxuries
2649 5304 2862 5349 nocitura
2882 5302 3032 5362 cibos,
3055 5300 3179 5349 mihi
3190 5301 3339 5362 donat
3355 5304 3593 5362 inemptas

2386 5360 2541 5424 Terra
2560 5364 2724 5422 dapes,
2746 5363 2936 5420 rapiunt
2954 5360 3124 5424 'l‘y'rios
3143 5364 3229 5410 tihi
3251 5361 3435 5411 vellera
3455 5360 3639 5421 succos,

2389 5422 2449 5470 Et
2468 5426 2715 5482 picturae
2732 5422 3007 5470 saturantur
3028 5426 3213 5471 murice
3234 5431 3414 5471 vestes.

2390 5484 2477 5545 llic
2497 5485 2681 5529 radiant
2702 5484 2862 5537 ﬂores,
2886 5486 3077 5545 etprati
3099 5485 3202 5532 viva
3223 5484 3444 5545 voluptas

2394 5544 2596 5603 Ingenio
2618 5546 2791 5589 variata
2811 5556 2917 5593 suo.
2937 5542 3239 5604 fulgenbbus
3258 5542 3356 5591 illic

2388 5606 2604 5660 Surgunt
2622 5603 2767 5651 fulcra
2791 5608 2936 5651 toris:
2968 5607 3043 5652 hic
3061 5605 3216 5651 mollis
3237 5604 3455 5665 panditur
3472 5603 3624 5651 herba

2388 5666 2652 5711 Sollicitum
2674 5666 2800 5712 curis
2822 5678 2915 5711 non
2935 5667 3193 5721 abruptum
3215 5678 3440 5725 sororem
3463 5678 3473 5710 :

2391 5728 2546 5774 'l'ui'liu
2569 5726 2857 5773 Salutautum
2880 5727 3015 5774 LL‘U‘S
3034 5728 3114 5774 tibi
3137 5724 3402 5788 perstrepit
3424 5724 3576 5774 tedas.
