4216 6256
313 298 448 360 1001

439 413 530 466 Hic
549 413 708 462 avium
727 417 917 471 cantus,
933 407 1146 459 labentis
1164 421 1410 459 murmura
1429 412 1541 471 rivi,

439 477 632 526 Vivitur
650 475 833 534 exiguo
853 472 1045 531 melius,
1071 477 1240 519 natura
1261 471 1422 521 beatis

439 539 678 589 Omnibus
697 547 810 583 esse
830 535 966 583 dedit
983 548 996 582 :
1023 535 1060 580 si
1081 538 1190 593 quis
1208 535 1498 593 cognoverit
1516 535 1588 582 uti

440 600 558 649 Haec
577 601 616 647 si
638 605 746 646 nota
769 595 944 654 forent,
968 594 1250 643 frueremur
1266 595 1484 652 simplice
1506 594 1640 643 cultu
1663 609 1674 642 :

437 661 648 711 Classica
669 672 763 707 non
782 659 1071 718 fremerent,
1090 669 1183 705 non
1203 655 1403 704 stridula
1423 655 1643 705 fraxinus
1662 658 1790 706 iret:

438 722 547 772 Non
567 729 744 773 ventus
762 726 988 781 quateret
1009 731 1214 779 puppes,
1235 731 1329 766 non
1349 720 1566 767 machina
1586 729 1770 766 muros.

387 807 630 861 Avaritia:
654 803 782 857 nihil
808 805 928 856 satis
953 813 1024 855 est
1059 800 1076 873 j
1109 801 1426 856 Aristoteles
1452 801 1623 870 primo
1648 800 1898 855 Politico—

317 913 438 952 rum
473 914 488 951 ι
513 895 712 950 Omnes
740 894 880 947 enim
916 893 967 945 in
999 891 1260 946 inﬁnitum
1289 897 1515 960 augent,
1545 894 1635 959 qui
1658 892 1899 961 pecuniis

319 990 556 1047 student.
589 987 934 1042 Ecclesiastes
965 1001 980 1041 :
1012 987 1217 1040 Avarus
1247 1000 1351 1039 non
1390 985 1694 1054 implebitur
1733 999 1898 1055 pecn-

322 1084 407 1138 nia
429 1123 444 1146 ,
475 1090 530 1138 et
557 1078 648 1151 qui
676 1086 820 1132 amat
839 1077 1053 1131 divitias
1075 1117 1091 1142 ,
1119 1076 1346 1132 fructum
1373 1092 1476 1132 nou
1500 1077 1676 1148 capiet
1700 1092 1768 1131 ex
1798 1080 1894 1132 eis.

321 1173 524 1232 Seneca
555 1192 566 1225 :
595 1173 772 1228 Avaro
794 1181 899 1227 tam
923 1171 1074 1226 deest
1094 1171 1236 1240 quod
1263 1170 1425 1226 habet
1443 1186 1602 1240 quam
1622 1171 1764 1240 quod
1793 1186 1898 1225 non

320 1265 500 1321 habet.
529 1264 785 1320 Salomon
813 1262 1226 1318 Proverbiorum
1256 1262 1430 1331 capite
1460 1277 1553 1315 xm
1584 1279 1596 1314 :
1630 1261 1723 1315 Est
1749 1262 1897 1331 quasi

319 1359 503 1425 dives,
533 1371 655 1412 cum
683 1356 814 1411 nihil
844 1355 1063 1419 habeat;
1091 1365 1145 1410 et
1173 1364 1254 1409 est
1273 1354 1422 1424 quasi
1447 1368 1668 1424 pauper,
1699 1368 1819 1407 cum
1845 1354 1898 1407 in

322 1454 505 1510 multis
533 1453 730 1508 divitiis
759 1452 849 1507 sit.
883 1452 1043 1507 Divus
1081 1448 1397 1506 Ambrosius
1426 1450 1477 1504 in
1517 1450 1690 1520 primo
1718 1449 1784 1505 de
1816 1451 1902 1504 ln-

322 1543 693 1614 terpellatione
742 1559 757 1597 :
804 1540 1018 1596 Modum
1057 1555 1161 1595 non
1205 1539 1368 1595 habet
1399 1541 1616 1595 avaritia
1639 1582 1656 1606 ,
1683 1556 1782 1596 nec
1810 1557 1898 1595 ra-

324 1634 517 1707 piendo
557 1633 823 1703 expletur,
869 1631 963 1688 sed
1009 1632 1260 1687 incitatur
1301 1649 1317 1686 :
1360 1633 1461 1687 hoc
1498 1634 1762 1701 egentior,
1794 1647 1900 1702 quo

323 1727 473 1796 plura
502 1723 790 1795 quasierit.
841 1722 1045 1779 Seneca
1093 1739 1108 1778 :
1155 1723 1287 1790 Quae
1330 1731 1454 1778 sunt
1481 1723 1725 1778 maximat
1761 1724 1900 1778 divi-

326 1785 446 1872 itaei
472 1785 588 1871 Non
614 1814 926 1870 desiderare
953 1785 1198 1870 divitias:
1226 1813 1357 1880 Quis
1387 1814 1670 1885 plurimum
1704 1815 1899 1871 habet?
1931 1785 1978 1846 ³

321 1909 423 1976 Qui
449 1909 728 1964 minimum
758 1907 924 1977 cupit.

858 1996 927 2053 IN
962 1995 1248 2052 METRUM
1281 1995 1367 2051 Ill.

395 2091 624 2147 Carmen
653 2099 735 2146 est
759 2088 970 2144 dicolon
992 2130 1008 2154 ,
1038 2097 1292 2144 constans
1320 2087 1547 2142 iambico
1597 2089 1809 2144 senario
1851 2098 1902 2143 et

321 2183 563 2254 elegiaco
591 2190 942 2252 pentametro.
959 2181 1127 2236 Taxat
1147 2196 1212 2236 eo
1238 2182 1541 2236 mortalium
1563 2181 1906 2250 cupiditatem

329 2274 742 2344 inexplebilem,
792 2273 992 2329 docens
1039 2288 1200 2343 opes,
1243 2288 1341 2328 nec
1384 2288 1602 2328 avarum
1629 2273 1752 2328 dum
1779 2274 1909 2330 vivit

324 2365 556 2432 satiare,
587 2380 686 2420 nec
717 2364 805 2418 ubi
831 2372 1072 2418 mortuus
1097 2363 1289 2431 fuerit,
1320 2364 1580 2418 comitari.

397 2454 619 2512 Fluente
643 2455 662 2529 ]
693 2457 982 2512 Afﬁu'ente.

399 2548 522 2601 Auri
548 2547 749 2618 gurgite
774 2544 795 2618 ]
823 2546 1069 2601 Aurifero
1100 2546 1296 2612 ﬂuvio,
1328 2546 1628 2616 cujusmodi
1659 2545 1910 2602 dicuntur

327 2639 380 2695 in
403 2637 567 2710 Lydia
611 2638 861 2693 Pactolus
904 2647 958 2693 et
997 2638 1256 2700 Hermus,
1295 2637 1470 2706 Tagus
1511 2640 1562 2692 in
1595 2638 1862 2694 Lusitania
1893 2680 1908 2706 ,

326 2727 520 2786 Durius
550 2730 604 2784 in
636 2729 907 2799 Hispania.
944 2729 1192 2785 lioratius
1225 2731 1277 2783 in
1308 2729 1491 2799 Epodo
1519 2747 1532 2783 :

449 2822 528 2872 Sis
546 2833 724 2883 pecore
745 2828 796 2872 et
814 2821 964 2871 multa
986 2823 1128 2872 dives
1146 2821 1329 2872 tellure
1350 2822 1535 2870 licebit.

912 2884 1102 2945 tibique
1119 2883 1344 2932 Pactolus
1361 2884 1498 2932 fluat.

401 2963 520 3018 Non
547 2966 835 3035 expiaturus
861 2963 882 3036 ]
914 2965 1029 3019 Non
1058 2966 1346 3020 satiaturas
1372 2964 1489 3033 ejus
1515 2964 1773 3020 animum.

399 3053 616 3126 Buccis]
649 3056 922 3122 Gemmis,
955 3056 1146 3126 lapillis
1179 3056 1443 3125 pretiosis.
1490 3055 1686 3121 Bacca,
1716 3056 1917 3112 fructus

1490 292 1871 352 MURIIELIJI
1907 291 2428 352 COMMENTARIA.

1921 412 1973 472 Α

3439 289 3574 344 1003

2123 407 2370 469 Languida
2390 407 2646 456 mordaces
2661 412 2951 456 consumunt
2972 408 3167 467 pectora
3189 416 3338 454 curre.

2001 490 2070 544 Et
2097 491 2232 546 alius
2263 508 2276 544 :
2309 490 2523 544 Vacuus
2549 489 2722 542 viator
2750 497 2804 542 et
2843 488 3014 542 nudus
3044 503 3147 541 non
3181 487 3331 540 timet
3359 485 3576 541 latronis

2001 581 2241 636 insidias.
2276 581 2511 637 Securus
2537 595 2566 633 a
2595 580 2872 634 nocturnis
2904 579 3106 634 furibus
3135 579 3330 633 dormit
3357 585 3577 649 pauper,

1998 671 2209 728 etiamsi
2252 671 2482 726 claustra
2525 686 2629 725 non
2664 673 2864 725 muniat
2903 690 2913 724 :
2957 670 3101 724 diviti
3147 685 3274 724 vero
3315 684 3443 736 opes
3470 685 3576 726 sum

2000 768 2224 823 latronis
2253 784 2466 838 semper
2497 769 2855 836 imaginantur
2887 782 3199 831 occursum,
3230 766 3341 834 jugi
3377 765 3580 820 sollici-

2001 861 2186 916 tudine
2211 862 2445 914 noctium
2476 874 2722 913 somnum
2753 860 3012 913 adimunt.
3044 858 3366 912 Claudianus
3398 874 3410 907 :

2128 951 2377 1014 Fmdaque
2397 951 2614 1014 avaritias
2633 949 2904 1010 complexae
2927 955 3125 1014 pectora
3147 948 3334 1007 matris,

2122 1012 2377 1062 Insomues
2397 1012 2541 1073 longo
2561 1015 2765 1060 veniunt
2784 1013 3012 1059 examine
3030 1024 3180 1059 cum.

2074 1095 2391 1166 Defunctum
2415 1088 2750 1164 i'illortuum.
2784 1095 3092 1163 Propertius
3125 1111 3138 1146 :

2126 1186 2264 1235 llaud
2289 1184 2411 1234 ullas
2433 1186 2644 1245 portabis
2663 1197 2786 1246 Opes
2803 1184 3094 1234 Acherontis
3113 1184 3170 1232 ad
3195 1183 3364 1233 undas.

2186 1248 2353 1297 Nudus
2371 1249 2432 1295 ab
2454 1249 2644 1295 inferna
2664 1247 2814 1295 stulte
2837 1247 3020 1295 vehere
3042 1254 3163 1295 rate.

2005 1331 2169 1386 Divus
2200 1331 2514 1386 Ambrosinus
2540 1329 2903 1384 Hexaemeron
2933 1329 3026 1384 lib.
3053 1329 3240 1383 ultimo
3264 1346 3279 1383 :
3307 1329 3442 1383 Nudi
3467 1343 3582 1384 om-

2003 1438 2098 1478 nes
2126 1424 2414 1488 nascimur,
2462 1422 2589 1476 nudi
2637 1425 2918 1476 mormur.
2962 1421 3112 1477 Nulla
3157 1423 3412 1477 discretio
3442 1424 3582 1480 inter

2005 1513 2268 1567 cadavera
2325 1521 2698 1577 mortuorum,
2746 1514 2843 1567 nisi
2893 1513 3028 1568 forte
3075 1515 3213 1584 quod
3255 1513 3465 1584 gravius
3503 1515 3583 1570 fe-

2003 1613 2119 1660 tent
2129 1605 2351 1659 divitum
2367 1620 2592 1674 corpora
2607 1605 2839 1659 distenta
2851 1606 3076 1661 luxurie.
3094 1606 3392 1663 Ludovicus
3405 1608 3580 1678 Bigus:

2129 1696 2392 1762 Nil_secum
2417 1696 2892 1762 morienslocuples,
2909 1698 2975 1746 nil
2996 1706 3157 1762 portat
3175 1711 3382 1760 egenus.

2189 1759 2345 1821 Morte
2371 1759 2589 1806 relicturi
2611 1757 2815 1820 plusque
2835 1757 3091 1821 minusiwe
3111 1757 3294 1809 sumus.

2131 1818 2276 1868 Tollit
2294 1821 2340 1868 in
2364 1818 2653 1868 immensum
2672 1818 2910 1869 se‘divitis
2929 1818 3064 1869 error
3085 1823 3234 1878 avari,

2194 1880 2297 1930 Nec
2315 1895 2370 1931 se
2392 1882 2472 1929 ubi
2495 1881 2687 1943 paciﬁca
2707 1887 2877 1930 mente
2897 1892 3118 1944 reponat,
3142 1885 3306 1932 habet.

2009 1965 2150 2020 Idem
2179 1982 2190 2016 :

2129 2053 2237 2103 Huc
2256 2054 2375 2102 nihil
2393 2053 2666 2108 intulimus,
2686 2053 2804 2103 nihil
2825 2055 2936 2102 hinc
2953 2054 3150 2103 auferre
3167 2054 3403 2106 valemus.

2193 2117 2378 2175 Oppida
2397 2128 2488 2162 rex
2510 2118 2740 2174 moriens,
2759 2115 2927 2164 frivola
2946 2115 3294 2177 linquit_inps.

2133 2175 2377 2240 Exiguum
2399 2183 2571 2240 natura
2592 2179 2732 2234 petit,
2750 2178 2832 2240 qui
2853 2175 3096 2240 congru'us
3115 2175 3182 2224 illi
3225 2175 3236 2177 ⁷
3385 2233 3395 2240 .

2190 2236 2413 2296 Vixerat,
2433 2237 2558 2285 haud
2581 2250 2791 2296 unquam
2811 2237 2890 2286 hic
2908 2236 3102 2299 indigus
3124 2251 3236 2287 esse
3256 2236 3432 2300 potest.

2543 2321 2608 2374 IN
2653 2320 2922 2376 PIiOSAM
2968 2321 3057 2376 IV.

2082 2411 2538 2480 Quemadmodum
2578 2413 2687 2482 jam
2733 2412 2915 2467 docuit
2961 2413 3177 2471 divitias
3216 2433 3393 2472 veram
3439 2420 3589 2474 suffi-

2011 2503 2260 2558 cientiam
2289 2520 2397 2558 non
2427 2504 2703 2572 conferre,
2738 2507 2806 2559 ita
2837 2520 2978 2560 nunc
3004 2518 3405 2577 argumentatur
3424 2510 3590 2581 digni-

2014 2604 2152 2651 tates
2200 2612 2293 2652 eos
2336 2598 2530 2666 quibus
2576 2599 2916 2665 provenerint
2961 2599 3300 2655 honorabiles
3338 2617 3592 2657 reveren-

2014 2689 2217 2758 dosque
2243 2706 2344 2745 non
2376 2691 2602 2745 reddere
2635 2707 2648 2741 :
2682 2705 2800 2758 quae
2821 2705 2966 2757 saepe
2986 2691 3199 2745 collata:
3225 2693 3478 2761 improbis
3498 2706 3592 2746 eos

2015 2782 2379 2849 despectiores
2405 2781 2634 2846 faciunt,
2665 2780 2788 2833 dum
2821 2780 3029 2834 illorum
3059 2782 3180 2834 vitia
3208 2781 3448 2850 pluribus
3470 2791 3592 2836 ante

2017 2872 2196 2944 ignota
2231 2873 2490 2928 revelant.

2091 2966 2385 3038 Dignitates
2413 2965 2433 3039 ]
2463 2967 2831 3036 Magistratus,
2861 2966 3114 3021 honores.
3157 2945 3395 3035 Dignitas
3433 2966 3594 3021 modo

2021 3058 2284 3128 signiﬁcat
2326 3059 2581 3113 honorem
2609 3059 2766 3112 alicui
2805 3067 3022 3127 propter
3061 3059 3246 3111 merita
3277 3059 3358 3112 vel
3393 3059 3594 3127 impen-

331 3149 496 3216 lauri,
520 3150 684 3216 oleae,
712 3152 861 3205 corni
883 3191 898 3217 ,
929 3149 1127 3220 myrti,
1157 3161 1212 3204 et
1242 3148 1292 3202 id
1318 3164 1482 3219 genus
1505 3150 1775 3204 arborum.
1804 3151 1907 3206 Per
1932 3150 1979 3213 ϐ
2010 3166 2150 3216 sum,
2178 3149 2260 3205 vel
2285 3149 2542 3204 debitum.
2575 3150 2775 3204 Gellius
2807 3168 2820 3200 ε
2845 3149 3009 3218 Cujus
3032 3149 3258 3219 dignitas
3283 3165 3384 3204 nec
3409 3151 3589 3219 augeri

331 3239 729 3296 similitudinem
759 3256 856 3311 pro
889 3239 1063 3309 lapide
1093 3240 1330 3328 pretioso
1353 3239 1630 3309 accipitur.
1661 3240 1751 3296 Sic
1778 3241 1911 3298 dici-

332 3343 450 3385 mus
477 3336 667 3386 baccas
689 3332 890 3386 succini
922 3333 1002 3385 vel
1029 3329 1234 3384 coralii.
1268 3329 1516 3384 Horatius
1547 3331 1599 3385 in
1628 3331 1813 3401 Epodo
1839 3349 1854 3387 :

455 3421 556 3472 Nec
571 3425 636 3487 sit
657 3426 842 3485 marita,
862 3438 973 3487 qua;
994 3424 1350 3474 rotundioribus

578 3484 760 3536 Onusta
781 3484 942 3535 baccis
967 3487 1202 3538 ambulet.

334 3565 467 3623 llnc
494 3567 749 3633 baccula,
784 3584 948 3638 parva
985 3570 1168 3627 bacca.

404 3655 568 3712 Rubri
616 3660 802 3713 littoris
833 3660 852 3732 ]
882 3661 1099 3716 Littoris
1140 3663 1404 3734 Erythraei
1446 3667 1628 3722 maris.
1672 3667 1912 3722 Rubrum

334 3758 484 3803 mare
513 3750 726 3814 dicitur,
757 3753 894 3821 quod
925 3770 953 3806 a
987 3753 1204 3810 Persico
1231 3758 1350 3812 sinu
1376 3758 1427 3812 in
1456 3759 1704 3814 Arabiam
1729 3772 1917 3815 exten-

333 3841 499 3897 ditur.
521 3841 793 3896 Nearchus
820 3853 874 3897 et
908 3839 1263 3914 Onesicritus,
1296 3849 1582 3904 Alexandri
1622 3850 1793 3920 Magni
1821 3866 1917 3906 co-

336 3934 531 3998 mites,
561 3933 889 3991 tradiderunt
916 3938 1078 3994 stulte
1107 3955 1419 4010 persuasum
1457 3957 1578 3999 esse
1607 3947 1762 4014 vulgo
1782 3987 1796 4011 ,
1830 3962 1919 4000 rn-

337 4024 466 4078 bras
490 4025 686 4080 alicubi
714 4041 832 4083 esse
859 4030 1022 4084 maris
1049 4045 1212 4100 aquas
1235 4075 1250 4099 ,
1285 4034 1410 4101 quin
1441 4034 1508 4090 ab
1539 4035 1768 4107 Erythro
1795 4053 1919 4108 rege

215 4153 242 4176 η,
337 4129 535 4171 nomen
586 4117 771 4189 pelago
817 4120 1043 4176 inditum
1088 4125 1308 4180 credere
1339 4141 1398 4181 se
1428 4125 1580 4195 cnjus
1609 4131 1916 4197 sepulcrum

340 4210 460 4281 ejus
482 4212 656 4282 gentis
687 4213 879 4268 litteris
903 4215 1244 4284 insignitum,
1280 4219 1332 4273 in
1366 4220 1536 4274 insula
1565 4221 1702 4276 haud
1737 4223 1919 4290 procul

344 4315 373 4352 a
405 4308 544 4355 terra
574 4303 751 4358 intuiti
778 4313 980 4362 essent.
1002 4304 1107 4358 Alii
1133 4322 1323 4376 aquam
1354 4310 1519 4365 videri
1549 4313 1793 4378 rubrum,
1821 4313 1920 4368 etsi

346 4403 452 4445 non
482 4391 582 4456 sit,
612 4393 912 4458 afﬁrmant,
941 4407 1035 4447 seu
1064 4394 1188 4463 quia
1211 4397 1408 4453 rubens
1437 4400 1508 4453 sit
1533 4415 1688 4465 area,
1714 4418 1814 4472 qua
1846 4402 1923 4457 le-

2015 3242 2289 3306 laudtbus,
2323 3257 2419 3296 nec
2452 3242 2612 3295 minui
2642 3242 3062 3296 detractionibus
3093 3250 3288 3310 potest.
3319 3242 3592 3309 Accipitur

2015 3334 2282 3389 interdum
2325 3349 2422 3404 pro
2468 3337 2871 3403 magistratuum
2916 3333 3380 3388 administratione
3409 3342 3464 3387 et
3493 3334 3592 3388 lio-

2018 3442 2167 3481 nore.
2189 3426 2378 3480 Cicero
2404 3444 2415 3479 :
2442 3425 2510 3481 Ut
2533 3426 2776 3479 omnibus
2800 3426 2850 3478 in
2875 3424 3034 3479 rebus
3057 3424 3104 3479 ei
3137 3435 3187 3479 Ie
3217 3423 3592 3489 commendes,

2017 3518 2188 3588 quoad
2235 3517 2366 3572 ﬁdes
2404 3517 2739 3586 dignitasque
2786 3525 2871 3570 tua
2909 3514 3154 3585 patietur.
3203 3515 3465 3568 Interdum
3509 3530 3599 3568 su-

2019 3613 2179 3665 mitur
2204 3625 2299 3679 pro
2328 3610 2464 3663 virili
2499 3608 2913 3677 pulchritudine.
2946 3608 3088 3662 idem
3113 3607 3249 3662 libro
3275 3608 3447 3676 primo
3467 3606 3598 3662 Offi-

2017 3702 2219 3755 ciorum
2256 3717 2271 3756 :
2304 3700 2724 3755 Pulchritudinis
2751 3701 2857 3754 duo
2885 3709 3006 3753 sunt
3027 3715 3222 3768 genera
3258 3717 3268 3750 :
3298 3715 3460 3754 unum
3484 3716 3596 3752 mu-

2022 3791 2212 3855 liebre,
2238 3807 2396 3859 quam
2419 3799 2749 3846 venustatem
2772 3791 3101 3860 appellamus
3129 3807 3142 3842 :
3168 3791 3392 3844 alterum
3423 3789 3590 3855 virile,

2019 3898 2178 3952 quam
2211 3881 2518 3950 dignitatem
2549 3881 2801 3936 dicimus.

2092 3977 2333 4032 Reddunt
2364 3973 2378 4046 Ι
2403 3975 2535 4030 Cum
2564 3975 2981 4043 interrogatione
3012 3973 3310 4044 legendum.

2094 4067 2238 4121 Num
2266 4064 2285 4138 ]
2315 4065 2602 4134 Nunquid?
2630 4064 2782 4134 quasi
2809 4065 2952 4118 dicat
2975 4064 3214 4119 minime.

2093 4164 2246 4233 Atqui
2267 4163 2285 4236 ]
2306 4163 2432 4218 Sed.

2096 4251 2408 4326 Illustrare]
2443 4253 2628 4307 Notam
2657 4252 2912 4317 reddere,
2947 4251 3248 4306 nobilitare.

2097 4344 2391 4413 Nequitiam
2416 4343 2434 4414 ]
2464 4343 2880 4412 Improbitatem.

2097 4436 2429 4506 Indignamur
2467 4433 2479 4505 ]
2507 4435 2670 4503 (Egm
2695 4444 2747 4487 et
2775 4434 2956 4500 iniquo
2984 4433 3162 4485 animo
3193 4431 3443 4487 feramus.

806 4484 1573 4597 ’,μξῗιξδ-Ξξξξξῗιλξῗ*Πυθιῶῃέ
1609 4493 1756 4547 color
1788 4511 1800 4546 ³
1832 4500 1923 4597 ai“
1945 4521 2002 4582 Ι)
2098 4481 2330 4582 CatuIlus
2357 4524 2377 4597 ]
2406 4481 2501 4580 Hic
2527 4481 2710 4593 ptineta,
2752 4481 2948 4592 genere
2993 4520 3314 4575 Veronensis
3333 4562 3348 4584 ,
3387 4521 3602 4588 scripsit

344 4574 486 4642 quod
517 4574 777 4629 montium
817 4575 906 4644 qui
944 4576 1179 4645 argillosi
1213 4579 1350 4645 sint,
1391 4595 1709 4650 repercussu
1739 4591 1923 4652 pacata

347 4663 521 4734 pelagi
566 4665 730 4720 facies
769 4666 1037 4722 rull‘escat.
1081 4667 1300 4724 Constat
1331 4671 1405 4726 ibi
1435 4670 1693 4741 plurimos
1720 4672 1924 4743 lapides

346 4755 608 4826 pretiosos
633 4755 973 4834 conchasaue
1004 4760 1248 4814 inveniri.
1279 4761 1520 4817 Tibullus
1559 4781 1568 4814 :

470 4846 864 4916 Et_quas_cuuque
883 4847 1294 4916 nigerliubnide
1314 4850 1482 4902 littore
1501 4866 1717 4916 gemmas

531 4908 792 4958 Proximus
810 4909 921 4959 Eois
939 4908 1125 4973 colligit
1142 4911 1291 4962 ludus
1309 4916 1449 4975 aquis

350 4989 495 5046 Idem
526 5009 542 5044 :

471 5105 663 5178 Quidve
677 5107 728 5156 in
745 5105 999 5178 Erythraeo
1015 5109 1203 5178 legitur
1225 5125 1334 5178 quae
1354 5113 1533 5178 littore
1543 5115 1749 5178 concha,

531 5166 800 5230 'l‘inctaque
812 5166 1017 5221 Sidonio
1034 5166 1222 5223 m'urice
1242 5166 1349 5224 Iana
1362 5177 1500 5238 juvat
1517 5177 1540 5227 τ

423 5269 642 5327 Centeno
662 5273 818 5346 bove]
845 5275 1066 5331 Centum
1099 5277 1288 5333 bobus.
1325 5279 1507 5336 Posuit
1531 5288 1709 5338 autem
1741 5297 1929 5337 nume-

345 5375 468 5417 rum
499 5360 703 5416 ﬁnitum
731 5378 828 5433 pro
853 5364 1080 5420 inﬁnito.

424 5450 677 5536 Scindot]
705 5455 903 5511 Aratro
933 5458 1188 5527 proscind

423 5543 612 5614 Opima
642 5545 652 5616 Ι
681 5547 902 5617 Pinguia
921 5590 938 5616 ,
965 5550 1179 5607 fertilia.

420 5640 558 5697 Cura
585 5646 801 5698 mordax
829 5644 847 5719 ]
876 5643 982 5701 Cor
1023 5647 1239 5704 assidue
1270 5663 1430 5706 urens
1459 5658 1515 5706 et
1549 5651 1700 5721 quasi
1748 5663 1931 5708 morsu

344 5732 663 5791 conﬁciens.
703 5735 855 5791 Unde
880 5737 1098 5806 quidam
1129 5756 1146 5793 :

633 5847 1149 5909 ινιτ-οι.ιχιιι
1459 5860 1550 5870 ι·
1697 5885 1701 5890 -
1844 5825 1920 5885 »"

2030 4621 2194 4676 multa
2236 4617 2561 4687 lepidissima
2600 4614 2837 4668 carmina
2860 4656 2873 4678 ,
2910 4627 3135 4681 quorum
3175 4610 3428 4664 nonnulla
3456 4610 3570 4665 desi
3593 4639 3605 4652 ι

2030 4712 2303 4776 derantur,
2335 4715 2547 4763 exstant
2570 4705 2702 4771 alia;
2735 4705 2800 4758 de
2822 4717 2928 4772 quo
2954 4702 3088 4756 dixit
3115 4701 3334 4757 Ovidius
3367 4718 3381 4753 :

2155 4801 2350 4851 Mantua
2366 4797 2574 4860 Virgilio
2596 4795 2797 4859 gaudet,
2815 4794 3011 4845 Verona
3029 4793 3235 4845 Catullo.

2031 4885 2102 4942 Et
2123 4882 2377 4940 Martialis
2408 4899 2424 4934 :

2156 4973 2350 5023 Verona
2367 4971 2494 5019 docti
2511 4970 2716 5032 syllabas
2737 4975 2864 5019 amat
2882 4972 3022 5017 vatis.

2103 5056 2246 5112 Licet
2277 5053 2295 5127 ]
2324 5055 2596 5123 Quamvis.

2108 5145 2176 5200 In
2206 5145 2384 5200 (juruli
2412 5141 2431 5216 ]
2472 5143 2528 5196 ln
2558 5143 2690 5198 sella
2732 5143 2948 5197 eborea.
2994 5140 3201 5195 Curulis
3229 5140 3356 5195 sella
3395 5148 3511 5193 erat
3543 5154 3612 5194 ex

2035 5239 2230 5304 ebore,
2261 5250 2361 5306 qua
2392 5234 2625 5303 majores
2657 5234 2998 5303 magistratus
3028 5231 3314 5286 tttebantur
3344 5229 3397 5283 in
3427 5243 3610 5283 curru.

2036 5329 2287 5386 Horatius
2313 5328 2365 5380 in
2393 5324 2634 5394 epistolis
2660 5340 2675 5378 ι

2157 5418 2368 5470 Cuilibet
2390 5418 2467 5465 hic
2481 5413 2638 5465 fasces
2656 5414 2809 5472 dabit,
2831 5415 3115 5475 eripietque
3132 5411 3323 5472 curule,

2160 5481 2246 5532 Cui
2270 5478 2422 5541 volet,
2440 5479 2745 5540 importunus
2769 5479 2912 5524 ehur.

2035 5565 2167 5622 Nam
2209 5570 2523 5626 senatores,
2575 5561 2664 5630 qui
2709 5559 2950 5614 curulem
3004 5557 3406 5626 magistratum.
3453 5552 3504 5606 id
3534 5560 3620 5606 est

2039 5653 2296 5726 majorem
2340 5652 2595 5710 honorem
2638 5650 2955 5720 gessissent,
3001 5648 3218 5704 honoris
3245 5647 3416 5715 gratia
3446 5646 3499 5698 iu
3523 5656 3619 5697 cu-

1983 5826 2532 5870 λ-
3192 5846 3271 5908 32
