4216 6256
649 368 790 442 1003

1302 376 1638 432 APPENDIX
1679 377 1774 432 AD
1814 375 2055 434 uanos
2096 377 2183 433 na
2224 353 2736 436 consentiens
2774 379 3271 454 PIIlLOSOPHlAi,

3770 351 3921 436 iota

650 497 788 551 riam
830 489 958 550 vehi
1001 490 1146 548 soliti
1188 499 1340 546 erant
1382 500 1573 556 curru,-
1617 492 1669 544 in
1712 499 1816 561 quo
1843 493 1957 546 erat
1995 491 2228 548 eburnea
2253 493 2308 556 Α
2334 491 2525 560 ubique
2551 492 2601 546 ei
2617 477 2886 547 convenit.
2918 487 3623 560 Facereautemquempiam
3651 503 3912 546 reveren-

651 589 814 652 Sella,
845 601 1006 654 super
1028 600 1128 654 qua
1157 584 1516 638 considerem.

728 676 1000 748 Nonium]
1042 677 1240 731 Nonius
1291 676 1501 733 Struma
1546 676 1818 734 Romanus
1857 679 1988 746 l'u'it,
2033 695 2228 751 genere

650 771 864 842 quidem
890 771 1099 836 nobilis,
1123 771 1216 824 sed
1243 772 1368 825 luxu
1391 777 1443 826 et
1465 770 1666 826 desidia
1695 773 1962 841 netabilis,
1988 775 2040 830 in
2069 767 2226 845 quem

651 869 705 916 et
734 861 996 915 Vatinium
1023 870 1234 915 exstant
1260 876 1448 917 versus
1476 862 1754 917 Catulliani
1787 882 1801 918 :

741 1016 743 1018 η
777 953 897 1018 Quid
924 961 1016 1018 est,
1039 953 1244 1018 Catulle,
1266 955 1392 1017 quod
1419 956 1619 1018 moraris
1639 953 1832 1004 emOrl?

783 1014 913 1066 Sella
941 1017 992 1064 in
1017 1017 1172 1065 curuli
1198 1014 1389 1065 Struma
1408 1017 1593 1066 Nonius
1615 1018 1779 1068 sedet.
1813 1074 1816 1076 γ

777 1079 878 1126 Per
901 1077 1202 1126 censulatum
1229 1081 1416 1138 peierat
1435 1079 1674 1128 Vatinius.

775 1140 897 1199 Quid
921 1147 1014 1198 est,
1037 1137 1261 1189 Catulle?
1289 1141 1402 1202 quid
1426 1143 1630 1189 moraris
1657 1139 1852 1190 emori?

651 1222 910 1292 Loquitur
953 1232 1128 1276 autem
1175 1233 1328 1291 poeta
1365 1222 1429 1275 ad
1477 1223 1711 1292 seipsum
1760 1222 2224 1295 indignabundus,

651 1317 790 1387 quod
816 1301 1197 1384 indignissimis
1223 1316 1526 1370 hominibus
1549 1325 1712 1371 tanta:
1735 1331 1764 1370 a
1797 1316 1991 1386 populo
2016 1316 2228 1370 collatae

652 1410 759 1464 sint
785 1409 1089 1484 dignitates.
1122 1409 1663 1464 Animadvertendum
1684 1419 1858 1464 autem
1891 1418 1971 1464 est
2001 1407 2050 1463 id
2085 1401 2228 1478 quod

647 1502 844 1560 abhinc
866 1517 1036 1557 annos
1065 1502 1317 1557 tredecim
1347 1503 1656 1573 Rodolphus
1682 1504 1910 1573 Longius
1936 1504 2226 1558 canonicus

644 1595 1119 1662 Monasteriensis,
1173 1596 1255 1649 vir
1312 1611 1546 1665 genere,
1601 1595 1882 1662 scientiis,
1941 1593 2226 1650 virtutibus

651 1691 817 1746 multo
848 1690 1206 1753 clarissimus,
1241 1705 1325 1743 me
1353 1699 1461 1744 tum
1489 1689 1882 1744 adolescentem
1910 1689 2222 1755 admonuit,

649 1798 754 1837 non
778 1781 896 1858 idep
919 1779 1204 1844 Catullum,
1230 1779 1453 1834 Nonium
1483 1781 1624 1834 hunc
1643 1781 1908 1835 Slrumam
1926 1781 2224 1850 appellare,

2329 580 2455 634 dum
2497 595 2601 636 non
2629 583 2882 638 convenit
2910 582 3105 651 ubique
3141 573 3520 652 dignitatibus:
3555 594 3660 635 non
3691 587 3772 634 est
3804 579 3907 648 igi-

2338 680 2425 726 tur
2448 675 2524 728 eis
2547 673 2808 729 uatura'c.
2840 671 3261 743 Pr0positionem
3285 688 3445 743 quam
3471 671 3626 726 multi
3649 661 3932 740 majorem.

2332 775 2566 833 vocant,
2593 768 2829 823 ostendit
2845 769 3097 836 exemplo
3119 779 3214 822 seu
3240 766 3548 821 inductione
3578 765 3908 834 imperfecta,

2341 872 2460 927 qua:
2485 857 2642 912 facile
2670 859 2853 928 perlici
2883 861 3070 928 possit.
3091 857 3250 912 Calor
3277 857 3406 926 ligni
3429 856 3683 910 naturalis
3717 856 3908 925 ubique

2334 948 2478 1005 inest
2505 951 2586 1004 ei:
2624 951 2852 1019 proinde
2879 949 3135 1020 quidquid
3167 950 3242 1004 rei
3273 948 3512 1004 naturale
3539 957 3621 1004 est
3645 965 3907 1019 nusquam

2330 1054 2450 1094 eain
2495 1039 2700 1095 deficit.
2743 1041 3178 1110 Assumptioncm
3231 1055 3364 1096 vero
3394 1055 3513 1111 quze
3546 1040 3704 1111 vulgo
3734 1042 3908 1098 minor

2330 1131 2544 1200 dicitur,
2565 1134 2705 1188 hunc
2721 1135 2774 1188 in
2788 1134 3004 1189 modum
3020 1147 3198 1190 veram
3220 1144 3340 1190 eSSe
3357 1135 3533 1192 docet.
3554 1135 3610 1192 Si
3633 1137 3751 1206 quis
3767 1139 3908 1193 enim

2331 1223 2526 1292 saepius
2556 1221 2742 1279 Romae
2778 1223 3058 1280 consulatu
3087 1225 3325 1292 functus,
3359 1227 3637 1282 devenerit
3687 1226 3824 1283 forte
3858 1231 3907 1282 in

2330 1312 2586 1369 barbaras
2607 1316 2870 1382 nationes;
2905 1317 2991 1370 ubi
3017 1315 3182 1372 fuerit
3211 1311 3441 1386 ignotus,
3473 1317 3695 1372 minime
3716 1315 3909 1372 barba-

2331 1403 2406 1459 ris
2433 1405 2698 1462 videbitur
2737 1408 3096 1475 venerandus,
3127 1407 3219 1477 qui
3242 1421 3340 1463 nec
3364 1409 3536 1464 ’virum
3568 1406 3780 1476 norint,
3815 1423 3910 1463 nec

2330 1495 2449 1566 ejus
2476 1496 2653 1554 mirati
2683 1499 2881 1554 fuerint
2900 1497 3203 1569 dignitates.

2405 1589 2641 1663 Quoquo]
2695 1591 3025 1659 Ubicunque.

2404 1682 2508 1738 Sed
2539 1682 2655 1755 hoc]
2691 1685 2926 1741 Subaudi
2957 1685 3174 1755 evenit,
3215 1685 3302 1742 vel
3329 1687 3557 1758 accidit,
3603 1687 3690 1744 vel
3740 1687 3912 1744 Simile

2331 1775 2622 1846 quidpiam.

619 1871 622 1874 ’
649 1875 800 1943 quasi
826 1856 1131 1945 ignominia:
1157 1873 1382 1943 quodam
1413 1873 1585 1943 elogio
1616 1871 1716 1927 hoc
1739 1889 1861 1928 eum
1887 1875 2103 1929 nomine
2129 1889 2226 1928 no-
2257 1856 2306 1941 ﬂ
2405 1860 2546 1920 Ιὴιεί·
2585 1883 2671 1920 θοι
2710 1866 2851 1939 vero]
2885 1870 3111 1927 miserit
3141 1873 3242 1928 hec
3290 1868 3428 1942 apud
3457 1863 3591 1944 dites
3610 1871 3741 1929 ortae
3767 1883 3909 1940 sunt,

651 1975 754 2030 tet,
789 1972 847 2018 ut
873 1965 1039 2019 Boetii
1078 1966 1236 2020 verba
1266 1965 1633 2033 praztendunt,
1663 1965 1758 2020 sed
1793 1966 2086 2035 cognomen
2120 1965 2226 2020 Νο-

649 2058 753 2124 nii,
779 2067 830 2112 et
850 2056 965 2126 ejus
989 2056 1203 2110 familiae
1225 2057 1439 2112 Struma
1469 2058 1563 2111 fuit
1593 2075 1607 2110 :
1634 2057 1773 2128 quod
1799 2067 1852 2112 et
1876 2058 2033 2112 Plinii
2063 2055 2223 2112 verba
2275 2039 2284 2043 ’

649 2149 703 2204 in
759 2163 943 2201 xxxvii
995 2147 1256 2202 Naturalis
1302 2148 1548 2203 Historize
1593 2147 1910 2215 ostendunt,
1954 2153 2073 2203 cum
2121 2150 2223 2214 ait,

651 2239 718 2294 de
760 2239 935 2309 opalio
964 2238 1173 2307 gemma
1213 2237 1599 2308 pretiosissima
1622 2239 1866 2293 scribens
1899 2256 1912 2291 :
1947 2238 2223 2308 Siquidem

649 2339 833 2386 exstat.
853 2329 1116 2399 hodieque
1144 2327 1300 2399 hujus
1321 2329 1532 2399 generis
1555 2343 1793 2398 gemma,
1830 2337 2046 2397 propter
2069 2344 2224 2398 quam

649 2422 717 2477 ab
755 2421 988 2476 Antonio
1038 2420 1367 2490 proscriptus
1413 2421 1616 2477 Nonius
1661 2433 1876 2476 senator
1919 2431 2040 2487 est,
2091 2423 2228 2476 lilius

555 2554 562 2558 ι
651 2516 880 2571 Struma:
913 2515 1097 2581 Nonii,
1131 2530 1287 2584 quem
1328 2515 1566 2571 Catullus
1607 2525 1760 2585 poeta
1804 2516 1856 2570 in
1900 2514 2027 2571 sella
2054 2517 2228 2570 curuli

653 2611 824 2663 visum
855 2607 1066 2678 ind'gne
1091 2608 1239 2673 tulit,
1271 2621 1505 2677 avusque
1532 2607 1740 2675 Servilii
1763 2606 2003 2663 Novianii
2023 2651 2038 2675 ,
2070 2609 2228 2677 quem

649 2699 924 2755 consulem
967 2699 1216 2752 vidimus.
1266 2698 1481 2754 Struma
1519 2715 1648 2753 vero
1685 2715 1850 2769 genus
1893 2697 2068 2754 morbi
2108 2699 2223 2766 est,

651 2802 828 2847 tumor
853 2791 1084 2855 scilicet,
1119 2790 1171 2844 in
1203 2805 1306 2859 quo
1343 2791 1532 2845 subtus
1575 2796 1841 2845 concreta:
1882 2792 2121 2858 quaedam
2163 2807 2229 2846 ex

651 2899 782 2955 pure
811 2893 865 2939 et
901 2884 1158 2952 sanguine
1197 2882 1349 2952 quasi
1378 2882 1639 2951 glandulae
1668 2883 1931 2936 oriuntur.
1965 2877 2228 2938 Strumosi

649 2975 900 3029 dicuntur
929 2975 1017 3043 qui
1047 2973 1100 3027 id
1128 2974 1239 3026 vitii
1262 2975 1552 3042 patiuntur,
1577 2983 1632 3029 et
1653 2983 1916 3030 strumosa
1959 2989 2082 3044 pars
2111 2977 2229 3029 cor-

652 3066 795 3136 poris
821 3080 939 3135 qute
965 3080 1029 3120 eo
1063 3061 1186 3120 laesa
1215 3073 1318 3120 est.

721 3155 852 3211 Cum
879 3156 1166 3230 Decorato]
1223 3157 1513 3212 Decoratus
1543 3161 1785 3228 tempore
1825 3155 1996 3213 Boetii
2043 3171 2226 3213 scurra

2335 1967 2591 2026 perpetuo
2621 1958 2908 2028 dignitates
2939 1977 3274 2032 permanere,
3307 1957 3468 2036 idque
3497 1967 3759 2036 ekemplis
3789 1965 3910 2037 pro-

2331 2055 2422 2111 bat
2441 2057 2735 2112 evidenter.
2907 2047 2910 2052 ’
3220 2040 3223 2043 ’

2405 2149 2748 2224 Prwfeetura]
2801 2147 3059 2208 Romulus
3112 2157 3275 2209 unum
3305 2151 3463 2226 elegit
3512 2153 3668 2224 ouem
3699 2151 3912 2210 urbditis

2333 2242 2560 2312 negotiis
2588 2242 2845 2312 praefecit,
2890 2253 2948 2300 ut
2980 2243 3266 2320 Dionysius
3294 2246 3388 2304 ait.
3426 2237 3575 2305 illiue
3605 2243 3912 2320 prmtectum

2337 2335 2490 2392 Urbis
2521 2337 2682 2392 fuisse
2704 2340 2834 2392 satis
2884 2351 3116 2396 constat.
3149 2337 3333 2413 Longo
3375 2349 3494 2412 post
3533 2347 3769 2413 tempore
3797 2341 3912 2397 tau-

2334 2443 2442 2487 tum
2463 2433 2564 2486 sibi
2583 2433 2720 2502 juris
2748 2434 3062 2503 praefectura
3091 2433 3385 2493 vindicavit
3413 2437 3682 2500 Caesarum
3714 2450 3914 2509 tempo-

2331 2525 2503 2593 ribus,
2527 2534 2582 2579 ut
2603 2523 2826 2579 crimina
2851 2529 3088 2600 omnium
3119 2528 3172 2582 in
3195 2530 3326 2583 urbe
3351 2544 3721 2598 cognosceret,
3743 2543 3796 2587 et
3819 2513 3914 2587 de-

2332 2633 2478 2672 mum
2503 2633 2621 2672 cum
2649 2618 2889 2675 Caesares
2912 2621 2979 2675 ab
3001 2619 3144 2676 Urbe
3165 2615 3448 2688 abessent,
3470 2624 3754 2693 praefecuts
3776 2628 3916 2680 velut

2333 2710 2983 2779 alterCmsarimperabai,
2999 2711 3066 2766 de
3079 2707 3236 2766 rebus
3249 2711 3494 2768 omnibus
3507 2711 3622 2783 qur.
3637 2715 3702 2768 ad
3721 2715 3914 2771 Urbem

2332 2807 2702 2878 pertinebant,
2730 2806 3004 2862 cenSebat.
3031 2807 3296 2878 Tempore
3326 2818 3502 2863 autem
3525 2807 3719 2874 Boetii,
3745 2793 3916 2865 Theu-

2331 2897 2516 2952 derico
2575 2893 2872 2952 Gothorum
2932 2912 3056 2966 rege
3086 2891 3292 2960 italiam
3327 2908 3569 2963 tenente,
3602 2899 3914 2968 prmfectura

2333 3005 2439 3044 non
2466 2999 2602 3059 erat,
2627 2989 2730 3044 nisi
2748 2989 2904 3046 inane
2932 3006 3151 3058 nomen,
3171 3001 3225 3046 et
3251 2993 3507 3046 senatorii
3531 3007 3723 3047 census
3743 2993 3914 3061 gravis

2333 3081 2540 3136 sarcina
2558 3121 2571 3146 ,
2599 3081 2740 3154 quod
2767 3092 3043 3136 senatores
3061 3083 3395 3151 suapecunia
3420 3082 3731 3152 praefectum
3756 3081 3914 3138 Urbis

2337 3173 2484 3227 alere
2503 3173 2853 3243 cogebantur,
2879 3174 2970 3242 qui
2991 3173 3147 3228 titulo
3169 3182 3327 3229 tenus
3348 3184 3464 3229 erat
3486 3176 3791 3243 praefectus,
3820 3190 3916 3231 nec

652 3252 1005 3323 nequissimus
1033 3261 1086 3306 et
1115 3252 1439 3322 sycophanta
1463 3252 1579 3321 fuit,
1602 3268 1722 3308 cum
1746 3268 1852 3323 quo
1875 3253 2088 3308 Boetius
2112 3267 2225 3308 ma-
2255 3243 2302 3306 C
2335 3268 2613 3338 antiquam
2643 3266 2908 3322 retinebat
2931 3267 3320 3324 auctoritatem,

651 3346 929 3414 gistratum
957 3358 1143 3413 gerere
1171 3345 1451 3399 recusavit.

720 3434 961 3508 Putares]
1008 3435 1203 3490 Velles.
1240 3434 1398 3502 Puto,
1429 3442 1568 3491 teste
1594 3438 1824 3504 Acrone,
1859 3452 1953 3507 pro
1993 3439 2116 3494 volo
2145 3453 2234 3495 ac-

646 3527 863 3597 cipitur.
887 3527 1068 3582 Horat.
1089 3530 1140 3581 in
1158 3527 1529 3582 Sermonibus:
2255 3515 2258 3520 ’

776 3619 841 3669 Ut
862 3618 1036 3669 vitales
1057 3625 1234 3680 putes:

650 3703 705 3761 id
734 3710 820 3760 est
847 3704 1000 3759 velis.
1873 3754 1880 3763 _

721 3793 864 3850 Inest
895 3795 1029 3848 enim
1066 3793 1289 3861 dignitas
1347 3793 1559 3862 propria
1603 3789 1821 3861 eirtutu]
1872 3793 2154 3850 Horatius:

897 3886 1065 3935 Virtus
1083 3881 1297 3946 repulsae
1321 3884 1489 3931 nescia
1513 3883 1719 3931 sordidae

899 3945 1200 3996 intaminatis
1221 3945 1376 4005 l’ulget
1398 3945 1680 3994 honoribus.

725 4030 1069 4097 Despectiores
1095 4029 1262 4098 potius
1293 4026 1545 4096 improbos
1579 4027 1802 4100 dignitas
1823 4028 1964 4098 facit]
1992 4031 2226 4087 Seneca:

651 4123 794 4182 Loco
808 4107 1112 4198 ignominize
1124 4120 1351 4192 estapud
1366 4121 1892 4192 iudignumdiguitus.
1907 4121 2186 4180 Claudian.
2215 4141 2228 4175 :

777 4216 925 4266 vait
948 4214 997 4262 in
1022 4218 1268 4262 auctorem
1295 4215 1600 4274 prodigiosos
1623 4214 1799 4264 honor.

654 4301 831 4357 Veteri
880 4298 1164 4369 proverbio
1210 4297 1425 4364 dicitur,
1461 4297 1626 4354 Simia
1673 4298 1828 4354 simia
1877 4310 1992 4365 est,
2024 4301 2228 4357 etiamsi

651 4406 812 4447 aurea
843 4397 1016 4461 gestet
1057 4378 1306 4458 insignia.

730 4483 921 4538 Verum
966 4499 1068 4536 non
1111 4480 1336 4554 impune]
1367 4481 1493 4547 Sed,
1527 4483 1721 4552 inquit,
1765 4485 1906 4555 quod
1937 4486 2223 4556 dignitates

649 4570 921 4647 improbus
941 4573 1302 4643 despectiores
1331 4574 1579 4639 reddunt,
1611 4574 1663 4628 id
1695 4590 1799 4631 non
1836 4577 2051 4647 impune
2071 4619 2089 4646 ,
2124 4578 2227 4634 hoc

582 4712 592 4716 ι
651 4676 737 4724 est
761 4684 868 4723 non
898 4667 1013 4723 sine
1039 4653 1175 4721 noxa
1203 4681 1297 4721 sua
1329 4665 1557 4720 faciunt:
1589 4682 1712 4722 nam
1730 4668 1966 4724 vicissim
2013 4671 2226 4726 illorum

649 4743 963 4830 contagione
991 4757 1339 4812 maculantur.
1362 4757 1525 4814 Divus
1555 4757 1909 4834 Hieronymus
1932 4763 1983 4817 in
2004 4761 2236 4832 epistola.

653 4839 1010 4907 consolatoria
1059 4850 1125 4923 ad
1155 4850 1854 4926 Pammacltuszuamvis
1905 4855 2080 4909 clarus
2127 4856 2227 4908 ho-
2272 4881 2307 4895 λο

649 4959 749 5000 nor
776 4942 984 5000 vilescit
1011 4941 1064 4995 in
1096 4942 1249 4996 turba
1269 4985 1284 5009 ,
1317 4952 1370 4997 et
1399 4945 1538 5012 apud
1568 4945 1711 4999 viros
1742 4947 1914 5002 bonos
1956 4948 2228 5015 indignior

647 5035 711 5090 ﬁt
737 5032 1124 5104 ipsadignitas,
1158 5049 1314 5103 quam
1344 5036 1496 5091 multi
1516 5036 1718 5107 indigni
1747 5039 2041 5108 possident.
2067 5041 2221 5097 Unde

648 5125 861 5197 egregie
915 5126 982 5180 de
1009 5123 1222 5181 Caesare
1266 5127 1502 5183 Tullius:
1538 5130 1670 5185 Dum
1700 5131 1979 5200 quosdam,
2013 5134 2105 5199 ait,
2138 5125 2227 5187 or-

647 5231 780 5288 nare
799 5215 986 5282 voluit,
1011 5231 1118 5271 non
1149 5216 1267 5272 illos
1294 5217 1618 5286 honestavit,
1640 5222 1737 5276 sed
1767 5233 2078 5278 ornamenta
2110 5226 2225 5294 ipsa

647 5310 899 5368 turbavit.
931 5308 1120 5366 Cicero
1156 5311 1211 5367 in
1230 5313 1464 5368 secunda
1496 5315 1790 5386 Philippica
1818 5317 1884 5372 de
1915 5317 2094 5373 Marco
2115 5318 2225 5374 An-

645 5403 828 5461 tonio:
861 5401 918 5458 ln
949 5402 1163 5460 homine
1185 5406 1328 5462 enim
1370 5408 1679 5477 turpissimo
1709 5410 2026 5466 obsolebant
2051 5411 2222 5483 digni-

646 5495 769 5549 tatis
783 5492 1032 5563 insignia.

724 5583 1054 5658 Umbratiles]
1081 5585 1272 5640 Inanes
1292 5627 1308 5654 ,
1341 5589 1543 5644 umbrae
1565 5590 1789 5649 similes.

719 5671 910 5743 Siquis
941 5674 1235 5749 multiplici]
1289 5677 1517 5735 Pulchre
1552 5683 1897 5740 ratiocinatur
1937 5664 2224 5756 dignitates

647 5762 755 5817 non
789 5764 965 5818 facere
991 5767 1298 5842 quempiam.
1322 5770 1520 5838 ubique
1547 5775 1905 5828 venerandum
1923 5818 1938 5841 ,
1967 5792 2141 5846 neque
2169 5758 2224 5832 id

647 5859 768 5904 esse
796 5857 1097 5914 munus‘cis
1129 5858 1392 5912 naturale.
1435 5860 1698 5928 Quidquid
1736 5867 1813 5920 rei
1833 5871 2094 5922 'naturale
2115 5883 2220 5936 est,

2258 4626 2314 4692 Ῑ)
2337 4617 2514 4703 inesse
2526 4617 2817 4704 concludit.

2413 3357 2567 3412 Nunc
2594 3374 2655 3412 ea
2678 3355 3000 3430 prafectura]
3033 3359 3218 3413 Dicunt
3263 3359 3477 3428 quidam
3524 3373 3754 3415 annonae
3779 3374 3918 3429 pra:-

2339 3434 2602 3505 fecturam
2618 3448 2868 3503 habuisse
2887 3448 3095 3502 initium
3113 3451 3132 3502 l
3147 3449 3335 3504 δαηηο
3357 3438 3476 3518 post
3498 3459 3719 3505 exactos
3744 3467 3914 3520 reges,

2337 3542 2512 3610 Appio
2543 3540 2764 3595 Claudio
2793 3540 2993 3594 Sabino
3019 3549 3072 3593 et
3099 3537 3160 3594 P.
3189 3539 3417 3596 Servilio
3457 3538 3641 3596 Prisce
3683 3544 3916 3597 consuli-

2338 3633 2578 3700 bus;sed
2603 3633 2785 3688 verius
2812 3640 3022 3687 constat
3051 3645 3193 3685 anno
3228 3631 3323 3698 13,
3348 3631 3653 3689 'l‘.Secanio
3667 3645 3719 3690 et
3737 3635 3795 3689 P.
3823 3635 3916 3690 Mi-

2340 3724 2489 3777 uutio
2517 3722 2844 3785 consulibus,
2879 3735 2982 3791 quo
3016 3721 3259 3788 tempore
3299 3715 3527 3776 annona':
3568 3726 3918 3784 maximaca-

2338 3815 2469 3869 ritas
2495 3812 2610 3877 fuit,
2637 3813 2891 3880 missique
2914 3811 2968 3864 in
2997 3809 3234 3865 Sicil?a'm
3262 3811 3409 3883 fuere
3431 3812 3491 3866 P.
3519 3811 3762 3868 Valerius
3786 3828 3835 3870 et
3855 3815 3914 3868 L.

2340 3905 2608 3975 Geganius
2637 3921 2733 3976 pro
2761 3903 3074 3961 advehendo
3102 3901 3394 3960 frumento.
3423 3903 3616 3962 Volunt
3646 3911 3699 3963 et
3732 3909 3819 3962 alii
3853 3909 3914 3965 L.

2338 4002 2618 4056 Minutium
2637 4000 2800 4055 fuisse
2825 4001 3054 4070 primum
3074 4013 3303 4056 annonae
3323 4000 3655 4071 prtelectuui,
3681 4003 3917 4073 satisque

2338 4101 2568 4154 constat,
2604 4105 2708 4145 non
2741 4090 2840 4144 nisi
2873 4103 2937 4144 ex
2965 4090 3259 4162 indigentia
3291 4091 3540 4147 lrumenti
3570 4089 3710 4149 hunc
3751 4091 3917 4164 magi-

2337 4192 2563 4241 stratum
2592 4184 2754 4240 fuisse
2775 4192 3033 4239 creatum.

2410 4277 2620 4346 Proprii
2642 4277 2861 4350 decoris]
2891 4278 3130 4348 Propria:
3158 4273 3592 4349 pulchritUdinis.

2410 4368 2586 4437 Nunc]
2619 4368 2905 4452 interdum.

2413 4462 2474 4516 Si
2498 4464 2658 4535 igitur
2687 4462 3006 4536 reverendus]
3037 4463 3191 4520 Brevi
3225 4459 3434 4534 epilogo
3459 4461 3564 4533 jam
3597 4462 3736 4517 dicta
3761 4479 3912 4531 repe-

2339 4551 2441 4623 tit,
2474 4563 2529 4610 et
2558 4554 2901 4623 dignitatibus
2955 4553 3089 4608 nihil
3142 4550 3452 4622 expetendae
3505 4551 3910 4622 pulchritudinis

2869 4715 2935 4769 IN
2973 4713 3261 4771 METRUM
3302 4715 3390 4771 iV.

2411 4789 2645 4843 Carmen
2677 4795 2760 4843 est
2789 4787 3000 4842 dicolon
3022 4828 3036 4852 ,
3068 4786 3221 4858 cujus
3243 4788 3445 4858 primus
3476 4801 3662 4843 versus
3679 4795 3766 4843 est
3781 4790 3914 4859 pha-

2336 4883 2502 4940 lecius
2545 4884 3046 4955 hendecasyliabus,
3077 4883 3342 4939 secundus
3371 4884 3693 4952 alcmanius,
3721 4885 3802 4941 vel
3831 4887 3914 4956 (ul

2337 4978 2459 5032 aliis
2480 4979 2676 5048 placet)
2698 4976 3054 5034 archilochius
3085 4975 3396 5031 tetrameter
3417 4979 3760 5046 acatalectus,
3784 4994 3914 5034 con-

2340 5080 2490 5126 stans
2515 5071 2722 5124 duobus
2739 5069 2967 5140 dactylis
2991 5080 3044 5124 et
3067 5068 3285 5124 totidem
3315 5069 3580 5124 trochaeis.
3617 5070 3782 5124 Docet
3804 5070 3909 5124 Ne-

2339 5163 2488 5216 ronis
2502 5162 2746 5232 exeruplo
2767 5160 3046 5231 dignitates
3067 5167 3210 5230 smpe
3235 5160 3648 5230 corrttptissimis
3670 5160 3908 5215 moribus

2337 5254 2632 5321 adhaerere,
2657 5262 2710 5309 et
2733 5243 2964 5308 honores
2991 5269 3108 5308 cum
3138 5245 3168 5307 a
3199 5245 3408 5308 miseris
3437 5254 3756 5323 tribuantur,
3789 5253 3914 5310 bea-

2336 5345 2617 5401 titudinem
2635 5345 2884 5400 conferre
2903 5343 3108 5400 nemini
3132 5358 3309 5414 posse.

2408 5435 2562 5506 Tyrio
2597 5433 2756 5506 ostro]
2807 5435 2967 5505 Tyria
3017 5449 3272 5505 purpura.
3307 5433 3516 5490 Ostrum
3547 5443 3629 5491 est
3657 5427 3910 5508 purpura.

2332 5524 2585 5595 Virgilius
2615 5524 2669 5579 in
2697 5523 2970 5594 Georgicis
2994 5542 3006 5577 :

2459 5613 2522 5663 Ut
2545 5625 2736 5675 gemma
2757 5615 2912 5677 bibat,
2941 5622 2993 5666 et
3016 5615 3224 5666 Sarrano
3249 5615 3452 5667 dormiat
3474 5625 3623 5668 ostro.

2401 5693 2657 5767 Comeret]
2676 5695 2920 5751 Ornaret.

2403 5783 2604 5859 Niveis]
2632 5786 2906 5842 Candidis.

2407 5875 2641 5947 Vigebat]
2682 5877 2922 5934 Vivebat.
