4216 6256
284 413 419 474 1005

356 528 492 601 Vim]
514 529 571 584 ld
600 537 682 585 est
710 529 1025 584 violentiam
1054 516 1363 584 exercebat.
1812 588 1851 609 ,ι

349 624 596 679 Luxuria:
627 622 770 677 Nero
807 614 1075 694 meientis]
1100 623 1259 678 Divus
1279 622 1606 691 Augustinus
1634 622 1768 683 libro
1804 620 1871 678 de

278 718 611 776 CiviuteDei
643 718 849 787 qttinto,
882 718 1055 786 capite
1108 716 1203 771 l9:
1236 716 1340 784 Qui
1382 726 1561 773 autem
1614 729 1867 773 contem-

275 826 395 885 ptor
422 814 609 883 gleiize
636 812 1013 867 dominationis
1044 820 1126 865 est
1154 810 1365 876 avidus,
1397 810 1596 865 bestias
1616 817 1862 880 superat,

274 907 389 960 sive
419 905 752 962 crudelitatis
804 904 969 968 vitiis,
1019 903 1133 957 sive
1177 902 1423 957 luxuriae.
1460 901 1619 957 Tales
1649 902 1867 971 quidam

272 995 506 1050 Romani
532 997 761 1050 fuerunt.
777 993 891 1047 Non
907 993 1047 1047 enim
1065 1008 1194 1048 cura
1208 993 1631 1048 existimationis
1645 992 1866 1061 amissa,

274 1089 655 1145 dominationis
677 1088 969 1157 cupiditate
990 1096 1298 1143 caruerunt.
1324 1089 1520 1143 Multos
1543 1088 1677 1142 tales
1700 1086 1865 1141 fuisse

273 1181 454 1249 prodit
484 1180 723 1233 historia.
756 1178 861 1234 Sed
892 1179 1047 1247 hujus
1078 1179 1190 1233 vitii
1225 1180 1588 1233 summitatem
1632 1187 1686 1234 et
1714 1177 1867 1247 quasi

273 1286 451 1326 arcem
483 1268 769 1338 quamdam
816 1268 958 1324 Nero
982 1269 1165 1324 Caesar
1192 1269 1396 1338 primus
1421 1269 1679 1323 obtinuit:
1710 1266 1867 1337 cujus

276 1362 373 1415 lult
402 1369 544 1414 tanta
593 1360 865 1425 luxuries,
895 1369 951 1415 ut
978 1360 1113 1415 nihil
1162 1359 1230 1415 ab
1272 1375 1338 1416 eo
1386 1370 1665 1430 putaretur
1702 1360 1861 1415 virile

274 1454 653 1511 metuendum:
689 1462 831 1507 tanta
876 1453 1196 1519 crudelitas,
1231 1460 1290 1508 ut
1313 1442 1446 1508 nihil
1472 1452 1635 1507 mone
1654 1440 1865 1506 habere

279 1550 612 1612 crederetur,
644 1548 688 1601 si
718 1548 1039 1602 nesciretur.

256 1652 261 1657 '
347 1640 643 1715 Improbus}
673 1638 1133 1696 Sceleratissimus
1160 1634 1325 1693 Nero.

356 1732 617 1804 Verendis]
634 1731 982 1786 Reverettdis.

349 1823 611 1894 Patribus]
644 1821 1017 1877 Senatoribus.

1484 384 1863 468 uuuMELL’It
1902 370 2423 495 consessum.

1812 588 1817 595 ,
1843 578 1861 602 _.
1894 524 1951 585 Α
1974 496 2277 601 seensuque
2304 530 2598 601 pergendo,
2624 530 2829 587 nullum
2863 540 3047 602 posset
3070 532 3231 587 telum
3260 533 3557 591 occultare.

3420 416 3440 468 ι
3452 413 3559 499 eos

1975 623 2117 690 Quot
2143 624 2468 693 quantisque
2490 624 2650 692 igitur
2679 626 2891 680 animus
2912 624 3171 693 hominis,
3200 628 3289 697 qui
3313 629 3397 681 vel
3422 641 3559 684 uxo-

1975 730 2093 783 rem,
2120 717 2189 770 ita
2225 725 2531 785 suspectam
2566 717 2816 784 habebat,
2841 718 2996 773 malis
3016 720 3245 773 refertus
3267 721 3419 773 erat?
3445 721 3560 777 Illis

1974 816 2120 862 certe
2144 788 2275 860 mihi
2314 806 2620 861 simillimus
2643 794 2854 862 videtur
2880 805 3065 873 fuisse,
3097 808 3330 878 quicum
3356 808 3421 863 ad
3453 810 3561 866 alta

1974 900 2269 970 praecipitia
2294 900 2555 955 scandant
2572 942 2587 969 ,
2604 910 2893 971 antequam
2916 916 3018 958 nec
3038 902 3226 957 altiora
3250 913 3436 971 petunt
3446 905 3562 974 jam

1932 1038 1935 1047 .
1974 994 2134 1063 fessi,
2168 1009 2269 1051 nec
2293 994 2621 1050 descendere
2646 994 2867 1063 audent,
2889 1010 3011 1052 cum
3042 994 3109 1050 ad
3139 997 3342 1051 hiatum
3367 1006 3419 1052 et
3445 1013 3563 1066 pro-

1973 1085 2292 1159 funditatem
2344 1086 2708 1157 despexerint.
2760 1086 3119 1157 Tyrannidem
3169 1102 3361 1156 nempe
3407 1088 3565 1158 quasi

1970 1180 2208 1236 divinam
2234 1196 2349 1235 rem
2377 1195 2662 1251 aggressus
2682 1220 2696 1246 ,
2725 1194 2846 1234 cum
2876 1180 3113 1249 pericula
3139 1180 3256 1251 ejus
3279 1182 3561 1251 cognovis-

1970 1271 2309 1339 set,etstanti
2334 1273 2385 1325 in
2405 1272 2675 1340 preposito
2698 1269 3107 1331 innumerabilia
3129 1271 3343 1326 videbat
3364 1272 3418 1324 in
3447 1270 3564 1327 dies

1970 1362 2210 1431 pericula
2229 1402 2244 1428 ,
2270 1372 2325 1417 et
2346 1363 2413 1418 ob
2440 1378 2501 1417 ea
2548 1375 2775 1420 mortem
2806 1362 3089 1417 imminere
3129 1378 3233 1417 non
3262 1364 3560 1434 dubitabat,

1970 1454 2222 1508 omnibus
2244 1453 2346 1508 etsi
2368 1470 2473 1508 non
2489 1455 2827 1524 corporibus,
2844 1453 2938 1509 sed
2963 1455 3143 1508 animo
3172 1464 3346 1510 tamen
3368 1457 3563 1513 adver-

1970 1558 2062 1600 sus
2084 1561 2206 1600 eum
2231 1546 2473 1613 armatis,
2490 1547 2631 1615 quod
2656 1556 2709 1601 et
2730 1546 2845 1617 ipse
2866 1545 3151 1617 Dionysius
3168 1548 3236 1602 ita
3257 1564 3378 1605 esse
3398 1548 3564 1621 signi-

1972 1634 2172 1688 ﬁcavit.
2211 1632 2342 1688 Nam
2392 1650 2513 1689 cum
2569 1636 2785 1705 quidam
2817 1635 2979 1689 vitam
3027 1646 3375 1708 tyrannorum
3417 1642 3559 1710 apud
3624 1702 3627 1707 η

1969 1741 2113 1795 eum,
2143 1728 2295 1809 quasi
2324 1729 2536 1782 beatam
2564 1730 2810 1785 laudibus
2842 1730 3079 1801 eﬂ‘erret,
3108 1748 3331 1790 vocasse
3359 1736 3425 1791 ad
3446 1752 3558 1795 cm-

1964 1820 2091 1874 liam
2114 1822 2261 1890 regio
2286 1817 2543 1889 apparatu
2561 1829 2948 1884 constructam,
2973 1822 3242 1880 hominem
3274 1826 3561 1895 dicitur,ac

348 1888 646 1985 Indecores]
699 1913 1046 1976 lnhonestas,
1088 1918 1274 1977 turpes
1303 1908 1375 1964 ob
1408 1908 1527 1979 ejus
1569 1888 1661 1977 qui
1689 1888 1855 1962 dsoat
1888 1912 1939 1975 Β
1966 1926 2126 1981 supra
2148 1888 2464 1981 caputillius
2478 1912 2715 1968 sedentis
2742 1924 2957 1969 acutum
2983 1915 3220 1985 gladium
3244 1888 3562 1975 tenuissimo

276 2026 387 2076 eas,
408 2024 672 2065 summam
702 2006 1117 2074 improbitatem.
1144 2003 1326 2057 Maro:

522 2098 615 2147 Cur
642 2098 900 2147 indecores
923 2098 974 2145 in
996 2094 1166 2145 limine
1191 2093 1377 2156 primojj

400 2160 661 2211 Deﬁcitis?

277 2246 649 2301 Nominativus
670 2240 954 2314 singularis
1000 2250 1083 2298 est
1128 2236 1527 2308 lndecor,'siv‘e
1574 2230 1864 2296 in'décb’ri’s'.

278 2338 474 2393 Ac‘cius
496 2354 514 2394 :

527 2430 671 2490 Cujus
696 2431 757 2478 sit
780 2428 875 2478 vita
904 2428 1168 2486 indecoris,

402 2488 609 2543 Mortem
629 2492 805 2555 fugere
834 2502 1028 2552 turpem
1053 2489 1179 2538 haud
1202 2488 1450 2539 convenit.

352 2576 589 2648 Carales]
624 2578 826 2645 Dignita
836 2584 939 2630 tes.

263 2679 276 2689 '
355 2668 484 2734 Quis
514 2666 652 2739 illos]
686 2667 854 2737 llujus
908 2679 1094 2720 versus
1125 2666 1329 2734 primus
1357 2674 1454 2735 pes
1505 2663 1719 2719 iambus
1762 2670 1866 2719 est.

288 2758 458 2815 Utitur
476 2770 651 2812 autem
678 2768 994 2827 argumento
1028 2758 1331 2821 dialectico,
1366 2757 1683 2826 deprompta
1712 2772 1777 2811 ex
1804 2769 1874 2812 eo

284 2850 402 2905 loco
431 2851 518 2919 qtti
548 2858 629 2904 est
656 2864 686 2905 a
712 2864 873 2905 causa
897 2848 1197 2905 efficiente:
1224 2847 1323 2915 Qui
1353 2846 1483 2902 dant
1514 2848 1749 2901 honores
1770 2890 1783 2913 ,
1819 2856 1873 2901 et

286 2944 523 3001 efficiunt
542 2944 854 3013 dignitates,
890 2943 959 2997 ob
980 2942 1230 2997 vitiorum
1254 2940 1541 2996 colluviem
1557 2941 1875 3008 plerumque

286 3037 469 3091 miseri
494 3044 637 3089 sunt.
670 3037 965 3105 Dignitates
986 3035 1146 3105 igitur
1165 3047 1266 3089 nec
1286 3033 1456 3089 beata
1474 3039 1632 3099 sunt,
1662 3045 1766 3087 nec
1779 3044 1876 3086 eos

287 3128 480 3199 quibus
502 3130 820 3199 proveniunt
846 3129 1029 3184 beatos
1052 3129 1302 3183 reddunt.

811 3272 819 3281 .
856 3223 920 3277 IN
962 3222 1237 3277 PHOSAM
1280 3220 1341 3276 ν.

1970 2003 2058 2057 [llo
2087 2004 2432 2072 suSpendisse
2462 2020 2475 2056 :
2506 2018 2664 2073 quem
2701 2013 3053 2075 posteaquam
3081 2016 3303 2076 repente
3332 2010 3560 2063 conviva

1970 2096 2061 2152 ille
2083 2097 2343 2166 respexit,
2372 2111 2473 2151 nec
2496 2111 2719 2169 surgere
2742 2096 2866 2151 inde
2895 2112 3058 2153 ausus
3083 2098 3273 2154 timore
3315 2099 3559 2169 tyranni,

1970 2202 2071 2241 nec
2095 2187 2300 2253 bibere,
2328 2195 2422 2242 aut
2440 2190 2729 2244 comedere
2751 2198 2965 2259 potens,
2992 2190 3235 2260 periculo
3258 2192 3563 2262 perculsus,
3664 2250 3675 2253 -

1970 2281 2182 2336 cervice
2231 2295 2295 2336 ac
2332 2282 2504 2335 oculis
2548 2281 2616 2336 ad
2647 2283 2973 2352 pendentem
3028 2283 3261 2352 gladium
3288 2276 3562 2358 directis,

1972 2382 2199 2429 mortem
2246 2375 2618 2444 exspectabat.
2650 2376 2802 2443 Quod
2849 2392 2971 2431 cum
2998 2377 3221 2433 vidisset
3252 2378 3564 2450 Dionysius,

1971 2465 2108 2520 Num
2141 2466 2358 2537 (inquit)
2406 2466 2662 2537 intelligis
2689 2481 2851 2537 quam
2882 2468 3042 2525 beata
3081 2470 3153 2524 sit
3182 2470 3292 2525 vita
3342 2472 3565 2527 nostra!

1973 2556 2120 2613 Talis
2166 2556 2310 2613 enim
2355 2564 2439 2612 est
2482 2557 2584 2611 nisi
2639 2558 2869 2615 velimus
2900 2560 3302 2632 nobismetipsis
3331 2563 3565 2619 adulari.

1972 2647 2221 2703 Omnium
2265 2648 2409 2703 enim
2460 2651 2879 2723 rerum‘cOpiam
2912 2649 3173 2707 habentes
3206 2663 3423 2723 propter
3462 2654 3567 2711 fre-

1974 2750 2244 2819 quentiam
2274 2748 2633 2817 periculorum
2679 2758 2733 2801 et
2770 2747 3165 2816 impendentem
3198 2748 3562 2817 formidinem,

1976 2839 2120 2893 nulla
2151 2838 2257 2893 frui
2309 2852 2628 2907 possumus,
2675 2838 2780 2893 illis
2808 2837 3012 2892 similes
3040 2838 3131 2906 qui
3167 2852 3198 2892 a
3233 2837 3566 2893 deformibus

1975 2944 2121 2999 saepe
2150 2929 2523 2985 meretricibus
2551 2930 2913 2997 decipiuntur,
2939 2945 3058 2999 qua:
3080 2938 3231 2983 veste
3253 2938 3412 2997 atque
3434 2945 3565 2985 auro

1976 3023 2133 3079 valde
2152 3032 2437 3089 ornatae,et
2459 3022 2579 3077 fuco
2602 3021 2753 3076 faciei
2784 3020 3176 3076 deformitatem
3207 3020 3562 3088 occultantes,

1979 3117 2131 3188 quasi
2163 3118 2321 3171 hamo
2349 3116 2546 3184 pisces,
2574 3114 2659 3169 his
2689 3113 2897 3169 insidiis
2918 3122 3110 3183 captos
3139 3112 3414 3167 attrahunt
3438 3114 3568 3167 ado-

1902 3272 1911 3279 ι
1980 3200 2263 3263 lescentes.
2292 3205 2403 3261 Hac
2430 3204 2749 3259 infelicitate
2778 3218 2877 3257 nos
2906 3203 3201 3272 premimur
3220 3243 3235 3269 ,
3261 3203 3351 3272 qui
3383 3202 3568 3259 multis
3612 3268 3613 3271 η

360 3318 626 3373 Hactenus
656 3314 907 3371 disseruit
937 3329 1038 3368 nec
1069 3314 1310 3382 pecuniis
1340 3311 1745 3377 sutncientiam,
1775 3324 1876 3366 nec
1901 3291 1951 3358 C
1982 3301 2162 3357 felices
2188 3299 2461 3355 videmur:
2497 3306 2552 3353 et
2583 3296 2725 3356 sicut
2766 3295 3052 3350 tormentis
3097 3295 3249 3349 multi
3300 3303 3569 3364 coguntur

289 3412 633 3483 dignitatibus
664 3425 843 3464 veram
873 3407 1230 3485 reverentiam
1262 3406 1564 3476 comparari
1583 3448 1597 3471 ,
1623 3420 1765 3460 nunc
1789 3403 1874 3459 di-

290 3512 469 3575 sputat
491 3507 540 3569 in
564 3502 743 3572 regnis
764 3516 984 3572 quoque
1013 3510 1068 3555 et
1093 3508 1279 3571 regum
1309 3499 1672 3556 familiaritate
1690 3510 1873 3554 veram

290 3600 582 3669 potentiam
607 3613 713 3651 non
744 3596 1061 3652 consistere.

364 3696 500 3759 Quid
530 3693 604 3766 ni]
634 3693 739 3748 Cur
771 3709 897 3747 non.

363 3784 609 3856 Quando]
640 3786 861 3849 Quando
901 3784 1152 3855 quidem:
1183 3794 1241 3841 et
1265 3792 1352 3841 est
1386 3783 1557 3841 ironia
1579 3826 1595 3851 ,
1630 3782 1769 3854 quod
1800 3783 1877 3838 fa-

288 3880 391 3934 cile
414 3878 1023 3944 indicatsubsequentia.

366 3967 686 4022 Felicitatem
730 3968 1020 4024 calamitate
1053 3967 1381 4040 mutaverint]
1420 3968 1501 4024 Ex
1530 3968 1778 4025 felicibus
1821 3974 1877 4025 et

290 4062 570 4117 fortunatis
588 4060 708 4117 facti
728 4062 832 4116 sint
852 4062 1165 4118 calamitosi.

366 4155 410 4208 υ
440 4154 712 4227 praeclara]
757 4154 931 4211 Ironia
963 4166 1067 4222 est,
1102 4156 1289 4212 irridet
1315 4156 1458 4213 enim
1505 4156 1665 4228 hujus
1693 4156 1875 4212 sazculi

291 4246 711 4326 inﬁrmissim‘am
756 4250 1072 4315 potentiam,
1114 4263 1234 4318 quae
1276 4264 1344 4305 ne
1370 4264 1430 4305 se
1459 4250 1628 4319 ipsam
1658 4250 1873 4321 quidem

291 4355 613 4397 conservare
635 4350 835 4411 potest.

363 4434 514 4498 Quod
556 4434 598 4488 si
640 4433 749 4489 tusc
795 4447 1068 4503 regnorum
1095 4441 1317 4501 potestas
1346 4434 1670 4489 beatitudinis
1699 4445 1878 4489 auctor

290 4522 386 4596 est]
417 4527 585 4582 Acute
612 4539 708 4595 per
737 4527 915 4581 locum
935 4540 963 4579 a
984 4525 1271 4580 contrariis
1294 4535 1724 4595 argumentatur,
1745 4543 1870 4583 con-

290 4616 569 4685 eluditque
584 4617 798 4686 regibus
818 4618 936 4687 plus
965 4616 1294 4685 impotentia:
1322 4631 1481 4685 quam
1516 4619 1788 4687 potentiae,
1824 4626 1911 4687 et;

1900 4666 1959 4734 Ι)

291 4707 550 4776 majorem
582 4708 811 4762 miseria:
861 4722 1019 4777 quam
1051 4706 1317 4762 felicitatis
1346 4707 1525 4763 inesse
1551 4709 1874 4778 portionem.

363 4796 622 4865 Expertus
653 4797 825 4871 sortis]
855 4799 998 4853 Ordo
1022 4806 1137 4864 est,
1171 4798 1455 4869 Tyrannus
1493 4811 1749 4868 expertus
1771 4802 1880 4870 fpe-

292 4888 582 4945 riculorum
606 4905 717 4945 sua:
746 4892 907 4945 sortis
937 4889 1234 4956 simulavit,
1268 4888 1371 4945 hoc
1403 4900 1488 4946 est
1518 4889 1840 4960 significavit
1863 4931 1881 4959 ,

292 4978 521 5045 efﬂuxit,
560 4979 827 5049 expressit
854 4987 1064 5034 terrore
1088 4981 1247 5049 gladii
1272 4980 1556 5051 pendentis
1577 4995 1739 5050 supra
1761 4996 1883 5037 ver-

296 5071 453 5126 ticem
473 5113 486 5137 ,
516 5070 566 5127 id
600 5082 681 5127 est
708 5082 869 5140 caput
898 5074 1270 5139 assentatoris,
1297 5082 1473 5127 metus
1517 5072 1687 5141 regni,
1718 5071 1770 5126 id
1800 5079 1885 5127 est

295 5166 516 5220 timores
553 5176 607 5221 et
643 5165 1028 5222 sollicitudines
1056 5167 1412 5237 regnantium.
1460 5164 1572 5222 Hoc
1602 5174 1780 5221 autem
1814 5164 1882 5222 de

293 5257 548 5330 Dionysio
590 5259 997 5331 Syracusiorum
1044 5268 1271 5330 tyranno
1319 5258 1715 5331 intelligendum
1764 5268 1877 5326 est,

290 5352 379 5404 cui
408 5352 490 5423 (ut
539 5352 705 5408 refert
756 5353 1017 5409 Eusebius
1078 5355 1129 5409 in
1192 5356 1585 5425 Prmparatione
1634 5358 1882 5427 Evange-

289 5443 418 5508 lica)
470 5446 557 5514 qui
606 5446 837 5501 Siculam
879 5448 1317 5515 conscripserunt
1392 5446 1703 5511 historiam,
1786 5445 1871 5499 vel

290 5541 716 5596 amantissimam
734 5556 955 5603 uxorem
981 5544 1117 5597 adeo
1139 5550 1441 5611 suspectam
1474 5540 1638 5595 fuisse
1667 5540 1876 5603 dicunt,

289 5642 352 5688 ut
367 5635 561 5691 tabulis
579 5637 879 5692 cubiculum
895 5639 1158 5703 straverit,
1188 5651 1294 5708 quo
1317 5635 1488 5706 major
1509 5636 1739 5702 sonitus,
1754 5646 1882 5689 cum

289 5728 358 5782 ad
380 5744 503 5785 eum
536 5732 665 5796 iret,
693 5731 1019 5787 excitaretur
1038 5772 1052 5796 ,
1077 5729 1387 5798 nudumque
1416 5729 1509 5792 ita,
1542 5738 1599 5783 ut
1631 5728 1762 5782 nihil
1790 5741 1885 5782 oc-

288 5820 433 5873 culte
450 5821 586 5876 iet're
606 5830 785 5891 possdt
801 5821 1129 5889 ,aditumque
1146 5822 1317 5889 ipsum
1333 5818 1484 5875 fovea
1504 5816 1876 5886 intercepisse,

297 5919 360 5969 ut
394 5911 477 5973 vel
518 5912 879 5995 saltibus,vel
914 5912 1084 5983 longis
1108 5911 1382 5983 gradibus.
1410 5911 1497 5968 vel
1527 5908 1859 5979 ascensude

890 6060 901 6067 ,
916 6052 925 6067 η.
946 6047 969 6057 --
988 6036 1077 6063 λαρὲ

1981 3392 2177 3448 mentis
2199 3406 2308 3445 suae
2330 3404 2524 3444 arcana
2553 3387 2812 3455 pandere,
2839 3388 2922 3441 sic
2950 3386 3221 3441 interdum
3256 3386 3413 3455 hujus
3440 3386 3568 3441 vitae

1980 3484 2227 3541 molestia
2268 3476 2436 3547 victi,
2468 3481 2776 3535 verissrmas
2807 3493 2968 3534 voces
3013 3478 3081 3534 de
3126 3478 3337 3533 miseria
3386 3487 3571 3534 nostra

1978 3578 2295 3635 emittimus.
2316 3572 2583 3629 lllisenim
2607 3580 2755 3628 certe
2782 3570 2989 3627 similes
3014 3571 3337 3626 animalibus
3354 3570 3572 3642 tyranni

1918 3680 1931 3693 ’
1979 3686 2185 3738 sumus,
2201 3684 2319 3735 qua:
2342 3666 2674 3736 saginantur,
2691 3664 2884 3735 quibus
2898 3664 3216 3719 comedendi
3242 3664 3567 3734 bibendique

1979 3778 2087 3819 non
2110 3761 2256 3816 aliud
2278 3775 2436 3831 quam
2452 3758 2516 3814 ad
2542 3758 2833 3827 perniciem
2860 3770 3013 3813 suam
3034 3757 3189 3827 copia
3210 3757 3346 3813 solet
3364 3756 3573 3813 offerri;

1979 3855 2166 3912 Horat.
2185 3853 2495 3910 Carminum
2522 3851 2618 3905 lib.
2641 3866 2709 3905 tt:

2224 3946 2492 3997 Districtus
2516 3945 2648 3999 ensis
2669 3945 2745 3993 cui
2770 3942 3092 4003 superimpia

2227 4009 2431 4070 Cervice
2459 4007 2668 4070 pendet,
2688 4019 2780 4053 non
2808 4002 2981 4052 Siculae
3007 4004 3156 4063 dapes

2226 4069 2433 4121 Dulcem
2459 4066 2781 4116 elaborabunt
2804 4077 3050 4127 saporem,

2230 4132 2336 4183 Non
2361 4134 2545 4191 avium,
2571 4132 2868 4191 citharaeque
2890 4133 3081 4187 cantus,

2230 4197 2461 4244 Somnutu
2484 4193 2741 4241 reducent.

2054 4279 2231 4348 Supra
2268 4271 2524 4346 verticem]
2555 4274 2725 4344 Supra
2754 4279 2914 4341 caput
2952 4248 3221 4325 bemoclis
3249 4282 3343 4323 seu
3378 4264 3571 4323 Damo-

1982 4378 2078 4435 clis
2105 4374 2476 4439 assentatoris,
2507 4372 2574 4428 de
2603 4386 2709 4443 quo
2740 4370 2899 4425 latius
2927 4366 3119 4423 Cicero
3145 4362 3570 4422 Tusculanarum

1983 4468 2353 4537 Qumstioaum
2396 4465 2536 4519 libro
2560 4463 2772 4517 ultimo.

2059 4562 2141 4615 An
2170 4570 2225 4613 tu
2258 4564 2510 4627 potentem
2537 4552 2728 4623 censes]
2762 4550 2887 4603 Plus
2916 4547 3271 4623 vehementia}
3304 4543 3463 4598 habet
3495 4546 3574 4599 itt-

1988 4651 2277 4723 terrogatio
2290 4663 2445 4719 quam
2472 4645 2517 4700 si
2532 4641 2844 4712 simpliciter
2856 4646 3228 4710 argumentum
3243 4634 3571 4707 protulisset.

2060 4738 2315 4810 Satellite]
2360 4735 2648 4805 Stipatore.

2060 4832 2249 4903 Ambit]
2287 4827 2617 4884 Circumdat.

2063 4925 2163 4991 Qui
2185 4937 2313 4994 quos
2347 4928 2528 4985 terret,
2562 4917 2673 4989 ipse
2708 4914 2826 4986 plus
2864 4912 3042 4967 metuit
3064 4909 3122 4987 ?]
3148 4909 3358 4969 Seneca
3390 4911 3440 4967 in
3469 4906 3576 4969 (Ε-

1983 5012 2212 5096 dipode:

2110 5117 2201 5189 Qui
2225 5122 2418 5189 sceptra
2443 5111 2565 5160 duro
2591 5105 3161 5189 saevus‘impe‘rioregi‘t',

2108 5167 2274 5229 Timet
2298 5167 2545 5235 timentes,
2570 5181 2730 5220 metus
2754 5171 2801 5218 in
2829 5167 3077 5217 auctorem
3102 5167 3251 5217 redit.

1987 5262 2245 5321 Laberius
2274 5258 2717 5330 mimographus:
2749 5252 2983 5308 Necesse
3010 5261 3092 5308 est
3119 5252 3315 5307 multos
3344 5250 3533 5305 timeat

1986 5376 2148 5433 quem
2180 5357 2332 5413 inulti
2364 5357 2573 5411 timent.
2603 5349 2967 5407 Claudianus:

2108 5452 2200 5511 Qui
2226 5453 2404 5512 terret,
2428 5446 2535 5510 plus
2561 5444 2655 5494 iste
2681 5444 2969 5512 timetutmrs
2994 5442 3084 5489 ista
3109 5444 3323 5512 tyranni.-

2110 5503 2371 5569 Convenit,
2390 5503 2486 5560 in'vi
2508 5513 2636 5557 !eant
2656 5504 2826 5573 claris,
2840 5503 3096 5563 fortesque
3118 5508 3270 5573 truc-it;
3313 5517 3337 5544 ι.

2107 5576 2278 5627 Muniti
2303 5567 2476 5638 gladiis
2498 5574 2679 5626 vivant,
2700 5567 3181 5638 septiquenven‘enis,

2108 5626 2363 5699 Knoipit‘és
2385 5636 2599 5683 habeant
2622 5626 3066 5690 artes’trepidique
3089 5626 3354 5672 minentur.

1990 5722 2152 5779 Divus
2200 5719 2597 5787 Hieronymus:
2652 5711 2883 5779 Antiqua
2929 5706 3196 5764 sententia
3244 5714 3360 5771 est,
3390 5704 3560 5772 Quem

1990 5813 2179 5871 incutit
2225 5809 2471 5882 quisque,
2505 5804 2647 5862 odit:
2677 5810 2837 5875 quem
2860 5800 3007 5868 odit',
3028 5796 3263 5871 [periisse
3307 5798 3475 5868 cupit.
3505 5797 3575 5850 if.

1989 5904 2195 5966 Tullius
2215 5902 2357 5962 libro
2383 5896 2705 5961 Olliciorum
2732 5890 2973 5977 secundo
2990 5888 3235 5967 tRerum
3261 5896 3441 5949 autem
3466 5901 3558 5945 om
