4216 6256
625 333 758 390 1007

1268 330 1608 388 ΑΡΡΕΝΟΙΧ
1646 330 1738 386 AD
1776 315 2019 385 LIBROS
2052 327 2143 383 DE
2181 327 2699 387 CONSOLATIONE
2740 332 3247 391 ΡΗιιοδοΡΗιιΕ.

3753 344 3893 395 {008

618 446 771 503 Illum
801 456 899 498 nec
922 441 1099 512 aptius
1124 450 1204 497 est
1225 442 1510 510 quidquam
1541 440 1604 495 ad
1628 456 1758 509 opes
1780 438 2007 495 tuendas
2032 454 2094 495 ac
2116 445 2205 494 te-
2234 437 2294 500 Δ
2316 439 2477 496 noxia
2499 443 2830 512 magnitudo.

632 538 827 593 lendas
852 552 1009 606 quam
1042 536 1210 605 diligi,
1245 550 1345 590 nec
1373 535 1597 590 alienius
1619 549 1778 608 quam
1809 534 2011 589 timeri.
2060 532 2202 588 Prte-

626 636 767 686 alare
793 632 935 685 enim
968 628 1199 682 Ennius:

744 745 1167 855 gneeminttetnunt,
1181 741 1419 792 oderunt:
1437 754 1586 804 quem
1602 743 1810 805 quisque
1824 740 1948 800 odit,
1966 741 2174 803 periisse

766 819 853 855 ,κο
923 819 935 853 I
963 842 976 855 .
1368 834 1371 835 ν

766 820 783 854 ι
793 819 976 866 xpeatt.
1368 834 1371 835 ν

623 914 690 969 Et
718 921 835 980 post
880 927 985 965 non
1023 912 1190 965 multo
1221 929 1231 963 :
1267 910 1477 966 Etenim
1508 911 1599 979 qui
1639 924 1699 965 se
1730 910 1896 965 metui
1923 910 2109 964 volent
2132 951 2145 970 ,
2177 921 2207 962 a

622 1004 1160 1072 quibusmetnnntnr,
1178 1001 1397 1058 eosdem
1427 1009 1669 1056 metuant
1696 1000 1823 1071 ipsi.
1853 1014 2077 1056 necesse
2103 1007 2207 1054 est.

620 1098 759 1166 Quid
788 1098 929 1151 eitim
970 1110 1252 1151 censemus
1281 1095 1614 1162 superiorem
1646 1093 1793 1147 illum
1848 1091 2165 1162 Dionysium
2193 1132 2208 1157 ,

620 1193 730 1261 quo
770 1189 1011 1245 cruciatu
1043 1188 1251 1242 timoris
1294 1188 1414 1257 angi
1458 1187 1675 1240 solitum
1700 1227 1716 1251 ,
1747 1185 1841 1255 qui
1870 1184 2074 1239 cultros
2100 1198 2213 1239 me-

623 1292 781 1337 tuens
808 1280 1107 1342 tonsorios,
1141 1278 1406 1333 candente
1432 1278 1669 1332 carbone
1697 1277 1795 1332 sibi
1838 1274 2100 1330 adurebat
2125 1288 2215 1327 ca-

620 1372 844 1443 pillum?
867 1370 1002 1436 Quid
1044 1369 1406 1425 Alexandrum
1434 1367 1733 1431 Pherenm,
1764 1383 1872 1437 quo
1899 1367 2083 1421 animo
2129 1365 2208 1419 vi-

621 1465 768 1520 xisse
816 1463 1171 1529 arbitramur,
1224 1462 1314 1531 qui
1367 1462 1452 1531 (ut
1494 1462 1751 1530 scriptum
1803 1458 2062 1527 legimus)
2091 1472 2213 1513 cum

620 1570 847 1612 uxorem
893 1554 1113 1609 Theben
1161 1553 1451 1607 admodum
1496 1553 1764 1622 diligeret,
1797 1562 1975 1606 tamen
2004 1549 2070 1604 ad
2095 1564 2214 1606 eam

622 1662 693 1704 ex
741 1648 916 1716 epulis
962 1646 1013 1700 in
1048 1646 1351 1700 cubiculum
1374 1645 1619 1709 veniens,
1652 1642 1942 1697 barbarum
1989 1649 2044 1696 et
2082 1654 2206 1696 eum

624 1741 842 1812 quidem
870 1739 952 1809 (ut
982 1732 1242 1807 scriptum
1270 1735 1762 1807 est)compunctum
1778 1732 1920 1789 notis
1944 1732 2211 1800 Thraciis,

623 1798 1609 1900 districlo‘gladio-jubebatanteire,
1639 1823 2107 1894 praemittebatque
2148 1798 2216 1878 de
2246 1798 2293 1860 Β

620 1924 969 1995 stipatoribus
997 1924 1135 1988 suis,
1170 1924 1261 1992 qui
1295 1928 1766 1992 perscrutarentur
1791 1919 2004 1973 arculas
2025 1916 2215 1971 mulie-

620 2016 750 2072 bres
769 2057 784 2080 ,
816 2024 871 2069 et
896 2030 962 2068 ne
988 2013 1129 2083 quod
1186 2015 1236 2066 in
1260 2013 1602 2067 vestimentis
1623 2010 1987 2065 occultaretur
2015 2008 2177 2062 telum
2199 2052 2214 2074 ,

622 2107 1009 2177 exquirerent?
1029 2106 1073 2160 0
1099 2106 1382 2171 miserum,
1408 2106 1497 2174 qui
1519 2104 1819 2158 ﬁdeliorem
1850 2102 2138 2156 barbarum
2161 2108 2219 2156 et

576 2226 591 2233 ι
622 2198 983 2267 stigmaticum
1017 2197 1258 2266 putabat,
1293 2212 1451 2266 quam
1496 2196 1804 2263 conjugem.
1842 2193 1952 2247 Nec
1987 2207 2109 2247 eum
2143 2191 2220 2246 fe-

623 2289 760 2345 fellit
794 2288 994 2355 opinio.
1043 2288 1123 2342 Ab
1145 2303 1205 2342 ea
1242 2298 1324 2342 est
1352 2288 1495 2341 enim
1527 2287 1644 2355 ipse
1672 2295 1892 2355 propter
1933 2284 2217 2355 pellicatus

633 2382 999 2453 suspicionem
1034 2380 1370 2437 interfectus.
1754 2374 1760 2378 ’

700 2474 843 2528 Nam
882 2474 1005 2545 quid
1056 2490 1146 2545 ego
1185 2473 1247 2528 de
1276 2471 1473 2544 regum]
1505 2472 1611 2525 Per
1641 2471 1817 2528 locum
1861 2471 1931 2525 ab
1980 2485 2047 2527 eo
2077 2470 2218 2533 quod

625 2565 797 2636 magis
826 2579 946 2619 esse
976 2563 1207 2626 videtur,
1237 2572 1646 2632 argumentatur
1671 2577 1854 2631 regum
1885 2560 2218 2615 familiarita-

626 2665 736 2712 tem
767 2665 1038 2726 potentem
1085 2654 1357 2710 neminem
1399 2653 1598 2720 facere,
1642 2668 1763 2709 cum
1793 2667 1953 2723 reges
1978 2651 2079 2722 ipsi
2113 2662 2218 2705 tam

626 2747 729 2802 sint
751 2747 1068 2802 imbecilles.

702 2835 844 2889 Nero
876 2834 1148 2906 Senecam]
1186 2833 1477 2891 Suetonius
1525 2833 1594 2889 de
1642 2833 1900 2890 Nerone:
1958 2833 2219 2889 Senecam

626 2937 1013 2999 praeceptorem
1037 2927 1103 2981 ad
1128 2942 1314 2982 necem
1341 2926 1554 2996 compul
1583 2935 1623 2992 t,
1644 2927 1891 2996 quamvis
1907 2940 2055 2995 sirpe
2076 2940 2224 2979 com-

625 3028 860 3073 meatum
892 3019 1091 3087 petenti
1124 3018 1385 3089 bonisque
1406 3019 1616 3074 cedenti
1641 3027 1931 3088 persancte
1959 3018 2217 3087 jurasset,

627 3123 934 3181 suspectum
982 3125 1042 3165 se
1098 3108 1293 3164 frustra
1324 3153 1340 3177 ,
1384 3110 1786 3180 periturumque
1835 3102 2021 3179 potius”
2058 3124 2219 3180 quam

627 3206 929 3259 nociturum
952 3202 1024 3258 ei.

708 3292 1071 3365 Papinianum]
1103 3292 1201 3346 Hic
1237 3290 1473 3347 Serbidii
1505 3291 1762 3347 Scavola:
1791 3291 2036 3355 auditor,
2071 3302 2127 3347 et
2156 3292 2222 3346 li—

628 3386 759 3441 bros
779 3384 844 3438 ad
862 3384 1158 3438 Pandectas
1180 3381 1334 3435 aﬁ'ert
1356 3383 1714 3450 quaestionum
1749 3382 1963 3452 triginta
1988 3390 2218 3450 septem,

628 3476 1037 3546 responsionum
1090 3474 1445 3544 undeviginti,
1505 3473 1875 3529 deﬁnitionum
1928 3475 2105 3540 duos,
2153 3473 2223 3529 de

628 3567 904 3623 adulteriis
925 3565 1396 3630 unum,aedilitinm
1418 3579 1607 3619 unum.
1641 3565 1735 3620 Hic
1761 3565 1973 3619 habitus
1997 3572 2083 3620 est
2101 3579 2220 3619 om-

627 3661 775 3714 nium
803 3658 941 3728 juris
990 3656 1329 3711 conditorum
1367 3653 1742 3720 acutissimus,
1774 3671 2005 3725 eumque
2033 3664 2226 3710 vocant

627 3750 869 3807 hismria:
914 3748 1053 3820 juris
1082 3749 1322 3820 asylum,
1354 3747 1619 3802 doctrina:
1648 3748 1835 3817 legalis
1887 3749 2222 3815 thesaurum,

629 3844 769 3899 sicut
794 3844 861 3899 ab
887 3843 978 3899 illo
1008 3841 1236 3897 studiosi
1264 3844 1438 3912 legum
1470 3841 1561 3911 qui
1594 3840 2224 3913 profecissentappellati

629 3936 1011 4005 Papiniauistae
1038 3934 1361 4004 quandoque
1411 3932 1630 3987 fuerint.
1677 3933 1896 3989 Amicus
1930 3942 1987 3988 et
2015 3933 2226 3990 Severo

627 4026 891 4096 principi,
926 4026 1021 4081 sed
1043 4041 1073 4079 a
1096 4024 1547 4093 condiscipulatu,
1577 4039 1753 4094 neque
1783 4041 1891 4079 non
1928 4025 2103 4080 afﬁnis
2128 4040 2225 4094 per

629 4108 919 4172 secundam
968 4131 1191 4170 uxorem
1213 4157 1228 4182 ,
1260 4131 1543 4172 successor
1574 4116 1748 4171 eidem
1797 4132 2012 4187 quoque
2044 4118 2095 4172 in
2126 4118 2226 4173 ad-

630 4210 1023 4267 ministratione
1067 4209 1201 4264 ﬁsci.
1250 4210 1492 4279 Denique
1524 4211 1759 4267 moriens
1792 4211 2048 4273 Severus,
2084 4211 2226 4266 ﬁlios

630 4316 759 4358 suos
805 4317 912 4356 non
943 4302 1034 4356 alii
1074 4302 1243 4371 magis
1271 4317 1428 4370 quam
1461 4301 1754 4368 Papiniano
1803 4301 2221 4357 commendavit.

632 4394 765 4449 Erat
779 4402 957 4450 autem
984 4392 1270 4464 praefectus
1296 4390 1422 4448 Urbi
1442 4392 1786 4463 Papinianus,
1812 4409 1873 4449 ac
1904 4396 2022 4464 plus
2037 4404 2225 4462 potens

629 4485 683 4540 in
716 4486 833 4542 aula
864 4499 1026 4555 suam
1062 4484 1293 4540 volebat.
1322 4484 1505 4553 Itaque
1536 4499 1681 4555 saepe
1711 4485 1985 4555 deponere
2016 4486 2228 4540 nocitu-

632 4594 750 4635 ram
796 4579 1086 4647 potentiam
1117 4576 1309 4633 frustra
1351 4572 1604 4643 cOnatus,
1636 4576 1851 4632 tandem
1886 4578 1953 4631 ab
1982 4578 2225 4633 Antonio
2249 4552 2307 4613 D

634 4670 909 4727 Caracalla
937 4669 1121 4726 Severi
1154 4670 1288 4735 ﬁlio,
1314 4669 1541 4724 militum
1565 4668 1754 4738 gladiis
1771 4669 2034 4739 objectus,
2060 4676 2116 4723 et
2135 4683 2225 4725 se-

634 4764 748 4819 curi
794 4776 1082 4833 percussus
1109 4770 1214 4829 est,
1247 4761 1388 4832 quod
1419 4776 1677 4817 excusare
1728 4760 2072 4831 parricidium
2124 4774 2223 4817 no-

564 4858 565 4861 “
634 4856 841 4913 luisset.

710 4945 984 5018 Antonius]
1017 4944 1265 5001 Aurelius
1302 4946 1567 5001 Antonius
1598 4945 1883 5002 Bassianus
1926 4947 2224 5017 Caracalla,

638 5038 823 5093 Severi
849 5038 1009 5101 ﬁlius.
1038 5038 1176 5106 patri
1204 5037 1464 5092 successit
1488 5037 1541 5092 in
1575 5037 1819 5106 imperio.
1848 5039 2136 5095 Bassianus
2153 5055 2222 5095 ex

632 5126 719 5181 avi
749 5127 974 5182 materni
1000 5126 1220 5181 nomine
1243 5126 1413 5182 dictus
1438 5137 1541 5183 est.
1559 5128 1849 5183 Caracalla:
1868 5145 1999 5185 vero
2020 5146 2217 5186 nomen

638 5220 845 5289 acet-pit
890 5235 919 5273 a
963 5220 1286 5274 vestimento
1322 5219 1462 5288 quod
1497 5221 1692 5290 popqu
1721 5220 1946 5275 dederat
1984 5222 2224 5279 demisso

633 5326 806 5383 usque
826 5311 891 5365 ad
923 5312 1079 5378 talos,
1110 5321 1165 5363 ut
1194 5319 1381 5365 auctor
1408 5320 1493 5365 est
1519 5310 1855 5380 Spartianus.
1882 5312 1977 5367 Hic
2002 5313 2225 5369 fratrem

639 5422 795 5464 suum
819 5407 1030 5468 Getam.
1062 5414 1116 5460 et
1141 5406 1447 5474 complures
1475 5405 1609 5460 alios
1634 5405 1921 5474 praeclaros
1950 5408 2097 5461 viros
2126 5422 2225 5463 oc-

638 5504 743 5559 cidi
761 5503 939 5570 jllSSll.
959 5500 1283 5568 Papinianus
1305 5512 1481 5555 autem
1506 5500 1557 5554 in
1582 5499 1699 5568 ejus
1726 5510 2018 5568 conSpectu
2042 5502 2223 5557 securi

636 5609 923 5664 percussus
944 5636 960 5661 ,
993 5608 1023 5647 a
1055 5592 1313 5648 militibus
1342 5594 1554 5648 occisus
1578 5600 1700 5648 est:
1747 5608 1853 5663 quo
1883 5591 2028 5649 facto
2048 5634 2064 5657 ,
2100 5608 2224 5663 per-

638 5688 842 5739 cussori
854 5685 987 5739 dixit
1001 5702 1014 5737 :
1030 5683 1221 5740 Gladio
1233 5692 1283 5737 te
1293 5682 1514 5753 exsequi
1540 5684 1777 5748 oportuit
1799 5698 1976 5739 meum
1989 5686 2222 5754 jussum.

712 5764 876 5825 Rufe:
918 5772 1052 5844 ipsa]
1082 5771 1362 5842 Dignitatis
1382 5784 1439 5828 et
1482 5773 1735 5841 nctentiae
1763 5774 1956 5840 nimia,
1986 5783 2042 5832 et
2070 5776 2141 5841 ob
2169 5777 2222 5831 id

2340 524 2341 527 “
2392 533 2536 606 Quae]
2571 536 2731 601 Quasi
2771 536 2911 593 dicat
2941 540 3109 595 nulla.

2383 625 2463 679 An
2493 628 2738 697 praesidio
2780 638 2895 682 sunt
2944 628 3119 702 amici]
3151 630 3323 701 Supra
3366 633 3568 687 dictum
3596 640 3682 689 est
3712 633 3891 689 utilem

2312 718 2599 773 amicitiam
2620 720 2871 802 potentia:
2896 720 3064 793 gratia
3087 737 3471 793 nonnunquam
3495 725 3717 779 assumi.
3749 725 3895 780 Nunc

2313 811 2474 882 igitur
2498 813 2681 882 paucis
2719 813 2957 868 ostendit
2976 813 3204 869 fortunae
3245 816 3450 895 amicos
3490 815 3744 872 facillime
3768 817 3898 874 alie-

2276 910 2277 913 ‘
2313 901 2453 966 nari,
2485 917 2583 957 nec
2615 902 2777 957 ullam
2804 917 2924 959 esse
2956 911 3160 972 pestem
3191 904 3258 959 ad
3289 904 3589 961 nocendum
3620 904 3894 963 efﬁcacio-

2312 1009 2426 1051 rem
2444 1010 2601 1065 quam
2624 995 2941 1052 familiarem
2962 997 3254 1052 inimicum.

2387 1084 2495 1141 Sed
2515 1103 2662 1156 quem
2694 1084 2937 1161 felicitas]
2965 1088 3244 1143 Sententia
3276 1097 3359 1143 est
3389 1088 3667 1145 notissima
3691 1132 3707 1157 ,
3738 1100 3795 1146 et
3833 1091 3899 1144 ab

2315 1176 2504 1231 Ovidio
2530 1178 2725 1245 sapius
2756 1178 3035 1234 decantata
3055 1221 3072 1246 ,
3119 1180 3271 1249 cujus
3302 1195 3489 1235 versus
3528 1197 3594 1237 ex
3626 1182 3804 1251 primo
3832 1182 3900 1238 de

2316 1265 2578 1321 Tristibus
2599 1267 2735 1323 libro
2758 1283 2950 1338 passim
2973 1270 3222 1324 omnibus
3263 1270 3512 1327 litteratis
3539 1280 3665 1327 sunt
3693 1272 3746 1327 in
3776 1287 3897 1328 ore:

2440 1359 2612 1409 Donec
2636 1361 2738 1409 eris
2758 1359 2900 1421 felix,
2921 1360 3097 1410 multos
3118 1363 3401 1411 numerabis
3421 1374 3621 1414 amicos.

2502 1420 2745 1484 Tempora
2767 1424 2809 1471 si
2832 1420 3019 1472 fuerint
3043 1422 3227 1483 nubila,
3252 1424 3384 1473 solus
3409 1426 3526 1474 eris.

2318 1502 2463 1560 Idem
2492 1503 2545 1559 in
2576 1505 2815 1560 secundo
2839 1506 2907 1560 de
2940 1507 3109 1560 Ponto
3134 1524 3147 1559 :

2440 1596 2682 1662 Diljgitur
2697 1611 2865 1662 nemo,
2889 1600 2979 1647 nisi
3003 1601 3081 1648 cui
3106 1598 3298 1649 fortuna
3321 1600 3669 1662 secundagest:

2504 1658 2624 1735 Quae
2644 1660 2788 1735 simul
2815 1658 3036 1735 intonuit.
3058 1662 3277 1735 proxima
3301 1674 3510 1735 qua:un
3534 1660 3687 1735 fugat.

2439 1719 2636 1785 En_ego
2660 1734 2759 1785 non]
2781 1724 2944 1785 paucis
2963 1719 3206 1783 quondam
3230 1719 3445 1785 munitus
3463 1719 3649 1785 amicis,

2504 1781 2629 1831 Duin
2654 1781 2791 1831 ﬂavit
2812 1782 2935 1831 velis
2956 1781 3073 1830 aura
3098 1784 3310 1833 secunda
3336 1786 3495 1834 meis:

2445 1842 2635 1908 Ut_fera
2660 1844 2879 1908 nimboso
2903 1852 3189 1908 tumuerunt
3212 1857 3408 1905 aequora
3435 1852 3618 1908 vento,

2509 1905 2563 1954 In
2587 1906 2762 1955 mediis
2782 1904 2941 1956 lacera
2968 1918 3091 1954 nave
3117 1903 3367 1969 relinquor
3393 1909 3548 1971 aquis.

2320 2007 2485 2062 Divus
2532 2008 2929 2081 Hieronymus:
2963 2004 3210 2065 Amicitia
3250 2026 3368 2080 quae
3398 2010 3646 2068 desinere
3690 2020 3870 2082 potest

2318 2114 2447 2155 vera
2470 2116 2736 2171 nunquam
2766 2102 2883 2157 fuit.
3056 2112 3061 2117 '
3227 2112 3249 2127 "

2397 2193 2526 2258 Qua:
2555 2211 2670 2249 vero
2702 2193 2876 2266 pestis]
2904 2196 3068 2263 Quasi
3096 2195 3414 2253 dicatnulla.
3444 2198 3606 2255 Divus
3634 2200 3877 2274 Hierony

2323 2300 2442 2338 mus
2469 2303 2481 2338 :
2510 2286 2706 2341 Levius
2736 2294 2820 2342 est
2851 2287 3155 2357 professum
3187 2289 3462 2344 inimicutn
3493 2305 3717 2358 cavere,
3743 2307 3906 2362 quam

2323 2379 2532 2435 hostem
2567 2381 2817 2435 latentem
2869 2381 2969 2435 sub
3010 2382 3171 2437 amici
3219 2384 3436 2438 nomine
3465 2384 3771 2440 sustinere:
3807 2385 3908 2440 sub

2322 2472 2479 2527 amici
2535 2472 2785 2541 nomine,
2820 2474 3020 2527 inimici
3071 2476 3290 2529 insidias
3333 2475 3685 2543 deprehendi.
3730 2475 3907 2532 Idem:

2322 2563 2585 2619 Adu'ator
2604 2570 2801 2634 qu'ppe
2831 2565 3058 2619 blandus
3080 2567 3329 2621 inimicus
3352 2577 3456 2622 est.
3478 2568 3662 2635 Solon,
3688 2579 3911 2624 auctore

2323 2652 2561 2722 Laertio,
2608 2654 2956 2724 praecipiebat
2986 2656 3128 2710 hunc
3158 2657 3209 2709 in
3241 2657 3494 2711 modum:
3526 2657 3696 2712 Caute
3724 2656 3909 2729 singu-

2324 2745 2407 2801 los
2431 2746 2679 2813 observa,
2728 2763 2796 2803 ne
2843 2747 2981 2804 forte
3025 2748 3212 2803 odium
3256 2749 3308 2804 in
3353 2750 3520 2806 corde
3550 2759 3751 2821 tegant,
3783 2751 3910 2806 dum

2324 2839 2515 2897 blanda
2547 2850 2603 2895 et
2642 2840 2904 2896 arridenti
2949 2840 3083 2896 facie
3114 2852 3167 2897 te
3193 2842 3572 2912 alloquuntur,
3606 2843 3913 2915 duplexque

2326 2933 2431 2988 illis
2451 2935 2624 3004 lingua
2646 2944 2759 2989 atra
2787 2949 2851 2988 ex
2875 2942 3058 2990 mente
3086 2944 3264 2990 sonet.
3298 2935 3581 3005 Diogenes,
3612 2936 3914 3005 interroga-

2324 3036 2411 3083 tus
2447 3043 2691 3098 quaenam
2718 3028 3174 3098 perniciosissime
3200 3028 3474 3085 morderet
3494 3030 3773 3094 bellua,Ex
3789 3031 3916 3087 feris

2329 3123 2542 3194 (inquit)
2569 3122 3521 3194 obtrectator.;ex,mitioribustantem
3552 3124 3820 3181 adulator.
3844 3124 3912 3180 II.

2326 3213 2535 3269 Tullius
2562 3213 2615 3269 in
2641 3215 2825 3277 Laelio.
2843 3213 2978 3269 dixit
3001 3215 3200 3270 nullam
3218 3216 3269 3269 in
3286 3216 3539 3271 amicitiis
3568 3224 3770 3284 pestem
3793 3230 3917 3272 esse

2324 3306 2580 3377 majorem
2593 3321 2750 3377 quam
2765 3306 3144 3371 adulationem,
3155 3306 3455 3373 blanditias,
3471 3307 3914 3363 assentationem.

2870 3398 2937 3455 IN
2976 3398 3261 3455 METRUM
3301 3399 3366 3453 V.

2396 3491 2626 3547 Carmen
2655 3489 2899 3560 ejusdem
2924 3491 3147 3547 rationis
3177 3499 3262 3547 est
3294 3505 3416 3546 cum
3446 3493 3634 3563 quinto
3677 3493 3799 3548 libri
3832 3509 3918 3551 se—

2326 3584 2510 3640 cundi.
2556 3584 2825 3639 Admonet
2852 3592 3029 3639 autem
3081 3598 3148 3639 eo
3192 3598 3294 3638 nos
3348 3582 3693 3653 PhilosOphia
3732 3600 3917 3642 veram

2314 3664 2618 3745 'potentiam
2640 3676 2839 3731 nemini
2857 3676 3169 3745 contingere
3188 3689 3367 3745 posse,
3393 3676 3517 3741 nisi,
3534 3676 3774 3746 depulsis
3798 3692 3919 3746 per-

2327 3766 2743 3832 turbationibus,
2767 3767 2949 3820 animo
2970 3781 3071 3821 suo
3082 3766 3388 3821 dominetur
3408 3808 3422 3831 ,
3437 3778 3512 3835 et,
3536 3767 3730 3821 amotis
3750 3768 3915 3836 vitiis,

2328 3859 2396 3914 sit
2426 3859 2636 3915 virtutis
2667 3875 2888 3930 regnum
2920 3859 3087 3929 (quod
3116 3875 3277 3914 unum
3309 3860 3508 3916 stabile
3533 3870 3637 3922 est,
3665 3859 3921 3932 idemque

2329 3951 2693 4021 liberrimum)
2723 3953 2917 4009 invicta
2950 3952 3265 4009 fortitudine
3295 3954 3530 4011 feliciter
3569 3964 3919 4012 consecutus.

2328 4044 2537 4101 Seneca
2579 4045 2820 4101 Lucilio:
2853 4046 2908 4102 Si
2939 4047 3020 4102 vis
3042 4047 3221 4103 omnia
3265 4047 3360 4102 tibi
3392 4048 3682 4117 subjicere,
3702 4048 3923 4118 .subjice

2332 4146 2385 4193 te
2415 4137 2627 4192 rationi.
2663 4137 2858 4193 Multos
2890 4153 3045 4209 reges
3068 4179 3085 4205 ,
3116 4140 3161 4193 si
3194 4138 3333 4194 ratio
3363 4147 3415 4194 te
3458 4142 3679 4195 rexerit.
3720 4141 3805 4196 Ah
3833 4140 3919 4195 illa

2331 4231 2507 4287 disces
2536 4231 2664 4302 quid
2694 4242 2749 4289 et
2772 4233 3225 4303 quemadmodum
3248 4232 3468 4303 aggredi
3491 4233 3717 4317 debeas.
3765 4233 3920 4317 Apud

2333 4324 2536 4380 Livium
2567 4323 2745 4393 Scipio
2775 4324 2840 4378 ad
2873 4323 3258 4379 Massinissam.
3291 4323 3405 4379 Non
3431 4333 3537 4390 est,
3570 4316 3760 4395 inquit,
3789 4316 3922 4381 mibi

2331 4423 2512 4489 crede,
2549 4430 2753 4476 tantum
2781 4421 2849 4475 ab
2872 4419 3116 4476 hostibus
3143 4420 3367 4475 armatis
3393 4420 3570 4474 aetatis
3601 4430 3803 4475 nostra:
3827 4435 3923 4491 pe-

2333 4517 2586 4583 riculum,
2603 4527 2857 4587 quantum
2873 4531 2901 4570 a
2916 4515 3259 4572 circumfusis
3279 4515 3515 4586 undique
3536 4516 3919 4583 voluptatibus.

2330 4612 2433 4680 Qui
2457 4626 2549 4666 eas
2566 4625 2661 4666 sua
2685 4611 3032 4679 temperantia
3060 4611 3338 4667 victoriam
3368 4611 3467 4666 sibi
3510 4610 3737 4680 peperit.
3759 4627 3920 4680 quam

2337 4716 2437 4757 nos
2456 4701 2701 4772 Syphace
2719 4701 2859 4756 victo
2881 4699 3194 4756 habuimus.
3221 4699 3477 4758 Salomon
3503 4698 3919 4756 Proverbiorum

2333 4793 2507 4864 capite
2547 4808 2633 4849 xvi
2659 4810 2671 4846 :
2705 4793 2889 4849 Melior
2918 4802 3004 4848 est
3032 4794 3240 4863 patiens
3286 4794 3404 4848 viro
3429 4792 3586 4859 forti,
3612 4802 3669 4847 et
3690 4791 3782 4862 qui
3807 4792 3911 4846 do-

2334 4884 2568 4939 minatur
2596 4884 2778 4939 animo
2817 4898 2937 4950 suo,
2984 4892 3351 4956 expugnatore
3398 4884 3632 4940 urbium.
3664 4883 3919 4938 Horatius

2331 4978 2641 5035 Carminum
2664 4980 2759 5034 lib.
2777 4995 2813 5033 ιι
2833 4997 2845 5032 :

2578 5068 2749 5119 Latius
2775 5082 2956 5133 regnes
2980 5072 3173 5122 avidum
3197 5054 3436 5123 domando

2577 5132 3004 5196 Spiritum.’quam
3026 5137 3072 5185 si
3092 5135 3287 5196 Lybiam
3314 5136 3519 5185 remotis

2579 5192 2798 5244 Gadibus
2816 5192 3011 5257 jungas,
3032 5204 3083 5245 et
3109 5192 3317 5258 uterque
3336 5197 3519 5246 Poenus

2758 5256 2956 5307 Serviat
2974 5259 3078 5308 uni.

2332 5339 2579 5395 Valerius
2601 5339 2862 5393 Maximus
2891 5339 3028 5393 libro
3058 5349 3247 5404 quarto
3287 5358 3300 5393 :
3334 5340 3500 5394 Multo
3539 5339 3716 5405 enim,
3748 5337 3921 5393 multo

2332 5432 2567 5499 seipsum
2614 5446 2773 5501 quam
2818 5430 3025 5485 hostem
3055 5444 3312 5501 superare
3357 5431 3636 5501 operosius
3661 5440 3785 5493 est,
3818 5443 3923 5484 nec

2332 5522 2556 5577 adversa
2589 5537 2817 5592 propera
2842 5522 3185 5577 festinatione
3212 5522 3525 5593 fugientem,
3552 5537 3653 5579 nec
3678 5520 3917 5577 secunda

2332 5614 2503 5672 effuso
2532 5615 2726 5685 gaudio
2747 5615 3262 5687 apprehendentem.
3290 5618 3524 5686 Baptista
3558 5616 3873 5676 Mantuanus
3897 5626 3913 5663 :

2456 5719 2667 5783 Dignior
2685 5723 2764 5771 est
2783 5726 2873 5783 qui
2894 5733 2952 5771 se
2973 5734 3115 5783 quam
3138 5723 3223 5782 qui
3249 5719 3507 5772 fortissima
3531 5722 3687 5772 vineit

2520 5782 2731 5845 Oppida,
2750 5782 2844 5832 nec
2863 5782 3018 5833 virtus
3039 5782 3188 5835 altius
3209 5786 3285 5835 ire
3311 5790 3489 5844 potest.

3006 5906 3015 5919 9
3048 5910 3056 5917 ο

3006 5904 3056 5919 9⁷.

2965 5904 3033 5949 ῗκ
3158 5919 3177 5953 ἐ
3210 5920 3269 5956 2r:
3300 5934 3323 5957 η.
3363 5924 3436 5959 μιν

3938 5172 3950 5234 ἒ

3939 5244 3948 5263 δ
