4216 6256
279 445 417 502 1009

277 569 484 626 Seneca
505 564 763 635 Tragicos
792 562 845 617 in
877 562 1115 633 Thyeste
1139 577 1158 616 :

531 658 655 717 Quis
676 672 760 707 vos
784 659 1009 717 exagitat
1032 653 1163 702 furor

530 722 789 771 Afternuni
810 721 928 768 dare
950 719 1259 771 satiguinem,

532 784 593 834 Et
619 791 867 844 sceptrum
892 780 1087 844 scelere
1109 775 1361 840 aggredi?

529 847 603 896 Ne
631 843 744 895 sitis
767 844 932 902 cupidi
959 843 1162 898 arcium,

533 911 642 966 Otto
669 917 876 968 regnum
898 904 1060 968 jaceat
1084 902 1205 950 loco.

533 971 718 1028 llegem
735 967 1045 1028 iiutrlaciunt
1069 977 1212 1028 opes,

531 1024 635 1080 Non
662 1031 815 1078 vestis
833 1027 994 1090 Tyria:
1021 1024 1176 1085 color,

535 1094 641 1144 Non
667 1091 842 1140 frontis
865 1096 975 1138 notzi
1006 1090 1177 1150 regiae,

530 1155 637 1204 Non
662 1166 783 1201 auro
810 1153 972 1200 nitidae
996 1153 1179 1198 trabes.

530 1216 634 1265 Rex
665 1223 761 1272 est,
785 1216 868 1275 qui
899 1216 1059 1274 posuit
1086 1218 1269 1274 metus,

530 1278 592 1329 Et
613 1277 717 1330 diri
739 1275 863 1325 mala
889 1276 1119 1336 pectoris.

280 1365 348 1421 Et
365 1372 483 1434 post
497 1363 705 1432 aliquot
732 1327 922 1414 versus
944 1356 1158 1412 subdit:

531 1455 672 1505 Mens
692 1465 872 1514 regum
897 1451 1027 1500 bona
1049 1449 1288 1513 possidet.

282 1543 349 1597 Et
367 1543 590 1596 iterum:

528 1629 635 1679 Rex
664 1635 763 1690 est,
781 1627 868 1689 qui
892 1629 1066 1675 metuit
1090 1624 1241 1684 nihil,

526 1692 630 1742 Hoc
655 1685 862 1753 regnum
885 1691 985 1738 sibi
1010 1691 1224 1751 quisque.
1247 1685 1348 1736 dat.

351 1779 582 1858 grumos]
615 1773 790 1828 Animi
838 1773 1086 1828 affectus.

357 1865 600 1939 Feroces]
629 1865 1039 1934 lmmoderatos,
1067 1873 1227 1919 recta:
1251 1863 1448 1919 rationi
1469 1877 1575 1918 non
1603 1872 1879 1931 ontempe-

281 1973 479 2017 τπιιιθς.

353 2053 555 2126 Domet]
581 2054 804 2123 Mitiget,
829 2061 992 2107 recta:
1018 2049 1481 2119 rationisimperio
1498 2048 1767 2118 subjiciat.

352 2145 610 2217 Libidine]
645 2144 999 2199 [inmoderata
1027 2144 1344 2212 cupiditate.
1383 2141 1592 2206 Libido,
1617 2149 1753 2195 teste
1771 2141 1878 2194 Au-

280 2237 416 2293 relio
440 2239 574 2291 libro
597 2237 663 2291 de
677 2236 899 2290 Civitate
924 2234 1013 2287 Dei
1040 2249 1154 2298 xui,
1177 2245 1258 2288 est
1281 2233 1530 2301 generale
1558 2231 1877 2287 vocabulum

279 2329 456 2384 omnis
478 2328 804 2396 cupiditatis.
838 2326 995 2381 Verbi
1028 2334 1218 2393 gratia,
1252 2335 1336 2380 est
1367 2323 1532 2379 libido
1559 2323 1874 2390 ulciscendi,

279 2436 397 2490 qua:
425 2420 496 2474 ita
546 2417 767 2474 dicitur.
801 2418 896 2473 Est
928 2417 1096 2471 libido
1131 2416 1363 2471 habendi
1401 2417 1684 2484 pecuniam
1712 2458 1726 2484 ,
1759 2430 1878 2486 quze

278 2514 519 2568 avaritia.
570 2513 666 2568 Est
714 2511 881 2566 libido
933 2509 1422 2579 quomodocuuque
1450 2508 1727 2573 vincendi,
1758 2523 1878 2577 quas

280 2607 606 2677 pervicacia;
639 2614 720 2660 est
748 2603 913 2658 libido
929 2602 1216 2673 gforiandi,
1243 2615 1366 2670 quae
1385 2601 1642 2670 jactantia
1668 2616 1877 2655 nuncu-

281 2704 451 2766 patur.
507 2695 652 2749 Idem
699 2694 841 2749 libro
905 2692 1311 2762 undevigesimo
1365 2692 1609 2762 ejusdem
1658 2693 1874 2760 cperis:

282 2787 514 2843 It'elicius
531 2788 762 2842 servitur
782 2786 985 2840 homini
1005 2801 1164 2854 quam
1180 2783 1412 2848 libidini,
1432 2799 1556 2838 cum
1579 2785 1878 2840 szevissinto

283 2877 559 2933 dominatu
582 2886 757 2932 vastet
785 2880 948 2931 corda
983 2875 1292 2930 mortalium
1313 2913 1330 2940 ,
1359 2883 1415 2928 ut
1441 2875 1575 2929 alias
1606 2876 1873 2942 omittam,

283 2971 448 3026 libido
477 2973 591 3040 ipsa
632 2969 968 3025 dominandi.

355 3059 531 3116 Fwdis
581 3060 813 3132 habenis]
860 3058 1209 3127 Turpissima:
1254 3058 1526 3113 servituti.
1575 3059 1877 3114 Macrobius

283 3153 646 3208 Saturnalitim
681 3156 817 3208 libro
846 3170 860 3207 ι
905 3170 918 3206 :
954 3154 1109 3207 Alius
1132 3152 1338 3207 libidini
1369 3153 1562 3218 servit,
1592 3154 1731 3208 alius
1751 3168 1878 3208 ava-

284 3244 423 3299 ritiae
444 3285 458 3311 ,
493 3244 632 3304 alius
661 3244 963 3309 ambitioni,
994 3257 1184 3297 omnes
1206 3243 1344 3312 spei,
1368 3256 1559 3296 omnes
1584 3243 1782 3297 timori.
1811 3243 1878 3298 Et

1427 432 1808 491 MURMELLII
1848 431 2364 493 COMMENTARIA.

1902 557 1953 613 Δ
2054 553 2278 624 Serviat]
2321 551 2558 608 Subaudi
2589 551 2704 607 tibi.

3437 423 3577 482 1010

2064 645 2261 702 Ultima
2285 644 2470 717 Thule]
2501 642 2905 700 llemisticbium
2929 651 3011 698 est
3037 639 3388 710 Virgilianum
3408 637 3577 694 Geor-

1981 743 2220 814 gicorum
2259 742 2396 795 libro
2427 741 2599 809 primo
2622 755 2635 791 :

2228 831 2344 883 'l'ibi
2368 833 2552 881 serviat
2575 829 2745 880 ultima
2765 827 2946 878 Thule.

1984 920 2054 976 Ut
2080 919 2301 975 Servius
2324 915 2506 981 tradit,
2541 914 2714 969 Thule
2757 913 2931 968 insula
2954 918 3038 967 est
3063 910 3257 965 Oceani
3290 910 3428 962 inter
3460 920 3579 974 sep-

1985 1010 2366 1068 tentrionalem
2412 1018 2467 1064 et
2511 1005 2902 1062 occidentalem
2932 1004 3144 1074 plagam
3173 1002 3314 1056 ultra
3370 1000 3579 1053 Britan-

1985 1105 2129 1159 niam
2156 1113 2211 1157 et
2240 1100 2543 1164 Orcltades,
2567 1113 2687 1169 qua:
2718 1096 2894 1151 insula
2922 1097 2972 1148 in
3001 1093 3214 1148 Oceano
3243 1091 3426 1145 ultima
3457 1099 3537 1142 est
3563 1130 3577 1153 ,

1984 1201 2037 1254 in
2065 1214 2167 1267 qua
2197 1212 2317 1251 cum
2342 1195 2424 1249 sol
2449 1195 2501 1248 in
2529 1193 2740 1248 Cancro
2767 1199 2850 1245 est
2875 1231 2888 1254 ,
2920 1187 3162 1259 perpetui
3187 1187 3304 1240 dies
3317 1186 3456 1241 isinei
3485 1196 3579 1236 no-

1983 1275 2317 1346 ctihus'esse
2355 1288 2626 1342 dicuntur.
2657 1281 3014 1341 Scribendum
3047 1289 3128 1334 est
3161 1294 3257 1347 per
3284 1296 3316 1331 ιι
3346 1285 3463 1346 post
3492 1277 3576 1337 th,

1985 1382 2215 1439 testibus
2267 1378 2500 1450 Georgio
2552 1377 2774 1442 Merula,
2819 1374 3212 1443 Christophoro
3250 1371 3496 1426 Landino
3524 1380 3582 1425 et

1983 1479 2217 1532 Antonio
2240 1471 2587 1538 Mancinello,
2619 1471 2833 1526 tametsi
2860 1469 3020 1538 vulgo
3049 1467 3224 1538 Thyle
3256 1481 3351 1536 per
3375 1466 3578 1536 ypsilon

1983 1568 2270 1624 scribatur.
2301 1568 2488 1622 Grzece
2517 1565 2662 1620 enim
2691 1565 2854 1622 Θουλὴ
2877 1562 3148 1615 scribitur.

2054 1660 2229 1735 Atrax]
2259 1662 2469 1716 noxias.
2505 1657 2823 1714 Alexander
2847 1655 3048 1724 Hegius
3077 1662 3374 1724 prmceptor
3410 1669 3580 1721 quon-

1982 1758 2105 1812 dam
2135 1771 2289 1812 meus
2320 1757 2372 1810 in
2411 1754 2845 1825 frequentissima
2877 1752 3075 1807 nobilis
3101 1745 3471 1805 Daventriana:
3503 1748 3578 1800 ci-

1955 1918 1960 1924 ,
1983 1850 2163 1906 vitatis
2184 1848 2367 1904 schola
2388 1868 2402 1900 ε

1905 1945 1956 2005 Β

2108 1940 2196 1992 Est
2222 1948 2274 1990 ut
2300 1942 2555 2003 perpetuis
2577 1941 2833 1991 hominum
2856 1954 2999 1988 mens
3024 1940 3177 2003 anxia
3192 1940 3345 1997 curis,

2169 2003 2272 2053 Nec
2294 2000 2425 2053 valet
2451 2001 2532 2050 illa
2558 2006 2632 2051 sui
2660 2016 2752 2050 non
2780 2004 3064 2051 meminisse
3090 2000 3216 2049 muli.

2105 2065 2244 2114 Hanc
2266 2067 2306 2113 si
2333 2065 2653 2126 tranqttillare
2674 2064 2815 2118 velis.
2838 2065 3052 2112 fomenta
3076 2063 3304 2122 relinque

2167 2127 2324 2187 Curre,
2350 2126 2420 2174 nil
2446 2125 2587 2190 aequo
2613 2127 2719 2190 plus
2743 2140 2889 2188 cupe,
2914 2126 3039 2174 liber
3061 2125 3182 2172 eris.

1978 2211 2124 2268 Idem
2143 2230 2155 2265 :

2107 2305 2334 2354 Libertas
2355 2318 2539 2353 summa
2564 2311 2641 2354 est
2657 2311 2760 2362 tua,
2783 2304 3000 2366 Christe,
3028 2304 3275 2366 facessere
3295 2303 3447 2364 jussu,

2105 2366 2162 2416 Ni
2185 2379 2263 2414 mo
2289 2373 2367 2416 est
2392 2368 2656 2427 ingenuus,
2678 2369 2768 2415 nisi
2793 2368 2873 2426 qui
2901 2370 2987 2415 tibi
3014 2369 3171 2414 servit
3196 2365 3325 2414 Iesu.

2105 2427 2262 2478 Nemo
2286 2436 2364 2479 est
2387 2432 2470 2490 qui
2495 2436 2691 2490 regnat.
2715 2428 2923 2478 famulus
2945 2430 3038 2477 nisi
3064 2427 3185 2476 fidus
3211 2427 3340 2476 Iesu.

2525 2512 2591 2566 IN
2635 2511 2902 2567 PROSAM
2950 2511 3033 2566 VI.

2000 2616 2003 2617 '
2053 2604 2220 2659 Docet
2255 2619 2414 2674 quam
2440 2604 2597 2659 fallax
2622 2614 2675 2659 et
2696 2604 2874 2658 inanis
2907 2603 2977 2656 sit
3003 2603 3196 2672 gloria,
3225 2619 3381 2673 quam
3414 2603 3578 2671 pleri-

1980 2711 2085 2766 que
2111 2697 2369 2751 mortales
2385 2705 2537 2751 tanto
2553 2697 2734 2750 studio
2757 2704 2964 2764 petunt,
3001 2705 3054 2748 et
3079 2696 3314 2748 nominis
3345 2695 3578 2749 celebri-

1982 2795 2091 2843 tate
2114 2788 2329 2842 heatnm
2358 2787 2590 2842 evadere
2613 2799 2772 2856 posse
2807 2786 3101 2840 neminem.
3132 2785 3367 2839 Gloriam
3394 2784 3579 2839 definit

1980 2878 2234 2933 Aurelius
2274 2879 2411 2933 libro
2439 2879 2507 2932 de
2532 2879 2760 2932 Civitate
2789 2878 2882 2931 Dei
2910 2877 3099 2946 quinto
3120 2919 3135 2940 ,
3166 2878 3342 2945 capite
3372 2874 3458 2941 l‘z,
3496 2875 3579 2932 his

1983 2971 2186 3025 verbis:
2222 2969 2402 3027 Gloria
2431 2979 2512 3025 est
2539 2970 2798 3040 judicium
2833 2968 3108 3021 hominum
3140 2967 3278 3021 bene
3305 2965 3373 3021 de
3399 2966 3547 3020 humi
3577 2995 3582 3009 ι

1983 3063 2141 3117 nibus
2172 3064 2526 3131 opinantium.
2563 3063 2706 3117 Idem
2735 3061 2979 3131 ejusdem
3012 3061 3134 3116 libri
3167 3076 3288 3130 cap.
3325 3063 3421 3115 l9:
3459 3060 3580 3116 Vir.

1984 3164 2126 3212 ttttes
2154 3157 2393 3224 habenti,
2429 3171 2620 3227 magna
2652 3156 2822 3209 virtus
2845 3167 2925 3208 εει
2954 3164 3301 3208 contemnere
3331 3152 3579 3222 giortam.

1933 3293 1936 3296 .
1983 3251 2067 3305 Ab
2094 3261 2314 3304 auctore
2343 3258 2524 3302 autem
2555 3246 2971 3303 Rhetoricorum
3018 3245 3082 3299 ad
3129 3245 3467 3298 Ilaerenuium
3501 3245 3581 3300 Sit:

286 3349 432 3394 certe
471 3341 617 3394 nulla
661 3343 892 3396 servitus
919 3341 1122 3410 turpior
1151 3353 1311 3411 quam
1358 3340 1682 3394 voluntaria.
1716 3340 1879 3397 Divus
1907 3325 1955 3390 ο
1987 3343 2168 3397 finitur
2190 3361 2204 3395 :
2224 3342 2403 3397 Gloria
2428 3340 2784 3410 estfrequens
2798 3338 2866 3394 de
2887 3339 3068 3407 aliquo
3091 3337 3231 3391 fama
3254 3350 3374 3390 cum
3400 3335 3579 3390 laude.

287 3431 605 3487 Ambrosius
637 3432 773 3487 libro
797 3434 1164 3503 Epistolarum
1195 3432 1464 3486 secundo:
1498 3431 1672 3487 Stulto
1697 3441 1752 3486 et
1773 3431 1879 3486 im-

293 3539 485 3594 perare
508 3526 740 3579 servitus
762 3536 867 3590 est,
888 3534 940 3580 et
967 3523 1134 3596 (quod
1164 3523 1318 3593 pejus
1346 3520 1452 3594 est)
1474 3537 1593 3576 cum
1620 3525 1882 3591 pauciori-

285 3618 388 3676 bus
421 3619 623 3690 prtesit,
661 3621 900 3689 pluribus
933 3619 1167 3672 dominis
1206 3627 1261 3671 ct
1302 3616 1643 3687 gravioribus
1689 3617 1878 3672 servit.

285 3714 466 3770 Servit
493 3713 638 3768 enim
659 3712 887 3782 propriis
920 3709 1278 3781 passiooibus,
1306 3710 1471 3763 servit
1499 3709 1883 3779 cupiditaibus

285 3808 677 3876 suis,quarum
719 3807 1054 3860 dominatum
1107 3818 1208 3859 nec
1253 3812 1413 3859 nocte
1445 3812 1625 3872 potest
1672 3802 1877 3872 fugere,

287 3914 388 3954 nec
419 3900 528 3964 die,
554 3897 678 3966 quia
707 3898 842 3952 intra
863 3913 920 3952 se
946 3898 1196 3951 dominos
1225 3897 1406 3960 habet,
1441 3896 1586 3950 intra
1617 3910 1676 3950 se
1705 3897 1881 3950 servi-

284 3991 420 4046 tium
447 3989 645 4060 patitur
675 3991 1027 4046 intolerabile.
1064 3989 1289 4046 Gemina
1335 3991 1479 4045 enim
1509 3990 1742 4045 servitus
1770 4000 1874 4060 est,

285 4085 457 4140 altera
507 4085 773 4153 corporis,
825 4087 1125 4139 animarum
1174 4085 1365 4138 altera.
1403 4083 1611 4137 Domini
1643 4085 1882 4152 corporis

287 4179 500 4247 quidem
529 4179 812 4234 homines:
849 4180 1150 4233 animarum
1182 4189 1362 4234 autem
1408 4179 1628 4232 malitia:
1657 4186 1712 4232 et
1752 4191 1879 4247 pas-

286 4273 488 4337 siones,
521 4285 549 4324 a
575 4271 767 4338 quibus
794 4273 906 4325 sola
960 4273 1122 4324 animi
1158 4273 1376 4327 libertas
1421 4273 1724 4339 sapientem
1753 4275 1879 4328 vin-

286 4363 454 4426 dicat,
488 4372 542 4416 ut
565 4362 786 4417 servitio
818 4363 868 4414 ei
900 4363 1058 4416 liceat
1081 4365 1250 4417 exire.
1281 4364 1534 4419 Sidonius
1552 4366 1884 4434 Apollinaris

290 4455 650 4524 Epistolarum
675 4457 812 4510 libro
829 4455 1095 4509 secundo:
1120 4455 1254 4510 Nam
1276 4457 1381 4511 dici
1415 4461 1599 4528 nequit
1617 4471 1879 4532 quantum

288 4563 386 4619 per
425 4551 585 4604 horas
620 4549 724 4604 fert
753 4551 805 4603 in
856 4549 952 4603 hac
989 4549 1094 4602 vita
1125 4549 1465 4604 miseriarum
1491 4557 1598 4606 vita
1647 4553 1879 4608 felicium

288 4643 524 4706 illormn,
552 4644 596 4698 si
627 4655 804 4699 tamen
834 4645 916 4698 sic
945 4654 1071 4698 sunt
1095 4645 1498 4713 pronuntiandi,
1527 4646 1620 4715 qui
1652 4646 1752 4702 sibi
1780 4647 1880 4702 hoc

1989 3435 2062 3491 Μ.
2101 3434 2308 3489 Tullius
2333 3447 2512 3489 autem
2560 3435 2612 3488 in
2658 3433 2901 3487 oratione
2932 3446 3030 3500 pro
3059 3431 3129 3485 Μ.
3167 3429 3416 3484 Marcello
3443 3427 3584 3484 hunc.

1983 3527 2032 3580 ei
2067 3527 2227 3581 finem
2260 3527 2405 3581 dedit
2437 3547 2449 3581 :
2484 3521 2667 3581 Gloria
2696 3533 2779 3577 est
2806 3523 3030 3577 illustris
3063 3536 3125 3575 ac
3152 3528 3467 3591 pervagata,
3499 3521 3583 3575 vel

1984 3629 2038 3682 in
2071 3636 2197 3676 Suus
2223 3622 2389 3685 cives,
2420 3620 2502 3672 vel
2536 3618 2589 3671 in
2619 3616 2872 3686 patriam,
2907 3613 2994 3669 vel
3019 3615 3073 3668 in
3099 3627 3261 3667 omne
3289 3626 3457 3681 genus
3488 3609 3584 3664 lio-

1985 3719 2188 3775 minunt
2217 3714 2356 3770 fama
2378 3711 2715 3767 meritorum.

2061 3807 2271 3882 Turpis]
2303 3808 2584 3872 Indecora,
2619 3803 2926 3859 inhonesta.

2058 3902 2182 3959 Non
2205 3897 2428 3974 injuria]
2457 3900 2604 3954 Jure.

2061 3992 2335 4066 Tragicos]
2369 3992 2673 4061 Euripides,
2703 3989 2794 4059 qui
2825 3984 3255 4044 Andromacham
3276 3985 3353 4038 sic
3393 3984 3538 4038 excla

1986 4102 2222 4147 nantem
2255 4086 2490 4141 inducit:

2091 4182 2150 4235 Ὠ
2179 4177 2322 4245 δόξα,
2352 4176 2473 4241 δόξα
2501 4177 2731 4254 μυρίοισι
2752 4172 2814 4233 δή
2837 4173 3034 4249 βροτῶν

2091 4271 2246 4328 Οὐδὲν
2272 4278 2464 4344 γεννῶσι
2491 4270 2660 4340 βίοτον
2686 4267 2929 4341 ὥγκωσας
2956 4268 3134 4338 μέγαν.

1991 4364 2047 4420 Id
2081 4377 2199 4430 ρει,
2254 4368 2548 4430 interprete
2581 4361 2816 4414 Antonio
2843 4357 3023 4411 Codro
3073 4356 3242 4410 Urceo
3270 4373 3281 4408 :
3315 4356 3358 4410 0
3387 4355 3584 4425 gloria,

1989 4460 2184 4528 gloria,
2215 4456 2440 4510 infinitis
2467 4455 2575 4522 jam
2617 4450 2935 4506 mortalibus
2968 4450 3168 4503 nullius
3211 4450 3362 4518 pretii
3417 4450 3582 4501 vitam

1989 4549 2310 4606 tumefeciin
2333 4545 2608 4615 magnam!
2634 4544 2763 4598 Sitit:
2798 4551 2972 4595 tamen
2994 4542 3082 4607 qui
3115 4541 3227 4592 Inec
3249 4539 3407 4608 paulo
3429 4540 3586 4590 aliter

1989 4642 2172 4713 legant
2205 4649 2260 4695 et
2281 4643 2704 4706 interpretentur
2741 4635 2848 4687 sic:
2881 4632 2926 4687 Ο
2955 4632 3328 4701 gloria,gloria
3349 4671 3362 4693 ,
3395 4630 3582 4684 decem

290 4754 489 4792 nomen
539 4741 621 4810 (ut
664 4740 832 4811 Sylla)
881 4751 1249 4809 praesumunt:
1287 4742 1537 4796 nimirum
1569 4742 1662 4811 qni
1695 4755 1883 4810 super-
1909 4707 1964 4769 D
1993 4737 2227 4790 millibus
2243 4731 2517 4787 hominum
2544 4773 2558 4797 ,
2581 4726 2868 4782 niliilalind
2886 4725 3022 4779 facta
3047 4725 3148 4779 nisi
3172 4735 3346 4778 tumor
3364 4739 3587 4794 magnus

287 4832 460 4897 gressi
494 4830 577 4895 jus
611 4829 795 4897 fasque
825 4845 1113 4885 commune
1135 4877 1148 4900 ,
1201 4846 1465 4886 summam
1499 4829 1881 4885 beatitudinem

290 4923 602 4976 existimant
631 4936 893 4977 summam
940 4935 1256 4991 potestatem
1281 4965 1297 4988 ,
1345 4923 1446 4978 hoc
1477 4924 1594 4992 ipso
1623 4923 1755 4977 satis
1784 4921 1886 4977 mi-

289 5014 541 5077 seriores,
576 5014 717 5083 quod
768 5030 954 5084 parum
1005 5017 1348 5086 intelligunt,
1404 5015 1796 5085 inquietissimo
1826 5031 1885 5071 se

295 5106 572 5176 tubjacere
599 5108 896 5163 famulatui.
933 5109 1064 5162 Nam
1098 5111 1235 5163 sicut
1265 5109 1573 5164 hominibus
1600 5122 1776 5179 reges,
1812 5108 1884 5163 ita

293 5201 504 5270 regibus
533 5200 839 5254 dominandi
864 5201 1135 5256 desideria
1157 5201 1519 5256 dominantur.

362 5289 659 5363 Sttbmittat]
691 5291 975 5362 Subjiciat.

358 5383 520 5452 Licet]
551 5385 807 5440 Tamet~i.
850 5387 1175 5441 Claudianus
1205 5385 1442 5439 Honorio
1471 5403 1482 5438 :

386 5474 481 5539 Ἕω
511 5477 625 5539 licet
648 5486 901 5527 extremos
923 5479 1024 5525 late
1046 5479 1305 5528 domiviere
1332 5489 1422 5539 per
1444 5475 1607 5539 Indos,

412 5536 485 5586 Te
509 5538 697 5588 Medus.
724 5550 774 5587 te
800 5541 960 5590 mollis
983 5541 1159 5600 Arati,
1183 5547 1234 5588 te
1259 5536 1413 5587 Seres
1435 5538 1670 5586 adorent:

412 5601 469 5663 Si
497 5611 692 5663 metus,
717 5605 759 5652 si
788 5617 889 5661 prax
906 5615 932 5649 a
958 5606 1114 5662 cupis.
1137 5605 1178 5651 si
1204 5603 1404 5650 duceris
1430 5602 1518 5661 ira,

408 5662 608 5711 Servilii
632 5662 819 5722 patiere
839 5664 1032 5725 jngum,
1053 5663 1290 5712 tolerabis
1316 5665 1503 5725 iniquas

405 5725 623 5774 Alterius
648 5725 818 5782 leges:
850 5736 962 5773 tunc
986 5724 1143 5774 omnia
1165 5726 1274 5786 jure
1299 5724 1514 5782 tenebis,

407 5787 524 5834 tium
551 5790 739 5847 poteris
761 5800 846 5835 rex
879 5800 992 5836 esse
1018 5789 1107 5837 tui.

353 5845 470 5902 'l'ua
490 5845 640 5920 jura]
674 5853 999 5903 Potestatem
1032 5859 1198 5914 tuam,
1235 5848 1520 5917 imperium
1554 5856 1722 5914 tuum.

351 5939 654 5995 Tremist‘atl
686 5941 911 5997 Timeat.

1993 4843 2088 4884 seu
2114 4824 2315 4880 inflatio
2337 4838 2548 4891 magna.
2580 4820 2684 4874 Sed
2706 4819 2954 4887 quoniam
2982 4816 3136 4870 nobis
3167 4832 3332 4886 prope
3359 4814 3584 4870 Germa-

1997 4920 2098 4975 nici
2125 4918 2209 4972 Bri
2237 4915 2521 4983 anuicique
2559 4911 2756 4966 Oceani
2791 4909 2968 4964 littora
2999 4925 3142 4963 nunc
3175 4910 3336 4960 vitam
3372 4908 3576 4975 degen-

1995 5013 2158 5079 tibus,
2191 5009 2501 5067 Grazcorum
2527 5017 2806 5077 poetarum
2831 5015 3032 5074 prteter
3051 5003 3339 5057 admodum
3362 5018 3583 5074 paucos,

1987 5107 2201 5162 codices
2225 5119 2330 5158 non
2351 5107 2665 5171 suppetunt,
2680 5099 2952 5152 studiosos
2965 5096 3289 5151 remittimus
3317 5096 3382 5149 ad
3409 5096 3584 5167 ipsum

1988 5197 2301 5266 Euripidem
2327 5205 2381 5248 et
2413 5194 2612 5248 (ira-eae
2645 5190 2839 5262 linguae
2862 5188 3219 5258 professores.

2072 5288 2210 5362 Quo]
2239 5288 2353 5355 Qua
2380 5284 2559 5356 magni
2583 5282 2819 5338 nominis
2843 5282 3112 5337 ablatione
3136 5297 3230 5351 per
3261 5280 3420 5334 falsas
3443 5281 3587 5350 vulgi

1986 5388 2286 5459 opiniones.

2071 5475 2233 5544 Quid]
2280 5475 2442 5542 Quasi
2475 5475 2616 5528 dicat
2646 5472 2795 5526 nihil.

2068 5565 2416 5640 Erubesram]
2454 5562 3162 5639 Verecundentttrppndore
3197 5571 3253 5617 et
3283 5560 3477 5617 rubore
3509 5561 3588 5615 af-

1990 5663 2266 5718 ficiantur.
2327 5655 2677 5730 Symmachus
2727 5655 2782 5710 in
2837 5653 3131 5724 Epistolis:
3184 5652 3253 5709 Ut
3298 5667 3426 5710 vera
3467 5653 3586 5711 laus

1986 5763 2172 5817 ornat,
2210 5753 2281 5806 ita
2313 5750 2445 5803 falsa
2477 5748 2726 5817 castigat.

2060 5840 2246 5915 Quem]
2284 5840 2511 5896 Laudes.

2063 5933 2224 6006 Quid]
2258 5933 2418 6002 Quasi
2448 5931 2588 5987 dicat
2610 5929 2761 5994 nihil.
