4190 6268
658 430 788 490 lLlll

733 553 1047 624 Adjeccrint]
1080 550 1406 607 Addiderint-

728 644 848 699 Non
862 638 1100 715 populari
1111 642 1657 714 rumore]Nonpopuli
1673 643 1821 698 inani
1832 639 2228 712 prmdicatiose,

1463 735 1551 795 Qui
1573 734 1749 785 stultus
1774 736 1986 783 honores

776 801 919 879 Saepe
942 800 1023 847 dat
1050 798 1283 860 indignis,
1305 804 1358 850 et
1380 797 1517 847 lamna
1542 799 1697 851 seruit.
1720 799 1936 858 ineptus.

726 882 832 939 Sed
861 873 1178 936 conscientiw
1198 880 1408 937 veritate
1440 879 1673 953 metitur}
1692 880 1801 934 Sed
1817 877 2007 933 deﬁnit
2044 883 2097 930 et
2138 873 2237 933 de—.

655 975 907 1029 terminat
931 972 1133 1027 bonum
1160 988 1313 1027 suum
1337 987 1447 1027 sua:
1477 970 1819 1041 conscientia;
1848 967 2101 1032 veritate,
2130 976 2229 1041 (tua

657 1074 944 1121 contentus
972 1064 1254 1134 populares
1286 1078 1445 1119 auras
1474 1078 1583 1119 non
1631 1062 1843 1134 qnmrit.
1890 1058 2096 1115 Seneca
2126 1053 2230 1108 Lu-

651 1158 801 1215 cillio
824 1172 920 1217 suo
954 1175 970 1213 :
1007 1158 1151 1213 Intus
1175 1157 1406 1226 teipsum
1450 1155 1731 1213 considera
1752 1194 1767 1215 .
1800 1167 1905 1208 non
1935 1149 2105 1221 qualis
2131 1145 2226 1229 sis,

652 1249 770 1305 aliis
798 1248 1005 1304 credas:
1050 1245 1265 1303 Persius
1284 1264 1299 1305 :
2028 1322 2031 1325 Α

777 1340 961 1392 Tecum
982 1340 1171 1403 habita,
1192 1346 1244 1389 et
1268 1341 1405 1399 noris
1424 1350 1567 1401 quam
1591 1339 1655 1389 sit
1677 1337 1762 1387 tibi
1787 1340 1931 1385 curta
1946 1330 2194 1395 supellex.

658 1426 712 1480 ιι]
750 1436 867 1490 est,
924 1435 1103 1494 tuapte
1155 1422 1482 1493 supellectile
1510 1430 1560 1476 te
1582 1422 1790 1483 metire,
1835 1415 1896 1472 ac
1930 1417 2033 1471 tuis
2066 1414 2230 1491 ipsius

652 1518 808 1571 malis
829 1516 1047 1570 lionisve
1075 1517 1300 1585 teipsum
1331 1514 1599 1587 expende.
1623 1512 1906 1567 Horatius:

778 1614 937 1663 Metiri
959 1625 1015 1661 se
1038 1596 1284 1674 quemque
1307 1622 1396 1659 suo
1419 1604 1613 1657 modulo
1634 1620 1689 1656 ac
1712 1608 1841 1669 pede
1866 1618 2037 1654 verum
2065 1609 2157 1652 est.

653 1700 732 1753 Eo
762 1712 1046 1752 monemur
1066 1740 1081 1765 ,
1124 1694 1191 1748 ne
1220 1709 1317 1748 nos
1348 1708 1410 1745 ex
1442 1696 1831 1745 assentatorum
1862 1688 2109 1742 laudibus
2139 1694 2228 1739 aut

650 1787 797 1857 ngi
847 1786 1100 1856 opinione
1130 1799 1317 1839 verum
1348 1781 1580 1851 propriis
1609 1793 1672 1834 ac
1701 1780 1847 1833 veris
1871 1776 2086 1831 dotibus
2114 1776 2243 1830 ani-'

653 1878 831 1949 mique
876 1877 1164 1932 virtutibus
1191 1875 1542 1929 aestimemus.
1574 1870 1892 1959 Franciscus
1914 1867 2229 1939 Pbilelpbus
2256 1910 2316 1983 ⁸

653 1980 832 2041 satyra
862 1970 1044 2039 quinta
1070 1985 1086 2024 :

775 2060 937 2119 Atque
960 2060 1087 2107 bono
1110 2057 1281 2108 Instare
1304 2062 1408 2115 tuo,
1435 2055 1665 2119 vulgique
1689 2052 1895 2115 fugaces

775 2116 1103 2170 Contemnens
1122 2132 1280 2182 auras,
1308 2132 1371 2168 ex
1398 2124 1451 2167 te
1474 2116 1691 2179 pendere
1714 2123 1977 2165 memento.

723 2206 1023 2260 Ludovicus
1053 2206 1211 2275 [ligus
1234 2223 1248 2256 :

776 2310 921 2360 Pellx
945 2324 975 2361 ο
998 2313 1198 2358 nimium
1224 2310 1309 2369 qui
1335 2322 1391 2357 se
1413 2313 1662 2358 scrutatur
1686 2310 1735 2357 in
1759 2309 1873 2369 iure,

838 2372 945 2421 Nec
965 2374 1060 2422 nisi
1088 2371 1188 2420 vult
1208 2372 1407 2435 proprio
1423 2372 1636 2435 credere
1662 2370 1865 2431 jndide.

773 2433 878 2485 Nec
896 2447 987 2484 sua
1008 2435 1069 2482 ab
1094 2433 1312 2483 instabili
1336 2433 1550 2493 probitas
1568 2443 1617 2480 ut
1640 2435 1851 2493 pendeat
1869 2442 1986 2479 sura

836 2498 1085 2558 Sustinet,
1109 2503 1161 2544 et
1182 2495 1271 2544 soli
1296 2492 1399 2544 vult
1419 2494 1577 2545 belus
1600 2507 1709 2543 esse
1735 2494 1859 2543 Deo.

726 2579 877 2646 Quod
893 2581 937 2633 si
952 2578 1048 2632 hoc
1065 2574 1253 2648 ipsum]
1281 2580 1661 2647 Argumentum
1684 2576 1952 2645 depromit
1967 2592 1995 2630 a
2014 2585 2233 2637 conlita-

653 2673 747 2729 riis
767 2718 779 2739 ,
810 2673 858 2727 ei
889 2658 1068 2745 siniile
1092 2669 1235 2739 quod
1266 2670 1333 2724 de
1362 2676 1624 2738 potestate
1652 2678 1707 2725 et
1733 2667 2045 2736 itnpotentii
2075 2682 2241 2738 supra

652 2764 906 2836 protulit,
936 2763 1019 2818 vel
1042 2763 1218 2832 potius
1241 2761 1309 2816 ab
1328 2760 1591 2831 appositis
1616 2760 1909 2816 mundum
1929 2759 2237 2816 afﬁrmatio-

652 2874 777 2915 nem
804 2866 859 2913 et
888 2856 1245 2927 negationem.
1302 2854 1395 2919 Si,
1458 2854 1655 2925 inquit,
1701 2869 2013 2925 propagasse
2056 2869 2237 2909 nautea

652 2968 803 3005 suum
825 2950 1025 3004 videtur
1068 2948 1339 3018 pulchrum
1382 2954 1433 3001 et
1464 2944 1753 3011 ltauestum,
1791 2962 1894 2999 non
1931 2959 2239 3015 propagasse

651 3045 725 3108 id,
749 3053 896 3112 turpe
914 3042 1334 3109 inhonestumque
1350 3040 1690 3111 judicandutn
1709 3047 1802 3093 est.
1828 3038 2084 3110 Oppositis
2102 3039 2240 3098 enim

652 3136 889 3207 opposita
913 3137 1239 3191 convenith
1288 3135 1392 3189 Sed
1439 3133 1603 3193 multo
1645 3133 1816 3205 plures
1862 3141 1982 3187 sunt
2030 3139 2237 3202 gentes,

652 3230 792 3302 apud
818 3245 944 3297 quas
984 3244 1172 3284 nomen
1208 3226 1483 3300 cujuslibet
1508 3228 1737 3299 ignotam
1764 3233 1867 3294 est,
1906 3243 2060 3297 quam
2091 3226 2234 3295 apud

652 3340 778 3390 quas
807 3334 1006 3377 notum.
1039 3320 1270 3376 Proinde
1302 3322 1392 3392 qui
1419 3321 1674 3393 gloriosus
1700 3321 1947 3387 creditur,
1971 3320 2137 3391 magis
2160 3320 2237 3375 iu-

652 3415 849 3475 qtorius
875 3423 947 3468 est
965 3413 1302 3486 judicandus.

733 3505 775 3561 Υ]
780 3503 839 3577 ti]
869 3505 1340 3578 quemadmodum.

731 3599 897 3655 Paulo
926 3599 1064 3671 ante]
1097 3598 1261 3654 Prosa
1291 3599 1517 3670 septima
1546 3598 1669 3655 libri
1687 3598 1935 3663 secundi.

723 3692 973 3766 Disserui]
1005 3694 1290 3763 disputavi.

727 3784 869 3839 Inter
907 3787 1017 3840 Ιιίεσ
1060 3784 1196 3857 vero]
1241 3784 1479 3844 Geminis
1506 3785 1577 3841 de
1603 3800 1781 3841 causis
1808 3785 2045 3843 ostendit
2069 3802 2235 3859 popu-

655 3882 819 3937 larem
844 3880 1065 3950 gloriam
1100 3895 1165 3934 ne
1194 3879 1705 3935 commemoratione
1732 3878 1949 3949 quidem
1978 3878 2191 3951 dignam
2217 3920 2231 3945 ,

655 3986 775 4026 cum
801 3987 901 4027 nec
927 3988 1055 4027 vero
1075 3971 1280 4041 judicio
1302 3971 1576 4043 proveniat
1594 4011 1611 4037 ,
1644 3970 1741 4026 sed
1770 3971 1930 4027 nimis
1958 3982 2228 4039 corrupto,

656 4070 711 4115 ut
744 4060 972 4116 indoctae
1020 4072 1075 4116 et
1121 4063 1328 4131 stultae,
1381 4078 1443 4119 ac
1476 4063 1555 4134 (ut
1584 4063 1657 4119 ita
1684 4064 1895 4133 loquar)
1938 4063 2236 4132 multivola:

656 4151 1045 4220 multitudinis,
1084 4168 1204 4221 quas
1248 4168 1393 4223 stupe
1434 4154 1614 4210 laudat
1655 4166 1942 4226 nocentes,
1972 4158 2236 4226 vituperat

656 4245 966 4299 innocentes
984 4285 997 4309 ,
1027 4258 1127 4305 nec
1146 4258 1380 4315 unquam
1401 4256 1655 4303 constans
1691 4258 2021 4317 permaneat,
2045 4264 2234 4306 verum

655 4335 926 4392 levissimo
952 4337 1052 4392 huc
1074 4335 1306 4405 illucque
1328 4346 1596 4393 momento
1618 4340 1989 4396 transferatur.
2011 4342 2236 4403 Michael

656 4428 862 4486 Fernus
891 4430 955 4484 ad
988 4427 1244 4487 Sabinum
1279 4447 1292 4483 :

782 4521 878 4588 Hei
902 4523 1017 4588 mihi
1045 4521 1058 4571 l
1084 4535 1226 4588 quam
1251 4534 1373 4573 vana
1399 4528 1475 4588 est
1499 4537 1615 4588 spes
1632 4524 1737 4574 lure
1760 4534 1811 4588 e_t
1833 4526 1989 4588 gloria
2010 4525 2177 4578 fama}:

782 4612 786 4617 ~
845 4584 941 4633 Pro
965 4584 1084 4632 fama
1111 4585 1358 4643 morimur,
1386 4584 1755 4648 docteSabine,
1778 4584 1922 4638 futile.

786 4647 894 4713 Stet
914 4659 999 4695 sua
1025 4658 1114 4713 per
1140 4652 1289 4713 tgtum
1308 4650 1503 4697 virtutis
1524 4647 1675 4713 gloria
1702 4651 1959 4713 mundum,

847 4708 1002 4759 Recte
1028 4709 1135 4758 vive
1154 4708 1284 4770 Deo,
1308 4720 1487 4762 caetera
1510 4712 1673 4761 fumus
1702 4720 1862 4762 erunt.

726 4803 849 4857 lant
877 4820 991 4858 vero
1022 4820 1178 4874 quam
1204 4804 1269 4858 sit
1297 4803 1470 4877 inane]
1505 4806 1726 4863 Disserit
1748 4823 1962 4878 generis
1988 4808 2240 4866 nonilita.

656 4902 766 4949 tem
804 4908 908 4948 non
937 4894 1185 4950 conferre
1209 4910 1391 4951 veram
1438 4907 1491 4951 et
1540 4900 1809 4967 propriam
1838 4902 2235 4973 claritudinem,

658 5001 817 5055 quam
840 4986 953 5041 sola
986 4988 1153 5042 virtus
1178 4986 1351 5053 affert,
1377 4988 1530 5059 juxta
1554 4991 1683 5046 illud
1716 4992 2096 5066 Satyrographi
2130 5014 2145 5051 :

842 5077 1079 5129 Nobilitas
1100 5079 1203 5130 sola
1221 5088 1299 5131 est
1321 5089 1470 5145 atque
1490 5084 1632 5134 unica
1658 5087 1827 5137 virtus.

657 5161 794 5217 Sunt
831 5169 1009 5216 autem
1040 5162 1137 5217 tria
1167 5164 1462 5221 nobilitatis
1492 5182 1687 5237 genera
1718 5188 1730 5224 :
1756 5171 2008 5228 nobilitas
2048 5186 2113 5229 ex
2145 5189 2242 5245 ge-

656 5271 809 5322 nere,
848 5256 1101 5313 nobilitas
1126 5273 1192 5313 es
1238 5260 1467 5328 virtute,
1517 5252 1587 5316 et.
1610 5263 1854 5318 nobilitas
1884 5279 1949 5321 ex
1994 5274 2239 5339 utroque.

656 5346 754 5404 Est
783 5359 1038 5417 praeterea
1067 5349 1336 5416 nobilitas,
1368 5366 1463 5405 seu
1487 5353 1661 5419 potius
1690 5356 1963 5412 famositas
1989 5373 2052 5413 ex
2076 5358 2240 5429 vitiis,

656 5457 783 5496 nam
823 5441 1067 5496 nonnulli
1113 5442 1404 5498 sceleribus
1452 5454 1507 5499 et
1556 5447 1868 5505 fmdissimis
1919 5449 2243 5506 fac'norihus

659 5534 1027 5589 innotuerunt.
1057 5533 1290 5590 Joannes
1318 5534 1621 5606 Campanus
1647 5557 1660 5594 :
1689 5538 1964 5613 Principua
1996 5551 2067 5596 est
2099 5544 2239 5599 nobi-

663 5626 778 5680 litas
805 5643 919 5697 qua:
948 5632 1157 5695 propria
1183 5639 1366 5684 ornata
1396 5631 1579 5688 virtute
1611 5642 1658 5688 et
1686 5650 1779 5689 sua
1800 5675 1813 5700 ,
1847 5652 1959 5689 cum
1988 5640 2243 5709 majorum

659 5721 722 5768 sit
759 5717 1048 5785 splendore,
1081 5722 1354 5791 dignitate,
1386 5724 1573 5793 gloria,
1604 5735 1846 5782 vetustate
1873 5733 2169 5800 conjuncta.

731 5806 1123 5881 Claritudinem]
1154 5812 1460 5867 Claritatem
1493 5825 1545 5869 et
1586 5818 1814 5874 nominis
1843 5821 2203 5886 splendorem.

730 5895 932 5965 Aliena]
962 5898 1075 5953 Non
1107 5904 1340 5968 propria,
1371 5918 1491 5959 cum
1532 5906 1665 5967 clari
1696 5909 1804 5961 sint
1831 5909 1947 5975 illi,
1983 5922 2106 5977 puta
2150 5925 2242 5980 pa-

1306 420 1647 483 APPENDIX
1686 422 1779 478 AD
1818 418 2069 483 ωωε
2106 409 2752 473 DICDNSOLATIONE
2791 405 3281 465 PHILOSOPHUS.

2262 532 2326 604 Α,
2346 538 2527 583 rentes
2554 534 2647 582 aut
2667 524 3059 595 progenitores,
3082 523 3171 591 qui
3203 523 3271 575 ob
3300 521 3519 581 virtutes
3549 537 3675 581 suas
3705 533 3762 578 et
3788 541 3941 595 prm-

3788 402 3951 461 1012

2336 621 2476 674 clara
2510 619 2745 673 facinora
2796 616 3153 686 pmdicantur
3186 631 3199 669 :
3235 630 3340 670 non
3387 615 3429 677 is
3470 615 3561 685 qui
3606 632 3677 679 ex,
3723 633 3929 688 genere

2333 711 2675 780 progenitus,
2700 724 2884 764 eorum
2916 710 3151 763 virtutes
3173 724 3282 762 non
3308 710 3587 763 aemulatus
3710 764 3711 767 η

2410 802 2629 857 Videtur
2670 799 2905 873 namque]
2949 801 3141 856 Dellnit
3189 802 3405 873 generis
3444 802 3777 858 nobilitatem
3822 802 3932 863 hoc

2335 893 2492 948 modo
2516 910 2531 948 :
2564 893 2825 949 Nobilitas
2854 904 2936 949 est
2963 895 3207 964 quaedam
3230 894 3345 947 laus
3374 895 3601 951 veniens
3624 897 3691 950 de
3720 898 3929 955 meritis

2332 996 2633 1056 parentum.

2406 1080 2587 1133 Aliena
2616 1080 2892 1151 claritudo]
2930 1080 3167 1139 Joannes
3201 1078 3507 1148 Campanus
3535 1097 3549 1134 :
3579 1082 3775 1136 Alienis
3808 1083 3930 1139 tau-

2332 1160 2592 1226 dibusniti
2618 1173 2749 1227 nihil
2774 1174 2917 1227 aliud
2940 1183 3012 1227 est
3037 1189 3189 1245 quant
3221 1190 3341 1228 suas
3372 1175 3600 1244 proferre
3624 1194 3728 1231 non
3755 1195 3924 1247 posse.

2335 1262 2535 1319 Seneca
2570 1280 2583 1316 :
2620 1265 2756 1331 Quid
2785 1267 2921 1319 enim
2950 1264 3163 1318 stultius:
3185 1276 3261 1318 est
3295 1283 3453 1334 quam
3484 1269 3703 1336 aliquant
3735 1286 3792 1323 eo
3830 1270 3931 1325 sibi

2332 1355 2551 1424 placere,
2611 1357 2745 1425 quod
2790 1373 2892 1409 non
2954 1357 3093 1426 fecit.
3146 1356 3286 1409 ldum
3329 1357 3498 1411 :Non
3541 1359 3672 1427 facit
3708 1360 3939 1416 uolitans

2332 1449 2517 1499 atrium
2546 1448 2752 1516 plenum
2777 1448 2995 1517 fumosis
3013 1448 3340 1517 immitibus.
3390 1447 3556 1509 Nemo
3595 1450 3651 1501 in
3698 1460 3929 1505 nostram

2331 1540 2546 1610 gloriam
2587 1541 2740 1609 vixit,
2772 1557 2931 1610 neque
2969 1540 3105 1611 quod
3131 1548 3251 1592 ante
3292 1556 3383 1592 nos
3423 1541 3540 1609 fuit,
3575 1552 3806 1594 nostrum
3830 1553 3927 1597 est.

2332 1632 2546 1686 Animus
2577 1633 2967 1703 faciknobilem
2995 1627 3081 1685 cui
3105 1647 3171 1685 em
3196 1636 3505 1703 quacunque
3524 1634 3815 1687 conditione
3841 1650 3929 1687 su-

2331 1741 2424 1793 pra
2458 1730 2718 1794 fortunam
2740 1726 2855 1778 ticet
2886 1739 3113 1793 surgere.

2406 1816 2554 1883 Quod
2596 1818 2641 1870 si
2679 1818 2801 1891 quid
2828 1815 2931 1891 est].
2955 1812 3201 1869 Ostendit
3226 1815 3310 1870 cui
3346 1816 3414 1869 sit
3443 1832 3560 1870 usui
3590 1816 3803 1887 generis
3833 1832 3929 1872 no-

2335 1890 2529 1963 bilitas.
2566 1908 2799 1977 Baptista
2848 1890 3203 1963 Mantuanus:
3236 1907 3324 1961 Est
3366 1911 3593 1977 profecto
3644 1910 3718 1977 (ut
3762 1910 3930 1963 videre

2333 2001 2528 2069 videor)
2556 2017 2797 2070 magnum
2824 2000 3020 2053 virtutis
3044 1999 3421 2070 adjumentum,
3452 2000 3603 2053 claris
3622 2006 3795 2053 ortum
3820 2019 3929 2055 esse

2333 2088 2647 2161 parentibus.
2682 2090 2862 2146 Solent
2890 2090 3021 2144 enim
3037 2091 3251 2162 juvenes
3278 2089 3368 2160 qui
3387 2074 3589 2159 aliquid
3616 2092 3807 2145 indolis
3832 2094 3930 2145 Ita-

2333 2184 2478 2259 bent,
2518 2202 2580 2237 ne
2608 2184 2916 2255 degenerare
2940 2182 3209 2236 videantur
3239 2184 3496 2251 majorum
3526 2201 3733 2237 suorum
3758 2186 3931 2257 digni-

2332 2283 2483 2330 tatem
2517 2277 2751 2331 aemulari
2783 2286 2828 2330 et
2856 2276 2926 2330 ad
2962 2284 3288 2346 paternarum
3316 2274 3529 2329 laudum
3559 2279 3793 2349 aspirare
3814 2279 3929 2350 feli-

2332 2368 2556 2422 citatem.
2604 2367 2691 2423 Sic
2725 2352 2973 2440 Philippi
2988 2385 3169 2421 nomen
3208 2368 3573 2435 Alexandrum,
3604 2373 3678 2424 sic
3715 2375 3928 2444 majoris

2332 2458 2566 2529 Africani
2593 2458 2755 2528 gloria
2781 2461 3029 2513 minorem
3068 2456 3396 2529 Scipionem,
3434 2461 3507 2541 sic
3536 2458 3754 2518 Cmaris
3795 2467 3933 2519 Julii

2333 2550 2474 2621 fama
2498 2550 2760 2605 Octavium
2784 2553 3043 2619 excitavit,
3059 2554 3131 2607 sic
3155 2554 3364 2624 den'que
3391 2553 3624 2627 Pyrrhus
3649 2560 3929 2614 Achillides

2335 2651 2439 2695 erat
2488 2640 2745 2697 anintosus
2791 2643 3013 2715 imagine
3052 2646 3234 2717 patris.
3281 2645 3507 2702 Faustus
3548 2648 3923 2705 Andrelinus:

2459 2733 2747 2801 Estaliquid
2766 2736 2925 2786 clarus
2948 2751 3233 2795 magnorum
3268 2738 3498 2801 Splendor
3525 2755 3723 2790 avorum
3754 2758 3767 2795 :

2522 2797 2936 2860 lllttd'posteritns
2958 2802 3131 2847 mula
3156 2797 3311 2848 calcar
3336 2802 3504 2851 habet.

2461 2860 2564 2928 093s
2585 2868 2731 2928 tener
2759 2863 3022 2928 instantem
3042 2864 3235 2928 catulus
3259 2876 3368 2928 cum
3390 2866 3570 2915 viderit
3590 2878 3777 2928 ursum,

2521 2918 2577 2971 In
2606 2926 2786 2983 patrias
2813 2925 2941 2971 vires
2965 2926 3136 2972 aemula
3165 2925 3305 2973 corda
3330 2933 3509 2976 movet.

2466 2984 2668 3051 Scilicet
2694 2994 2745 3051 ut
2772 2984 2931 3032 nullus
2956 2988 3102 3032 tantis
3122 2988 3184 3035 sit
3207 2987 3432 3051 degener
3456 2990 3597 3051 actis,

2510 3046 2881 3109 Magnanimum
2906 3056 3080 3109 pectus
3093 3056 3299 3097 strenua
3322 3049 3451 3098 facta
3466 3046 3675 3103 ruerent.

2867 3148 2941 3206 ΙΝ
2975 3153 3265 3210 ΜΕΤΜΙΜ
3292 3154 3381 3209 Vl.

2407 3240 2641 3297 Carmen
2668 3250 2752 3298 est
2769 3244 3007 3308 dieolon,
3032 3245 3187 3313 cujus
3213 3246 3351 3300 alter
3379 3261 3566 3302 versus
3606 3249 3810 3307 dicitur
3845 3255 3923 3309 al-

2308 3332 2600 3399 tarranius,
2632 3333 2945 3405 dactylicus,
2981 3336 3243 3403 trimeter,
3277 3337 3767 3407 hypercatalectus,
3798 3361 3924 3401 con.

2335 3431 2491 3477 stans
2527 3423 2702 3478 tribus
2738 3424 2963 3493 pedibus
3001 3424 3203 3480 heroici
3245 3442 3433 3483 versus
3476 3439 3528 3484 et
3568 3433 3773 3503 syllaba
3806 3452 3824 3489 :
3855 3438 3927 3493 ita

2336 3525 2517 3570 tamen
2542 3522 2603 3570 ut
2636 3530 2743 3571 non
2772 3516 2844 3572 sit
2882 3532 2948 3571 ex
2980 3519 3143 3574 meris
3166 3518 3438 3589 spondeis.
3479 3521 3633 3578 Alter
3674 3542 3806 3581 vero
3847 3538 3931 3584 est

2337 3604 2730 3672 Pherecratius,
2762 3621 2830 3661 ex
2858 3607 3098 3675 spondeo
3128 3625 3223 3664 seu
3264 3621 3540 3680 anapaesto
3562 3652 3578 3679 ,
3619 3614 3835 3688 dactylo
3876 3630 3931 3675 et

2335 3686 2595 3767 spondeo.
2632 3699 2794 3755 Docet
2817 3714 2985 3755 unum
3013 3701 3373 3772 eamdemque
3402 3720 3523 3761 esse
3556 3686 3799 3764 omnium
3832 3727 3927 3781 ps-

2336 3796 2497 3859 trem,
2544 3805 2575 3844 a
2620 3806 2727 3860 qun
2771 3794 3073 3849 communis
3100 3796 3336 3852 universi
3374 3799 3587 3867 generis
3612 3802 3831 3858 humani
3861 3805 3931 3858 sit

2335 3884 2506 3954 origo.
2554 3882 2787 3941 Proinde
2835 3888 3106 3943 neminem
3146 3904 3267 3945 esse
3296 3892 3639 3962 degenerem,
3670 3898 3773 3953 nisi
3806 3914 3928 3953 eum

2336 3975 2427 4045 qui
2456 3976 2601 4030 vitiis
2627 3976 2957 4032 deformatus
2976 4019 2990 4043 ,
3020 3979 3090 4034 ab
3120 3980 3210 4035 illo
3244 3984 3608 4049 pulcherrimo
3638 3990 3692 4041 et
3724 3990 3933 4058 optimo

2338 4068 2681 4136 maximoque
2735 4080 2955 4135 parente
3001 4071 3233 4127 deticiat.
3298 4073 3461 4131 Divus
3519 4076 3929 4149 Hieronymus:

2338 4154 2467 4212 Sola
2501 4159 2639 4226 apud
2673 4157 2834 4212 Deum
2876 4158 3083 4214 libertas
3128 4171 3226 4227 est,
3278 4180 3379 4218 non
3427 4166 3613 4223 seruire
3663 4172 3885 4236 peccatis
3911 4187 3930 4225 :

2337 4265 2534 4305 summa
2561 4249 2699 4319 apud
2728 4249 2893 4304 Deum
2932 4252 3171 4306 nobilitas
3195 4294 3211 4318 ,
3243 4254 3444 4309 clarum
3480 4272 3589 4315 esse
3630 4246 3931 4330 virtutibus.

2409 4341 2484 4394 Ab
2512 4349 2627 4394 ortu
2656 4338 2834 4412 simili]
2862 4342 2938 4396 Es
2970 4345 3234 4399 consimili
3266 4346 3494 4415 origine.

2415 4432 2557 4488 Unus
2584 4435 2717 4489 enim
2756 4433 2948 4507 rerum]
3000 4435 3288 4492 Malachias
3334 4439 3616 4508 prepheta,
3644 4444 3821 4511 capite
3849 4461 3885 4500 ti
3911 4461 3933 4502 :

2341 4524 2593 4594 Nunquid
2632 4542 2735 4585 non
2773 4537 2918 4594 pater
2942 4543 3076 4583 unus
3116 4531 3341 4583 omnium
3380 4534 3650 4587 nostrum?
3681 4534 3934 4602 Nunquid

2343 4636 2443 4677 non
2476 4620 2610 4677 Deus
2640 4638 2771 4676 unus
2793 4623 2979 4676 creavit
3009 4625 3143 4677 nos?
3170 4623 3484 4680 Lactantius
3513 4626 3649 4681 libro
3669 4627 3738 4681 de
3759 4628 3933 4684 Justi-

2264 4671 2442 4779 ptia,
2470 4712 2641 4782 capite
2670 4711 2736 4765 15
2762 4727 2778 4766 :
2812 4711 2949 4768 Deus
2980 4717 3114 4767 enim
3159 4716 3245 4785 qui
3287 4714 3516 4771 homines
3547 4728 3753 4788 generat
3781 4732 3828 4774 et
3852 4722 3933 4774 in-

2343 4807 2541 4875 spirat,
2576 4823 2747 4865 omnes
2781 4822 2984 4877 a’quos,
3027 4808 3079 4860 id
3107 4817 3179 4863 est
3211 4826 3388 4879 pares,
3421 4826 3526 4865 esse
3553 4810 3735 4868 voluit.
3768 4812 3933 4867 Eam-

2344 4900 2461 4958 dem
2488 4900 2827 4957 conditionem
2850 4902 3046 4957 vivendi
3066 4905 3295 4959 omnibus
3326 4906 3525 4974 posuit,
3555 4922 3729 4960 omnes
3758 4908 3823 4959 ad
3842 4925 3933 4962 sa-

2346 4994 2592 5067 pientiam
2628 4996 2840 5067 genuit,
2886 4995 3122 5050 omnibus
3160 4998 3594 5052 immortalitatem
3624 5004 3934 5071 spopondit,

2350 5101 2493 5141 nemo
2534 5086 2667 5141 enim
2700 5087 2959 5155 beneﬁciis
2989 5088 3104 5159 ejus
3137 5086 3418 5142 caelestibus
3443 5100 3755 5158 scgregatnr.
3789 5090 3936 5147 Non

2292 5218 2299 5224 .
2345 5177 2474 5231 sicut
2503 5178 2733 5249 omnibus
2772 5179 2984 5234 unicum
3019 5196 3171 5235 suum
3209 5180 3382 5237 lumen
3419 5180 3682 5246 cqualiter
3708 5180 3929 5251 dividit,

2346 5270 2527 5322 emittit
2557 5270 2786 5324 omnibus
2833 5273 2994 5341 fontes
3015 5313 3029 5336 ,
3075 5273 3261 5343 victum
3290 5271 3674 5337 subministrat,
3714 5274 3933 5341 quietem

2345 5359 2513 5413 somni
2540 5359 2894 5415 dulcissimam
2920 5360 3137 5429 tribuit,
3163 5363 3237 5417 sic
3256 5358 3494 5417 omnibus
3525 5362 3810 5432 aequitatem
3835 5366 3935 5417 sir-

2348 5462 2599 5523 tutemque
2644 5452 2887 5524 largitur.
2921 5452 3090 5509 Nemo
3121 5454 3260 5526 apud
3301 5470 3416 5508 eum
3443 5469 3614 5508 servus
3652 5462 3724 5507 est
3746 5497 3759 5517 ,
3788 5471 3934 5507 nemo

2346 5547 2600 5601 dominus.
2652 5546 2711 5603 Si
2751 5547 2888 5600 enim
2932 5548 3133 5600 cunctis
3173 5547 3306 5600 idem
3343 5556 3490 5615 pater
3514 5557 3621 5609 est,
3655 5563 3799 5615 sequo
3815 5549 3935 5618 jure

2348 5656 2518 5694 omnes
2549 5640 2693 5694 liberi
2733 5657 2925 5695 sumus.
2966 5638 3130 5694 Nemo
3159 5638 3265 5693 Deo
3284 5656 3480 5711 pauper
3503 5648 3597 5706 est,
3627 5641 3725 5693 nisi
3748 5640 3833 5708 qui
3847 5641 3934 5708 ju-

2348 5731 2484 5784 stitia
2507 5730 2731 5801 indiget;
2756 5744 2903 5785 nemo
2926 5731 3200 5797 divesﬁnisi
3224 5731 3312 5799 qui
3334 5731 3603 5785 virtutibus
3626 5733 3805 5796 plenus
3833 5741 3933 5795 est;

2349 5839 2493 5876 nemo
2512 5822 2725 5891 denique
2740 5825 2994 5894 egregius,
3022 5825 3120 5878 nisi
3135 5825 3220 5894 qui
3242 5825 3402 5895 bonus
3419 5832 3465 5880 et
3489 5826 3725 5879 innocens
3747 5825 3930 5894 fuerit;

2349 5928 2496 5968 nemo
2520 5913 2865 5981 clarissimus,
2899 5916 2998 5969 nisi
3028 5916 3115 5983 qui
3148 5932 3301 5985 opera
3331 5918 3696 5973 ntiscricordiw
3723 5917 3931 5986 largiter
