4216 6256
383 369 522 442 tots

1569 369 1950 450 unnupLLu
1990 371 2506 460 optimemanu.

3505 367 3646 431 10M

379 491 590 560 fecerit;
628 503 777 542 nemo
821 455 1244 558 perfectissimus,
1294 487 1392 546 nisi
1433 486 1523 558 qui
1555 501 1728 557 omnes
1765 492 1956 556 gradus
1987 492 2035 552 Α
2060 487 2327 555 vertigines
2356 488 2526 540 dicam
2554 487 2721 556 ?quid
2743 485 3010 540 oculorum
3041 487 3342 560 auriumque
3371 496 3640 558 tormenta,

378 583 580 638 virtutis
609 582 909 654 impleverit.
944 579 1224 649 Pindarus,
1249 588 1306 642 ιιι
1331 569 1496 650 refert
1521 580 1786 648 Eusebius
1818 580 1952 634 libro

379 674 793 744 Praeparationis
821 675 1159 750 Evangelicm
1178 689 1264 732 χιιι
1293 690 1306 727 :
1341 671 1540 743 Unum,
1565 673 1754 746 inquit,
1783 673 1950 726 homi-

378 781 501 818 nunt
538 781 697 836 genus
726 773 820 830 est,
851 775 896 826 et
924 765 984 817 ab
1015 780 1118 818 una
1155 772 1316 834 matre
1344 765 1539 836 cuncti,
1573 781 1729 816 unum
1758 773 1950 832 patrem

373 870 655 914 creatorem
680 873 930 914 summum
959 865 1108 924 atque
1131 858 1376 925 optimum
1413 856 1656 930 artiﬁcem
1689 855 1949 923 habemus,

375 952 466 1023 qui
481 967 777 1024 progressus
789 949 1003 1022 singulis
1024 950 1244 1006 diversos
1261 949 1530 1021 secundum
1548 953 1725 1020 merita
1740 951 1946 1023 praebet.

451 1043 596 1100 Unus
624 1053 804 1098 cuncta
831 1039 1104 1118 ministrat]
1143 1038 1284 1104 Cave
1320 1055 1386 1094 ne
1411 1040 1556 1114 legas
1581 1053 1765 1114 contra
1793 1041 1950 1116 metri

374 1136 658 1197 rationem,
693 1149 829 1188 unus
852 1134 939 1202 qui
970 1142 1163 1196 cuncta
1188 1131 1470 1204 ministrat,

440 1223 657 1293 Clausit]
683 1223 919 1280 luclusit.

445 1315 708 1387 Membris]
736 1313 1082 1384 Corporibus.

442 1410 589 1464 Celso
609 1406 746 1479 sedc]
771 1409 813 1463 E
839 1408 998 1464 ctelo.

445 1499 587 1572 Edit]
619 1499 884 1556 Producit.

443 1595 631 1648 Nobile
654 1592 879 1666 germen]
912 1593 1112 1650 Nobilis
1139 1595 1311 1666 origo,
1343 1595 1656 1664 praeclarum
1685 1610 1871 1664 genus.

446 1684 707 1758 Strepitis]
736 1685 976 1762 Jactatls.
1011 1685 1315 1756 Alloquitur
1343 1695 1518 1739 autem
1566 1685 1811 1740 homines
1849 1700 1943 1764 ge-

370 1783 513 1836 neris
533 1779 808 1834 nobilitale
831 1778 1233 1848 gloriabundus.

440 1869 738 1924 Primordia
767 1866 956 1940 vestra]
989 1869 1154 1924 Tuam
1194 1877 1250 1925 et
1285 1877 1599 1930 castos-orum
1639 1868 1943 1929 mortalium
1972 1867 2022 1932 B
2047 1865 2226 1948 dendo
2251 1869 2442 1924 minuit
2492 1887 2504 1924 :

367 1975 647 2031 originem.

441 2050 677 2124 Species]
703 2050 1048 2118 Consideres,
1081 2065 1114 2106 ο
1141 2049 1312 2114 Baeti.
1343 2049 1544 2106 indocti
1586 2051 1945 2122 depravarunt

346 2143 513 2199 hunc
545 2144 717 2197 locum
736 2184 750 2208 ,
781 2143 1020 2212 legentes
1047 2143 1326 2212 spectetis,
1354 2143 1406 2201 in
1433 2145 1588 2202 metri
1616 2146 1944 2202 contamina-

371 2237 569 2290 tionetn
603 2251 698 2306 pro
731 2244 956 2303 spectes,
982 2234 1141 2305 idque
1175 2234 1384 2290 videtur
1407 2244 1579 2290 ortum
1623 2250 1688 2290 ex
1717 2251 1782 2289 eo
1802 2235 1942 2306 quod

366 2328 502 2384 dixit
529 2336 725 2383 vestra.
750 2327 1059 2383 Timuerunt
1080 2329 1225 2384 enim
1249 2337 1308 2384 ut
1324 2337 1468 2392 esset
1489 2330 1662 2392 oratio
1683 2344 1937 2399 congrua,

365 2435 471 2476 non
505 2421 1021 2486 animadvertentes,
1056 2430 1246 2491 spectes
1274 2421 1339 2476 ad
1368 2437 1528 2478 unum
1552 2423 1793 2478 Boetium
1823 2437 1943 2482 esse

364 2514 739 2580 referendum,
778 2523 940 2567 vestra
985 2527 1112 2568 vero
1160 2513 1442 2581 primordia
1487 2514 1552 2568 ad
1609 2514 1848 2572 Boetium
1887 2523 1944 2574 et

363 2607 496 2662 alios
531 2605 791 2662 homines.

436 2696 530 2768 Ni]
560 2697 694 2753 Nisi.

440 2785 662 2857 Fauens]
691 2787 1050 2856 Amplectons.

439 2876 649 2951 Pejara]
679 2878 833 2945 Mala,
868 2876 1290 2950 comparativum
1321 2878 1436 2938 loco
1459 2878 1686 2952 positivi.

441 2965 610 3037 Vitiis]
643 2967 738 3024 llic
767 2982 924 3024 casus
948 2969 1208 3040 septimus
1237 2978 1320 3024 est
1339 3013 1352 3038 ,
1383 2969 1548 3030 verbo
1573 2969 1786 3026 deserat
1819 2973 1944 3026 Sub-

361 3060 588 3124 dendus,
624 3069 682 3115 ut
709 3061 777 3115 sit
811 3061 982 3116 ordo:
1019 3062 1238 3116 Deserat
1269 3061 1411 3116 vitiis
1438 3064 1707 3131 praprium
1740 3073 1937 3134 ortum,

364 3153 464 3210 hoc
487 3164 588 3222 est,
620 3169 717 3226 per
741 3155 866 3212 vitia
897 3155 965 3216 ab
991 3154 1192 3226 origine
1214 3157 1425 3226 propria
1456 3139 1765 3236 degeneret.

885 3247 947 3300 ΙΝ
990 3246 1263 3302 PROSAM
1296 3247 1405 3304 Vll.

437 3336 766 3406 Voluptates,
802 3337 895 3401 ait,
925 3352 1031 3392 non
1062 3338 1234 3391 solum
1258 3337 1564 3394 felicitatem
1596 3354 1701 3394 non
1728 3341 1936 3408 adet-re,

361 3430 452 3485 sed
483 3419 769 3486 multarum
791 3431 952 3485 etiam
983 3430 1356 3502 iegritudinum
1383 3432 1798 3506 morborumque
1815 3451 1941 3491 cau-

360 3535 446 3575 sas
473 3536 608 3576 esse.

434 3611 685 3685 Quarum]
712 3611 1079 3684 Voluptatum.

429 3702 754 3774 Appetentia]
783 3704 1088 3776 Appetitas.

431 3795 734 3868 Ansietatis]
751 3799 1155 3854 Sollicitudinls.
1180 3799 1410 3856 Joannes
1427 3801 1582 3857 Picus
1603 3802 1894 3859 Mirandula
1917 3824 1931 3860 :

361 3887 502 3953 Quid
532 3891 666 3941 enim
703 3890 922 3958 aptabile
950 3891 1004 3946 in
1035 3893 1372 3962 voluptatibus
1411 3896 1624 3963 mundi,
1655 3913 1786 3968 quae,
1814 3898 1933 3952 dum

353 3990 676 4049 quaeruntur,
707 3985 954 4054 fatigant;
984 4002 1100 4042 cum
1121 3989 1477 4058 acquiruntur,
1499 3989 1787 4061 infamant;
1819 4007 1932 4044 cum

354 4076 676 4146 omittuntur,
706 4081 1041 4150 excruciant?
1068 4082 1226 4153 Bigus
1258 4102 1270 4138 :

481 4170 603 4238 Quid
627 4173 885 4238 praesentis
899 4173 1081 4230 habent
1104 4176 1320 4238 optabile
1343 4178 1517 4238 gaudia
1543 4180 1654 4228 vitze
1671 4180 1696 4230 ‘l

477 4232 594 4301 Quae
615 4233 656 4279 si
680 4236 787 4294 quis
809 4233 984 4301 pelago
1006 4232 1191 4297 quaerat
1215 4232 1406 4288 terrave
1423 4278 1435 4301 ,
1461 4232 1665 4301 fatigant

475 4292 718 4355 Partaque
745 4292 828 4342 cor
852 4292 1108 4359 hebetant,
1137 4292 1640 4363 missaqne'durivter
1665 4312 1863 4365 angunt.

343 4371 597 4430 Horatius
625 4392 642 4430 ε

471 4463 664 4525 Sperne
688 4463 987 4526 voluptates,
1016 4474 1162 4520 uocet
1181 4477 1344 4529 empta
1365 4471 1538 4528 dolore
1561 4474 1798 4537 voluptas.

351 4542 509 4598 Divus
532 4545 926 4620 Hieronymus;
960 4547 1141 4612 Libido
1167 4559 1421 4618 transacta
1443 4571 1638 4625 semper
1663 4560 1744 4616 sui
1771 4561 1924 4620 retine

347 4638 454 4705 quit
469 4638 850 4707 paenitudinem,
869 4641 920 4693 id
936 4651 1010 4694 est
1023 4643 1390 4711 penitentiam.
1407 4644 1706 4718 Grqecprum
1719 4668 1922 4723 praver-
1950 4638 1988 4698 ¹έ

347 4727 482 4783 bium
511 4739 600 4798 est,
646 4729 905 4804 Voluptati
927 4750 1072 4798 soror
1097 4745 1170 4802 est
1195 4736 1442 4808 tristities,

421 4819 648 4886 Quantas
668 4822 907 4894 marbas]
941 4827 1158 4881 Anneus
1184 4827 1385 4883 Seneca
1427 4831 1802 4898 severissimus
1843 4836 1924 4890 vi-

349 4909 536 5002 tierunt
563 4913 872 4988 castigator.
916 4930 1172 4994 petemus
1199 4920 1252 4988 in
1280 4921 1606 4998 voluptatem
1635 4927 1918 5002 gulanam.

345 5001 419 5055 sic
436 5004 648 5072 scripsit
694 5021 860 5076 prope
896 5007 1180 5065 divinitus:
1215 5011 1366 5077 Inde,
1399 5015 1588 5086 inquit,
1623 5001 1793 5086 pallor
1823 5033 1916 5092 est,

343 5102 390 5148 et
411 5110 675 5160 nervorum
703 5098 820 5164 uino
841 5101 1150 5168 madentium
1176 5111 1388 5176 tremor,
1417 5118 1464 5170 et
1497 5110 1834 5176 miserabilior
1857 5131 1920 5168 ex

341 5187 680 5270 cruditatibus
696 5205 848 5257 quam
875 5207 937 5246 ea:
956 5193 1090 5263 fame
1115 5197 1318 5251 macies.
1383 5199 1514 5258 Inde
1538 5202 1717 5262 incerti
1747 5205 1918 5261 laben-

341 5275 468 5327 tium
495 5279 665 5347 pedes,
686 5289 735 5333 et
755 5297 948 5350 semper
973 5285 1136 5350 qualis
1183 5288 1233 5340 in
1262 5288 1374 5356 ipsa
1401 5291 1640 5354 ebrietate
1665 5295 1914 5358 titubatio.

339 5363 469 5420 Inde
491 5370 625 5445 intra
651 5381 814 5440 autem
845 5373 1030 5438 [tumor
1056 5377 1330 5444 admissus,
1365 5381 1707 5456 distentusque
1726 5398 1914 5455 uenter,

336 5459 456 5512 dum
483 5461 616 5515 male
661 5467 900 5520 assuescit
940 5468 1055 5538 plus
1093 5486 1276 5539 capere
1325 5489 1478 5544 quam
1518 5487 1732 5544 poterat.
1784 5479 1919 5536 Inde

334 5553 552 5640 suffusio
591 5557 776 5612 lurida
799 5561 936 5626 bilis,
969 5571 1018 5616 et
1058 5564 1264 5620 decolor
1301 5569 1491 5636 uultus,
1519 5573 1754 5643 tabesque
1777 5576 1830 5629 in
1857 5590 1911 5629 ss

334 5649 752 5715 putrescentium,
781 5660 827 5704 et
843 5654 1018 5708 retorti
1037 5655 1188 5726 digiti
1206 5660 1438 5714 articulis
1467 5662 1908 5734 obrigescentibus,

329 5754 599 5794 neruorum
636 5741 747 5795 sine
785 5758 932 5797 sensu
972 5747 1258 5817 iacentium
1307 5760 1502 5824 torpor,
1525 5765 1616 5810 aut
1641 5757 1912 5828 palpitatio

325 5841 610 5898 carpas-unt
631 5831 745 5887 sint
778 5832 1147 5893 intermissione
1174 5841 1500 5900 vibrantium.
1543 5846 1685 5912 ﬂuit!
1731 5850 1910 5915 rapitis

2055 587 2104 633 et
2139 579 2328 632 cerebri
2371 582 2630 658 a’s_tuantis
2655 579 3070 644 verminationes,
3099 590 3149 634 et
3175 583 3345 634 omnia
3388 598 3478 652 per
3523 595 3642 650 qua:

2054 689 2390 728 exoneramur
2415 672 2628 727 internis
2665 671 2918 726 ulceribus
2965 670 3186 738 affecta?
3231 669 3639 725 Innumerabilia

2055 774 2301 834 praeterea
2327 762 2544 833 febrium
2569 779 2776 834 genera,
2829 762 3050 818 aliarum
3076 763 3263 831 impetu
3290 759 3634 826 subeuntium,

2053 857 2273 912 aliarum
2303 855 2440 908 tenui
2469 863 2605 923 peste
2642 855 2947 924 repentium,
2973 855 3191 908 aliarum
3212 867 3326 906 cum
3347 850 3559 903 horrore
3587 858 3636 902 et

2052 949 2215 1004 multa
2237 948 2575 1003 membrorum
2600 950 2926 1020 quassatione
2953 948 3276 1004 venientium.
3332 945 3466 1012 Quid
3505 943 3635 998 alios

2051 1051 2274 1110 referam
2311 1041 2705 1096 innumerabiles
2739 1041 2963 1109 morbos,
2993 1039 3247 1112 supplicia
3281 1036 3540 1094 haurite?

2127 1133 2314 1188 Tristes
2338 1151 2452 1188 vero
2481 1129 2633 1206 esse]
2678 1133 2948 1204 Voluptati
3003 1147 3290 1192 mmrorem
3343 1128 3632 1196 succ_e:lere

2051 1241 2172 1282 cum
2200 1236 2398 1282 norunt
2431 1241 2638 1293 omnes,
2699 1236 2806 1282 tum
2853 1229 3084 1286 maxime
3110 1223 3375 1284 libidinosi
3419 1240 3432 1275 :
3479 1237 3627 1287 nam,

2050 1326 2187 1373 teste
2215 1319 2551 1389 philosopho,
2584 1333 2744 1374 omne
2763 1318 2958 1373 animal
2980 1335 3010 1374 a
3036 1318 3177 1374 coitu
3217 1316 3367 1370 triste
3395 1321 3497 1370 est.
3525 1311 3627 1369 Se-

2050 1424 2182 1464 neca
2211 1409 2414 1466 Lucilio
2440 1430 2452 1466 :
2491 1411 2792 1483 Voluptates
2821 1413 3074 1480 prmeipue
3111 1410 3358 1475 exstirpa,
3392 1408 3530 1478 inter
3547 1422 3628 1460 res

2050 1501 2316 1556 vilissimas
2342 1502 2491 1568 habe,
2515 1519 2631 1572 qua:
2650 1501 2908 1558 latronum
2928 1519 3066 1558 more
3103 1502 3157 1556 in
3181 1501 3275 1554 hac
3314 1516 3406 1554 nos
3432 1498 3628 1565 ample-

2048 1603 2275 1658 ctuntur,
2329 1606 2386 1648 ut
2434 1596 2774 1666 strangulent.
2831 1593 3164 1661 Aristotelis,
3227 1601 3361 1646 teste
3413 1589 3627 1646 Valerio
3688 1655 3690 1658 ι

2049 1683 2299 1749 Maximo,
2359 1688 2698 1744 utilissimum
2726 1695 2809 1744 est
2835 1698 3178 1757 prteceptum,
3220 1695 3278 1740 ut
3322 1686 3626 1753 voluptates

2047 1774 2303 1830 abeuntes
2354 1778 2796 1844 consideremus,
2851 1794 2984 1849 quas
3029 1777 3244 1848 quidem
3305 1778 3384 1834 sic
3439 1785 3624 1832 osten-

2565 1869 2733 1926 fessas
2761 1871 2902 1926 enim
2953 1870 3385 1940 ptcnitentithue
3438 1868 3624 1940 plenas
3683 1931 3687 1938 ι

2047 1961 2238 2015 animis
2267 1965 2464 2018 nostris
2485 1963 2718 2032 subjicit,
2752 1966 3038 2034 quominus
3063 1964 3256 2034 cupide
3294 1971 3620 2032 repetantur.

2107 2052 2314 2118 -Οιιιεεέ
2332 2053 2501 2108 beatos
2529 2055 2783 2125 explicare
2815 2054 3066 2130 possunt]
3111 2057 3165 2111 Si
3197 2055 3446 2128 (inquit)
3479 2054 3623 2107 volu~

2047 2149 2219 2210 ptates
2241 2145 2483 2212 corporis
2503 2144 2886 2202 beatitudinem
2905 2146 3172 2212 afferrent,
3193 2146 3300 2215 jam
3324 2153 3378 2200 et
3394 2143 3622 2216 pecudes
3677 2209 3682 2212 _

2043 2235 2216 2292 beata:
2240 2234 2436 2301 forent,
2470 2237 2661 2305 quibus
2683 2254 2761 2293 ea:
2790 2240 3066 2296 nobiscum
3113 2249 3237 2296 sunt
3291 2251 3620 2300 communes,

2044 2325 2141 2392 sed
2170 2326 2594 2398 indignissimum
2633 2338 2717 2384 est
2771 2345 3035 2386 summum
3082 2330 3279 2396 bonum
3333 2328 3621 2399 pecudibus

2044 2420 2297 2480 tribuere.
2360 2423 2590 2482 Proinde
2642 2424 2882 2492 corporis
2927 2423 3250 2496 voluptates,
3300 2438 3439 2492 quae,
3484 2429 3620 2476 teste

2044 2513 2360 2583 philosopho
2386 2514 2481 2570 lib.
2514 2514 2793 2572 Moralium
2825 2531 2902 2580 ιιι,
2919 2515 3165 2584 pecuina:
3185 2523 3306 2569 sunt
3328 2523 3382 2570 et
3400 2513 3612 2578 ferales,

2045 2601 2187 2662 nulla
2212 2606 2418 2662 ratione
2443 2607 2749 2676 quempiam
2785 2608 2997 2666 beatum
3026 2615 3248 2678 possunt
3273 2606 3507 2662 efficere.

2117 2694 2293 2768 Quin]
2322 2695 2428 2752 Cur
2457 2696 2606 2756 non?

2112 2784 2444 2854 Carparatem
2471 2787 2748 2858 lacunam]
2775 2787 3049 2848 Ventrem.
3076 2787 3288 2844 Lacuna
3330 2787 3440 2844 fita
3476 2787 3618 2855 lacu,
3665 2853 3668 2858 I

2042 2887 2096 2931 et
2123 2887 2206 2936 est
2249 2893 2401 2946 aqua:
2427 2881 2692 2938 collectio.
2725 2880 2981 2938 Servius:
3009 2881 3230 2938 Lacuna:
3249 2891 3363 2940 sunt
3391 2884 3544 2954 fassa:
3563 2881 3617 2942 in

2042 2971 2222 3040 quibus
2246 2971 2461 3028 collecta
2489 2989 2624 3042 aqua
2646 2983 2784 3030 stare
2812 2975 3083 3038 consuevit.
3116 2977 3263 3031 Maro
3288 2993 3302 3029 :

2175 3062 2316 3118 Unde
2340 3076 2469 3116 cavae
2497 3063 2660 3126 tepido
2683 3065 2858 3126 sudant
2879 3066 3086 3128 humore
3112 3065 3314 3116 lacuum.

2044 3143 2146 3200 Per
2174 3148 2540 3216 metaphoram
2588 3148 2814 3208 sumitur
2849 3165 2945 3218 pro
2995 3159 3182 3212 ventre
3233 3167 3326 3206 seu
3371 3153 3492 3208 alvo
3519 3170 3618 3228 quo

1969 3241 2016 3304 ο
2046 3237 2150 3298 cibi
2183 3245 2445 3309 potusque
2474 3249 2852 3306 congeruntur.
2879 3241 3016 3302 Sunt
3043 3243 3365 3312 exemplaria
3417 3245 3472 3301 in
3509 3241 3618 3318 qui.

1995 3321 2008 3330 ’
2046 3329 2144 3386 bus
2170 3338 2251 3385 est
2277 3331 2457 3400 legere
2486 3331 2778 3398 lasciviam,
2809 3343 2861 3390 et
2881 3342 2964 3389 est
2990 3348 3179 3392 sensus
3208 3343 3290 3392 sat
3314 3347 3550 3407 apertus.

2116 3421 2490 3480 Honestissima
2515 3421 2756 3495 quidem]
2785 3424 2957 3496 Supra
2987 3425 3140 3491 dixit,
3169 3442 3304 3482 uxor
3340 3445 3405 3485 ac
3442 3430 3617 3502 liberi,

2040 3513 2129 3588 qui
2153 3513 2499 3582 jucunditatis
2528 3513 2696 3584 gratia
2727 3523 2998 3584 petuntur,
3031 3517 3222 3588 quibus
3254 3521 3430 3577 verbis
3459 3524 3616 3595 signi.

2039 3603 2214 3662 ficavit
2241 3603 2487 3675 coniugia
2532 3607 2703 3686 gratia
2736 3608 3026 3677 voluptatis
3054 3612 3252 3679 expeti.
3312 3613 3459 3670 Nunc
3487 3615 3617 3680 dicit

2038 3695 2179 3764 quod
2204 3696 2442 3765 voluptas
2471 3712 2531 3752 ea
2554 3696 2692 3754 foret
2718 3697 3112 3768 honestissima,
3145 3703 3247 3758 nisi
3296 3713 3350 3760 et
3398 3706 3512 3777 ipsa
3538 3710 3616 3764 ni-

2036 3784 2202 3853 mium
2223 3787 2598 3846 sollicitudinis
2628 3798 2681 3845 et
2701 3790 2945 3850 dolorum
2975 3806 3157 3854 secum
3183 3795 3433 3854 traheret.

2108 3878 2154 3930 E
2199 3877 2424 3952 natura]
2469 3879 2665 3935 Contra
2693 3892 2954 3938 naturam.

2108 3971 2294 4026 Nescia
2322 3989 2471 4042 quem
2492 3973 2628 4041 ﬁlias
2647 3975 2896 4044 irremisse
2920 3976 3170 4046 tortores]
3201 3979 3430 4050 Baptista
3461 3981 3608 4038 Man-

2041 4072 2228 4126 manus
2250 4081 2260 4118 τ

2155 4181 2347 4253 Saepius
2366 4187 2412 4233 tn
2440 4185 2568 4253 natis
2589 4197 2774 4253 savum
2800 4194 2942 4253 pater
2965 4189 3142 4244 educat
3166 4192 3372 4253 hostem,

2153 4243 2378 4314 ﬁuntque
2399 4258 2487 4314 suo
2514 4246 2738 4307 ignorans
2760 4243 3078 4300 interfectore
3095 4254 3301 4314 jocatur.

2156 4304 2306 4383 Saepe
2325 4322 2348 4355 s
2370 4309 2414 4354 bi
2442 4304 2691 4383 lacr'ymas,
2717 4319 2916 4383 sperant
2937 4317 3047 4360 dtttn
3071 4304 3242 4383 g'audiu
3265 4323 3464 4383 matres,

2152 4366 2316 4429 Atque
2337 4384 2440 4420 aute
2463 4366 2663 4433 pascunt
2678 4366 2890 4424 ventura
2924 4366 3182 4436 opprobria
3205 4366 3359 4440 genti.

2100 4469 2364 4546 Mardum]
2394 4488 2642 4530 curarum
2670 4485 2724 4530 et
2745 4479 3121 4534 sollicitudinis
3150 4481 3326 4549 plena.

2105 4563 2431 4634 Qucecunque
2473 4564 2742 4638 conditio]
2777 4570 2948 4622 Etiam
2978 4570 3137 4624 bona.

2104 4656 2285 4729 Alias]
2314 4658 2432 4711 Alio
2461 4668 2722 4728 tempore,
2743 4661 2964 4716 subaudi
2988 4680 3186 4719 necesse
3204 4667 3300 4736 fuit
3316 4670 3606 4731 admonere.

2103 4745 2173 4797 Te
2199 4747 2503 4818 expertum]
2535 4750 2634 4816 Qui
2667 4750 2804 4805 filios
2835 4753 3019 4818 habes,
3045 4765 3101 4810 et
3125 4770 3318 4825 quanta
3353 4764 3609 4820 sollicitu-

2026 4837 2152 4892 dine
2177 4838 2284 4892 siut
2315 4839 2596 4906 educandi,
2631 4843 2714 4896 vel
2743 4845 3070 4912 experientia
3093 4849 3250 4906 nosti.

2085 4928 2364 5002 'Anaium]
2396 4932 2624 4987 Tristem
2651 4941 2706 4988 et
2729 4897 3044 4995 sollicitum.
3103 4939 3216 4996 Non
3269 4945 3412 5002 enim
3469 4960 3648 5008 nunc'

2027 5022 2279 5076 anxietati
2303 5031 2404 5078 tute
2427 5024 2545 5094 plus
2583 5026 2884 5082 addendum
2931 5039 3034 5100 est,
3077 5033 3172 5089 sed
3203 5040 3378 5107 potius
3425 5041 3608 5099 detra-

2026 5114 2278 5170 hendum.

2099 5210 2366 5307 E-urt'pt'dis
2399 5213 2537 5286 mei]
2567 5215 2746 5271 Poetae
2776 5218 2918 5275 docti
2972 5231 3026 5278 et
3072 5225 3420 5301 philosophia:
3467 5237 3607 5306 peri-

3622 5313 3660 5370 ιε

2020 5301 2231 5356 tissimi.

2098 5392 2198 5458 Qui
2227 5406 2481 5496 carentem
2535 5398 2708 5456 liberis
2736 5402 3016 5472 infortunia
3055 5410 3184 5465 dixit
3209 5429 3317 5467 esse
3360 5417 3556 5486 felicem
3585 5422 3604 5496 Ι

2021 5484 2161 5583 Νξιιιι⁸
2185 5489 2274 5557 qui
2305 5490 2486 5545 liberis
2531 5503 2698 5560 caret,
2733 5500 2944 5552 tametsi
2969 5502 3177 5558 videtur
3221 5484 3602 5583 infortunatos,

2021 5577 2162 5648 quod
2193 5579 2368 5634 alieno
2387 5593 2606 5640 censum
2623 5597 2822 5653 servet,
2853 5603 3148 5664 augeatque
3177 5595 3398 5665 heredi,
3425 5577 3602 5662 tamen

2021 5683 2086 5724 co
2118 5670 2410 5767 infortunio
2437 5676 2564 5732 felix
2595 5690 2698 5747 est,
2726 5684 2870 5754 quod
2897 5699 2963 5740 ex
2987 5687 3166 5744 liberls
3195 5692 3290 5764 (ut
3319 5695 3407 5750 alii
3436 5697 3604 5767 pleri-

2019 5761 2159 5864 que)
2194 5766 2324 5864 nihil
2354 5769 2530 5864 capiat
2559 5773 2835 5843 molestiae,
2864 5791 2964 5832 nec
2984 5781 3145 5836 ullum
3178 5761 3380 5842 metuat
3407 5761 3603 5864 oppro-

2019 5853 2215 5914 brium.
2245 5858 2542 5930 Sophocles
2561 5865 2618 5922 iu
2645 5868 2933 5940 Antigone,
2956 5871 3181 5933 Erasmo
3201 5853 3499 5952 in‘terpreie'
3512 5899 3528 5939 :
