4216 6256
580 427 721 490 1015

765 545 974 596 inutiles
995 548 1276 607 quicunque
1297 544 1481 595 liberos
1500 547 1646 607 serit,

765 608 889 667 Quid
912 609 1040 656 aliud
1068 608 1212 670 hunc,
1238 621 1382 669 quam
1399 609 1493 656 sibi
1518 620 1694 658 creare
1711 607 1904 658 dixeris

762 670 860 732 lpsi
885 670 1102 729 dolores,
1128 677 1278 732 atque
1301 672 1453 719 risum
1476 670 1762 719 malevolis?

572 752 890 819 Congressis
908 753 1034 806 olim
1062 753 1262 808 Solone
1290 763 1344 806 et
1368 752 1590 808 Thalete
1617 751 1843 818 Milesio,
1869 752 1936 808 de
1958 767 2017 808 re
2035 768 2169 807 uxo-

573 846 651 899 ria
690 845 865 913 deque
924 844 1107 898 liberis
1159 856 1309 898 ortus
1341 856 1423 898 est
1475 861 1692 911 sermo;
1729 861 1849 900 cum
1881 855 2168 915 utrumque

575 935 710 987 ultra
745 935 961 988 modum
997 935 1252 1003 probaret
1300 935 1491 1002 Solon,
1549 938 1944 1007 mirareturque
1972 937 2168 992 Thale-

575 1035 681 1079 tem
710 1041 832 1080 eum
866 1041 987 1080 esse
1013 1028 1098 1093 qui
1130 1043 1401 1097 nunquam
1436 1029 1793 1097 procreationi
1827 1045 2049 1097 operam
2071 1030 2164 1083 de-

572 1116 759 1182 disset,
794 1132 906 1170 rem
943 1117 1030 1170 ille
1052 1129 1388 1173 commentus
1413 1129 1497 1174 est
1529 1120 1667 1175 haud
1697 1130 1998 1175 memoratu
2033 1121 2169 1175 indi—

572 1223 752 1277 gnam.
785 1208 1067 1263 Hominem
1091 1211 1403 1265 subornavit
1441 1213 1529 1282 qui
1558 1227 1618 1268 se
1655 1212 1882 1268 Athenis
1911 1214 2015 1268 illis
2040 1213 2170 1282 ipsis

572 1297 762 1352 diebus
803 1298 1039 1353 Miletum
1066 1301 1390 1370 applicuisse
1416 1303 1640 1358 diceret.
1685 1305 1812 1359 lude
1839 1306 1906 1360 de
1935 1305 2171 1360 civitatis

571 1398 714 1442 statu
733 1381 1052 1456 appellatus,
1085 1395 1264 1448 omnia
1289 1394 1362 1448 ibi
1385 1394 1579 1450 ﬂorere
1603 1395 1826 1461 diceret,
1847 1413 2010 1452 ttnum
2033 1398 2170 1452 duu-

573 1489 719 1535 taxat
757 1482 857 1536 suh
911 1483 962 1536 id
1015 1493 1223 1553 tempus
1257 1502 1362 1556 quo
1411 1488 1536 1542 inde
1592 1489 1843 1544 solvisset
1892 1489 2168 1559 lugubrem

571 1587 757 1627 casum
788 1575 1072 1643 accidisse,
1106 1579 1250 1646 quod
1297 1579 1587 1634 clarissimi
1613 1582 1712 1635 viri
1763 1581 1904 1634 lilius
1955 1581 2167 1645 unietis,

571 1664 724 1734 cujus
758 1677 908 1734 pater
963 1670 1295 1740 peregrinari
1344 1673 1652 1738 diceretur,.
1687 1674 2006 1729 adolescens
2037 1690 2171 1745 pra:-

570 1760 730 1814 clarze
761 1761 977 1826 indolis,
1003 1760 1112 1816 fato
1133 1776 1486 1834 consumptus
1506 1774 1669 1834 esset,
1695 1766 1848 1836 cujus
1879 1767 2038 1822 funus
2057 1775 2171 1823 tota

569 1853 761 1908 civitas
792 1871 986 1922 magno
1015 1868 1161 1910 esset
1189 1857 1335 1912 luctu
1360 1869 1660 1926 prosecuta.
1693 1860 1829 1914 Tum
1856 1861 2074 1916 demum
2098 1861 2167 1916 de

568 1947 736 2013 patris
778 1948 994 2002 nomine
1048 1957 1287 2017 rogatus,
1333 1949 1605 2006 excidisse
1655 1949 1707 2005 id
1759 1951 1860 2006 sibi
1916 1951 2160 2007 diceret:
2194 1928 2244 1989 Β

567 2039 711 2106 quod
742 2041 785 2093 si
836 2043 1215 2110 subjiceretur,
1266 2060 1424 2114 posse
1452 2062 1511 2100 se
1542 2048 1697 2102 facile
1737 2048 2029 2103 reminisci.
2064 2050 2166 2104 Po-

567 2131 756 2184 stridie
778 2130 937 2201 igitur
960 2148 1083 2187 cum
1105 2135 1372 2204 frequenti
1397 2137 1514 2192 foro
1533 2139 1693 2194 ambo
1722 2139 1788 2193 de
1821 2156 1969 2196 more
1992 2142 2164 2196 inam-

566 2221 836 2291 bularent,
868 2226 1064 2279 obtulit
1093 2242 1152 2281 se
1184 2228 1272 2283 ille
1295 2244 1358 2283 ex
1373 2232 1694 2295 composito.
1722 2233 1819 2286 llic
1842 2232 1910 2287 ad
1935 2234 2162 2303 primam

567 2314 768 2369 luneris
789 2318 1139 2386 mentionem,
1171 2334 1292 2374 cum
1317 2321 1534 2376 Solonis
1561 2325 1798 2377 animum
1825 2325 2158 2394 perculisset,

566 2418 802 2475 moxque
834 2406 1030 2461 fabula:
1060 2425 1346 2481 progressu
1375 2411 1571 2483 hospes
1595 2415 1681 2468 ille
1708 2430 1774 2470 eo
1804 2420 2158 2485 pervenisset,

567 2504 625 2549 tu
649 2504 853 2551 tantum
885 2503 1049 2567 patris
1071 2517 1265 2557 nomen
1293 2503 1568 2572 reticeret,
1601 2516 1801 2561 caetera
1833 2509 1972 2563 haud
2003 2509 2164 2566 dubie

569 2590 662 2644 lilii
692 2592 965 2646 interitum
991 2594 1176 2649 Soloni
1206 2598 1517 2653 nuntiarent
1567 2617 1579 2652 :
1634 2615 1756 2655 cum
1795 2602 1906 2672 jatn
1962 2607 2164 2659 amenti

567 2680 758 2736 similis
794 2683 908 2752 ipse
937 2700 1092 2738 suum
1135 2703 1333 2743 nomen
1383 2690 1723 2760 subjecisset,
1775 2703 1936 2764 atque
1987 2697 2161 2766 ipsum

567 2787 687 2828 esse
715 2786 875 2829 nauta
921 2777 1261 2847 afﬁrmasset,
1295 2781 1498 2836 doloris
1548 2786 1915 2852 magnitudine
1970 2788 2160 2855 victus,

568 2880 817 2932 persona:
832 2869 992 2923 simul
1016 2885 1126 2925 suae
1149 2882 1310 2941 atque
1330 2872 1433 2928 loci
1453 2874 1671 2941 oblitus,
1707 2891 1826 2932 sese
1857 2877 2002 2932 humi
2027 2878 2164 2934 allii-

566 2957 663 3028 git,
693 2959 1055 3030 capillumque
1084 2965 1146 3017 et'
1165 2963 1386 3020 barbam
1410 2966 1614 3022 ululatu
1663 2968 1890 3025 alternis
1917 2972 2163 3028 manibus

565 3053 843 3118 convellit,
881 3056 1084 3124 mugitu
1123 3057 1433 3129 ejulatuque
1475 3070 1645 3118 totum
1697 3066 1935 3134 complet
1961 3066 2157 3123 lorum.

565 3141 750 3198 Omnis
782 3146 1067 3200 multitudo
1098 3147 1338 3204 fceditate
1354 3152 1430 3206 rei
1453 3154 1735 3209 confestim
1767 3157 1819 3209 in
1846 3172 1969 3212 eum
1994 3173 2162 3214 unum

565 3250 824 3292 conversa
852 3249 952 3292 est.
988 3239 1184 3296 Thales
1211 3259 1361 3298 vanae
1389 3243 1535 3299 illius
1580 3246 1993 3302 conﬂictationis
2029 3264 2158 3304 eon-

1235 432 1576 488 APPENDIX
1614 431 1707 488 AD
1740 429 1984 487 LIBROS
2022 429 2111 484 DE
2145 422 2672 484 CONSOLATIONE
2707 417 3212 480 PHILOSOPHLE.

2193 541 2249 600 Α
2344 532 2529 607 Ferit]
2557 535 2813 601 Percutit,
2844 532 3010 588 laedit.

3731 422 3879 484 1016

2345 626 2503 700 Icta]
2543 628 2729 684 Tacta.
2756 627 2961 683 Solon:
2995 625 3326 697 Voluptatem
3377 627 3535 700 fuge:
3583 627 3702 697 ipsa
3725 645 3875 686 nam-

2269 740 2366 793 que
2413 733 2674 795 postremo
2716 721 2948 775 dolorem
3005 721 3161 786 parit.
3220 719 3372 774 Plato
3419 721 3759 788 juventutetn
3805 723 3872 778 ad

2271 814 2483 870 beatam
2530 815 2692 867 vitam
2745 812 2847 867 hac
2898 811 3106 866 ratione
3157 811 3457 880 saepissime
3508 812 3869 868 incendebat:

2273 906 2599 962 Contrariam
2641 906 2847 960 virtutis
2882 920 2945 958 ac
2970 905 3248 975 voluptatis
3288 914 3531 956 naturam
3551 905 3876 959 animadver-

2271 999 2379 1052 tite.
2413 995 2592 1068 Hujus
2621 996 2754 1050 enim
2781 1004 3190 1050 momentaueam
3220 993 3543 1048 dulcedinem
3563 996 3726 1048 subita
3770 1013 3874 1065 pa-

2274 1089 2487 1143 nitentia
2513 1091 2760 1159 sequitur,
2787 1088 3036 1158 dolorque
3057 1097 3332 1156 perpetuus
3351 1083 3530 1141 .Illiua
3555 1097 3728 1141 autem
3760 1089 3874 1141 bre-

2273 1197 2355 1235 ves
2386 1181 2587 1236 labores
2626 1191 2823 1236 (eterna
2849 1181 3104 1250 voluptas.
3159 1178 3484 1236 Claudianus
3535 1182 3602 1235 ad
3659 1182 3875 1239 Stilico-

2274 1290 2398 1331 nem
2414 1292 2431 1330 τ

2626 1369 2728 1418 Nec
2750 1374 2802 1417 te
2825 1367 3034 1426 iucunda
3059 1367 3221 1418 fronte
3243 1367 3420 1420 fefellit

2399 1427 2645 1496 luxuries
2668 1427 2915 1496 prtedulce
2942 1429 3142 1496 malum,
3168 1444 3278 1496 qua;
3302 1432 3466 1482 dedita
3491 1446 3685 1496 semper

2401 1488 2631 1556 Corporis
2653 1488 2874 1556 arbitriis
2897 1492 3100 1556 heb_etat
3127 1488 3338 1556 caligine
3361 1509 3556 1556 sensus,

2405 1552 2724 1613 Membraque
2751 1554 2915 1602 Circes
2942 1552 3193 1603 effeminat
3217 1552 3376 1604 acrius
3405 1552 3587 1606 herbis.

2401 1612 2584 1676 Blanda
2607 1612 2808 1676 quidem
2835 1615 2992 1670 vultu,
3017 1616 3105 1664 sed
3131 1629 3223 1675 qua
3253 1631 3346 1666 non
3373 1622 3548 1668 tetrior
3573 1618 3669 1668 ulla

2401 1673 2644 1739 Interius,
2670 1676 2828 1725 fucata
2855 1691 3029 1739 genas,
3059 1685 3112 1726 et
3135 1673 3306 1726 amicta
3326 1680 3507 1730 dolosis

2403 1735 2661 1803 lllecebris
2683 1735 2990 1803 torvos'anra
3017 1741 3201 1789 circum
3221 1740 3342 1801 ligat
3367 1741 3558 1803 hydros.

2402 1797 2491 1847 illa
2513 1798 2818 1861 voluptatum
2843 1797 3023 1851 multos
3047 1797 3468 1854 innexuit'ham'is.

2278 1881 2516 1953 Baptista
2547 1883 2898 1941 Mantuanus:

2460 1977 2566 2026 Non
2589 1978 2821 2028 insidiosa
2844 1979 3068 2042 voluptas

2401 2038 2632 2109 pecipiat
2656 2038 2975 2109 quemquam,
3003 2042 3181 2092 blanda
3209 2045 3302 2094 sub
3324 2046 3540 2106 imagine
3559 2059 3759 2109 semper

2397 2099 2699 2169 lngrellitur',
2727 2106 2864 2169 nardi
2891 2099 3086 2169 succos,
3111 2113 3387 2165 unguenta,
3404 2099 3622 2169 sapores

2397 2160 2663 2230 ldellilluos
2685 2160 2929 2230 praefert,
2946 2160 3456 2230 vultuqt_te—..applaudit
3474 2160 3651 2230 'amico.

2401 2225 2498 2272 Sed
2526 2225 2645 2274 nihil
2673 2225 2752 2274 est
2775 2229 2884 2277 sine
2906 2225 3114 2285 l'raude,‘
3129 2225 3286 2279 latent
3305 2231 3399 2279 sub
3422 2229 3572 2280 melle
3594 2245 3805 2282 venena.

2403 2287 2523 2356 Quae
2544 2293 2805 2356 postquam
2831 2291 3116 2356 imprudens
3137 2292 3328 2356 biberis
3344 2331 3358 2354 ,
3384 2292 3511 2354 fugit
3533 2293 3614 2356 illa
3637 2304 3850 2356 repente

2395 2347 2529 2397 Laata
2548 2347 2700 2410 'duhs',
2721 2347 3021 2401 manet'intix
3031 2367 3111 2400 um
3134 2353 3227 2402 sub
3248 2347 3464 2416 pectore
3475 2355 3647 2404 vulnus

2268 2433 2505 2489 Joannes
2555 2432 2872 2490 Franciscus
2929 2435 3088 2491 Picus
3134 2437 3190 2492 in
3231 2448 3355 2493 voto
3390 2453 3488 2508 pro
3514 2438 3684 2493 salute
3733 2454 3835 2494 con

2391 2616 2433 2684 ρ
2451 2618 2685 2684 miserum
2703 2619 2916 2684 mortale
2939 2633 3118 2684 genus,
3144 2625 3222 2672 cui
3240 2625 3396 2673 tristia
3422 2625 3570 2674 rebus

2396 2678 2679 2749 §uccedu_nt
2702 2679 2848 2749 ltelis,
2874 2689 2925 2730 et
2943 2678 3115 2749 amaro
3134 2685 3309 2746 perlita
3328 2686 3468 2749 felle,

2395 2740 2580 2808 lfocula
2597 2741 2667 2808 _d_e
2688 2741 2860 2808 calicis
2881 2744 3054 2794 melliti
3090 2740 3317 2808 margine
3341 2740 3557 2798 man'ant.

2393 2801 2641 2875 Quidquid
2665 2805 2803 2875 enim
2822 2817 3042 2866 praesens
3062 2801 3478 2875 dulci'ohlectavit
3495 2821 3682 2875 amore,

2394 2863 2638 2930 amissum
2661 2863 2938 2930 querimur,
2963 2876 3015 2916 et
3038 2876 3202 2918 amaro
3226 2873 3376 2920 verba
3397 2871 3572 2922 dolore

2393 2925 2567 2975 Saucia
2587 2925 2726 2976 mens
2748 2925 2934 2990 fundit,
2951 2938 3257 2994 renovatque
3281 2934 3329 2981 in
3354 2943 3560 2995 pectore
3581 2933 3776 2986 vulnus.

2267 3006 2378 3062 Nos
2406 3023 2620 3078 quoque
2663 3012 2936 3082 quondam
2988 3014 3293 3084 Elegiarum
3342 3017 3626 3075 moralium
3667 3020 3759 3078 lib.
3812 3035 3864 3076 ut

2267 3100 2347 3155 sic
2379 3099 2603 3157 lusimus
2639 3121 2652 3156 :

2395 3192 2526 3261 Sane
2539 3207 2698 3261 quam
2719 3195 2886 3247 brevis
2910 3205 3005 3261 est,
3032 3213 3180 3261 quam
3207 3202 3349 3251 mista
3371 3202 3541 3253 dolore
3562 3203 3741 3254 libido:

2456 3253 2663 3317 Aufugit
2685 3256 2793 3305 huic
2817 3253 3014 3321 raptim,
3040 3253 3130 3311 sed
3156 3261 3293 3313 dolor
3317 3276 3476 3324 usque
3496 3272 3681 3316 manet.

564 3327 727 3393 scius,
761 3329 1068 3398 aliquandiu
1094 3347 1283 3398 passus
1312 3345 1395 3389 est
1430 3337 1692 3406 hospitem
1725 3340 1912 3393 insana
1937 3340 2027 3395 illa
2047 3357 2164 3397 mu-
2188 3308 2237 3371 ο
2271 3336 2338 3391 El
2364 3348 2484 3406 p081
2514 3308 2682 3407 ρεηῖοιι
2714 3358 2727 3393 =

565 3418 1237 3488 liebriquelamentatioue
1285 3425 1627 3481 debacchari.
1691 3428 1970 3487 Postremo
2024 3432 2163 3488 afﬂi-

567 3515 713 3561 ctum
746 3507 910 3562 hutno
939 3510 1126 3564 leviter
1147 3513 1398 3567 attollens
1423 3534 1436 3567 :
1464 3515 1548 3570 Sis
1582 3518 1777 3586 inquit,
1807 3523 1935 3574 bona
1965 3523 2158 3594 animo,

567 3593 753 3661 Solon,
780 3598 898 3651 vivit
931 3600 1072 3667 [ilius
1095 3611 1233 3655 tuus.
1286 3603 1350 3656 At
1390 3605 1526 3660 volui
1565 3617 1614 3661 te
1658 3625 1762 3662 non
1813 3613 2054 3682 ignorare
2095 3615 2164 3668 ad

565 3689 704 3756 quod
732 3691 948 3744 insanire
973 3692 1249 3747 liberorum
1279 3712 1425 3749 amor
1446 3709 1682 3767 parentes
1711 3703 1906 3772 adigat,
1935 3715 1983 3756 et
2006 3721 2163 3773 quam

565 3799 668 3838 non
692 3784 859 3855 inepte
881 3787 1077 3858 faciant
1097 3788 1185 3857 qui
1207 3788 1316 3843 lucc
1336 3792 1625 3846 animorum
1654 3795 1878 3862 vincula,
1904 3813 2023 3852 cum
2066 3802 2163 3854 Ito-

565 3886 702 3931 neste
725 3877 941 3944 possint,
987 3877 1264 3950 effugiant.

1082 3975 1149 4030 IN
1198 3977 1487 4035 METRUM
1531 3979 1642 4035 VII.

635 4060 862 4118 Carmen
903 4076 985 4120 est
1030 4069 1476 4138 Anacreontium,
1524 4071 1837 4141 dimetrum,
1889 4077 2166 4132 catalecti-

565 4168 708 4218 cum,
734 4164 991 4210 constans
1041 4171 1336 4228 anapaesto,
1386 4164 1594 4220 duobus
1626 4166 1819 4221 iambis
1843 4177 1900 4223 et
1926 4169 2157 4240 syllaba.

563 4245 956 4315 Nonnunquam
987 4259 1166 4308 tamen
1196 4254 1358 4310 habet
1397 4258 1694 4326 spondeum
1729 4276 1827 4330 pro
1855 4264 2054 4331 iambo,
2107 4278 2167 4324 ut

564 4349 647 4394 est
675 4341 860 4397 videre
892 4344 942 4396 in
973 4345 1146 4412 primo
1201 4362 1380 4411 versu,
1435 4351 1528 4418 qui
1589 4359 1766 4408 tamen
1821 4359 2163 4427 transpositis

564 4429 886 4488 dictionibus
917 4435 995 4490 sic
1035 4447 1179 4492 recte
1206 4438 1306 4508 legi
1340 4450 1552 4508 potest:

813 4526 976 4578 Habet
999 4530 1158 4578 omnis
1187 4530 1278 4580 hoc
1305 4531 1542 4594 voluptas.

633 4607 888 4664 Nonnulli
941 4610 1042 4666 hoc
1097 4619 1324 4667 metrum
1382 4626 1576 4671 vocant
1623 4623 2035 4690 anapaesticum,
2094 4642 2160 4683 eo

563 4700 704 4769 quod
738 4703 939 4770 primus
969 4717 1062 4772 pes
1089 4704 1161 4759 sit
1193 4717 1535 4776 anapaestus;
1589 4712 1718 4766 mihi
1749 4724 1924 4772 tamen
1979 4722 2158 4789 potius

565 4794 850 4850 tambicum
867 4798 1158 4853 dicendum
1181 4801 1414 4870 videtur,
1441 4820 1707 4876 posseque
1729 4812 1890 4868 etiam
1922 4817 2006 4872 vel
2029 4817 2160 4873 iam-

565 4887 691 4942 bum
719 4889 802 4944 vel
832 4892 1131 4959 spondeum
1163 4896 1213 4948 in
1239 4897 1409 4965 prima
1447 4901 1758 4969 regiuncula
1782 4910 2046 4980 recipere,
2103 4926 2156 4968 ut

561 4981 703 5048 apud
734 4980 1082 5038 Prudentium
1111 5001 1124 5037 :

818 5071 967 5133 Ades,
996 5079 1136 5136 pater
1158 5089 1408 5139 supreme.

561 5151 840 5221 Signiﬁcat
866 5154 1156 5226 voluptatis
1182 5161 1409 5231 comites
1436 5177 1559 5223 esse
1582 5166 1821 5237 dolores,
1876 5172 2152 5237 fastidium

561 5253 616 5300 et
644 5247 997 5305 anxietatem.

638 5339 880 5396 Stimulia
897 5339 924 5415 Ῐ
937 5344 1159 5405 aculeis.

633 5434 795 5510 Agit]
817 5438 1017 5507 Afflcit,
1049 5446 1256 5515 pungit.
1739 5493 1754 5509 .

633 5527 931 5604 Fruentea]
963 5533 1069 5590 Eos
1097 5538 1188 5607 qui
1217 5538 1489 5612 voluptate
1509 5544 1779 5608 fruuntur.

631 5616 779 5691 Par]
820 5620 1048 5681 Similis.

635 5709 770 5781 Ubi]
797 5717 1103 5782 Postquam.

630 5796 832 5873 Fugit]
857 5806 1118 5862 Ocissime
1145 5812 1256 5867 abit

638 5887 861 5954 Tenaci]
888 5891 1205 5955 Diuturnum
1228 5903 1467 5964 dolorem
1517 5912 1792 5975 inferenti.

2393 3424 2635 3498 Quidlibi
2659 3427 2908 3498 blanditur
2922 3435 3151 3498 lautum?
3185 3437 3303 3498 quid
3328 3437 3475 3488 dulce
3498 3438 3712 3498 videtur,

2456 3488 2544 3537 Cui
2569 3491 2812 3557 modicum
2837 3493 3018 3557 mellis,
3043 3488 3416 3548 saevus'amaror
3442 3488 3601 3553 inest?

2393 3549 2626 3621 Succedit
2653 3555 2825 3621 saties,
2852 3549 3122 3607 succedunt
3145 3559 3304 3617 taedia,
3328 3549 3525 3621 interor,

2451 3611 2715 3681 Anxietas,
2734 3611 2927 3681 culpam
2947 3621 3157 3669 maxima
3183 3611 3325 3681 pwn'a
3347 3611 3526 3675 manet:

2395 3671 2638 3749 Continuo
2663 3671 3012 3749 iuglu-tit,rquae
3037 3671 3216 3731 sensu's
3236 3671 3636 3749 tempOre'p'arvo

2453 3691 2638 3724 munuo
2663 3691 2875 3786 rug‘lunt,
2902 3692 3012 3740 quae
3037 3693 3216 3731 sensus
3236 3691 3463 3746 tempore
3488 3701 3559 3749 pat

2453 3733 2666 3806 Molliter
2688 3751 2712 3785 a
2749 3739 2921 3808 'ciuut,
2948 3754 3042 3808 nec
3066 3755 3330 3794 remanere
3351 3758 3559 3808 queunt,

2393 3794 2594 3871 Conscia
2614 3811 2763 3869 mens
2787 3794 2986 3871 miseris
3008 3817 3067 3871 se
3090 3808 3306 3856 moribus
3329 3794 3724 3871 hiare—mordet,

2453 3856 2726 3923 Sanarique
2748 3866 2950 3927 nequit,
2976 3868 3023 3915 ni
3046 3865 3172 3918 ferat
3195 3856 3367 3921 auctor
3389 3856 3553 3934 opem:

2265 3939 2396 3996 Item
2429 3957 2442 3993 :

2397 4029 2636 4083 Laetitiam
2655 4038 2811 4099 carpit
2832 4037 3110 4091 sollicitudo
3127 4056 3312 4094 comes.

2765 4120 2830 4174 IN
2885 4121 3166 4181 PROSAM
3231 4127 3364 4184 Vlll.

2339 4207 2451 4262 Hac
2489 4222 2650 4278 prosa
2690 4211 2838 4280 prius
2887 4217 3197 4272 summatim
3239 4221 3434 4290 repetit
3466 4237 3528 4277 ea
3559 4238 3677 4292 qua:
3705 4238 3861 4292 supra

2264 4298 2580 4369 disputavit,
2615 4303 2767 4358 aiens
2799 4304 3126 4375 voluptates,
3166 4310 3412 4379 gloriam,
3458 4327 3620 4383 regna
3645 4358 3658 4383 ,
3693 4314 3861 4385 digiti-

2265 4400 2405 4447 tates
2433 4402 2487 4448 et
2516 4393 2728 4448 divitias
2749 4436 2764 4461 ,
2791 4411 2892 4452 nec
2915 4397 2982 4452 ad
3010 4399 3398 4457 beatitudinem
3428 4404 3580 4473 quasi
3605 4407 3860 4475 quasdam

2263 4483 2380 4539 vias
2407 4483 2575 4553 ferre,
2601 4501 2701 4542 nec
2723 4486 2913 4544 beatos
2941 4491 3178 4548 efﬁcere.
3208 4493 3410 4552 Deinde
3436 4495 3596 4553 docet
3622 4502 3862 4569 corporis

2262 4585 2402 4642 bona
2431 4602 2554 4643 cum
2587 4589 2775 4659 primis
2796 4605 2919 4647 esse
2947 4592 3174 4665 fragilia,
3198 4611 3300 4654 nec
3334 4613 3528 4670 magno
3581 4601 3860 4670 prudenti-

2183 4680 2240 4741 D
2263 4677 2364 4734 bus
2393 4678 2703 4738 hominibus
2735 4685 3071 4741 aestimanda.

2345 4772 2443 4828 Ha:
2469 4773 2605 4847 vita]
2645 4774 2793 4843 Quas
2840 4778 3030 4847 vulgus
3057 4778 3223 4836 stulte
3251 4780 3336 4850 jad
3391 4782 3698 4840 felicitatem
3749 4799 3862 4841 vias

2267 4872 2540 4938 Opinatur.

2341 4960 2591 5021 Qutedam
2616 4958 2804 5036 deria]
2844 4962 2990 5021 Loca
3017 4965 3137 5021 avia
3161 4974 3218 5023 et
3237 4980 3268 5022 a
3297 4977 3445 5024 recta
3471 4969 3556 5026 via
3585 4971 3748 5027 nimis
3774 4971 3862 5027 di-

2266 5063 2420 5104 versa
2429 5089 2443 5104 .

2339 5141 2478 5209 Quid
2501 5140 2680 5213 enim]
2706 5143 2975 5201 Particula
3005 5157 3091 5203 est
3121 5149 3556 5222 interrogatoria,
3579 5155 3632 5210 id
3659 5166 3740 5211 est
3769 5172 3862 5212 cur

2264 5230 2495 5287 noniet
2523 5243 2607 5288 est
2656 5236 2948 5306 comicum,
3011 5247 3149 5294 teste
3198 5242 3430 5301 Acrone.
3489 5245 3715 5303 Flaccus
3763 5249 3859 5303 lib.

2264 5321 2586 5380 Sermonum
2616 5341 2633 5380 ι
2659 5344 2673 5380 :

2385 5417 2661 5531 :llllllznegt
2679 5423 2859 5485 potior,
2886 5423 3004 5486 quid
3035 5425 3203 5476 enim?
3225 5431 3535 5480 concurritur
3550 5430 3682 5480 horae

2258 5563 2464 5620 Sensus
2492 5574 2577 5621 est
2615 5583 2630 5620 :
2679 5583 2848 5637 quare
2903 5586 3010 5628 non
3059 5585 3434 5633 monstravere
3491 5577 3812 5636 brevissime
3845 5624 3858 5643 ,

2262 5653 2477 5723 quantis
2503 5656 2663 5714 malis
2688 5657 2774 5714 lite
2806 5661 2909 5719 viae
2938 5663 3047 5720 sint
3067 5664 3362 5737 implicita.
3387 5669 3574 5726 Potest
3619 5681 3674 5726 et
3729 5673 3859 5728 sim-

2265 5751 2474 5821 pliciter
2501 5755 2694 5826 accipi,
2720 5765 2778 5814 ut
2798 5758 3368 5831 sitpraeparatiuncula
3393 5767 3639 5837 quaedam
3670 5768 3864 5825 lutum

2264 5843 2696 5918 interrogationi,
2721 5851 2864 5922 quod
2893 5862 2948 5909 et
2993 5854 3167 5923 ipsum
3191 5855 3446 5930 frequens
3469 5867 3553 5916 est
3578 5859 3724 5928 apud
3767 5873 3839 5919 eo
3902 5858 3924 5899 τ

2265 5937 2436 5994 micos
2457 5951 2510 5996 et
2543 5941 2599 6000 in
2625 5957 2876 6003 sermone
2919 5947 3255 6022 qu0tidiano.
