4216 6256
308 445 444 501 1017

373 553 650 626 Poscendi]
685 554 966 610 Ambiendi
996 562 1052 610 et
1082 553 1294 623 petendi
1324 553 1685 623 magistratus.

371 649 562 721 Degas]
601 650 807 718 Degere
835 649 987 704 velis.

369 739 614 811 Corporis
646 740 923 813 seruitium]
967 740 1168 796 Seneca
1215 739 1459 797 Lucilio:
1487 742 1662 812 Major
1691 757 1802 795 sum
1842 750 1891 795 et

295 835 366 889 ad
410 837 610 906 majora
659 835 856 906 genitus
898 851 1051 902 quam
1086 843 1140 886 ut
1174 835 1483 903 mancipium
1523 834 1621 886 sim
1662 835 1890 904 corporis

296 925 592 995 mei:qttod
631 925 859 995 equidem
907 940 1009 977 non
1063 923 1214 977 aliter
1256 925 1446 993 aspicio
1494 941 1649 993 quam
1689 923 1891 994 pondus

296 1032 359 1070 ac
386 1032 588 1088 poenam
609 1015 967 1082 vinculumque
997 1014 1215 1067 libertati
1244 1029 1369 1069 mete
1390 1015 1779 1069 circumdatum.

370 1110 489 1164 1am
523 1108 662 1180 vero]
695 1107 969 1162 Concinne
1001 1109 1192 1162 transit
1221 1108 1287 1162 ad
1316 1109 1560 1176 corporis
1586 1108 1747 1171 bona,
1772 1123 1891 1176 qua:

296 1204 364 1258 ad
386 1202 665 1270 superiora
691 1199 1167 1271 (quemadmodum
1192 1214 1354 1269 supra
1381 1198 1582 1255 dictum
1604 1198 1708 1269 est)
1733 1197 1892 1256 facile

296 1296 485 1353 referri
512 1303 753 1364 possunt.

371 1388 491 1443 Prw
527 1403 580 1441 se
623 1385 815 1458 ferunt]
863 1386 1150 1441 Ostentant
1196 1386 1381 1455 eisque
1424 1385 1578 1456 quasi
1624 1384 1892 1442 feliciores

299 1482 417 1537 aliis
443 1479 685 1552 praeferri
719 1478 939 1547 cupiunt

373 1574 535 1646 Num]
564 1573 831 1642 Nunquid.

372 1664 706 1737 Elephantes]
738 1663 1065 1719 Animalium
1115 1665 1476 1728 terrestrium,
1508 1662 1682 1716 Plinio
1726 1671 1889 1724 teste.

302 1761 596 1816 maximum
626 1767 710 1814 est
741 1758 980 1827 elephas,
1014 1755 1424 1825 proximumque
1474 1752 1721 1809 humanis
1762 1767 1889 1808 sen-

302 1853 471 1907 sibus.
505 1849 829 1918 Elephantes
879 1847 1070 1901 domiti
1113 1845 1344 1900 militant
1390 1855 1444 1900 et
1491 1853 1668 1899 turres
1713 1858 1892 1898 arma-

1480 437 1863 493 MURMELLII
1897 441 2395 503 COMMENTARIA

1911 559 1970 618 Δ
1994 555 2200 612 Rursus
2232 559 2373 615 idem
2398 577 2413 614 :

3440 442 3577 498 1012

2117 653 2251 715 Ergo
2267 666 2361 715 age
2385 651 2543 702 fallaci
2568 651 2744 715 timide
2764 650 2952 715 confide
2978 649 3164 712 figurae.

2178 668 2182 677 ’
2220 668 2251 702 o
2267 668 2361 715 age
2385 668 2543 702 ianact
2568 668 2740 702 nmine
2764 668 2952 702 contine
2978 668 3164 712 ngurae.

2178 668 2411 776 gulisquis
2434 729 2507 775 es,
2534 721 2682 776 atque
2705 712 2884 776 aliquid
2909 724 3112 772 corpore
3136 711 3290 771 majus
3311 709 3460 758 habe.

1993 795 2157 850 Isaias
2183 812 2301 866 cap.
2327 813 2393 850 xx.
2423 812 2437 848 :
2466 796 2643 849 Omnis
2673 812 2794 848 caro
2820 795 3013 863 fenum,
3033 803 3076 845 et
3099 795 3261 846 omnis
3283 794 3449 862 gloria
3473 791 3588 860 ejus

1992 889 2141 958 quasi
2177 889 2272 955 ﬂos
2304 889 2433 957 agri.
2469 888 2658 942 Merito
2688 886 2854 940 forma
2893 885 3124 938 hominis
3155 884 3269 938 flori
3302 893 3587 949 compara-

1993 990 2106 1044 tur,
2136 980 2324 1034 eodem
2375 995 2510 1048 pene
2566 988 2836 1033 momento
2887 979 3160 1032 virescens
3205 987 3258 1030 et
3302 987 3571 1028 arescens.

1993 1070 2060 1125 Μ.
2098 1071 2266 1124 Varro
2291 1089 2303 1123 :
2333 1071 2493 1138 Quem
2518 1087 2734 1140 puerum
2763 1070 2935 1122 vidisti
2955 1069 3257 1136 formosum,
3285 1066 3421 1119 hunc
3445 1067 3580 1118 vides

1992 1163 2272 1232 deformem
2299 1161 2352 1214 in
2378 1173 2601 1215 senecta.
2638 1159 2890 1229 Apuleius
2922 1159 2971 1212 in
2999 1158 3105 1211 Deo
3131 1158 3390 1220 Socratis,
3415 1155 3585 1223 signi-

1994 1251 2154 1306 ficare
2187 1252 2368 1306 volens
2397 1252 2529 1305 nihil
2562 1266 2681 1305 esse
2709 1249 2925 1305 brevius
2952 1248 3168 1314 decore,
3200 1248 3278 1302 sic
3305 1247 3378 1301 ait
3403 1265 3414 1300 :
3444 1245 3569 1300 For-

1993 1361 2163 1399 mosus
2194 1354 2292 1408 est,
2313 1353 2549 1415 exspecta
2576 1341 2855 1414 paulisper,
2874 1350 2920 1394 et
2951 1357 3052 1394 non
3082 1340 3194 1392 erit.
3224 1336 3580 1408 Calphurnius

1996 1437 2047 1490 in
2081 1437 2343 1491 Bucolicis
2370 1454 2382 1488 :

2119 1525 2307 1575 Donum
2331 1526 2482 1575 forma
2507 1527 2662 1576 breve
2697 1532 2805 1587 est,
2831 1537 2924 1574 nec
2945 1536 3002 1574 se
3026 1524 3114 1573 tibi
3136 1520 3405 1572 commodat
3428 1520 3580 1568 annis.

1995 1610 2199 1666 Seneca
2232 1610 2285 1664 in
2318 1610 2604 1680 Hippolyto
2632 1629 2646 1664 :

2247 1702 2441 1763 Anceps
2463 1701 2611 1751 forma
2639 1702 2817 1749 bonum
2850 1697 3146 1763 mortalibus.

2246 1762 2422 1824 Exigni
2448 1764 2627 1811 donum
2654 1764 2806 1811 breve
2833 1762 3081 1824 temporis.

2248 1825 2311 1874 Ut
2338 1823 2476 1875 velox
2499 1824 2655 1876 celeri
2683 1825 2811 1886 pede
2833 1823 3034 1873 laberis.

303 1953 478 1999 torum
508 1944 560 1996 in
593 1941 773 1996 hostes
803 1938 1013 2005 ferunt,
1045 1951 1341 2008 magnaque
1368 1950 1433 1989 ex
1478 1945 1628 2005 parte
1657 1935 1892 1989 Orientis
1923 1928 1971 1987 B
1999 1908 2201 1963 Βθτδυδ
2231 1909 2408 2008 δέθῐξιξ

304 2036 440 2092 bella
461 2033 766 2089 coniiciunt.
785 2033 1138 2087 Prosternunt
1159 2034 1322 2093 acies,
1342 2038 1890 2098 proteruntarniatos.

303 2125 607 2182 Nascuntur
636 2125 688 2178 in
722 2123 900 2178 Africa
942 2122 1078 2176 ultra
1116 2121 1356 2191 Syrticae
1394 2119 1730 2183 solitudines,
1758 2129 1812 2173 et
1841 2121 1893 2174 in

307 2219 653 2282 Mauritania,
685 2218 809 2272 item
857 2216 911 2271 in
957 2214 1230 2283 Ethiopia
1261 2225 1316 2268 et
1343 2211 1484 2282 apud
1513 2212 1890 2284 Troglodytas,

306 2311 402 2366 sed
433 2309 649 2364 maximi
691 2310 742 2362 in
773 2307 944 2374 India,
971 2320 1108 2375 quos
1137 2305 1250 2360 Afri
1279 2313 1498 2375 pavent,
1527 2318 1625 2358 nec
1649 2303 1892 2357 contueri

305 2402 525 2458 audent.
553 2401 686 2456 Nam
716 2408 772 2455 et
811 2400 983 2469 major
1029 2397 1226 2452 Indicis
1265 2377 1576 2465 magnitudo
1620 2404 1721 2451 est.
1753 2396 1895 2466 Lege

308 2494 538 2551 Plinium
569 2494 707 2548 libro
735 2491 1004 2547 Naturalis
1035 2490 1281 2545 Historize
1311 2505 1426 2544 vin.

379 2584 600 2659 Tauros]
624 2586 834 2642 Taurus
874 2585 972 2639 bos
1015 2583 1082 2638 ad
1128 2581 1517 2653 procreandum
1565 2590 1890 2638 reservatus.

309 2680 584 2753 Accipitur
610 2687 665 2734 et
690 2693 790 2749 pro
816 2689 1136 2747 quocunque
1163 2676 1386 2730 robusto
1413 2673 1567 2728 bove.
1601 2671 1773 2727 Maro:

1230 2763 1365 2829 Ergq
1385 2777 1480 2826 age
1491 2770 1649 2829 terra;

432 2833 627 2896 Pingue
649 2829 804 2880 solum
826 2830 996 2892 primis
1011 2825 1271 2896 extemplo
1295 2840 1321 2874 a
1346 2825 1598 2874 mensibus
1623 2826 1734 2872 anni
1750 2863 1762 2885 ,

433 2893 609 2946 Fortes
629 2897 874 2943 invertant
897 2893 1040 2940 lauri.

381 2979 582 3052 Tigres]
626 2977 811 3047 Tigrin
842 2972 1076 3045 Hyrcani
1099 2980 1153 3026 et
1176 2969 1290 3025 Indi
1321 2969 1498 3023 ferunt
1524 2967 1718 3021 animal
1752 2967 1899 3020 velo-

309 3076 488 3132 citatis
522 3069 813 3127 tremenda:
855 3078 910 3123 et
940 3065 1172 3121 maxime
1215 3063 1465 3132 cognitae,
1495 3062 1620 3114 dum
1666 3059 1896 3127 capitur.

311 3168 500 3228 Totus,
528 3165 645 3235 ejus
690 3163 854 3230 fetus,
903 3161 993 3230 qui
1050 3170 1263 3226 semper
1322 3167 1638 3209 numerosus
1687 3161 1800 3215 εει,
1832 3152 1898 3204 ab

312 3260 598 3316 insidiante
642 3254 846 3325 rapitur
886 3265 1026 3321 equo
1055 3263 1217 3320 quam
1247 3246 1480 3301 maxime
1508 3244 1708 3313 pernici
1739 3252 1897 3311 atque

2248 1999 2308 2046 [Et
2334 1998 2491 2059 fulgor
2511 2001 2698 2048 teneris
2718 1998 2802 2059 qui
2817 1997 2980 2059 radiat
3001 1995 3160 2059 genis,

2249 2056 2494 2109 Momi-nto
2515 2063 2722 2120 rapitur,
2736 2056 2977 2120 nullaque
2995 2056 3222 2120 inondics

2247 2122 2459 2171 Formosi
2485 2117 2695 2182 spolium
2716 2117 2931 2181 corporis
2965 2117 3180 2182 abstulit.

2244 2183 2342 2231 Res
2361 2191 2437 2232 est
2457 2176 2603 2232 forma
2631 2184 2776 2242 fugax
2803 2176 2949 2243 Equis
2971 2180 3166 2241 sapiens
3187 2176 3314 2225 bono

2243 2243 2463 2293 (Ioulidat
2484 2243 2680 2304 fragili?

1996 2329 2172 2394 Idem,
2204 2329 2286 2384 vel
2312 2337 2392 2397 ,ιιι
2434 2327 2752 2397 quibusdam
2808 2324 3056 2390 videtur,
3094 2322 3227 2384 alius
3276 2319 3481 2378 Seneca
3528 2316 3585 2374 in

1996 2419 2213 2474 Octavia
2240 2436 2254 2474 :

2367 2499 2480 2559 Sola
2504 2514 2749 2570 perpetuo
2772 2514 2975 2556 manent

2243 2569 2474 2632 gubjecta
2502 2567 2621 2619 nulli
2647 2573 2832 2632 mentis
2852 2576 3000 2629 atque
3024 2571 3170 2632 animi
3196 2567 3334 2619 bona:

2245 2631 2441 2681 Floreat
2464 2633 2660 2681 decoris
2679 2631 2860 2692 singuli
2884 2637 3090 2692 carpunt
3108 2631 3229 2677 dies.

1998 2714 2261 2769 Salustius
2284 2730 2298 2768 :
2324 2713 2466 2768 Nam
2495 2683 2791 2767 divitiarum
2816 2723 2862 2766 et
2894 2683 3074 2782 forma:
3093 2711 3256 2781 gloria
3275 2683 3428 2780 ﬂuxa.
3442 2717 3589 2775 atque

2000 2807 2202 2875 fragilis
2243 2815 2317 2858 est
2355 2820 2374 2858 :
2410 2807 2570 2858 virtus
2613 2804 2756 2856 clara
2816 2813 3108 2871 internoque
3144 2801 3378 2858 habetur.
3428 2798 3590 2851 Divus

2000 2897 2314 2951 Ambrosius
2361 2897 2415 2950 in
2463 2897 2623 2951 tertio
2671 2895 3042 2950 Hexaemeron
3082 2892 3433 2948 :Surrexerat
3475 2899 3592 2944 ante

2002 2990 2215 3058 ﬂoribus
2253 2989 2476 3042 immista
2510 2987 2693 3042 teneris
2723 2989 2833 3042 sine
2870 2987 3036 3055 spinis
3074 3000 3210 3050 rosa,
3230 2992 3275 3036 et
3307 2981 3592 3053 pulcherri-

2001 3099 2111 3135 mus
2138 3083 2234 3148 [los
2258 3082 2366 3136 sine
2394 3079 2503 3134 ulla
2534 3081 2718 3150 fraude
2745 3080 2988 3134 ucrnabat
3018 3094 3036 3133 :
3059 3087 3233 3147 postea
3259 3076 3408 3143 spina
3436 3075 3592 3143 sepsit

2002 3177 2222 3246 gratiam
2256 3175 2424 3245 ﬂoris,
2453 3183 2696 3244 tanquam
2739 3172 2979 3226 humanae
3017 3169 3278 3242 speculum
3318 3168 3592 3238 proferens

2004 3268 2133 3332 vita,
2165 3281 2280 3336 qua:
2317 3266 2618 3320 suavitatem
2653 3263 3019 3335 perfunctionis
3050 3276 3154 3315 suae
3186 3260 3414 3328 ﬁnitimis
3445 3272 3594 3310 cura-

315 3353 368 3409 in
415 3358 688 3408 recentem
744 3345 974 3400 subinde
1024 3339 1359 3396 transfertur.
1414 3338 1484 3391 At
1533 3335 1621 3390 ubi
1673 3349 1897 3428 vacuum
1925 3315 1971 3378 C
2003 3315 2133 3413 mm'
2152 3315 2369 3412 Jimum
2407 3373 2543 3425 saepe
2578 3315 2904 3428 ου’ξψᾶηθω.
2960 3315 3276 3408 Vanam'w
3314 3351 3449 3406 enim
3487 3350 3593 3403 81⁸-

314 3443 489 3501 cubile
517 3440 720 3509 reperit
744 3438 850 3492 leta
879 3433 1138 3506 (maribus
1167 3431 1308 3485 enim
1334 3443 1462 3484 cura
1494 3442 1598 3481 non
1628 3435 1710 3481 est
1735 3426 1896 3479 sobo-

316 3534 406 3606 lis)
431 3534 599 3589 fertur
638 3541 896 3598 prmeeps,
929 3524 1095 3579 odore
1139 3521 1426 3590 vestigans.
1455 3518 1678 3586 Raptor,
1709 3531 1900 3585 appro-

317 3626 606 3697 pinquante
632 3621 868 3683 fremitu,
891 3616 1072 3685 abjicit
1100 3628 1263 3668 unum
1289 3627 1355 3666 ex
1383 3609 1594 3664 catulis.
1623 3607 1786 3662 Tollit
1811 3607 1899 3661 illa

316 3731 518 3783 morsu,
536 3724 592 3770 et
611 3712 848 3783 pondere
867 3708 1026 3764 etiam
1049 3707 1196 3760 ocior
1220 3714 1336 3758 acta
1359 3711 1582 3768 remeat,
1605 3702 1902 3768 iterumque

315 3807 683 3879 consequitur,
713 3813 768 3860 et
806 3801 1062 3866 subinde,
1092 3798 1261 3852 donec
1311 3797 1364 3850 in
1416 3807 1607 3848 navem
1655 3806 1903 3862 regresso

318 3904 473 3960 irrita
502 3900 686 3955 feritas
725 3895 880 3951 saevit
923 3893 976 3949 in
1024 3892 1224 3946 littore.
1259 3888 1385 3943 litec
1413 3901 1479 3941 ex
1512 3884 1704 3940 Plinio.
1744 3884 1902 3939 Plura

316 4010 383 4053 ex
411 3993 532 4050 aliis
556 3991 627 4046 de
652 3989 838 4045 eadem
872 3985 1145 4040 tradentur
1173 3980 1328 4037 infra.

393 4077 670 4154 Respicite]
701 4078 1066 4136 Considerate.

391 4172 655 4247 Spatium]
689 4169 1124 4242 Amplitudinem.

390 4262 810 4334 Firmitudinem]
842 4263 1194 4316 Firmitatem.

394 4354 735 4426 Celerilatem]
763 4352 1138 4407 Velocitatem.

395 4450 516 4522 His]
540 4450 746 4518 Spatio,
771 4440 1122 4503 firmitudine,
1151 4436 1443 4492 celeritate.

394 4542 506 4599 Sua
529 4533 746 4607 ratione]
775 4532 976 4603 Spiritu
1003 4529 1207 4584 divino.

394 4631 602 4687 Forma:
639 4642 756 4682 vero
795 4620 953 4693 nitor]
980 4619 1226 4675 Ostendit
1263 4617 1505 4686 corporis
1551 4614 1903 4684 pulchritudi-

2001 3455 2177 3525 gantia
2192 3454 2305 3507 vita
2318 3459 2526 3518 nostra,
2546 3451 2909 3522 etquibusdnm
2926 3447 3347 3501 sollicitudinibus
3366 3443 3592 3511 obsepta,

2003 3557 2058 3601 ut
2086 3547 2291 3600 tristitia
2328 3546 2574 3616 adjuncta
2600 3543 2662 3598 sit
2699 3542 2897 3614 gratiis.
2934 3539 3081 3593 Unde
3108 3553 3225 3590 cum
3252 3534 3594 3605 unusquisque

2002 3647 2091 3692 aut
2115 3637 2364 3691 suavitate
2397 3634 2634 3699 rationis,
2664 3642 2752 3686 aut
2778 3630 3114 3702 prosperioris
3143 3643 3323 3680 cursus
3352 3624 3595 3678 successi-

2005 3730 2095 3783 bus
2138 3729 2448 3799 gratulatur,
2495 3725 2785 3780 meminisse
2827 3723 2993 3792 culpaz
3043 3737 3158 3775 eum
3203 3717 3464 3784 convenit,
3507 3731 3595 3781 per

2003 3836 2156 3891 quam
2194 3818 2340 3873 nobis
2383 3819 2438 3872 in
2483 3817 2727 3888 paradisi
2753 3815 3044 3870 amoenitate
3089 3809 3407 3882 ﬂorentibus,
3432 3807 3595 3874 spinae

2006 3915 2207 3979 mentis,
2240 3911 2505 3982 animique
2551 3921 2715 3965 sentes
2753 3912 2870 3974 iure
2907 3903 3342 3962 condemnationis
3386 3900 3595 3971 ascripti

2002 4018 2142 4062 sunt.
2190 4002 2427 4057 Irrutiles
2465 4004 2642 4072 igitur,
2674 4017 2705 4054 o
2734 4000 2916 4063 homo,
2950 3999 3062 4050 licet
3090 4004 3177 4047 aut
3200 3991 3471 4061 splendore
3499 4005 3597 4042 no-

2008 4100 2250 4166 bilitatis,
2279 4106 2368 4151 aut
2410 4095 2618 4166 fastigio
2666 4090 2960 4163 potestatis,
2997 4096 3082 4140 aut
3128 4084 3329 4156 fulgore
3376 4082 3596 4147 virtutis,

2007 4207 2204 4262 semper
2230 4189 2480 4262 inferiora
2527 4196 2612 4239 tua
2643 4184 2858 4254 respice,
2888 4197 3084 4249 semper
3108 4179 3282 4250 spinas
3320 4176 3595 4247 germinas,

2008 4298 2102 4336 nec
2131 4281 2338 4349 prolixa
2376 4279 2546 4350 gratia
2584 4285 2797 4344 manet.
2821 4273 2967 4327 Brevi
3005 4271 3347 4339 unusquisque
3387 4269 3599 4320 decurso

2007 4373 2175 4426 etatis
2201 4373 2330 4440 flore
2358 4368 2644 4423 marcescit.
2668 4365 2985 4420 Aristoteles
3008 4364 3267 4432 Stagerita
3291 4357 3598 4415 Nicomachi

2008 4462 2204 4517 medici
2229 4461 2394 4525 filius,
2423 4445 2666 4513 Platonis
2713 4456 2946 4518 auditor,
2973 4462 3270 4521 praeceptor
3309 4449 3599 4504 Alexandri

2011 4555 2216 4627 Magni,
2245 4553 2471 4623 plurima
2514 4548 2727 4617 scripsit
2779 4561 2886 4600 non
2926 4545 3100 4597 solum
3144 4554 3390 4606 nervose,
3421 4538 3515 4593 sed
3545 4547 3598 4594 et

2013 4646 2287 4713 eleganter
2312 4651 2499 4697 contra
2540 4637 2895 4709 quorumdam
2923 4634 3082 4704 vulgo
3115 4631 3331 4687 sordide
3362 4629 3598 4700 philoso-

323 4741 443 4782 nem
489 4737 620 4779 sane
661 4733 821 4789 quam
874 4715 1070 4770 ﬂuxam
1123 4725 1262 4775 esse:
1292 4719 1347 4765 ει
1394 4709 1675 4763 celerrime
1730 4714 1908 4759 """a‘
1936 4693 1988 4754 θ
2014 4693 2291 4806 gilii}.
2319 4693 2652 4801 opinionem.

324 4819 508 4873 bilem.

399 4905 488 4980 Ut]
526 4906 820 4974 Quantum.

396 4977 653 5070 Rapidus]
682 4995 799 5050 Cito
842 4990 1175 5062 praeteriens.
1227 4984 1562 5041 Domitianus
1597 4977 1737 5050 apud
1766 4979 1905 5034 Sue-

323 5093 523 5146 tonium
550 5106 564 5142 :
592 5089 743 5143 Scias
765 5099 864 5139 nec
889 5083 1088 5153 gratius
1107 5079 1395 5150 quidquam
1417 5074 1634 5140 decore,
1662 5086 1759 5127 nec
1786 5071 1910 5127 bre-

326 5184 462 5237 vius.
493 5179 716 5236 Ovidius
747 5179 840 5230 lib.
875 5181 940 5229 de
973 5177 1101 5229 Arte
1137 5171 1349 5227 amandi
1383 5184 1440 5223 ll.

512 5271 699 5332 Ingenii
722 5269 864 5318 dotes
887 5269 1103 5332 corporis
1123 5263 1244 5312 adde
1267 5263 1422 5332 bonis.

451 5317 626 5383 scrinii
659 5317 841 5381 bonum
884 5317 1059 5391 fragile
1096 5334 1198 5386 est,
1244 5330 1581 5386 quantumque
1620 5319 1811 5441 ῗξὲῐῗὲὲι
1852 5317 1910 5367 ad

1801 5417 1816 5441 ν

1639 5393 1790 5431 annos
1801 5417 1816 5442 ,

513 5458 591 5508 Fit
609 5460 785 5515 minor,
813 5462 865 5503 et
883 5455 1041 5516 spatio
1062 5451 1274 5512 carpitur
1298 5447 1508 5516 ηιξ-ευρ,

448 5517 554 5570 Nec
576 5509 783 5580 semper
801 5509 940 5565 violae
955 5550 969 5571 ,
992 5527 1086 5562 nec
1108 5509 1307 5580 semper
1327 5509 1420 5557 lilia
1443 5510 1642 5557 ﬂorent.

511 5582 571 5632 Et
587 5575 721 5643 riget
742 5579 916 5643 amissa
939 5575 1270 5643 spinarelicta
1286 5585 1412 5628 rosa.

448 5641 510 5696 Et
536 5633 746 5703 tibi'jam
771 5633 978 5688 venient
994 5639 1099 5684 cani
1122 5636 1333 5703 formose
1357 5633 1539 5695 capilli,

513 5704 619 5755 1am
644 5697 850 5753 venient
874 5713 1010 5762 ruga!
1027 5734 1042 5758 ,
1066 5709 1175 5762 qua;
1200 5697 1285 5745 tibi
1308 5707 1483 5757 corpus
1507 5701 1666 5762 arent.

450 5765 559 5817 Jam
583 5766 758 5814 molire
783 5755 1118 5820 aniniuvm,'qui
1143 5758 1308 5814 duret,
1333 5755 1576 5820 et'astrue
1597 5755 1817 5804 formam.

513 5829 659 5878 Solus
681 5826 740 5875 ad
765 5832 1016 5873 extremos
1040 5817 1400 5883 permanetille
1422 5830 1589 5877 rogos.

451 5887 562 5943 Nec
581 5889 706 5938 levis
727 5888 967 5948 ingenuas
991 5880 1394 5948 pectus-coluisse
1421 5891 1511 5938 per
1534 5883 1666 5933 artes

514 5939 642 6007 Cura
663 5953 752 6013 sit,
770 5939 831 6000 “Et
851 5939 1039 6013 linguas
1061 5942 1324 5994 edidicisse
1345 5939 1479 5991 duas.

2088 4825 2304 4896 Lynceis
2353 4820 2549 4892 oculis]
2610 4819 2949 4876 Acutissimis
2997 4827 3051 4873 et
3104 4816 3598 4887 perspicacissimis.

2013 4917 2150 4973 Sunt
2180 4916 2269 4986 qui
2301 4913 2591 4984 opinantur
2612 4912 2800 4968 oculos
2827 4912 3043 4980 lynceos
3071 4908 3324 4979 appellari
3357 4908 3600 4963 acutissi-

2014 5025 2132 5065 mos
2161 5024 2188 5062 a
2223 5007 2468 5080 lyncibus
2489 5051 2504 5074 ,
2531 5022 2651 5076 quae
2683 5005 2779 5077 (ut
2817 5005 3020 5059 Plinius
3058 5014 3279 5059 testatur
3313 5003 3406 5059 lib.
3440 5001 3600 5057 Natu-

2019 5103 2147 5158 ralis
2202 5101 2451 5156 Historiae
2501 5113 2672 5163 xxxii,
2721 5112 2839 5167 cap.
2895 5095 2959 5167 8)
3006 5096 3303 5151 clarissime
3359 5095 3598 5151 omnium

2016 5193 2422 5266 quadrupedum
2468 5199 2717 5247 cernunt.
2751 5190 2888 5245 Aliis
2915 5189 3164 5244 videntur
3206 5190 3381 5258 potius
3411 5189 3537 5241 dicti
3569 5202 3596 5239 a

2021 5286 2233 5357 Lynceo
2265 5298 2369 5338 uno
2397 5298 2461 5337 ex
2492 5282 2836 5352 Argonautis,
2860 5281 3165 5335 acutissima
3188 5279 3458 5334 oculorum
3490 5278 3603 5330 acie

2022 5377 2265 5449 prtedito,
2297 5375 2386 5445 qui
2417 5374 2510 5445 (ut
2534 5384 2614 5430 est
2642 5375 2692 5428 in
2725 5373 2917 5428 fabulis
2947 5381 3003 5426 et
3033 5371 3192 5426 tradit
3220 5371 3600 5440 Hieronymus)

2019 5473 2297 5528 dicebatur
2343 5466 2528 5524 videre
2579 5479 2726 5522 trans
2773 5463 3182 5536 parietem:qui
3232 5462 3311 5532 (ut
3363 5460 3600 5515 historici

2020 5565 2229 5636 ferunt)
2258 5562 2536 5633 conSpexit
2565 5559 2910 5615 novissimam
2940 5557 3117 5612 lunam
3148 5555 3480 5625 primamque
3509 5565 3602 5606 eo-

2017 5661 2137 5716 dem
2185 5658 2273 5714 die
2321 5658 2376 5712 in
2425 5657 2577 5726 signo
2614 5653 2795 5708 Ariete
2832 5669 2845 5706 :
2886 5651 3025 5722 quod
3077 5648 3259 5720 paucis
3299 5646 3602 5702 mortalium

2016 5751 2237 5822 contigit
2280 5749 2525 5805 vidisse:
2561 5755 2616 5804 et
2663 5745 2787 5801 inde
2837 5743 3014 5800 fabula
3054 5751 3169 5796 orta
3214 5750 3297 5798 est
3344 5732 3600 5799 cernendi

2017 5844 2260 5920 Lynceo,
2289 5850 2346 5899 ut
2375 5840 2530 5899 docet
2556 5837 2781 5896 Plinius.
2816 5836 2893 5894 De
2926 5835 3028 5895 hoc
3054 5836 3129 5896 ait
3167 5836 3418 5899 Flaccus;

2264 5932 2410 5990 Solus
2435 5932 2664 5986 trsmibit
2685 5927 2852 5985 nubila
2872 5927 3096 5995 Lynceus
3120 5944 3133 5982 :
