4216 6256
618 391 764 455 1ωὲ)

1266 397 1608 456 APPENDIX
1649 402 1740 457 AD
1781 402 2021 460 LIBROS
2061 406 2149 460 DE
2186 403 2705 461 CONSOLA'I'IONE
2748 401 3241 461 PHILOSOPHUS.

3756 401 3898 453 1024

690 513 761 571 In
792 514 1005 585 Timaeo]
1059 516 1112 569 In
1164 514 1504 570 nobilissimo
1552 518 1642 571 illo
1686 517 1916 588 dialogo.
1970 518 2205 573 Timaeus
2232 522 2280 580 Α
2310 519 2379 571 ita
2406 520 2694 572 universum
2727 520 2821 572 hoc
2850 534 2944 589 pro
2968 517 3155 571 viribus
3187 519 3290 571 tale
3319 518 3483 587 facem
3509 516 3711 571 statuit.
3741 514 3898 575 Illius

622 606 905 664 Locrensis
955 606 1303 674 philosophus
1362 602 1776 675 Pythagoricus,
1822 608 2104 663 nobilitate
2151 618 2204 663 et

622 698 813 769 opibus
835 694 1329 764 praistantissimus,
1347 698 1571 751 summis
1598 700 1996 768 magistratibus
2023 709 2080 754 et
2108 699 2205 754 ho-

623 790 843 845 norihus
870 788 1079 842 functus
1106 797 1209 853 est,
1233 798 1289 844 et
1313 789 1380 842 ad
1412 805 1619 844 summa
1649 790 1817 846 totius
1848 792 2203 861 philosophias

622 879 826 947 fastigia
858 879 1087 934 feliciter
1128 881 1389 935 ascendit.
1421 881 1588 951 Hujus
1635 884 1851 939 nomine
1894 883 2044 937 Plato
2087 883 2201 951 pul-

620 971 944 1027 cherrimum
990 970 1182 1025 librum
1210 985 1364 1025 suum
1406 972 1707 1043 inscripsit,
1736 974 1788 1027 in
1819 988 1925 1043 quo
1954 973 2204 1027 Socrates

621 1061 877 1117 Timaeum
907 1061 985 1115 sic
1014 1062 1303 1131 alloquitur
1328 1080 1343 1117 :
1368 1062 1481 1116 Tua
1510 1080 1629 1134 ergo
1664 1065 1903 1128 interest,
1936 1080 1965 1117 ο
1992 1064 2202 1129 Τὶηιωε,

619 1152 858 1206 invocatis
881 1152 1158 1207 secundum
1181 1151 1341 1223 legem
1370 1152 1491 1216 diis.
1513 1154 1909 1224 disputationem
1924 1156 2036 1224 jam
2056 1170 2206 1209 exor-

619 1243 739 1297 diri.
771 1241 865 1298 Cui
902 1243 1136 1298 Timmus
1178 1244 1321 1298 hunc
1347 1245 1400 1299 in
1430 1246 1645 1301 modum
1678 1248 1966 1316 respondet
1996 1264 2009 1301 :
2037 1246 2208 1302 Probe

618 1338 840 1393 consulis
870 1338 1133 1393 Socrates.
1164 1337 1307 1392 Nam
1333 1356 1445 1393 cum
1471 1358 1647 1395 omnes
1675 1342 1767 1411 qui
1792 1342 1973 1395 mentis
2003 1356 2206 1411 quoquo

618 1433 772 1484 modo
817 1442 1073 1500 compotes
1119 1441 1260 1495 sunt.
1291 1432 1344 1485 in
1383 1433 1545 1503 aperis
1590 1434 1861 1504 cujuslibet
1889 1434 1966 1486 vel
1996 1433 2205 1502 magni,

618 1520 699 1575 vel
723 1522 865 1593 parvi
888 1521 1143 1593 principio
1170 1524 1404 1577 invocare
1432 1522 1599 1578 Deum
1639 1524 1865 1589 soleant,
1896 1533 2090 1594 quanto
2116 1539 2208 1577 nos

618 1616 811 1685 aquius
836 1622 913 1669 est
938 1615 1003 1669 de
1030 1616 1281 1682 universo,
1302 1616 1405 1669 sive
1435 1616 1659 1686 genitum
1684 1616 1769 1679 sit,
1799 1616 1903 1669 sive
1926 1615 2209 1687 ingenitum

620 1707 966 1778 disputaturos
1009 1707 1133 1779 (nisi
1173 1710 1305 1778 forte
1353 1707 1663 1779 desipimus)
1713 1709 1943 1762 invocare
1987 1708 2209 1781 divinam

620 1799 805 1869 opem?
848 1798 1010 1853 Divus
1064 1800 1391 1869 Augustinus
1438 1799 1578 1855 libro
1632 1800 2074 1856 Academicorum
2123 1815 2209 1855 ses

2306 610 2508 679 quidem
2539 610 2776 662 animalis
2808 620 2998 664 atterna
3036 620 3221 663 natura
3263 618 3357 671 est,
3386 607 3523 679 quod
3560 609 3729 679 genito
3756 610 3897 678 operi

2309 716 2585 772 congruere
2615 701 2823 754 omnino
2864 716 2966 755 non
3018 709 3199 770 potest.
3234 697 3440 752 Idcirco
3488 700 3765 768 imaginem
3806 700 3897 753 cci

2307 794 2543 848 mobilem
2580 793 2811 863 eﬂingcre
2848 792 3087 854 decrevit,
3128 807 3191 844 ac
3232 790 3356 844 dum
3382 790 3576 845 'coslum
3605 802 3893 858 exornant,

2310 885 2427 956 fecit
2455 884 2753 938 teternitatis
2774 884 2829 936 in
2848 884 3043 935 unitate
3071 883 3322 935 manentis
3350 888 3594 933 wternam
3623 880 3894 948 quamdam

2308 977 2361 1029 in
2391 992 2601 1029 numero
2641 976 2882 1044 ﬂuentem
2908 975 3204 1045 imaginem,
3228 989 3379 1042 quam
3408 989 3498 1026 nos
3526 983 3721 1041 tempus
3750 988 3891 1026 voca-

2308 1083 2448 1120 mus.
2470 1065 2594 1120 Dies
2623 1081 2773 1135 porro
2796 1076 2845 1119 et
2874 1075 3046 1119 noctes
3082 1075 3128 1117 et
3163 1078 3357 1117 menses
3380 1074 3429 1117 et
3450 1080 3632 1129 annos,
3662 1065 3751 1131 qui
3780 1074 3895 1118 ante

2310 1157 2490 1215 calum
2536 1174 2639 1212 non
2674 1167 2849 1223 erarat,
2882 1167 3023 1221 tunc,
3056 1166 3290 1209 nascente
3336 1156 3549 1219 mundo,
3578 1155 3720 1208 nasci
3738 1155 3898 1226 jussit

2309 1268 2424 1322 qua:
2467 1251 2637 1304 omnia
2677 1251 2915 1319 temporis
2957 1252 3125 1320 partes
3154 1258 3296 1301 sunt.
3331 1247 3455 1302 Hec
3494 1246 3747 1301 Timaeus.
3776 1246 3894 1301 lam

2311 1342 2435 1412 quid
2464 1342 2534 1396 sit
2564 1352 2772 1409 tempus
2805 1339 3097 1395 videamus.
3139 1339 3371 1392 Auctore
3411 1337 3734 1407 Speusippo,
3765 1346 3898 1390 tem-

2310 1448 2413 1503 pus
2438 1449 2469 1485 a
2502 1433 2723 1488 Platone
2753 1431 2896 1486 hunc
2922 1430 2973 1485 in
3003 1431 3217 1484 modum
3249 1429 3526 1484 definitum
3549 1438 3652 1483 est.
3680 1427 3897 1497 Tempus

2312 1535 2386 1579 est
2413 1525 2538 1579 solis
2582 1536 2767 1591 motus,
2799 1523 3167 1593 progressionis
3211 1537 3467 1575 mensura.
3497 1519 3657 1575 Teste
3688 1520 3894 1574 Plutar-

2312 1615 2417 1671 cbo
2462 1615 2516 1669 in
2562 1614 2658 1668 lib.
2684 1613 2751 1669 de
2799 1612 3012 1667 Placitis
3060 1612 3522 1681 philosophorum,
3568 1610 3898 1681 Pythagoras

2313 1706 2445 1761 dixit
2476 1716 2687 1773 tempus
2714 1705 2981 1774 sphaeram
3012 1703 3235 1758 extremi
3267 1702 3548 1757 ambientis
3566 1716 3721 1766 esse;
3752 1702 3897 1755 Plato

2314 1796 2415 1851 aevi
2442 1795 2673 1865 efﬁgiem
2707 1794 2992 1858 mobilem,
3022 1794 3104 1847 vel
3133 1792 3414 1847 mundana:
3445 1792 3696 1846 motionis
3737 1791 3899 1846 inter.

618 1888 795 1945 eundo
833 1905 848 1943 :
884 1888 1146 1959 Imprimis
1198 1890 1426 1945 divinum
1465 1891 1720 1945 auxilium
1763 1893 1901 1945 omni
1946 1884 2212 1945 devotione
2243 1914 2289 1974 Β
2314 1883 3089 1959 capédinetn;Eratosthenes,
3110 1886 3239 1941 solis
3262 1887 3389 1950 iter;
3419 1885 3588 1954 Plato,
3611 1885 3897 1939 essentiam

614 1991 767 2059 atque
808 1981 990 2048 pietate
1031 1980 1413 2053 implorandum
1460 1988 1556 2036 est.
1604 1981 1757 2037 Plato
1786 1981 1840 2036 in
1868 1982 2097 2050 cpistola
2143 1982 2211 2037 ad

618 2069 804 2126 Dionis
836 2074 1158 2143 pmpinqnos
1181 2084 1235 2129 et
1263 2074 1467 2129 amicos
1504 2092 1519 2128 :
1561 2074 1807 2129 Omnibus
1826 2076 1959 2128 enim
1985 2076 2036 2128 in
2061 2073 2209 2129 rebus

618 2170 669 2216 et
712 2163 937 2217 dicendis
963 2172 1012 2217 et
1038 2164 1350 2235 cogitandis,
1387 2166 1699 2235 principium
1726 2180 1923 2236 semper
1949 2182 1981 2217 a
2005 2166 2104 2219 diis
2132 2173 2206 2219 est

623 2255 937 2325 faciendum.

694 2342 831 2415 Rite]
857 2346 1041 2412 Recte,
1072 2346 1230 2402 bene.

696 2434 962 2491 Modulata
988 2437 1083 2508 est]
1108 2438 1334 2495 Cecinit.

1148 2550 1212 2606 IN
1250 2552 1544 2610 METRUM
1587 2553 1678 2609 IX.

694 2637 886 2692 Merito
916 2654 1053 2694 nunc
1078 2650 1132 2695 et
1162 2641 1381 2698 heroico
1407 2644 1647 2700 carmine
1676 2645 1862 2711 utitur,
1893 2662 2014 2701 cum
2043 2647 2208 2703 Deum

624 2725 838 2781 invocet
883 2730 1119 2783 omnium
1166 2746 1346 2786 rerum
1397 2744 1715 2804 creatorem,
1748 2747 2206 2805 conservatorem,

622 2827 826 2889 patrem
872 2823 1156 2892 optimum,
1190 2826 1506 2893 maximum,
1544 2830 1989 2898 pulcherrimum,
2022 2841 2209 2901 poten-

620 2912 908 2979 tissimum,
944 2929 1007 2969 ac
1036 2916 1117 2986 (ut
1140 2917 1307 2973 semel
1348 2917 1548 2988 dicam)
1590 2922 2027 2985 inenarrabiletn.
2058 2934 2116 2980 et
2142 2925 2211 2982 ab

620 3002 1009 3062 exclamatione
1052 3009 1214 3062 sumit
1244 3009 1483 3073 initium,
1515 3027 1635 3081 quas
1663 3029 1927 3068 summam
1974 3016 2211 3070 admira-

623 3094 782 3149 tionis
814 3096 919 3149 vim
954 3096 1113 3153 habet
1140 3116 1153 3152 :
1177 3115 1279 3170 qua
1306 3102 1523 3170 quidem
1551 3113 1662 3161 tum
1692 3106 1929 3162 solemus
1960 3108 2057 3174 uti,
2086 3124 2207 3164 cum

624 3184 927 3254 significare
955 3189 1195 3247 volemus
1222 3202 1396 3248 tantas
1425 3210 1547 3251 esse
1585 3197 1773 3253 Iaudes
1797 3213 1861 3253 ac
1888 3201 2081 3255 merita
2108 3215 2208 3255 cu-

620 3278 871 3350 iuspiam,
902 3292 961 3337 ut
1007 3299 1071 3338 ea
1108 3300 1207 3354 pro
1250 3286 1508 3357 dignitate
1555 3291 1713 3345 nullis
1741 3292 1920 3347 verbis
1950 3295 2209 3364 consequi

622 3370 914 3427 valeamus.
960 3374 1190 3431 Carmen
1242 3388 1419 3433 autem
1454 3379 1558 3434 hoc
1587 3382 1759 3436 multo
1788 3384 2208 3452 pulcherrimum

620 3462 1146 3534 eruditissimumque
1186 3482 1253 3521 ex
1298 3468 1537 3525 Platonis
1586 3471 1701 3527 fere
1744 3473 1947 3531 Timauo
1979 3476 2210 3532 mirabili

622 3550 837 3621 ingenio
866 3553 1242 3625 depromptum
1270 3568 1372 3613 est.

695 3642 763 3716 0]
789 3644 1097 3715 lntcrjectio
1126 3659 1207 3703 est
1234 3649 1552 3706 admirantis
1575 3654 1915 3722 immensam,
1948 3656 2207 3714 infinitam

621 3746 672 3791 et
704 3736 1300 3807 incomprehensibilem
1333 3742 1425 3797 Dei
1455 3743 1816 3813 maiestatem.

694 3824 951 3894 Perpetua
980 3828 1197 3903 ratione]
1229 3829 1451 3899 Eterna
1481 3822 1863 3904 dispositione,
1885 3840 2208 3909 sempiterna

623 3921 960 3989 providentia

696 4012 872 4085 Sator]
900 4014 1145 4071 Creator.

699 4104 913 4177 Tempus
937 4109 1000 4161 ab
1034 4125 1139 4165 arvo
1168 4112 1242 4165 ire
1264 4113 1434 4187 jubes]
1482 4114 1539 4173 Id
1569 4124 1673 4179 est,
1700 4124 1824 4185 post
1867 4131 2039 4173 aevum
2070 4128 2208 4175 tem-

625 4210 723 4265 pus
750 4198 905 4266 quasi
935 4199 1051 4268 ejus
1082 4201 1368 4273 imaginem
1400 4207 1567 4287 fluere
1616 4209 1869 4276 imperas.
1912 4209 2037 4264 Tria
2066 4211 2208 4266 enim

624 4301 745 4342 cum
784 4290 911 4357 sint,
942 4293 1241 4363 aeternitas,
1272 4312 1446 4353 sevum
1496 4309 1550 4355 et
1596 4310 1828 4371 tempus,
1859 4303 2091 4372 primum
2119 4319 2212 4359 eo-

625 4397 743 4436 rum
783 4382 949 4440 soIius
1000 4386 1093 4441 Dei
1136 4397 1240 4455 est,
1271 4390 1359 4459 qui
1403 4407 1502 4447 nec
1536 4395 1855 4463 principium
1893 4396 2072 4461 habet,
2111 4412 2212 4453 nec

626 4475 931 4551 finem,sed
962 4478 1077 4548 ipse
1106 4481 1429 4551 principium
1458 4494 1514 4537 et
1556 4484 1676 4540 ﬁnis
1705 4495 1787 4540 est
1814 4489 2077 4543 omnium.
2108 4489 2209 4543 Se-

623 4566 863 4621 cundum
882 4570 1083 4637 angelis
1124 4573 1380 4627 tributum
1410 4583 1515 4640 est,
1544 4575 1633 4643 qui
1667 4576 1983 4647 principium
2010 4578 2211 4634 habent

623 4666 677 4712 et
708 4659 810 4714 line
837 4672 1043 4728 carent,
1065 4664 1208 4733 quod
1231 4674 1285 4719 et
1310 4666 1475 4741 rebus
1496 4668 1743 4722 omnibus
1773 4672 2210 4739 permanentibus

625 4749 782 4803 tribui
832 4768 1045 4823 quoque
1087 4754 1295 4811 debere
1355 4758 1626 4814 nonnullis
1677 4760 1898 4830 placuit.
1947 4763 2209 4828 Tertium,

623 4849 748 4907 puta
772 4850 1001 4913 tempus,
1026 4855 1301 4914 postremo
1333 4848 1451 4903 loco
1477 4859 1732 4905 statutum
1758 4861 1863 4917 est.
1886 4869 2069 4909 eorum
2093 4870 2213 4924 quae

624 4938 679 4984 et
707 4936 1042 4999 generationi
1086 4950 1139 4992 et
1179 4941 1504 5009 corruptioni
1554 4952 1679 4997 sunt
1716 4944 1968 5010 obnoxia,
2000 4946 2213 5001 tametsi

625 5019 691 5075 ad
703 5021 806 5077 alia
827 5039 1038 5095 quoque
1061 5028 1428 5085 transferatur.
1452 5031 1689 5088 Joannes
1714 5032 2032 5091 Franciscus
2059 5036 2214 5093 Picus

626 5112 824 5183 hymno
848 5116 1055 5184 primo:

748 5226 1037 5298 gonginquo
1062 5233 1265 5298 primum
1290 5238 1484 5296 tempus
1516 5243 1633 5285 tunc
1656 5236 1799 5298 ﬂuxit
1822 5237 1882 5284 ab
1901 5250 2024 5298 arvo,

748 5291 817 5341 Ex
841 5299 977 5341 motu
1000 5291 1193 5343 ﬂuitans
1215 5291 1460 5357 nunquam
1484 5298 1726 5348 cessantis
1751 5297 1962 5362 Olympi.

630 5400 854 5459 Timaeus
882 5401 1021 5471 apud
1052 5400 1329 5458 Platonem
1357 5421 1369 5455 :
1393 5402 1520 5459 Cum
1547 5406 1707 5479 igitur
1736 5405 1955 5477 (inquit)
1981 5407 2077 5463 hoc
2106 5424 2137 5460 a
2158 5422 2213 5460 se

618 5493 809 5556 factum
859 5492 1223 5560 sempiternum
1290 5494 1499 5548 deorum
1559 5494 1892 5550 simulacrum
1941 5498 2125 5550 moveri
2164 5505 2211 5551 et

613 5574 772 5666 pipere
796 5582 943 5635 pater
969 5584 1059 5643 ille
1079 5587 1176 5666 φηῑ
1220 5588 1423 5658 genuit,
1456 5588 1901 5657 animadverteret,
1935 5591 2212 5645 delectatus

711 5668 881 5751 (ξρετε.
901 5681 949 5724 ει
977 5657 1299 5742 Ιιαοάιαειιω
1321 5677 1525 5744 latitia,
1546 5697 1675 5751 opus
1704 5697 1855 5733 suum
1884 5680 2047 5734 multo
2062 5683 2213 5736 etiam

603 5743 765 5843 3'9"
801 5756 969 5818 im'mo
1018 5770 1127 5827 illi.
1166 5770 1448 5834 exemplari
1489 5743 1653 5823 simile
1704 5771 1914 5825 reddere
1956 5772 2215 5843 cogitavit.

598 5819 781 5897 ιισςιο
822 5819 1443 5914 «mamma
1483 5819 1872 5928 eam;
1889 5819 2213 5928 gustus;

2235 4626 2289 4686 ῐ)

2317 1981 2609 2051 temporis,
2637 1979 2759 2034 cmli
2811 1986 3046 2042 motum;
3078 1977 3378 2031 Stoicorum
3426 1976 3683 2045 plerique,
3711 1975 3900 2029 motio-

2312 2089 2437 2129 uem
2488 2074 2678 2141 ipsam.
2712 2069 3012 2124 Macrobius
3062 2068 3155 2121 lib.
3197 2067 3559 2123 Saturnalinm
3587 2080 3605 2118 ι
3633 2083 3645 2119 :
3675 2064 3897 2135 Tempus

2311 2173 2408 2229 est,
2446 2163 2637 2233 inquit,
2670 2170 2808 2215 certa
2852 2159 3121 2226 dimensio,
3155 2173 3269 2228 qute
3316 2172 3377 2211 ea:
3426 2156 3536 2209 σανιὶ
3580 2156 3902 2211 consersione

2312 2255 2596 2325 colligitur.
2630 2252 2950 2307 Aristoteles
2978 2251 3072 2305 lib.
3112 2249 3358 2321 Physica:
3384 2250 3786 2304 auscultationis
3808 2264 3897 2303 tv:

2312 2347 2530 2417 Tempus
2558 2351 2631 2401 est
2652 2362 2893 2400 numerus
2914 2354 3076 2399 ntotus
3097 2344 3375 2398 secundum
3402 2343 3540 2411 prius
3566 2352 3614 2396 et
3632 2343 3897 2414 posterius.

2312 2442 2445 2507 Quae
2475 2438 2692 2508 quidem
2722 2437 2967 2492 definitio
2998 2436 3141 2490 hunc
3168 2436 3220 2490 in
3253 2435 3468 2489 modum
3499 2433 3638 2487 solet
3668 2431 3899 2503 exponi:

2315 2529 2533 2597 Tempus
2562 2538 2632 2583 est
2662 2545 2903 2583 numerus
2949 2537 3239 2581 numeratus
3286 2526 3443 2597 ipsius
3488 2534 3655 2578 motus
3694 2522 3899 2589 loculis,

2316 2639 2417 2676 non
2449 2625 2827 2693 cujuscunque,
2858 2621 2947 2674 sed
2994 2619 3147 2691 primi
3176 2618 3375 2672 mobilis
3404 2617 3682 2670 secundum
3711 2625 3899 2685 partem

2313 2714 2534 2785 priorem
2555 2712 2890 2767 iuccessionis
2916 2720 2963 2764 et
2993 2710 3339 2778 posteriorem.
3386 2706 3697 2776 Rodolphus
3724 2716 3897 2761 autem

2314 2804 2560 2875 Agricola
2613 2803 2876 2868 Phrisius,
2906 2801 3216 2856 acutissimo
3255 2800 3336 2853 vir
3381 2799 3595 2868 ingenio
3637 2806 3691 2852 et
3724 2797 3899 2852 erudi-

2314 2898 2460 2951 tione
2523 2894 2815 2965 singulari,
2864 2892 3139 2948 volumine
3206 2890 3613 2946 Dialectivorum
3684 2889 3894 2958 primo:

2314 2990 2359 3043 Τ
2360 3006 2557 3056 emptis,
2582 2990 2773 3058 inquit,
2802 2988 3007 3055 deliniri
3042 2987 3171 3041 solet
3210 3003 3317 3040 esse
3358 2999 3599 3039 numerus
3622 2992 3792 3037 motus
3828 2998 3897 3037 se-

2313 3084 2536 3137 cundum
2576 3084 2714 3151 prius
2743 3092 2793 3135 et
2820 3083 3092 3150 posterius.
3138 3078 3251 3135 Nos
3281 3080 3506 3149 apertius
3541 3080 3769 3132 dicemus
3796 3092 3898 3131 esse

2312 3175 2424 3229 εωιὶ
2466 3174 2686 3239 solisque
2725 3174 2966 3245 vertigine
3009 3172 3281 3227 deductum
3326 3171 3567 3242 spatium,
3596 3187 3693 3240 quo
3730 3184 3898 3223 rerum

2238 3271 2286 3336 ο
2316 3266 2545 3320 omnium
2589 3266 2921 3337 agitationem
2961 3264 3456 3331 vicissitudinemqne
3494 3262 3754 3315 metimur.
3778 3259 3898 3315 [Iaso

2316 3357 2580 3426 Agricola.
2616 3356 2779 3409 Divus
2834 3350 3081 3410 Aurelius
3109 3351 3457 3423 Augustinus,
3488 3350 3726 3405 omnium
3757 3365 3899 3404 mor-

2314 3450 2495 3505 talium
2548 3450 2701 3519 longe
2749 3448 3126 3515 doctissimus,
3170 3448 3262 3502 lib.
3316 3444 3725 3501 Confessionum
3770 3460 3805 3498 ιι
3841 3457 3899 3498 se

2313 3541 2563 3611 ignorare
2590 3541 2714 3610 quid
2748 3542 2792 3596 si
2826 3551 3035 3611 tempus
3062 3540 3374 3605 confitetur,
3401 3539 3611 3593 tametsi
3647 3536 3824 3592 videat
3848 3536 3899 3591 id

2310 3632 2596 3701 quamdam
2639 3647 2760 3688 esse
2806 3632 3206 3687 distentionem.
3258 3631 3315 3685 ιιι
3359 3630 3550 3685 eodem
3596 3628 3732 3683 libro
3763 3629 3901 3682 inter

2311 3723 2417 3777 alia
2448 3725 2704 3793 temporis
2735 3723 3064 3778 Platonicam
3095 3721 3600 3791 Aristotelicamqne
3635 3719 3901 3777 deﬁnitio-

2311 3832 2433 3873 nem
2465 3815 2777 3883 improbans
2803 3832 2817 3869 :
2847 3815 3014 3870 Nemo
3064 3832 3209 3887 ergo,
3240 3817 3430 3886 inquit,
3460 3814 3587 3868 mihi
3621 3814 3759 3867 dicat
3793 3828 3895 3867 cc-

2311 3910 2514 3965 lestium
2535 3924 2807 3977 corporum
2831 3919 2998 3962 motus
3022 3925 3129 3963 esse
3150 3918 3397 3977 tempora,
3414 3908 3539 3979 quia
3559 3916 3605 3962 et
3631 3906 3899 3978 cujusdam

2310 4011 2423 4055 voto
2453 4018 2567 4055 cum
2594 4002 2674 4056 sol
2698 4002 2939 4067 stetisset,
2963 4012 3018 4055 ut
3046 4003 3206 4055 victor
3231 4000 3394 4057 Iosue
3424 4002 3657 4059 proelium
3693 4016 3898 4071 perage-

2310 4102 2406 4159 ret,
2435 4094 2512 4146 sol
2540 4091 2725 4157 stabat,
2754 4094 2842 4145 sed
2874 4106 3071 4159 tempus
3096 4094 3221 4148 ibat.

2393 4181 2629 4255 Stabilis]
2654 4184 2916 4238 Marsilius
2948 4184 3164 4240 Ficinus
3188 4185 3279 4240 lib.
3312 4185 3619 4255 Theologiaa
3642 4202 3697 4239 ιιι
3724 4202 3736 4237 :
3764 4184 3897 4238 Deus

2312 4294 2399 4346 per
2451 4293 2504 4330 se
2551 4287 2745 4341 movet,
2806 4278 3010 4347 agitque
3063 4279 3264 4343 omnia,
3314 4279 3423 4348 ipse
3463 4279 3666 4349 quidem
3706 4275 3901 4331 stabilis

2311 4385 2401 4439 per
2427 4369 2689 4439 seipsumﬁ
2714 4368 2952 4439 Baptista
2984 4368 3300 4424 Mantuanus
3328 4370 3381 4423 in
3429 4385 3487 4424 ιιι
3524 4369 3894 4426 Calamitatum

2313 4460 2450 4515 libro
2483 4474 2497 4513 :

2437 4591 2535 4656 Sed
2560 4591 2716 4656 solum
2738 4592 2900 4643 videat
2919 4599 3109 4656 patrem
3124 4632 3140 4656 ,
3168 4602 3220 4645 et
3240 4599 3534 4645 reverenter
3557 4593 3745 4643 adoret.

2438 4654 2529 4711 Qui
2557 4655 2702 4703 sedet
2729 4662 2780 4703 et
2804 4654 3001 4705 stabilis
3022 4654 3136 4705 solo
3148 4666 3310 4705 movet
3336 4661 3496 4706 omnia
3519 4663 3659 4705 nutu.

2321 4757 2481 4812 Divus
2504 4758 2829 4827 Augustinus
2861 4760 2954 4814 lib.
2979 4759 3384 4815 Confessionum
3416 4776 3461 4814 ιε
3496 4760 3568 4813 Tu
3591 4772 3781 4825 autem,
3804 4759 3899 4813 Do-

2317 4850 2477 4914 mine,
2502 4850 2590 4919 qui
2621 4861 2666 4903 et
2687 4867 2885 4920 semper
2915 4851 3058 4915 vivis,
3090 4860 3136 4904 et
3159 4851 3286 4903 nihil
3332 4852 3547 4905 moritur
3588 4851 3641 4903 in
3673 4861 3746 4915 te,
3776 4866 3894 4919 quo-

2317 4942 2459 4995 niam
2484 4942 2770 5012 primordia
2795 4942 3123 5007 surculorum,
3150 4954 3198 4997 et
3226 4954 3342 4997 ante
3363 4960 3508 4997 omne
3548 4946 3684 5012 quod
3707 4942 3783 4995 vel
3809 4960 3898 4996 nn-

2319 5039 2366 5083 te
2396 5032 2498 5084 dici
2528 5042 2711 5102 potest,
2735 5030 2816 5086 Tu
2840 5050 2911 5099 es,
2949 5045 2995 5086 et
3026 5030 3165 5087 Deus
3195 5051 3245 5087 es
3275 5035 3616 5105 Dominusque
3677 5036 3898 5086 omnium

2317 5138 2433 5192 qua:
2473 5124 2680 5187 creasti,
2710 5132 2759 5177 et
2780 5124 2924 5194 apud
2955 5132 3003 5178 te
3020 5139 3191 5176 rerum
3217 5126 3443 5210 omnium
3473 5125 3789 5177 mutabilium
3809 5124 3901 5176 im-

2320 5214 2591 5268 mutabiles
2616 5224 2821 5269 manent
2847 5216 3070 5284 origines
3088 5258 3102 5281 ,
3148 5224 3195 5269 et
3225 5216 3452 5268 omnium
3479 5215 3898 5268 irrationabilium

2316 5312 2367 5358 et
2391 5306 2747 5374 temporalium
2772 5306 3089 5375 sempiterna:
3104 5307 3271 5359 vivunt
3297 5307 3541 5360 rationes.
3571 5304 3902 5373 Psaltnogra-

2321 5396 2458 5466 phus
2491 5414 2502 5448 :
2531 5396 2753 5451 Mutabis
2800 5413 2883 5463 ea,
2936 5406 2983 5450 et
3031 5397 3360 5451 mutabuntur
3409 5415 3429 5451 :
3478 5408 3531 5450 tu
3570 5404 3741 5449 autem
3770 5395 3901 5447 idem

2320 5492 2427 5562 ipse
2455 5507 2527 5545 es.
2582 5489 2744 5546 Divus
2791 5492 3025 5546 Jacobus
3076 5494 3351 5562 apostolus
3381 5510 3395 5545 :
3425 5493 3575 5564 Apud
3618 5507 3767 5562 quem
3805 5508 3903 5544 non

2315 5589 2388 5635 est
2410 5582 2786 5646 transmutatio,
2814 5598 2903 5635 nec
2922 5583 3284 5637 vicissitudinis
3324 5582 3662 5636 obumbratio.
3700 5582 3761 5637 Et
3792 5582 3904 5648 ipse
3943 5584 3956 5651 ζ

2319 5676 2457 5746 apud
2486 5675 2800 5730 Malachiam
2846 5677 3157 5746 prophetam
3187 5690 3202 5730 :
3232 5673 3344 5746 Ego
3380 5673 3634 5730 Dominus
3653 5716 3669 5742 ,
3699 5674 3899 5745 inquit,

2319 5778 2366 5822 et
2397 5785 2496 5823 non
2522 5780 2709 5823 mutor.

2392 5860 2637 5923 Externa!
2654 5859 2843 5937 causa]
2875 5861 2931 5918 ld
2965 5869 3069 5934 est,
3100 5874 3277 5919 causa
3302 5868 3453 5917 extra
3473 5858 3711 5918 divinam
3752 5872 3878 5919 toea
