4216 6256
302 286 444 348 1025

1470 277 1849 338 Μυῐιδιειιιιι
1885 274 2410 333 ΟΟΜΜΕΝΤΑΗΙΑ.

3445 271 3593 337 10”

303 411 413 459 tem
438 406 580 464 sttae,
629 411 751 454 cum
782 395 943 453 nullae
980 394 1189 465 (orent,
1221 404 1322 450 nec
1348 392 1489 449 Deus
1531 398 1601 448 ab
1645 393 1754 447 ullo
1778 393 1885 447 alio
1911 392 1967 452 Α
1989 406 2090 445 vnn
2116 400 2263 447 extra
2288 395 2613 464 relinqueret.
2658 391 2827 463 quue
2854 408 2918 449 sa
2954 393 3156 447 ratione
3180 391 3336 462 fecit:
3364 393 3589 463 primum
3616 430 3622 437 ι

303 494 507 551 moveri
551 491 743 561 possit.
795 488 1113 545 Aristoteles
1163 497 1392 557 quatuor
1445 487 1624 559 posuit
1669 500 1885 549 causas,

304 584 503 656 quibus
532 580 711 639 omnia
744 582 877 636 llunt
904 597 919 635 :
953 580 1200 650 primam,
1230 594 1348 650 quae
1395 578 1647 634 movendi
1695 578 1895 647 princi-

303 676 451 746 pium
482 683 595 741 est;
624 674 947 739 secundam,
979 687 1041 727 ex
1072 686 1181 742 qus
1211 671 1269 725 ﬁt
1291 672 1515 742 aliquid,
1549 686 1709 741 quam
1728 680 1895 726 mate-

303 769 439 823 riam
465 778 649 833 vocat;
674 767 908 829 tertiam,
932 765 1191 819 rationem
1215 778 1278 820 ac
1294 765 1552 834 speciem,
1576 780 1679 833 qua
1705 778 1896 818 unum-

302 859 556 931 quodque
602 858 894 923 formatur;
934 866 1209 927 quartam,
1247 857 1440 925 linem,
1476 867 1697 928 propter
1732 872 1894 925 quem

304 949 723 1021 unumquodque
774 947 1021 1004 efﬁcitur.
1067 947 1161 1004 llis
1200 949 1439 1018 quintam
1484 947 1639 1003 Plato
1687 947 1893 1018 adjicit,

305 1045 602 1111 exemplar,
642 1056 800 1111 quam
829 1039 989 1096 εἰδέαν
1018 1049 1201 1105 vocat,
1256 1041 1358 1096 hoc
1407 1049 1492 1096 est
1535 1042 1678 1096 enim
1728 1041 1778 1095 id
1828 1040 1895 1095 ad

306 1136 449 1208 quod
496 1132 789 1203 respiciens
844 1132 1059 1209 opifex,
1104 1131 1157 1185 id
1201 1132 1344 1201 quod
1394 1132 1661 1197 destinat,
1708 1132 1893 1186 efﬁcit.

304 1227 449 1281 Deus
472 1233 649 1279 autem
682 1222 821 1277 intra
850 1236 910 1276 se
947 1236 1130 1277 rerum
1159 1222 1397 1277 omnium
1436 1221 1762 1291 exemplaria
1795 1221 1894 1274 ha-

302 1320 413 1377 bet.
457 1319 555 1373 Hic
580 1325 759 1372 autem
806 1315 1066 1370 mundum
1115 1330 1181 1369 ex
1222 1315 1392 1370 nihilo
1440 1314 1676 1379 creavit,
1735 1314 1897 1369 nullis

303 1411 542 1470 externis
561 1409 739 1464 causis
761 1407 1025 1463 excitatus
1042 1448 1055 1471 ,
1078 1406 1173 1461 sed
1204 1406 1273 1461 ad
1300 1407 1568 1461 internum
1593 1404 1891 1475 exemplar,

304 1514 363 1562 et
411 1511 628 1575 propter
665 1515 936 1557 summam
979 1500 1301 1556 bonitatem.
1350 1500 1417 1556 Et
1468 1500 1571 1555 hoc
1621 1508 1704 1554 est
1751 1497 1896 1568 quod

304 1596 507 1654 subdit.

383 1685 596 1760 Verum]
634 1686 764 1743 Sed.

374 1775 591 1851 Forma]
622 1777 766 1843 Idea,
794 1776 1090 1845 exemplar.

376 1870 580 1927 Summi
603 1870 721 1923 boni
750 1867 927 1941 insita]
957 1868 1208 1936 luterna,
1241 1868 1385 1922 intus
1412 1868 1534 1922 sita.

374 1961 560 2018 Livore
598 1959 797 2033 carens]
836 1961 1045 2031 Expers
1094 1960 1327 2015 invidiae.
1365 1960 1521 2015 Philo
1563 1960 1783 2017 Iudaeus
1829 1976 1897 2017 ex

304 2056 573 2112 sententia
603 2055 765 2110 Mosa:
786 2054 855 2110 de
882 2052 1062 2107 mundi
1087 2053 1364 2108 creatione
1386 2052 1650 2117 scribens,
1676 2054 1753 2107 ait
1780 2053 1898 2122 opi-

306 2149 461 2204 ﬁcem
489 2163 671 2203 rerum
709 2148 948 2203 omnium
988 2146 1156 2202 Deum
1212 2146 1416 2201 bonum
1471 2160 1623 2211 esse,
1674 2162 1773 2202 nec
1804 2146 1896 2200 ulli

306 2257 495 2298 eorum
526 2255 647 2311 quae
675 2250 798 2293 sunt
844 2238 1107 2305 invidere,
1152 2249 1433 2308 propterea
1469 2239 1723 2294 mundum
1768 2256 1893 2295 con-

305 2333 530 2390 didisse.
557 2332 791 2387 Timaeus
824 2346 956 2389 vero
1005 2332 1310 2387 Platonicus
1340 2350 1352 2385 :
1387 2332 1654 2397 Dicamus,
1702 2332 1896 2403 inquit,

303 2442 461 2496 quam
487 2426 549 2480 ob
580 2442 790 2480 causam
819 2426 907 2480 ille
931 2442 1102 2479 rerum
1131 2435 1315 2479 auctor
1335 2424 1716 2498 generationem
1735 2440 1784 2479 et
1803 2425 1898 2479 hoc

302 2518 595 2572 universum
638 2518 919 2573 constituit.
951 2517 1126 2571 Bonus
1155 2527 1287 2571 erat.
1323 2516 1498 2570 Bonus
1541 2528 1713 2571 autem
1751 2517 1898 2571 nulla

303 2626 528 2677 unquam
572 2609 749 2677 aliqua
778 2610 841 2664 de
871 2626 927 2663 re
956 2610 1152 2663 invidia
1194 2610 1442 2679 tangitur.
1471 2607 1613 2679 Ergo
1636 2624 1753 2663 cum
1772 2609 1900 2663 livor

302 2700 367 2755 ab
392 2717 451 2755 eo
481 2701 827 2755 alienissimus
854 2710 1002 2766 esset,
1039 2702 1210 2754 omnia
1240 2700 1333 2754 sibi
1363 2700 1633 2771 (quantum
1660 2699 1776 2769 ﬁeri
1805 2717 1899 2772 po-

305 2794 492 2863 terant)
519 2793 783 2847 simillima
813 2792 923 2861 ﬁeri
969 2792 1149 2846 voluit.
1185 2792 1251 2845 Et
1280 2799 1402 2861 post
1432 2805 1600 2859 pauca
1634 2808 1648 2843 :
1681 2790 1901 2845 Totum-

302 2899 399 2953 que
426 2884 503 2937 ita
544 2884 795 2937 mundum
840 2882 1123 2949 constituit,
1166 2891 1221 2936 ut
1262 2883 1664 2953 pulcherrimum
1711 2894 1900 2937 natura

304 2993 455 3047 opus,
488 2977 835 3047 optimumque
863 2981 1017 3048 foret.

377 3069 556 3143 Ducis]
580 3071 854 3126 Produc-is.

1995 484 2231 554 quidem,
2253 494 2310 539 ut
2339 495 2497 539 totum
2524 487 2620 541 hoc
2649 488 2849 541 animal
2875 502 3027 556 quam
3064 486 3285 540 maxime
3311 484 3592 557 perfectum

1997 591 2060 629 ea:
2079 577 2320 647 perfectis
2353 578 2586 647 partibus
2612 586 2739 657 esset
2770 594 2790 633 :
2818 578 3000 632 deinde
3030 586 3085 631 ut
3112 589 3238 633 esset
3268 562 3450 645 unum,
3472 592 3589 632 cum

1997 670 2128 726 nihil
2149 682 2295 726 extra
2322 673 2561 727 relictum
2612 672 2793 746 fuerit,
2820 690 2884 728 ea:
2908 690 3009 743 quo
3033 674 3247 727 alterum
3285 681 3595 745 generetur;

1998 772 2272 831 postremo,
2316 781 2379 819 ne
2427 765 2543 834 quis
2577 765 2750 834 ipsum
2799 765 3026 830 morbus,
3054 773 3145 819 aut
3174 773 3404 820 senectus
3437 765 3595 820 attin-
3625 816 3630 830 ,

1997 864 2157 925 geret.

2070 944 2152 999 Tu
2179 945 2404 999 numeris
2424 944 2672 1002 elementa
2691 946 2844 1021 ligas]
2874 947 3107 1003 Timaeus
3123 946 3263 1002 idem
3294 964 3309 1003 :
3335 947 3591 1014 Quoniam

1997 1049 2115 1089 vero
2156 1052 2448 1107 corporeus,
2498 1024 2887 1109 spectabilisque
2940 1048 2987 1092 et
3038 1039 3321 1093 tractabilis
3369 1040 3593 1094 mundus

1998 1136 2104 1182 erat
2151 1129 2380 1200 futurus,
2409 1146 2468 1181 ac
2494 1130 2614 1183 sine
2640 1131 2750 1203 igni
2772 1131 2943 1185 videri
2987 1129 3120 1184 nihil
3148 1140 3331 1201 potest,
3367 1130 3594 1200 nihilque

1996 1220 2108 1274 sine
2131 1221 2300 1275 solido
2328 1222 2491 1293 tangi,
2532 1230 2579 1276 et
2605 1220 2830 1276 solidum
2856 1222 3045 1291 absque
3072 1230 3210 1276 terra
3234 1222 3387 1286 nihil,
3404 1223 3519 1278 ideo
3538 1223 3593 1277 in

2000 1315 2167 1383 aperis
2223 1315 2377 1386 hujus
2425 1315 2638 1369 exordio
2686 1313 2825 1368 Deus
2875 1315 3044 1385 ignem
3094 1316 3259 1385 primo
3307 1302 3629 1399 terramque’

1997 1410 2206 1465 creavit.
2232 1410 2339 1464 Sed
2364 1410 2469 1465 duo
2493 1410 2606 1465 sola
2645 1410 2836 1479 absque
2883 1412 3029 1466 tertio
3070 1412 3290 1480 quodam
3331 1412 3592 1467 commode

2000 1498 2258 1554 cohaerere
2300 1517 2404 1555 non
2450 1513 2685 1572 possunt,
2737 1502 3058 1575 mediumque
3095 1502 3303 1573 aliquod
3331 1503 3591 1557 vinculum

1999 1600 2326 1662 utrorumque
2367 1594 2679 1649 desiderant.
2715 1594 2995 1649 Vinculum
3022 1612 3139 1650 vero
3177 1596 3233 1649 id
3269 1604 3345 1649 est
3377 1596 3591 1665 aptissi-

1998 1712 2142 1751 mum
2173 1703 2345 1767 atque'
2376 1694 2776 1771 pulcherrimum
2806 1714 2871 1753 ea:
2908 1714 2965 1753 se
2991 1707 3040 1752 et
3080 1699 3144 1753 iis
3184 1713 3296 1769 qua:
3334 1698 3594 1770 astringit,

1925 1768 1979 1831 Β
2007 1804 2168 1859 quem
2195 1788 2415 1842 maxime
2440 1805 2606 1843 unum
2626 1788 2793 1859 efﬁcit.
2826 1788 2942 1843 Hoc
2968 1790 3187 1844 maxime
3214 1791 3475 1865 proportio
3509 1806 3597 1844 ra-

1972 1892 1973 1895 ‘
2000 1881 2171 1951 tioque
2200 1880 2415 1935 alternae
2440 1881 2845 1950 comparationis
2885 1882 3192 1951 assequitur.
3224 1882 3443 1949 Quando
3460 1882 3595 1937 enim

1998 1973 2053 2024 in
2083 1972 2244 2025 tribus
2278 1974 2508 2026 numeris
2537 1982 2628 2026 aut
2670 1972 2905 2039 molibus,
2934 1958 3027 2027 aut
3051 1974 3240 2029 viribus
3274 1976 3498 2030 medium
3522 1976 3597 2031 ita

1998 2079 2052 2117 se
2082 2062 2329 2135 habetad
2360 2074 2695 2130 postremum,
2740 2074 2795 2116 ut
2823 2064 3046 2133 primum
3072 2067 3140 2119 ad
3162 2067 3405 2132 medium,
3449 2069 3599 2121 vicis-

1999 2154 2194 2223 simque
2245 2163 2299 2208 ut
2337 2146 2652 2227 postremum
2695 2172 2813 2209 cum
2858 2156 3046 2223 medio,
3104 2158 3176 2209 ita
3212 2148 3436 2211 medium
3480 2174 3597 2212 cum
3622 2222 3647 2235 γε

2001 2246 2169 2315 primo
2195 2248 2455 2317 congruit,
2488 2256 2607 2300 tunc
2631 2248 2771 2318 quod
2799 2248 3020 2301 medium
3048 2258 3152 2313 est,
3201 2259 3247 2302 et
3292 2250 3510 2319 primum
3542 2251 3598 2312 ﬁt

2000 2347 2051 2391 et
2077 2346 2420 2407 postremum,
2466 2348 2783 2408 postremum
2826 2356 3027 2410 quoque
3074 2349 3121 2394 et
3162 2340 3388 2410 primum
3428 2342 3596 2395 media

2001 2431 2155 2498 fiunt.
2185 2428 2273 2485 Ita
2302 2432 2582 2486 necessitas
2611 2432 2769 2502 cogit,
2808 2440 2867 2485 ut
2911 2433 3083 2486 omnia
3111 2447 3226 2501 qua!
3269 2434 3340 2485 sic
3368 2431 3599 2486 devincta

2003 2527 2215 2597 fuerint,
2246 2530 2425 2580 eadem
2476 2527 2612 2579 inter
2656 2542 2711 2580 se
2747 2526 2868 2581 sint.
2898 2525 3095 2579 Eadem
3139 2543 3257 2581 vero
3304 2542 3416 2580 cum
3463 2527 3599 2596 facta

2002 2618 2127 2683 sint,
2160 2618 2397 2687 efﬁcitur,
2431 2627 2484 2671 ut
2516 2617 2693 2671 omnia
2740 2618 2843 2670 sint
2874 2633 3053 2670 unum.
3107 2617 3258 2684 Quod
3294 2618 3337 2671 si
3378 2616 3599 2671 universi

2001 2728 2189 2780 corpus
2216 2712 2542 2781 latitudinem
2580 2711 2768 2764 habere
2796 2710 3068 2771 debuisset,
3111 2709 3314 2763 nullam
3340 2726 3457 2764 vero
3482 2724 3599 2779 pro-

2004 2803 2332 2873 funditatem,
2362 2816 2524 2854 unum
2554 2817 2679 2855 sane
2708 2810 2819 2854 tum
2868 2801 2936 2853 ad
2985 2801 3206 2867 seipsum
3228 2841 3243 2867 ,
3272 2810 3378 2853 tum
3408 2802 3475 2855 ad
3505 2817 3598 2855 ea:-

2003 2882 2167 2949 trema
2207 2894 2475 2947 vincienda
2524 2893 2849 2963 interfectum
2894 2895 3123 2948 medium
3162 2892 3456 2960 suffecisset.
3493 2891 3600 2949 Sed

2005 3003 2119 3041 cum
2154 2986 2468 3040 soliditatem
2516 2985 2740 3039 mundus
2794 2986 3098 3055 requireret,
3141 2985 3312 3038 solida
3341 3000 3455 3039 vero
3497 3000 3600 3038 non

2002 3096 2129 3145 uno,
2160 3080 2252 3134 sed
2278 3079 2476 3133 duobus
2506 3094 2706 3145 semper
2732 3079 2915 3131 mediis
2934 3078 3264 3146 copulentur,
3287 3078 3600 3148 interignem

377 3164 453 3218 Ab
481 3166 713 3236 exemplo
740 3162 992 3238 superno]
1025 3164 1103 3220 Ex
1137 3175 1339 3221 aeterna
1367 3166 1509 3223 idea.
1545 3167 1684 3222 Sunt
1710 3172 1889 3220 autem
1918 3146 1966 3211 (εἶ
2002 3182 2049 3228 et
2077 3182 2265 3227 terram
2292 3171 2431 3226 Deus
2459 3188 2626 3225 aerem
2648 3187 2933 3241 aquamque
2962 3170 3165 3235 locavit,
3197 3186 3351 3239 eaque
3370 3146 3599 3224 itavinter

306 3255 440 3312 idem
494 3257 816 3328 principales
845 3258 1093 3328 quaedam
1126 3257 1345 3325 formae,
1403 3266 1460 3314 et
1508 3269 1752 3324 mternre,
1778 3272 1897 3328 quae

306 3347 505 3415 divina,
532 3349 881 3421 intelligentia
911 3350 1275 3416 continentur,
1308 3360 1365 3405 ut
1384 3351 1715 3421 Augustinus
1742 3350 1818 3405 ait
1843 3349 1897 3404 in

305 3443 443 3499 libro
472 3446 745 3516 octoginta
801 3444 960 3499 trium
1003 3445 1406 3513 Quaestionum:
1435 3460 1557 3514 quae
1597 3459 1720 3499 cum
1769 3445 1900 3513 ipsa:

303 3549 407 3592 nec
433 3537 694 3602 oriantur,
727 3552 904 3609 neque
930 3538 1226 3601 intereant,
1272 3539 1563 3593 secundum
1594 3552 1687 3592 eas
1716 3546 1897 3592 tamen

304 3628 522 3684 formari
548 3629 744 3685 dicitur
772 3644 931 3684 omne
960 3629 1102 3699 quod
1133 3627 1264 3683 oriri
1295 3638 1345 3683 et
1377 3628 1599 3684 interire
1623 3635 1819 3698 potest,
1845 3636 1900 3680 et

302 3736 461 3777 omne
488 3722 631 3793 quod
653 3724 822 3777 oritur
848 3731 904 3777 et
927 3723 1137 3777 interit.
1160 3722 1298 3777 Sunt
1326 3732 1503 3776 autem
1527 3723 1609 3775 ha:
1633 3722 1684 3774 in
1719 3732 1898 3773 menlc

302 3814 485 3870 divina
514 3824 569 3871 et
596 3816 919 3885 exemplaria
964 3816 1067 3870 dici
1101 3825 1355 3885 possunt,
1408 3824 1626 3870 auctore
1657 3813 1859 3869 Thoma
1880 3857 1895 3882 ,

301 3921 407 3978 qua
434 3906 511 3977 (ut
543 3906 741 3977 inquit)
783 3924 964 3963 rerum
1016 3910 1265 3965 factionis
1309 3909 1566 3979 principia
1607 3916 1776 3964 sunt:
1811 3924 1899 3963 ra-

302 3999 478 4055 tiones
498 4015 627 4055 vero
658 4000 938 4069 habentur,
970 4017 1073 4072 qua
1102 4002 1354 4057 dicuntur
1376 4000 1635 4071 principia
1690 4015 1893 4068 cogno-

303 4090 509 4147 scendi.
565 4090 1003 4162 Quandoquidem
1059 4095 1170 4162 ipse
1228 4093 1370 4148 Deus
1422 4093 1713 4148 essentiam
1744 4105 1896 4145 suam

304 4184 447 4238 omni
488 4198 594 4251 quo
617 4185 867 4254 cognosci
900 4192 1076 4253 potest
1117 4185 1297 4253 modo,
1324 4185 1559 4253 perfecte
1588 4183 1894 4253 cognoscit,

305 4282 361 4328 et
388 4289 491 4329 non
512 4273 684 4329 solum
714 4291 817 4343 qua
846 4276 898 4328 in
922 4290 981 4329 se
1004 4283 1112 4341 est,
1147 4276 1240 4331 sed
1271 4292 1374 4346 qua
1404 4277 1716 4346 participari
1747 4275 1897 4331 simi-

307 4364 529 4422 litudine
556 4367 784 4438 quadam
814 4382 845 4420 a
888 4367 1052 4420 rebus
1076 4368 1270 4422 creatis
1302 4378 1479 4437 potest
1505 4386 1520 4425 :
1551 4368 1897 4439 Quaecunque

307 4470 439 4512 vero
469 4467 643 4513 creata
682 4466 833 4523 sunt,
861 4458 1129 4527 propriam
1160 4459 1358 4514 habent
1386 4459 1618 4528 Speciem
1639 4500 1653 4525 ,
1687 4476 1792 4529 qua
1821 4462 1892 4515 si-

306 4548 662 4605 militudinem
686 4549 884 4604 divinae
913 4548 1162 4606 essentia:
1192 4552 1533 4620 participant.

382 4638 665 4694 Pulchrum
697 4641 1072 4705 pulcherrimus
1097 4638 1229 4713 ipse]
1260 4640 1493 4696 Timaeus
1536 4643 1842 4699 Platonicus
1877 4659 1892 4699 :

306 4730 437 4785 Cum
464 4742 579 4786 vero
602 4739 650 4786 et
681 4733 898 4788 mundus
926 4734 1154 4788 omnium
1194 4734 1483 4804 genituram
1522 4735 1897 4806 pulcherrimus

304 4824 393 4888 sit,
424 4834 471 4877 et
494 4825 602 4893 ejus
633 4834 809 4879 auctor
836 4841 1110 4879 causarum
1133 4829 1363 4882 omnium
1406 4829 1648 4899 optimus,
1682 4828 1897 4883 dubium
1924 4902 1925 4905 η

304 4933 407 4972 non
442 4926 517 4972 est
545 4918 667 4988 quin
710 4921 1068 4992 sempiternum
1111 4925 1175 4976 sit
1205 4933 1410 4978 secutus
1448 4924 1758 4996 exemplum.
1804 4926 1895 4981 Sic

303 5009 459 5081 igitur
481 5019 781 5081 generatus,
831 5014 900 5065 ad
943 5012 998 5067 id
1040 5013 1272 5084 effectus,
1323 5016 1462 5085 quod
1508 5017 1708 5071 ratione
1733 5026 1781 5071 et
1807 5034 1895 5072 sa-

304 5103 499 5174 pientia
525 5102 639 5157 sola
676 5104 1036 5174 comprehendi
1072 5115 1270 5178 potest,
1316 5117 1363 5162 et
1412 5110 1728 5164 immutabile.
1773 5126 1893 5179 per-

304 5204 495 5252 manet.

377 5286 737 5362 Perfectasque
752 5290 957 5363 iubens]
988 5292 1130 5348 Urdo
1167 5300 1250 5348 est
1278 5308 1291 5346 :
1319 5293 1384 5349 Et
1411 5296 1569 5365 jubes
1594 5295 1891 5366 perfectum

304 5379 563 5435 mundum
598 5383 907 5451 absolvere,
965 5384 1016 5439 id
1066 5394 1151 5441 est
1185 5386 1459 5442 absolutas
1488 5388 1689 5445 habere
1716 5399 1895 5460 partes

301 5473 587 5544 perfectas.
620 5475 762 5531 ldem
803 5476 1037 5533 Timaaus
1067 5495 1081 5532 ε
1108 5480 1347 5547 Quatuor
1390 5482 1546 5552 igitur
1589 5500 1764 5538 eorum
1812 5503 1892 5540 re-

212 5624 217 5629 η
302 5580 417 5619 mm
465 5567 741 5635 quamlibet
781 5572 1027 5642 integram
1079 5575 1301 5627 mundus
1347 5577 1560 5646 accepit.
1624 5577 1706 5631 Ea:
1753 5580 1895 5632 omni

301 5655 490 5725 quippe
528 5658 657 5729 igni,
680 5675 820 5727 aere,
863 5677 1018 5729 aqua,
1052 5671 1218 5729 terra,
1261 5665 1425 5733 ipsius
1455 5666 1598 5736 faber
1620 5668 1695 5722 ita
1724 5670 1893 5737 ipsum

300 5753 608 5821 composuit,
640 5763 694 5807 ut
743 5755 941 5809 nullam
965 5758 1270 5827 cujusquam
1302 5760 1520 5815 istorum
1570 5771 1765 5831 partem
1806 5772 1894 5816 aut

2002 3282 2056 3321 se
2094 3265 2308 3319 invicem
2338 3263 2531 3335 (quoad
2559 3263 2674 3334 ﬁeri
2705 3261 2924 3332 poterat)
2952 3262 3296 3330 comparavit,
3325 3269 3379 3313 ut
3419 3277 3599 3332 quem-

2002 3358 2285 3412 admodum
2324 3357 2457 3427 ignis
2500 3356 2570 3410 ad
2604 3371 2797 3421 aerem,
2828 3356 2903 3409 ita
2940 3371 3029 3407 aer
3062 3356 3128 3407 ad
3159 3370 3346 3423 aquam
3380 3372 3397 3407 :
3428 3365 3481 3407 ut
3510 3372 3599 3409 aer

2002 3449 2073 3504 ad
2094 3465 2297 3520 aquam,
2325 3448 2400 3501 sic
2424 3464 2556 3515 aqua
2582 3447 2651 3502 ad
2678 3455 2868 3500 terram
2894 3462 3122 3516 congrue
3144 3447 3458 3518 conferatur.
3485 3445 3599 3513 Qua

2002 3556 2067 3595 ea:
2107 3519 2463 3614 conjunctione
2503 3540 2575 3593 ita
2617 3538 2924 3592 constitutus
2954 3547 3026 3592 est
3064 3540 3317 3604 mundus,
3357 3549 3414 3590 ut
3435 3519 3606 3606 aspici.

2003 3634 2250 3704 longique
2279 3632 2458 3701 possit.
2494 3630 2780 3700 Propterea
2801 3647 2863 3685 ex
2891 3629 3191 3699 hujusmodi
3211 3630 3361 3685 rebus
3392 3645 3598 3684 numero

2002 3736 2224 3794 quatuor
2258 3723 2435 3776 mundi
2471 3739 2659 3791 corpus
2708 3725 2984 3793 conflatum
3033 3731 3138 3785 est,
3194 3739 3254 3775 ea
3311 3738 3598 3776 connexum

2002 3815 2411 3885 comparatione,
2443 3831 2545 3883 qua
2573 3814 2701 3868 dixi.
2737 3812 2819 3868 Ea;
2841 3830 2941 3884 quo
2968 3813 3191 3884 seipsum
3229 3814 3455 3866 amicitia
3477 3830 3597 3866 con-

2004 3907 2151 3963 cordi
2174 3905 2557 3975 complectitur,
2590 3917 2745 3977 otque
2773 3906 2843 3959 ita
2882 3915 2999 3973 apte
3028 3906 3267 3968 coha'ret,
3301 3914 3353 3957 at
3383 3914 3596 3974 nequeat

2003 4000 2215 4057 dissolvi
2243 4001 2354 4056 ullo
2379 4001 2551 4064 modo,
2584 4001 2681 4054 nisi
2708 4000 2772 4052 ab
2792 4000 2971 4054 eodem
3000 4014 3030 4049 a
3054 4013 3151 4067 quo
3174 4008 3245 4051 est
3276 3996 3592 4067 colligatum.

2003 4096 2297 4153 Severinus
2323 4103 2531 4162 noster,
2556 4092 2648 4147 lib.
2680 4091 2749 4147 de
2782 4091 2978 4146 lllnsica
3011 4107 3046 4155 ι,
3076 4105 3196 4159 cap.
3222 4090 3255 4145 2
3288 4106 3302 4145 :
3330 4088 3457 4143 lam
3483 4104 3595 4143 vero

2000 4198 2221 4259 quatuor
2244 4188 2605 4242 elementorum
2633 4186 2949 4240 diversitates
2995 4184 3379 4253 contrariosque
3421 4192 3597 4251 poten-

2002 4282 2121 4349 tias,
2145 4281 2243 4335 nisi
2265 4283 2505 4351 quwdam
2531 4279 2800 4333 harmonia
2840 4278 3301 4351 conjungeret,qui
3333 4277 3446 4347 ﬁeri
3480 4293 3597 4344 pos-

1998 4382 2073 4427 set
2098 4381 2154 4426 ut
2197 4374 2250 4427 in
2286 4390 2444 4427 unum
2467 4370 2653 4441 corpus
2683 4390 2743 4425 ac
2774 4373 3065 4425 machinam
3095 4373 3415 4427 convenirent
3441 4374 3464 4425 ?
3492 4370 3597 4426 Sed

2003 4465 2110 4520 haec
2140 4466 2303 4519 omnis
2343 4466 2608 4519 diversitas
2643 4465 2718 4517 ita
2747 4472 2793 4516 et
2824 4473 3111 4531 temporum
3140 4464 3432 4515 varietatem
3460 4463 3596 4529 parit

1919 4528 1975 4591 Β
2000 4567 2047 4612 et
2068 4562 2351 4630 fructuum,
2377 4566 2430 4611 ut
2453 4567 2621 4610 tamen
2645 4572 2803 4609 unum
2832 4555 2955 4607 anni
2976 4568 3161 4621 corpus
3203 4553 3405 4622 efficiat.
3445 4551 3596 4606 Unde

1999 4651 2044 4705 si
2071 4651 2197 4719 quid
2218 4650 2401 4703 horum
2422 4664 2537 4719 qua:
2564 4658 2760 4702 tantam
2785 4649 3083 4701 varietatem
3115 4646 3263 4699 rebus
3284 4645 3595 4711 ministrant,

2001 4742 2177 4795 animo
2200 4750 2247 4794 et
2273 4740 2580 4811 cogitatione
2602 4740 2890 4809 discerpas,
2920 4746 3103 4792 cuncta
3142 4745 3371 4807 pereant,
3400 4752 3493 4791 nec
3518 4736 3597 4810 (ut
3645 4773 3652 4802 ς

2001 4832 2076 4885 ita
2106 4829 2300 4901 dicant)
2336 4846 2618 4885 consonant
2640 4831 2919 4901 quidquam
2940 4839 3154 4884 servent.
3183 4829 3250 4884 Et
3269 4840 3321 4885 ut
3351 4833 3404 4885 in
3427 4833 3595 4903 gravi-
3653 4834 3657 4845 '

2004 4922 2097 4977 bus
2123 4923 2332 4976 chord’s
2370 4922 2452 4977 hic
2480 4924 2616 4978 vocis
2646 4922 2826 4977 modus
2855 4932 2955 4986 est,
3001 4931 3055 4976 ut
3102 4940 3203 4976 non
3235 4924 3304 4977 ad
3331 4924 3597 4977 taciturni-

2006 5023 2156 5069 tatem
2214 5016 2437 5086 gravitas
2469 5031 2623 5085 usque
2660 5017 2968 5083 descendat,
3020 5026 3173 5087 atque
3213 5018 3267 5071 in
3301 5018 3466 5072 acutis
3508 5018 3597 5074 ille

2004 5107 2287 5162 custoditur
2323 5108 2577 5163 acuminis
2614 5109 2818 5177 modus,
2853 5126 2913 5164 ne
2943 5110 3080 5164 nervi
3108 5110 3321 5164 nimium
3352 5111 3481 5165 tensi
3511 5121 3600 5161 vo-

2002 5203 2074 5257 cis
2104 5203 2352 5257 tenuitate
2398 5214 2727 5275 rumpantur,
2765 5205 2856 5258 sed
2885 5214 3045 5258 totum
3084 5204 3177 5258 sibi
3220 5204 3287 5258 sit
3332 5214 3597 5260 consenta-

2006 5310 2157 5349 neum
2179 5302 2331 5366 atque
2347 5297 2670 5363 conveniens,
2694 5298 2767 5351 ita
2788 5298 2940 5351 etiam
2967 5300 3020 5350 in
3048 5297 3225 5351 mundi
3257 5298 3454 5351 musica
3481 5312 3600 5368 per-

2004 5391 2234 5449 videmus
2255 5391 2384 5444 nihil
2411 5392 2482 5443 ita
2511 5407 2620 5445 esse
2640 5392 2853 5445 nimium
2873 5408 3037 5463 posse,
3068 5401 3122 5445 ut
3150 5393 3369 5447 alterum
3391 5393 3600 5463 prapria

2003 5486 2263 5540 nimietate
2312 5485 2579 5540 dissolvat.
2615 5484 2803 5540 Verum
2858 5486 3109 5557 quidquid
3168 5486 3301 5541 illud
3352 5495 3454 5551 est,
3510 5498 3599 5539 out

1999 5594 2119 5632 suos
2142 5577 2291 5645 affert
2308 5580 2637 5647 fructus.aut
2663 5580 2781 5633 aliis
2804 5580 3091 5633 auriliatur
3109 5591 3163 5634 ut
3194 5582 3436 5645 o/Ierant.
3462 5581 3599 5635 Nam

2002 5673 2142 5741 quod
2168 5672 2467 5743 constringit
2493 5672 2674 5738 hiems,
2706 5690 2789 5729 ver
2810 5676 2974 5741 laxat,
3001 5684 3158 5731 torret
3179 5682 3352 5739 testas,
3372 5684 3595 5730 maturat

2004 5775 2303 5832 autumnus,
2338 5774 2669 5837 temporaque
2714 5768 2931 5824 vicissim
2969 5770 3050 5825 vel
3087 5768 3201 5842 ipsa
3225 5784 3343 5825 suos
3370 5768 3594 5838 afferunt

2679 5908 2695 5917 ἐ
2724 5903 2766 5939 "l
2805 5907 2855 5925 υ·
2891 5904 2949 5923 ιιι
3012 5899 3090 5925 ενι.
