4216 6256
571 322 708 387 1051

1121 436 1185 491 ΙΝ
1226 434 1498 491 PROSAM
1537 432 1606 487 Χ.

648 531 916 586 Hactenus
936 530 1121 584 Boetio
1144 524 1492 598 Philosophia.
1509 525 1756 593 perfectae
1774 533 1933 594 atque
1958 522 2155 592 imper-

573 622 727 677 lectae
757 622 980 674 formam
1014 619 1284 674 felicitatis
1313 616 1568 673 ostendit.
1607 617 1757 671 Nunc
1786 616 1873 670 ubi
1902 614 2161 670 consistat

573 712 797 768 felicitas
827 725 986 776 vera,
1018 725 1112 765 seu
1145 711 1419 766 beatitudo
1439 749 1454 774 ,
1485 710 1596 763 sive
1628 722 1894 762 summum
1929 706 2158 769 bonum,

573 809 728 856 acute
756 800 1143 869 diligenterque
1181 799 1431 865 disserit,
1473 799 1763 853 ostendens
1796 797 1897 850 hoc
1940 811 2060 850 esse
2106 796 2163 850 in

575 893 708 958 Deo,
741 895 953 964 penitus
995 895 1041 948 ei
1085 893 1243 957 idem,
1279 891 1611 961 diversisque
1640 890 1859 944 vocibus
1903 903 2059 942 unam
2106 895 2164 943 et

575 985 816 1041 eamdem
847 985 1134 1053 signilicari
1167 983 1539 1038 substantiam.
1590 982 1868 1036 Postremo
1896 978 2162 1034 concludit

577 1077 669 1132 Dei
700 1093 910 1147 quoque
939 1080 992 1132 in
1025 1079 1140 1146 ipso
1172 1077 1312 1130 bono
1341 1078 1495 1130 sitam
1527 1090 1648 1129 esse
1679 1074 2052 1128 substantiam.

650 1166 904 1238 Quonam]
969 1167 1085 1223 Ubi.
1119 1167 1272 1236 Apud
1305 1167 1545 1221 Boetium
1577 1164 1904 1235 compluries
1932 1179 2037 1234 quo
2067 1177 2163 1232 pro

579 1259 687 1324 ubi,
707 1244 814 1313 hoc
839 1268 939 1321 est,
969 1259 1019 1312 in
1048 1272 1154 1326 quo
1176 1259 1295 1312 loco
1321 1259 1550 1326 positum
1583 1257 1849 1311 invenies.

650 1351 872 1417 Aliquod
899 1348 1197 1420 hujusmodi
1225 1346 1432 1418 bonum]
1489 1348 1768 1403 Summum
1810 1355 1866 1402 et
1902 1347 2162 1403 bonorum

580 1441 816 1498 omnium
851 1442 1262 1510 congregatione
1288 1439 1602 1510 perfectum.

650 1530 831 1602 Cassa]
861 1530 1058 1594 Inanis,
1092 1530 1265 1596 irrita,
1296 1546 1454 1586 vana.

651 1622 852 1695 Imago]
884 1624 1122 1691 Species.

651 1715 809 1787 Quin]
840 1716 1016 1783 Quod.

1224 318 1564 382 APPENDIX
1601 319 1693 376 AD
1730 315 2102 375 LIBROSth
2135 313 2177 373 C

2266 313 2658 373 {SOLATIONE
2695 310 3192 374 PHILOSOPHE.

3693 306 3846 376 1032

2177 428 2233 490 Α
2254 430 2550 499 complere,
2589 440 2644 487 et
2680 430 2746 485 ad
2790 431 2921 485 illud
2957 427 3216 500 quidquid
3247 427 3521 484 beatitudo
3557 427 3841 489 continere

2261 522 2492 587 videtur,
2521 522 2682 576 veluti
2710 521 2778 576 ad
2805 523 3056 578 verticem
3085 521 3294 576 referri.

2334 613 2710 686 Substantiam]
2735 613 3055 681 Essentiam,
3088 613 3374 669 rationem.

2331 706 2682 779 Jucunditate]
2733 709 3030 778 Voluptate.
3087 707 3407 763 Franciscus
3449 707 3756 778 Philelphus
3784 710 3840 764 in

2263 801 2504 856 oratione
2532 800 2597 855 ad
2622 802 2763 856 viros
2783 800 3069 869 Papienses
3090 799 3434 868 voluptatem,
3458 799 3841 869 iucunditatem

2263 892 2502 947 nominat
2529 911 2543 946 :
2571 891 2767 960 quippe
2793 906 2911 959 qua:
2939 901 2991 945 et
3017 900 3250 945 mentem
3276 900 3332 945 et
3354 905 3571 945 sensum
3596 891 3766 960 juvet.

2338 983 2581 1036 Omnium
2619 982 2785 1051 igitur!
2817 983 3216 1052 expetendorum
3256 979 3477 1053 summa]
3522 966 3841 1038 Aristoteles

2264 1071 2541 1127 Moralium
2578 1072 2673 1126 lib.
2705 1088 2718 1124 :
2748 1071 2924 1150 Omnis
2963 1086 3068 1136 ars,
3119 1071 3381 1142 omnisque
3421 1071 3651 1127 doctrina
3695 1083 3844 1140 atque

2264 1176 2426 1232 actus,
2451 1167 2630 1219 itidem
2656 1173 2705 1218 et
2730 1165 2927 1230 electio,
2951 1165 3138 1218 bonum
3158 1164 3421 1234 quoddam
3446 1176 3682 1236 appetere
3705 1168 3846 1220 vide-

2265 1269 2368 1313 tur.
2411 1259 2746 1330 Quapropter
2776 1259 2912 1315 bene
2939 1270 3147 1315 veteres
3175 1261 3371 1315 bonum
3406 1262 3576 1330 ipsum
3622 1263 3675 1315 id
3715 1277 3840 1318 esse

2265 1350 2515 1405 dixerunt
2535 1350 2673 1424 quod
2699 1351 2876 1404 omnia
2902 1359 3177 1420 appetunt.
3207 1351 3493 1422 Dionysius
3512 1363 3702 1422 quarto
3720 1369 3842 1424 cap.

2265 1443 2331 1498 de
2354 1443 2555 1500 Divinis
2581 1443 2894 1499 Nominibus
2918 1461 2931 1495 :
2963 1444 3168 1510 Omnia,
3197 1445 3392 1516 inquit,
3421 1447 3606 1500 bonum
3635 1457 3680 1501 et
3707 1450 3843 1517 opti-

2265 1553 2405 1589 mum
2425 1537 2809 1606 concupiscunt.
3057 1577 3071 1588 .

2806 1628 2872 1682 IN
2911 1628 3204 1684 METRUM
3246 1629 3312 1687 Χ.

2338 1718 2565 1773 Carmen
2587 1726 2671 1772 est
2687 1727 2943 1774 constans
2963 1719 3182 1774 alternis
3200 1721 3456 1789 phaleciis
3475 1732 3530 1777 et
3553 1724 3844 1793 sapphicis,

654 1808 812 1862 Omne
857 1807 1013 1878 enim]
1069 1807 1397 1863 Firmissime
1449 1807 1836 1878 verissimeque
1891 1805 2162 1863 concludit
2190 1798 2492 1879 Bexcepto
2532 1811 2770 1865 secundo
2812 1824 2993 1876 versu,
3041 1812 3133 1881 qui
3177 1810 3449 1881 pbalecius
3489 1825 3595 1882 est,
3638 1817 3726 1883 qui
3772 1816 3848 1871 sic

583 1903 848 1956 summum
881 1901 1075 1956 bunum
1107 1919 1242 1956 esse.

661 1990 856 2061 E/Ieta]
889 1992 1096 2046 Virlitll‘.
1134 2019 1150 2046 -.

653 2081 790 2153 Quo]
824 2081 943 2138 Ubi.

656 2177 951 2231 Communis
977 2173 1260 2248 conceptio]
1293 2176 1509 2231 Boetius
1540 2175 1676 2231 libro
1705 2175 1772 2229 de
1801 2173 2162 2230 Hebdomadi-

587 2266 704 2333 bus,
748 2268 923 2335 capite
963 2269 1155 2336 primo.
1206 2267 1522 2321 Communis
1564 2266 1728 2319 animi
1766 2266 2044 2332 conceptio
2085 2271 2168 2318 est

587 2357 903 2422 enuntiatio,
925 2372 1084 2426 quam
1115 2357 1343 2426 quisque
1372 2355 1564 2425 probat
1589 2355 1847 2412 auditam.

657 2449 709 2503 Ν
716 2465 742 2503 e
762 2450 894 2502 hunc
916 2464 1086 2501 rerum
1106 2444 1352 2518 omnium]
1384 2441 1671 2500 Evidenter
1693 2445 1882 2513 probat
1907 2445 2000 2499 Dei
2026 2459 2169 2498 sum-

591 2539 764 2610 mique
794 2538 918 2592 boni
948 2553 1108 2592 unam
1145 2545 1201 2592 et
1229 2535 1472 2591 eamdem
1503 2550 1622 2590 esse
1651 2535 2020 2590 substantiam.

660 2626 1216 2699 Prwcellentissimum]
1250 2626 1775 2681 Praestantissimum.

660 2722 852 2792 Fingat
871 2723 958 2790 qui
981 2719 1165 2792 potest]
1196 2721 1263 2786 Q.
1296 2720 1349 2772 d.
1391 2733 1549 2774 nemo
1578 2719 1780 2788 lingere
1805 2727 2000 2788 potest.

662 2817 928 2872 Postremo
955 2819 1091 2888 quod
1118 2834 1150 2870 a
1172 2813 1418 2887 qualibet]
1471 2813 1611 2869 Idem
1639 2814 1779 2884 quod
1822 2813 2002 2879 modo,
2034 2827 2173 2869 nunc

597 2927 731 2967 nova
761 2911 970 2966 ratione
995 2909 1201 2979 probat.

663 2999 965 3072 Geomelrw]
1013 3000 1351 3055 Professores
1392 2999 1716 3069 geometriae,
1750 3012 1866 3069 quae
1914 3005 1997 3053 est
2038 2998 2172 3053 bene

595 3090 939 3149 mensurandi
967 3090 1217 3146 scientia.

1286 2008 1379 2046 :s'a
1411 2001 1468 2047 et
1493 1992 1720 2047 defecta.

2264 1913 2449 1971 posset
2495 1904 2546 1957 in
2589 1903 2902 1974 sapphicum
2961 1906 3179 1971 mutari,
3229 1921 3412 1962 verum
3456 1923 3558 1962 una
3607 1908 3839 1964 dictione

2265 1996 2642 2051 transformata
2669 2013 2683 2050 :

2450 2087 2581 2144 Quos
2598 2086 2718 2148 ligat
2732 2086 2876 2138 fallax
2896 2089 3128 2151 gravibus
3148 2092 3351 2152 catenis,

2265 2168 2403 2225 sicut
2423 2184 2488 2224 ex
2512 2179 2702 2240 quarto
2724 2171 2909 2226 liceret
2930 2182 3135 2230 mutato
3156 2173 3443 2229 dictionum
3467 2175 3656 2231 ordine
3675 2175 3846 2233 facere

2265 2254 2568 2330 phalecium
2595 2277 2610 2315 :

2452 2352 2544 2402 Hic
2567 2354 2704 2403 vobis
2727 2356 2928 2414 requies
2951 2357 3047 2405 erit
3070 2355 3310 2405 laborum.

2344 2436 2539 2491 Verum
2574 2427 2788 2492 Boetius
2828 2445 3011 2494 noster
3041 2435 3190 2509 prius
3229 2450 3336 2495 tres
3366 2442 3636 2510 phalecios
3677 2446 3846 2501 conti-

2270 2544 2408 2586 nnos
2442 2531 2655 2598 cecinit,
2693 2531 2890 2587 deinde
2919 2533 3228 2603 sapphicum
3270 2534 3489 2603 addidit,
3527 2538 3846 2608 syllabarum

2270 2637 2496 2676 numero
2545 2631 2599 2676 et
2653 2633 2953 2692 temporum
3013 2625 3356 2692 proportione
3406 2625 3849 2699 bendecasyllabo

2271 2713 2551 2780 aequalem.
2605 2711 2894 2782 Postquam
2930 2723 3105 2768 autem
3137 2713 3474 2787 Philosophia
3505 2721 3697 2772 summi
3731 2721 3849 2775 boni

2273 2802 2724 2880 beatitudinisque
2761 2804 3004 2859 eamdem
3041 2820 3160 2859 cum
3196 2806 3302 2862 Deo
3331 2807 3678 2864 substantiam
3714 2811 3851 2864 indi-

2273 2895 2433 2960 cavit,
2467 2910 2606 2949 nunc
2637 2895 2893 2950 mortales
2922 2896 3169 2952 alacriter
3210 2898 3396 2953 invitat
3440 2911 3492 2955 et
3521 2901 3849 2968 adhortatur,

2274 2993 2334 3040 ut
2358 2987 2421 3039 ad
2447 2985 2584 3041 hanc
2608 3001 2784 3042 veram
2813 2986 3120 3042 felicitatem
3150 2989 3346 3058 pariter
3365 2992 3710 3057 contendant,
3737 2994 3855 3048 reli-

2277 3080 2376 3135 ctis
2422 3082 2650 3135 terrenis
2695 3079 3079 3152 fallacibusque
3121 3082 3302 3137 vilium
3345 3084 3603 3140 bonorum
3647 3087 3852 3147 studiis,

674 3180 982 3253 Porismata]
1013 3168 1326 3237 Corollaria.
1373 3181 1635 3252 Georgius
1660 3182 1807 3236 Valla
1840 3183 1977 3238 libro
2008 3183 2177 3251 Expe-

2284 3191 2400 3244 qua:
2445 3181 2676 3227 mentem
2721 3180 3011 3244 excaecant,
3044 3189 3150 3228 non
3182 3175 3509 3241 illuminant;
3537 3179 3723 3247 ligant,
3755 3194 3858 3234 non

599 3279 876 3334 tcndorum
904 3287 958 3331 et
985 3275 1375 3347 Fugiendorum
1404 3293 1440 3332 ll
1472 3294 1484 3330 :
1512 3277 1604 3331 Est
1629 3287 1676 3332 et
1706 3280 1952 3347 porisma,
1981 3295 2095 3332 cum
2120 3293 2184 3332 ea:

600 3371 958 3426 demonstratis
993 3371 1138 3423 aliud
1169 3370 1364 3439 aliquid
1404 3379 1633 3441 apparet,
1672 3371 1826 3424 simul
1853 3379 1902 3424 et
1931 3371 2184 3424 theorema

601 3465 743 3516 nobis
771 3479 870 3515 non
898 3462 1292 3532 proponentibus
1319 3478 1336 3514 :
1365 3463 1501 3517 unde
1525 3471 1570 3516 et
1601 3479 1784 3516 nomen
1809 3462 2008 3528 habuit,
2037 3461 2184 3533 quasi

602 3554 801 3606 lucrum
842 3551 1099 3620 quoddam
1141 3552 1358 3606 existens
1403 3552 1677 3606 scientialis
1714 3552 2184 3617 demonstrationis,

603 3645 656 3697 id
712 3644 894 3700 Latine
951 3644 1280 3698 corollarium
1343 3645 1659 3708 nominatur,
1720 3645 1894 3699 (ἔπεσε
1950 3645 2186 3698 scribitur

605 3735 858 3812 πόρισμα.

676 3828 1038 3899 Corollarium]
1077 3825 1427 3884 Corollarium
1460 3831 1538 3898 (ut
1566 3840 1751 3883 auctor
1794 3840 1876 3885 est
1920 3831 1991 3885 Μ.
2019 3831 2186 3886 Varro

606 3921 743 3977 libro
766 3923 937 3991 primo
957 3921 1024 3975 de
1046 3921 1246 3993 Lingua
1270 3921 1476 3991 Latina)
1505 3921 1765 3991 significat
1794 3923 1842 3976 id
1866 3925 2006 3992 quod
2031 3924 2185 3978 addi-

608 4023 716 4068 tum
748 4019 847 4078 est,
871 4023 1227 4084 praeterquam
1255 4015 1396 4086 quod
1426 4014 1683 4079 debitum,
1719 4025 1967 4086 tanquam
1998 4026 2184 4072 aucta-

608 4106 745 4160 rium
783 4105 1068 4175 quoddam.
1113 4106 1184 4159 lla
1227 4107 1369 4161 enim
1411 4106 1660 4161 dicebant
1703 4107 1943 4176 antiqui:
1977 4116 2029 4162 et
2054 4107 2188 4162 dixit

608 4188 828 4250 Plautus
864 4195 914 4249 id
944 4196 1082 4266 quod
1115 4211 1274 4265 supra
1305 4211 1606 4252 mensuram
1642 4198 1722 4253 vel
1758 4198 1962 4268 pondus
1986 4198 2186 4266 justum

609 4285 975 4353 adjiciebatur.
1025 4287 1349 4342 Vocabulum
1401 4289 1672 4345 corollarii
1717 4299 1802 4344 est
1850 4306 1878 4343 a
1929 4289 2184 4345 corollis:

610 4375 750 4443 quod
780 4391 888 4442 em,
930 4393 1048 4431 cum
1081 4377 1386 4445 placuerant
1425 4387 1656 4444 actores,
1687 4379 1739 4432 in
1770 4394 1931 4434 scena
1957 4379 2071 4436 dari
2102 4396 2190 4436 so-

609 4465 715 4519 lita:
757 4466 882 4520 sint.
932 4465 1080 4522 Unde
1116 4476 1171 4522 et
1204 4467 1483 4534 corollaria
1519 4468 1769 4524 dicuntur
1813 4471 1940 4540 ipsa:
1975 4486 2188 4527 coronae

2287 3266 2596 3332 absolvunt;
2628 3268 2839 3322 irritant
2865 3253 3265 3337 cupidiiatibus,
3296 3289 3404 3329 non
3433 3275 3652 3331 satiant.

2358 3360 2522 3432 Capti]
2556 3362 2715 3416 Divus
2762 3362 3114 3433 Hieronymus
3159 3363 3212 3418 in
3257 3365 3478 3436 epistola
3523 3369 3589 3421 ad
3635 3370 3862 3424 amicum

2289 3459 2546 3520 aegrotum
2578 3451 2934 3506 consolatoria
2971 3469 2982 3503 :
3013 3451 3220 3507 Liberos
3249 3464 3301 3506 tu
3324 3454 3550 3522 iudicas,
3584 3466 3675 3509 aut
3704 3475 3736 3509 a
3762 3474 3866 3511 mo-

2288 3543 2429 3596 ribus
2477 3543 2696 3612 alienas,
2737 3559 2862 3614 quos
2911 3546 3190 3614 voluptates
3237 3546 3464 3601 barbarie
3514 3548 3864 3602 deuinxerant.

2290 3634 2411 3688 Non
2429 3635 2611 3689 habent
2632 3645 2885 3702 catenam,
2908 3637 2994 3691 sed
3015 3653 3099 3691 eos
3129 3639 3337 3692 luxuria
3365 3640 3515 3708 ferali
3536 3642 3868 3695 mordacitau

2291 3728 2343 3780 in
2378 3727 2589 3781 vinculis
2635 3738 2787 3782 tenet.
2835 3726 2917 3782 Ita
2964 3730 3251 3784 inciderunt
3295 3733 3346 3784 in
3383 3733 3586 3802 laqueos
3632 3734 3870 3799 feralium

2289 3827 2624 3894 voluptatum,
2660 3825 2790 3877 sicut
2827 3840 2942 3878 aves
2981 3826 3222 3893 aucupali
3253 3827 3437 3895 fraude
3485 3828 3693 3896 captiva:
3715 3844 3736 3882 :
3761 3841 3868 3894 qua:

2290 3933 2388 3982 quo
2435 3917 2597 3986 magis
2631 3927 2882 3970 conantur
2922 3919 3149 3986 evadere,
3179 3933 3238 3972 eo
3266 3918 3552 3972 innumeris
3579 3935 3632 3972 se
3662 3920 3869 3972 nexibus

2289 4009 2519 4078 illigant,
2559 4018 2613 4084 et
2654 4009 2706 4060 in
2753 4008 3109 4078 profundiores
3155 4010 3295 4063 sinus
3341 4015 3658 4080 demergunt.
3707 4009 3869 4066 Divus

2292 4099 2609 4154 Ambrosius
2638 4098 2732 4153 lib.
2763 4099 3118 4168 Epistolarum
3149 4115 3186 4155 ιι
3211 4118 3222 4153 :
3258 4101 3460 4155 Renunt
3482 4117 3625 4155 emus
3655 4101 3870 4154 luxuria

2292 4207 2352 4244 ac
2379 4191 2596 4258 deliciis,
2633 4207 2746 4260 qua:
2776 4208 2867 4245 nos
2889 4191 3190 4263 quibusdam
3219 4195 3507 4264 astringunt
3540 4195 3750 4247 nexibus
3776 4211 3868 4247 cu-

2293 4284 2587 4352 piditatum.
2620 4271 2769 4337 Nihil
2788 4285 2924 4338 enim
2945 4296 3158 4354 prosunt
3187 4287 3385 4340 delicia:
3401 4287 3576 4341 stulto.
3605 4287 3868 4341 Marsilius

2295 4377 2595 4432 Platonicus
2625 4393 2640 4430 :
2678 4375 2943 4433 Moderata
2964 4380 3205 4447 juventus
3234 4379 3436 4447 facilem
3465 4377 3610 4448 efﬁcit
3636 4388 3871 4432 senectu-

2296 4478 2416 4534 tem,
2460 4470 2793 4524 immoderata
2835 4470 3105 4539 diﬂicilem.
3185 4471 3286 4538 Qui
3324 4473 3551 4542 corporis
3588 4471 3872 4539 obsequitur

608 4554 747 4623 apud
780 4556 1029 4612 Plinium.
1084 4557 1370 4614 Suetonius
1405 4578 1414 4612 :
1451 4558 1632 4631 Itaque
1667 4562 1943 4616 corollaria
1975 4573 2022 4616 et
2052 4580 2184 4635 ρνιε-
2212 4542 2267 4604 D
2296 4559 2609 4625 libidinibus,
2632 4559 2812 4631 procul
2833 4561 2984 4614 dubio
3013 4562 3205 4616 insanis
3229 4566 3378 4617 servit
3407 4563 3657 4632 tyrannis.

608 4648 732 4712 mia,
773 4648 951 4702 alienis
993 4666 1188 4720 quoque
1230 4652 1522 4706 muneribus
1546 4669 1604 4705 ac
1645 4653 1804 4719 ludis,
1848 4662 1893 4708 et
1935 4656 2107 4709 crebra
2145 4667 2189 4710 et

608 4742 822 4811 grandia
854 4742 915 4793 de
943 4758 1035 4795 suo
1064 4744 1327 4808 olferebat.
1404 4746 1606 4802 Seneca
1649 4747 1786 4801 libro
1816 4749 1883 4804 de
1911 4749 2189 4807 Beneficiis

607 4839 760 4884 sexto
793 4846 806 4883 :
841 4830 1323 4888 Sordidissimorum
1353 4853 1552 4906 quoque
1576 4838 1912 4906 artiﬁciorum
1941 4840 2191 4896 institori-

609 4921 700 4974 bus
728 4939 885 4988 supra
913 4927 1235 4979 constitutum
1257 4928 1454 4994 aliquid
1475 4930 1777 4998 adjecimus,
1805 4932 1850 4985 si
1872 4933 2013 4986 nobis
2035 4949 2188 5002 apera

606 5015 815 5069 illorum
845 5018 1038 5071 enixior
1067 5019 1192 5083 visa,
1217 5029 1264 5072 et
1285 5021 1632 5090 gubernatori,
1655 5031 1699 5076 et
1731 5024 1905 5093 api/iri
1932 5026 2192 5081 vilissimae

607 5105 807 5173 mercis,
832 5117 878 5159 et
907 5107 957 5159 in
981 5107 1113 5160 diem
1143 5124 1195 5160 se
1220 5108 1412 5167 locanti
1437 5110 1765 5165 corollarium
1786 5117 2114 5180 aspersimus.

681 5197 816 5254 Deos
845 5199 978 5272 ﬁeri]
1010 5201 1171 5256 Divus
1208 5203 1536 5272 Augustinus
1585 5204 1721 5260 libro
1751 5207 1819 5261 de
1841 5205 2067 5263 Civitate
2097 5209 2190 5265 Dei

611 5305 774 5357 nono,
804 5292 977 5359 capite
1006 5293 1261 5362 vigesimo
1292 5294 1448 5349 tertio
1481 5315 1493 5350 :
1521 5297 1628 5352 Sed
1657 5299 1884 5355 homines
1910 5318 2109 5373 quoque
2136 5305 2190 5359 in

609 5382 801 5454 populo
831 5383 923 5438 Dei
958 5386 1134 5439 eadem
1162 5384 1433 5455 Scriptura
1470 5390 1592 5444 deos
1627 5393 1872 5462 appellat.
1921 5392 2033 5465 Ego
2059 5397 2184 5462 dimi,

609 5474 794 5545 inquit,
826 5477 899 5530 dii
938 5479 1086 5544 estis,
1131 5486 1180 5533 et
1221 5479 1319 5550 ﬁlii
1357 5479 1564 5536 Επεισὶ
1588 5499 1759 5539 omnes
1783 5484 1954 5558 (Psal.
1981 5489 2184 5558 LXXXI).

614 5563 967 5639 Hieronymus
1024 5571 1077 5625 in
1128 5584 1377 5630 sermone
1443 5573 1512 5630 de
1558 5574 1841 5635 Nativitate
1889 5578 2185 5636 dominica:

615 5656 751 5714 Deus
781 5663 946 5728 factus
973 5673 1044 5716 est
1069 5664 1244 5732 homo,
1275 5676 1328 5719 ut
1358 5669 1509 5721 homo
1532 5668 1669 5723 Deus
1694 5671 1854 5739 ﬁeret.

686 5750 815 5799 Cum
844 5749 1024 5809 multa]
1063 5752 1222 5807 Docet
1248 5757 1444 5808 bonum
1474 5757 1813 5814 beatitudinis
1840 5761 2183 5819 substantiam

2367 4651 2638 4707 Terrenasl
2673 4653 3028 4708 Terrenarum
3071 4669 3248 4709 rerum
3291 4653 3666 4724 cupiditatibus
3704 4653 3870 4708 obrue

2296 4754 2398 4800 tas.

2370 4838 2643 4912 Hebetans]
2674 4837 3003 4909 Obtundens,
3040 4841 3259 4897 hebetes
3298 4850 3353 4896 et
3382 4842 3582 4898 inertes
3619 4839 3870 4896 reddens.

2295 4933 2610 4992 Aristoteles
2649 4936 2700 4990 in
2732 4939 2961 5006 septimo
2989 4935 3299 4992 Ethicorum
3341 4935 3466 4990 hinc
3505 4935 3695 5005 probat
3725 4933 3873 4989 volu-
3922 4965 3929 4982 .

2297 5034 2494 5096 ptatem
2521 5042 2626 5082 non
2655 5041 2775 5082 esse
2804 5040 3069 5082 summum
3098 5027 3295 5082 bonum
3327 5068 3342 5092 ,
3372 5029 3622 5096 quoniam
3654 5023 3872 5096 (inquio

2297 5119 2597 5189 voluptates
2621 5119 2918 5188 impediunt
2939 5118 3273 5189 prudentiam
3307 5137 3320 5173 :
3350 5127 3405 5173 et
3425 5127 3624 5188 quanto
3647 5117 3874 5186 majores

2294 5219 2437 5275 sunt,
2466 5217 2614 5264 tanto
2642 5211 2813 5279 magis
2841 5209 3175 5274 obnubilant,
3201 5209 3339 5278 quod
3369 5211 3420 5263 in
3449 5207 3790 5278 aphrodisiis,
3822 5204 3875 5259 id

2293 5309 2376 5356 est
2405 5303 2455 5354 in
2483 5301 2642 5356 rebus
2663 5301 2938 5367 Venereis,
2963 5310 3126 5372 patet.
3163 5302 3332 5358 Nemo
3362 5302 3504 5356 enim
3529 5300 3654 5355 dum
3678 5295 3875 5353 Veneri

2294 5401 2564 5463 operatur,
2598 5395 2900 5462 perSpicere
2931 5405 3109 5450 mente
3129 5395 3412 5464 quidquam
3439 5400 3634 5463 potest.

2367 5483 2490 5556 Hic]
2526 5485 2579 5540 In
2611 5501 2820 5541 summo
2849 5486 3008 5541 bono.
3043 5488 3263 5558 Asylum
3293 5488 3480 5543 Grtece
3506 5484 3714 5550 ἄσυλον,
3741 5483 3873 5538 inte~

2295 5589 2554 5636 meratum
2582 5579 2834 5648 templum
2856 5589 2938 5636 est
2960 5581 3374 5637 consecrationis
3395 5579 3513 5649 lege
3536 5592 3869 5643 concessum,

2293 5673 2363 5728 ab
2406 5696 2439 5728 α
2481 5672 2734 5740 privativa
2779 5665 3067 5741 particula,
3113 5681 3167 5725 et
3211 5673 3382 5726 συλάω
3423 5671 3606 5740 rapio,
3656 5669 3860 5740 spolio,

2295 5766 2503 5829 aufero,
2537 5762 2769 5829 violove;
2813 5770 2919 5827 aut,
2965 5761 3103 5818 sicut
3143 5763 3361 5833 exponit
3389 5762 3631 5828 Servius,
3674 5759 3869 5816 dicitur
