4190 6268
348 394 484 449 1035

1406 379 1785 436 ΜΙἪΜΕΙΛΛΙ
1827 376 2339 432 COMMENTARM.

3469 383 3492 433 1
3501 381 3570 433 03
3578 379 3608 434 Ιτ

347 511 547 580 Myl...“
577 507 728 578 quasi
759 505 969 580 ἆσυίεον,
999 501 1134 570 quod
1169 499 1288 552 inde
1319 514 1412 567 per
1440 505 1542 552 vim
1572 497 1778 551 extrahi
1809 495 1919 547 nul-
1947 495 1999 550 ,Α
2104 495 2266 546 υιηηε
2286 494 2421 562 quod
2438 501 2529 555 est,
2556 482 2947 546 tundiumanere
2963 500 3114 559 atque
3134 492 3425 556 subsistere,
3445 508 3607 559 quan-

347 608 425 658 Ius
451 611 648 672 posset.
708 602 836 654 Nam
869 600 918 652 iu
951 599 1000 652 id
1033 595 1310 664 fugientes,
1342 595 1437 646 tuti
1467 603 1638 658 erant,
1672 607 1768 646 nec
1799 591 1921 644 inde

345 695 552 749 extrahi
595 702 835 761 poterant
870 710 880 742 :
914 691 1050 758 quod
1094 689 1238 755 prius
1267 685 1642 744 Athenienses,
1676 693 1791 750 po-t
1820 681 1920 732 Ro.

344 787 520 839 mulus
551 784 868 839 construxit.
906 782 1064 832 Divus
1094 778 1412 838 Arigustinus
1444 776 1579 828 libro
1607 775 1674 827 de
1701 773 1924 826 Civitatc

344 878 438 930 Dei
492 877 660 944 primo
701 894 711 926 :
751 873 998 927 Romulus
1043 881 1088 922 et
1135 871 1321 922 liemus
1368 869 1567 936 asylum
1609 865 1926 918 constituisse

344 968 702 1036 perliif‘entnr,
753 980 852 1032 quo
884 963 1109 1031 quisquis
1146 962 1469 1028 confugeret,
1511 958 1573 1009 ab
1616 956 1750 1006 omni
1791 971 1926 1005 nam

341 1059 471 1113 liber
516 1067 674 1118 esset,
719 1055 907 1122 augere
947 1063 1222 1121 qua’rmtes
1257 1050 1494 1104 creando:
1553 1047 1926 1100 multitudinem

337 1151 580 1204 civitatis.
633 1148 753 1199 lbcc
785 1146 891 1198 ille.
937 1146 1025 1197 l’ul
1066 1147 1154 1195 ιη..
1191 1145 1344 1213 igitur
1377 1141 1719 1195 translatione
1750 1140 1922 1192 locum

343 1239 689 1292 beatitudinis
711 1236 915 1305 asylum
940 1246 1108 1288 vocat.
1141 1236 1332 1287 l'atens
1355 1243 1528 1286 autem
1555 1227 1925 1284 miserisbmd

343 1346 408 1383 eo
431 1330 581 1392 dicit,
606 1329 745 1397 quod
778 1328 826 1380 id
849 1327 1037 1379 miseri
1061 1322 1522 1393 possintingredi;
1551 1322 1643 1375 sed
1674 1319 1928 1373 subintel-

344 1420 616 1488 ligeudum
656 1421 886 1487 alioqui,
928 1420 1014 1486 qui
1066 1417 1248 1470 miseri
1296 1417 1470 1468 forent
1523 1425 1924 1479 manerontque.

339 1511 450 1564 nisi
482 1512 534 1564 in
566 1524 703 1565 vera:
732 1510 994 1562 felicitatis
1039 1509 1244 1576 asylum
1299 1507 1364 1558 ad
1413 1505 1718 1558 evitandum
1769 1503 1926 1556 mise-

338 1603 483 1654 riam
512 1618 572 1656 se
597 1602 874 1670 reciperet.

421 1692 611 1766 Tagus]
645 1693 866 1746 Flavius
894 1692 1090 1744 auriler
1120 1690 1426 1745 Lusitaniae.

415 1783 666 1853 llermus]
699 1785 918 1838 Fluvius
943 1783 1126 1851 Lydia:
1156 1780 1373 1834 aurifer.
1425 1779 1670 1846 Virglius
1696 1793 1708 1826 :

655 1876 752 1924 Αυι
775 1887 892 1922 auro
920 1875 1138 1923 turbidus
1166 1872 1392 1920 Hermus.

422 1957 699 2026 liutilanle‘l
728 1957 928 2010 Aureis
949 1956 1124 2008 arenis
1159 1953 1548 2020 resplenzlente.

420 2048 604 2119 ludus]
629 2048 881 2102 Maximus
911 2047 1066 2099 ludio
1093 2046 1302 2109 ﬂuvius,
1329 2044 1438 2096 vari
1463 2059 1487 2094 s
1507 2041 1730 2110 geminis
1758 2039 1922 2092 abun-

343 2141 501 2194 dans.
1689 2187 1691 2189 ,

417 2233 596 2286 (Ialido
631 2231 765 2302 orbe]
799 2231 968 2300 Plaga:
993 2229 1272 2294 Orientali,
1293 2228 1379 2282 ubi
1411 2225 1488 2278 sol
1519 2223 1705 2276 oritur.

419 2322 707 2394 Illustrant]
743 2323 894 2375 Illum
923 2333 1067 2375 nant.

414 2414 608 2486 Aciem]
641 2415 818 2468 Visum
852 2415 1034 2468 animi.

414 2508 606 2580 Ctzcos]
639 2509 809 2563 Prava
842 2509 1129 2575 cupidizate
1150 2517 1404 2561 creat-os.

415 2599 478 2653 ln
509 2617 630 2654 suas
659 2598 905 2667 tenebras]
954 2599 1068 2652 Sibi
1115 2597 1352 2666 proprias
1397 2611 1410 2647 :

346 2692 509 2761 lapilli
554 2694 864 2761 plerumque
890 2692 946 2742 iu
979 2691 1220 2742 obscuris
1253 2701 1407 2741 terra:
1439 2683 1685 2737 cavernis
1727 2682 1919 2734 delite-

331 2792 518 2836 neunt.

424 2871 586 2943 Viget]
623 2873 735 2927 Vim
761 2873 936 2926 habet.

426 2962 584 3032 Vitat]
617 2965 728 3019 Non
758 2965 1006 3018 admiui'.

419 3058 670 3111 Obscurus
701 3054 892 3124 ruinas]
940 3053 1394 3116 Perturbationes,
1427 3065 1658 3114 errores,
1705 3049 1755 3102 in
1801 3061 1915 3101 scc-

289 3136 294 3139 ’
329 3150 450 3203 τινα)
482 3164 574 3216 per
603 3147 951 3216 ignoranti-im
988 3145 1066 3197 vel
1103 3142 1514 3212 imprudentiam
1545 3142 1842 3210 prolapsus.

416 3237 630 3308 Notare]
667 3238 878 3292 Videre.

414 3331 560 3383 lianc
592 3329 772 3400 lucem]
806 3330 1010 3383 Summi
1044 3329 1165 3381 boui
1195 3329 1512 3384 claritatem.

407 3422 661 3476 Candidas
683 3420 861 3475 Pltwbi
885 3423 1055 3472 radios
1068 3417 1294 3488 negabit]
1322 3418 1372 3470 Iul
1399 3432 1499 3476 es',
1531 3435 1632 3484 per
1659 3432 1717 3467 ea
1748 3433 1771 3466 ς.
1797 3417 1911 3467 ιιι-τη

341 3514 464 3568 nihil
498 3515 630 3566 lueis
656 3514 758 3566 aiet
792 3512 1009 3565 habere.
1777 3509 1804 3524 "

871 3601 930 3654 IN
975 3601 1243 3655 PllOSMl
1297 3601 1382 3654 XI.

410 3697 674 3748 llactcuus
698 3693 1047 3763 Philosophia
1098 3696 1356 3748 diseruit
1394 3708 1660 3747 summum
1717 3695 1910 3745 btmmu

341 3802 482 3849 esse,
507 3789 632 3840 etin
661 3803 762 3856 quo
790 3789 1071 3840 consistat:
1095 3788 1204 3855 j.tln
1227 3787 1438 3840 docebit
1459 3787 1582 3855 qttid
1607 3787 1673 3840 sit
1691 3787 1910 3849 bonnm,

340 3881 665 3933 concludens
689 3880 818 3933 nihil
835 3895 952 3933 esse
975 3880 1168 3933 bonum
1197 3880 1294 3931 nisi
1317 3881 1454 3932 idem
1474 3881 1541 3930 sit
1570 3895 1750 3932 unum.
1776 3879 1913 3932 Sub-

340 3973 442 4022 lata
475 3974 613 4025 enim
643 3973 861 4026 unitatis
892 3971 1117 4036 ratione,
1147 3971 1402 4040 quidquid
1430 3971 1541 4037 est,
1567 3973 1760 4024 bonum
1792 3985 1911 4024 esse

337 4063 552 4117 desinit.

409 4154 631 4226 lii/initi]
663 4155 1097 4210 Subaudiendum
1126 4156 1424 4216 aestimabo.

409 4243 536 4297 Boni
565 4243 974 4316 participatione]
999 4245 1246 4301 Socrates
1278 4245 1578 4300 l‘latoniCus
1601 4246 1651 4298 in
1679 4244 1903 4312 Gorgia:

339 4335 428 4388 Est
471 4349 636 4389 autem
664 4343 915 4404 voluptas,
947 4353 1047 4404 qua
1077 4348 1319 4404 pra’sente
1363 4340 1678 4407 gaudemus:
1711 4340 1898 4391 bonum

335 4444 481 4493 vero,
516 4446 610 4496 quo
634 4439 878 4497 prtesente
911 4430 1024 4480 boni
1053 4444 1246 4482 Simius.
1285 4429 1501 4484 Prorsus
1529 4431 1646 4482 boni
1676 4448 1789 4484 vero
1821 4449 1908 4483 su-

333 4536 465 4584 mus,
499 4529 544 4571 et
573 4535 680 4579 nos,
725 4529 770 4572 et
798 4535 1104 4588 qua’cunque
1133 4521 1237 4573 alia
1264 4521 1392 4573 bona
1416 4531 1556 4581 sunt,
1586 4524 1644 4573 ob
1677 4524 1904 4575 virtutum

332 4614 606 4678 quamdam
634 4627 748 4678 qua:
768 4614 919 4663 adsit.

403 4701 576 4755 Simili
601 4701 818 4772 ratione]
846 4703 999 4770 Quia,
1033 4714 1090 4757 ut
1113 4719 1425 4758 conoessum
1455 4716 1555 4769 est,
1588 4719 1695 4762 tum
1729 4709 1902 4761 unita-

331 4791 398 4841 tis
427 4791 708 4858 adcptioma
736 4793 874 4846 bona
908 4795 1059 4859 liuut,
1091 4811 1420 4864 quaecunque
1451 4811 1572 4851 sunt
1607 4799 1763 4863 bona,
1795 4811 1904 4854 tmn

327 4883 455 4936 boni
489 4884 912 4952 participatione.
943 4887 1392 4954 Quornmcunque
1420 4893 1731 4943 naturaliter
1763 4891 1810 4944 id
1851 4909 1900 4945 m

329 4984 409 5029 est
437 4973 676 5040 allectus,
705 4993 889 5030 eorum
935 4979 1120 5032 eadem
1143 4989 1225 5032 est
1253 4979 1568 5033 substantia.
1619 4981 1782 5034 Unius
1809 4997 1905 5034 au-

331 5073 434 5119 tem
457 5078 509 5120 et
540 5069 684 5132 boni,
721 5070 1030 5124 naturaliter
1059 5071 1195 5134 idem
1227 5081 1308 5123 est
1337 5071 1576 5124 allectus.
1614 5074 1776 5128 Unius
1808 5075 1905 5143 igi-

331 5167 410 5212 tur
437 5170 492 5212 ct
525 5160 646 5214 boni
679 5161 866 5214 eadem
895 5173 976 5216 cst
1003 5164 1319 5218 substantia.

403 5249 619 5304 Nostine
638 5251 810 5322 igitur]
827 5253 994 5308 Docet
1011 5257 1424 5324 unumquodque
1439 5245 1902 5323 subsisrcre,‘dum

331 5354 489 5392 unum
513 5351 759 5396 estzeum
777 5359 1079 5398 verounum
1106 5345 1456 5410 essedesiuit,
1489 5348 1726 5403 interire.
1748 5351 1904 5417 Quod

331 5440 530 5498 spectat
553 5447 787 5503 eorsum,
813 5436 1138 5488 ut-ostendat
1158 5437 1334 5489 omnia
1355 5438 1578 5490 naturali
1608 5439 1904 5496 intentione

331 5540 487 5577 unum
519 5525 852 5589 desiderare,
905 5537 1106 5581 etcum
1143 5546 1300 5582 unum
1326 5530 1382 5583 id
1426 5531 1597 5597 ipsum
1638 5536 1706 5586 sit
1759 5535 1899 5602 quod

329 5615 541 5682 bonum,
583 5617 778 5671 boumn
809 5618 877 5671 ab
907 5621 1152 5674 omnibus
1185 5623 1382 5689 appeti.
1419 5623 1480 5676 Et
1529 5625 1596 5676 ita
1635 5625 1816 5680 Boctio
1847 5627 1900 5679 in

328 5719 558 5761 utentem
591 5722 843 5774 revocat,
876 5712 1013 5780 quod
1063 5728 1119 5764 se
1161 5715 1324 5780 paulo
1377 5728 1499 5768 ante
1546 5717 1901 5771 conﬁtebatur

329 5810 587 5866 tgnorare,
623 5801 817 5854 bonum
851 5816 969 5852 esse
1002 5817 1178 5870 rerum
1209 5804 1659 5859 ninnium-ﬁnem.

724 5911 995 5969 Ρλτιιιη..
1039 5911 1255 5970 LXIII.

1459 2608 1578 2646 nam
1625 2589 1836 2645 metalla
1857 2597 1919 2643 .et

1935 4587 1986 4645 Ι)

2030 587 2116 637 diu
2146 586 2207 638 sil
2232 585 2408 656 unum]
2433 586 2612 637 Exstat
2643 584 3029 652 pulcherrimus
3050 592 3105 638 et
3129 583 3378 637 aureolus
3401 583 3468 635 de
3495 585 3611 638 uni-

2030 686 2135 726 tati:
2162 686 2211 728 et
2237 692 2338 728 uno
2365 677 2529 728 Boetii
2551 677 2968 742 nostrilibellus,
2994 691 3150 743 quem
3179 673 3419 728 studi<:se
3438 675 3612 727 lector

2019 766 2094 830 (si
2129 767 2343 834 habeas)
2379 767 2443 818 ad
2475 767 2613 819 hunc
2645 767 2816 820 locant
2843 768 3050 834 penitus
3076 765 3504 832 intelligendum,
3538 764 3610 816 le-

2027 857 2150 908 Clilzt
2182 858 2497 923 diligenter:
2530 873 2592 911 ex
2627 873 2730 924 quo
2761 867 2814 910 et
2831 858 2948 909 huic
2977 857 3130 910 nobis
3160 857 3365 910 libitum
3395 865 3484 911 est
3514 871 3607 924 ap-

2025 960 2248 1012 ponere,
2275 958 2325 998 ut
2353 950 2512 1000 etiam
2548 947 2802 1000 librorum
2828 947 3038 1013 copiosa
3077 946 3407 1013 supellectile
3428 961 3609 1000 caren-

2033 1041 2169 1090 tibus
2202 1041 2477 1093 industria:
2525 1051 2720 1094 nostra:
2753 1040 2900 1092 labor
2945 1041 3109 1108 prosit
3138 1056 3153 1092 :
3189 1038 3370 1091 Unitas
3410 1048 3480 1090 est
3508 1054 3608 1107 qua

2029 1148 2337 1202 unaquaque
2365 1151 2442 1188 res
2473 1135 2662 1186 dicitur
2685 1150 2789 1187 esse
2818 1150 2949 1186 una:
2972 1134 3074 1185 sine
3094 1134 3222 1183 enim
3253 1132 3316 1184 sit
3357 1133 3598 1201 simplex,

2027 1221 2130 1272 sire
2158 1224 2456 1290 composita,
2489 1225 2592 1275 sive
2616 1224 2932 1288 spiritualit,
2965 1224 3066 1275 sive
3095 1238 3358 1291 corporea,
3385 1238 3466 1274 res
3495 1223 3611 1274 uni-

2029 1322 2131 1366 tate
2159 1331 2259 1366 una
2281 1327 2375 1379 est,
2407 1333 2494 1369 nec
2527 1327 2688 1384 potest
2719 1335 2824 1370 esse
2855 1334 2956 1369 una
2986 1317 3083 1368 nisi
3118 1316 3328 1379 unitate,
3358 1315 3488 1367 sicut
3521 1331 3606 1366 nec

2028 1406 2141 1456 alba
2166 1407 2262 1458 nisi
2291 1407 2541 1462 albediue.
2575 1426 2664 1460 nec
2691 1418 2880 1476 quanta
2913 1409 3007 1459 nisi
3035 1408 3332 1468 quantita'e.
3364 1405 3482 1459 Non
3521 1422 3606 1458 so-

2029 1499 2133 1548 lum
2163 1511 2328 1550 autem
2360 1502 2553 1553 unitate
2584 1519 2684 1553 una
2712 1519 2748 1554 e.
2768 1513 2804 1564 t,
2829 1503 2916 1554 sed
2947 1503 3093 1553 ctiam
3119 1501 3303 1551 tuudiu
3333 1509 3426 1562 est,
3459 1499 3604 1559 quid~

1967 1637 1970 1642 .
2028 1590 2153 1659 quid
2180 1591 2235 1641 id
2257 1593 2394 1653 quod
2422 1605 2516 1654 est,
2542 1595 2768 1662 quundiu
2813 1595 2861 1645 in
2887 1611 2941 1646 se
2966 1595 3130 1646 unitas
3158 1602 3250 1644 est.
3277 1591 3400 1644 Cum
3439 1599 3604 1643 autent

2030 1681 2211 1732 desinit
2256 1699 2360 1735 esse
2390 1701 2573 1745 unum,
2622 1686 2804 1737 desinit
2845 1702 2948 1738 esse
2986 1685 3038 1736 id
3067 1684 3199 1752 quod
3229 1693 3322 1737 est.
3359 1683 3508 1736 Unde
3533 1694 3604 1736 est

2033 1772 2126 1824 hoc
2145 1788 2167 1824 :
2193 1773 2452 1840 Quidquid
2482 1788 2552 1828 cst
2573 1821 2586 1840 ,
2607 1777 2728 1829 ideo
2769 1787 2860 1837 est,
2893 1777 3024 1841 quod
3054 1791 3204 1828 unum
3229 1784 3326 1828 est.
3351 1773 3510 1837 Quod
3535 1775 3604 1826 sic

1947 1867 1998 1906 ὐ
2026 1867 2346 1920 υδιριη..¹ἱι-ω·;
2381 1868 2544 1920 Omne
2571 1873 2704 1921 eu'm
2727 1887 2834 1922 es~re
2863 1886 2922 1921 ex
2945 1871 3109 1934 forum
3133 1879 3204 1920 est
3228 1870 3277 1920 in
3299 1869 3443 1921 rebus
3467 1885 3603 1922 crea-

2027 1957 2090 2008 tis
2111 1973 2128 2009 :
2149 1975 2172 2010 s
2203 1960 2236 2009 d
2267 1961 2462 2010 nul/unt
2491 1976 2595 2011 esse
2624 1977 2684 2012 ex
2722 1962 2889 2029 forma
2911 1971 3005 2020 est,
3039 1961 3136 2012 nisi
3163 1977 3276 2013 cum
3301 1964 3468 2028 forma
3496 1977 3603 2012 ina-

2026 2050 2167 2101 teria'
2198 2051 2366 2102 unitas
2389 2061 2480 2102 est.
2507 2050 2632 2103 lu'sse
2647 2053 2778 2104 enim
2812 2069 2909 2104 non
2931 2064 3020 2110 est,
3049 2053 3146 2104 nisi
3168 2068 3230 2103 ea:
3247 2051 3605 2117 conjunctione

2025 2141 2206 2208 format
2233 2158 2347 2192 cum
2375 2143 2609 2194 materia.
2649 2141 2795 2194 Unde
2825 2141 3113 2210 pliilosOplti
3149 2141 3325 2192 dicunt
3357 2140 3490 2192 illud
3520 2141 3605 2192 de-

2021 2232 2293 2283 scribentcs
2319 2248 2336 2284 :
2368 2231 2492 2284 Esse
2519 2239 2589 2283 est
2613 2233 2882 2286 existentia
2925 2236 3102 2300 {omne
3128 2233 3179 2284 in
3210 2232 3440 2284 materia.
3476 2230 3605 2284 Cum

2023 2329 2192 2372 autem
2222 2322 2384 2387 forma
2413 2323 2847 2386 materict'unitur,
2876 2339 2937 2376 ea:
2964 2323 3322 2392 conjunctione
3346 2324 3605 2388 uniusque

2021 2413 2303 2462 necessario
2335 2412 2531 2480 aliquid
2564 2428 2719 2465 unum
2748 2417 3113 2467 constituitur:
3149 2415 3199 2466 in
3229 2430 3329 2480 qua
3348 2415 3602 2466 constitu-

2020 2504 2304 2556 tioneillud
2333 2521 2486 2558 unum
2512 2522 2612 2558 non
2633 2519 2910 2570 permanet.
2929 2509 3026 2560 nisi
3049 2508 3280 2575 quandiu
3296 2509 3474 2560 unitas
3489 2512 3602 2576 for-

2022 2611 2158 2646 mam
2183 2611 2296 2646 cum
2325 2597 2532 2648 materia
2551 2607 2698 2650 tenet.
2722 2598 2827 2651 Sed
2849 2598 3124 2651 destructio
3153 2601 3226 2651 rei
3252 2615 3350 2652 non
3370 2610 3440 2651 est
3454 2600 3600 2651 .aliud

2016 2700 2172 2751 quam
2204 2688 2458 2754 separatio
2477 2687 2658 2752 forata:
2684 2704 2714 2739 a
2742 2691 2973 2743 materia.
3006 2691 3110 2742 Sed
3136 2691 3392 2758 separatio
3406 2701 3459 2741 .et
3489 2693 3602 2742 uni-

2021 2775 2088 2824 tio
2120 2777 2374 2826 contraria
2403 2787 2554 2828 sunt:
2587 2779 2741 2845 igitur
2767 2779 3085 2847 separatione
3112 2782 3158 2832 si
3192 2797 3270 2832 res
3299 2781 3599 2845 destruitur,

2021 2867 2249 2929 profecto
2281 2866 2332 2916 in
2364 2881 2456 2916 suo
2483 2882 2586 2918 csse
2613 2883 2712 2918 non
2743 2868 2838 2919 nisi
2869 2869 3064 2920 unitate
3097 2869 3357 2920 contraria
3381 2883 3598 2920 tonse.-

2022 2964 2185 3007 vatur.
2222 2955 2380 3008 Divus
2413 2957 2660 3009 Aurelius
2682 2959 3010 3025 Augustinus
3037 2957 3264 3011 librode
3287 2957 3486 3011 Ordine
3519 2974 3598 3014 re-

2021 3063 2134 3100 rum
2167 3047 2436 3101 secundo:
2473 3047 2624 3116 Lapis
2650 3063 2704 3102 ut
2730 3058 2856 3102 esset
2881 3051 3035 3118 lapis,
3069 3065 3241 3104 omnes
3267 3054 3376 3123 cjus
3408 3062 3596 3116 partes,

2021 3143 2278 3210 omnisque
2303 3143 2554 3194 naturain
2589 3159 2743 3195 unum
2775 3143 3093 3195 consolidata
3117 3154 3207 3194 est.
3239 3144 3375 3207 Quid
3401 3146 3598 3199 arbor?

1939 3216 1991 3276 Ε
2023 3250 2190 3287 nonne
2218 3233 2370 3286 arbor
2413 3250 2510 3285 non
2539 3245 2694 3298 esset,
2722 3235 2766 3286 si
2799 3250 2898 3286 una
2930 3251 3030 3287 nou
3073 3237 3241 3287 esset."
3273 3235 3407 3298 Quid
3441 3251 3598 3288 utem-

2017 3325 2110 3376 bra
2139 3326 2406 3391 cujuslibet
2447 3327 2762 3390 animantis,
2796 3342 2854 3378 ac
2903 3327 3093 3377 viscera
3114 3367 3129 3387 ,
3167 3336 3213 3378 et
3252 3327 3499 3394 quidquid
3524 3338 3598 3380 est

2019 3435 2194 3470 eorum
2221 3418 2402 3484 quibus
2428 3429 2620 3470 constat
2645 3418 2668 3468 ?
2691 3429 2822 3470 certe
2843 3418 2885 3469 si
2906 3417 3114 3470 unitatis
3145 3419 3402 3487 patiantur
3424 3420 3597 3471 divor-

2020 3511 2165 3577 tium,
2193 3527 2290 3563 non
2324 3511 2414 3562 erit
2442 3510 2656 3564 animal.
2694 3512 2881 3562 Omnia
2911 3511 3034 3576 quid
3062 3510 3225 3571 aliud,
3258 3528 3412 3577 quam
3435 3528 3598 3567 unum

2017 3618 2122 3656 esse
2163 3604 2462 3654 conantur?
2495 3601 2654 3654 Divus
2688 3602 2988 3654 Bernardus
3021 3602 3156 3654 libro
3193 3603 3257 3654 ad
3303 3604 3596 3671 Eugenium

2018 3693 2254 3746 secundo
2279 3709 2292 3745 :
2318 3691 2414 3746 Ubi
2440 3692 2630 3754 unitas,
2654 3692 2724 3743 ibi
2753 3693 3009 3760 perfectio.
3042 3691 3453 3759 lleliquinumeri
3485 3691 3597 3758 per-

2017 3785 2284 3851 rectionem
2317 3799 2418 3836 non
2461 3785 2668 3848 habent,
2720 3785 2808 3835 sed
2855 3784 3174 3850 diiisionem,
3221 3786 3506 3836 recedentes
3537 3787 3597 3837 ab

2017 3878 2227 3930 unitate.

2088 3969 2240 4038 Atqui
2263 3984 2364 4020 non
2388 3968 2460 4021 est
2486 3970 2621 4035 quod
2646 3967 2840 4038 delrec]
2870 3969 3053 4022 Boetio
3073 3968 3416 4022 dubitat-iouis
3447 3984 3594 4024 scru-

2009 4060 2199 4127 zptilum
2247 4061 2458 4123 eximit,
2495 4060 2544 4112 id
2576 4061 2718 4128 quod
2745 4059 2811 4113 de
2837 4061 3158 4112 aninmlibns
3186 4061 3467 4116 confessus
3493 4073 3595 4126 est,

2002 4153 2062 4205 -ei
2085 4153 2377 4218 tie.p'antis
2404 4167 2614 4219 quoque
2641 4163 2696 4204 et
2720 4151 3024 4205 inanimatis
3047 4153 3162 4207 luce
3192 4153 3384 4206 (\Iuritte'
3419 4165 3596 4208 osten-

2013 4246 2167 4299 deus.

2085 4336 2222 4390 Nam
2251 4339 2368 4390 alia:
2393 4333 2597 4408 quideni
2619 4337 2828 4409 campis]
2847 4338 2997 4392 Maro
3023 4338 3158 4392 libro
3185 4339 3480 4408 Georgicon
3513 4352 3595 4390 se-

2010 4431 2186 4483 cundo
2210 4449 2233 4484 ξ

2136 4519 2236 4567 Nec.
2252 4535 2380 4568 vero
2405 4530 2466 4569 te.
2482 4535 2550 4570 rte
2573 4523 2703 4569 ferre
2727 4534 2899 4568 omnes
2919 4521 3092 4568 omnia:
3125 4528 3321 4579 possunt

2136 4581 2436 4629 Fluminibus
2455 4584 2648 4640 Μηίονες,
2675 4588 2950 4642 crassisque
2980 4581 3333 4640 palttdibutaln

2138 4643 2408 4689 Nascuntur
2436 4658 2447 4701 ;
2476 4644 2678 4690 steriles
2701 4645 2888 4688 saxosis
2914 4643 3156 4688 lltOlliiitUS
3179 4643 3302 4687 orni.

2139 4703 2318 4750 Litt-ira
2344 4709 2566 4762 myrtetis
2589 4705 2831 4750 laetissima
2863 4716 2873 4749 :
2906 4705 3123 4760 denique
3151 4709 3349 4761 apertos

2137 4765 2349 4811 bacchus
2372 4774 2497 4810 amat
2515 4766 2681 4822 colles,
2707 4765 2984 4824 aquilonem
3013 4770 3065 4810 et
3091 4762 3272 4822 frigora
3295 4764 3416 4812 taxi.

2011 4847 2227 4900 Ovidius
2261 4847 2396 4898 l.l)ro
2425 4848 2492 4899 de
2524 4852 2650 4900 Arte
2679 4847 2891 4900 amandi
2921 4846 3123 4915 primo:

2134 4937 2235 4985 Nec
2262 4936 2408 4986 tellus
2433 4939 2604 4986 eadem
2631 4941 2756 4998 parit
2779 4937 2937 4985 Omnia
2974 4953 2985 4985 :
3013 4938 3194 4986 vitibus
3219 4937 3296 4985 illa

2198 4999 2451 5058 Convenit,
2475 5001 2577 5047 btcc
2593 5002 2734 5060 oleis,
2763 5001 2840 5048 hic
2869 5002 2995 5048 bene
3017 5000 3138 5045 l'arra
3167 5000 3346 5048 virent.

2091 5080 2259 5134 Veluti
2288 5085 2338 5135 in
2363 5093 2523 5136 terras
2551 5100 2635 5136 ore
2657 5085 2910 5144 demerso,
2946 5087 3153 5136 trahunt
3184 5085 3369 5137 alimcn
3395 5101 3425 5135 (ι
3447 5087 3590 5139 radi-

2010 5169 2172 5242 cibus]
2204 5172 2519 5226 Aristoteles
2551 5174 2685 5225 lituo
2732 5174 2798 5227 de
2828 5175 3014 5226 Anima
3048 5175 3314 5227 secundo:
3348 5175 3496 5238 Quod
3522 5193 3548 5228 e
3576 5190 3591 5230 t

2012 5279 2066 5315 os
2097 5275 2141 5316 et
2162 5274 2317 5332 caput
2347 5265 2398 5316 in
2426 5267 2654 5324 animali,
2690 5267 2842 5318 radix
2872 5277 2942 5318 est
2968 5269 3016 5318 in
3045 5267 3241 5318 cubare.

2090 5355 2482 5407 Nobilissimum
2540 5355 2800 5427 quidque]
2844 5357 3059 5424 Legitur
3109 5367 3162 5409 rt
3216 5355 3587 5409 mollissimum

2011 5445 2260 5514 quidque.

2079 5532 2306 5602 Tuetur]
2336 5534 2666 5589 Deleudizur.
2704 5535 2923 5589 Passive
2956 5536 3168 5602 protulit
3220 5533 3439 5589 verbum
3487 5533 3586 5587 de-

2009 5640 2231 5694 ponens.

2078 5715 2195 5768 Ian:
2225 5731 2338 5767 uero
2367 5715 2579 5786 quanta]
2609 5717 2767 5770 Docet
2806 5731 3009 5770 summa
3039 5715 3310 5786 diligentia
3344 5727 3585 5772 naturam

2003 5822 2218 5874 curare,
2253 5816 2308 5860 ut
2336 5809 2714 5875 propagatione
2743 5825 2918 5863 rerum
2943 5801 3244 5864 seminibus
3265 5808 3585 5880 multiplica-

3065 5923 3140 5982 33
