4216 6256
608 375 747 433 1035
774 364 777 367 ’

1262 374 1603 430 ΑΡΡΕΝΒΙΧ
1640 375 1729 428 Μ)
1771 373 2009 428 LIBROS
2052 371 2137 425 DE
2175 371 2200 423 ί

2313 369 2689 424 SOLATIONE
2730 367 3219 425 PHILOSOI‘IIIE.

3735 367 3875 425 1056

610 495 663 543 ta
689 531 704 556 ,
731 504 851 544 cum
884 488 1087 559 singula
1121 490 1412 545 subsistere
1441 498 1730 557 nequeant,
1762 489 1947 543 saltem
1978 488 2182 557 species
2215 487 2259 543 A
2364 484 2512 555 Atra]
2544 487 2798 541 Obscura.

610 594 997 637 conserventur
1029 593 1184 650 alque
1220 582 1515 636 incolumes
1543 583 1849 650 perdurent.
1878 582 2187 635 Officiorum

609 676 923 745 vegetabilis
951 674 1143 727 anima:
1175 675 1252 741 (ut
1286 684 1474 727 auctor
1494 684 1579 728 est
1610 673 1926 727 Aristoteles
1956 672 2092 726 libro
2123 671 2191 726 de

610 767 801 820 Anima
844 761 1119 829 secundo)
1150 762 1603 815 naturalissimum
1649 772 1701 816 et
1733 761 2055 830 przecipnum
2084 769 2187 824 est,

612 858 714 911 sibi
759 856 932 909 simile
961 869 1217 923 generare
1252 855 1500 908 omnibus
1544 854 1842 908 viventibus
1872 854 2064 919 (modo
2091 854 2194 907 sint

610 944 867 1016 perfecta,
902 960 1005 998 non
1037 956 1191 1014 rapta
1223 946 1499 1007 membris,
1534 959 1637 997 non
1667 944 1977 1012 depravata,
2022 958 2194 1011 neque

608 1048 958 1108 spontaneam
1005 1039 1406 1104 generationem
1436 1038 1722 1104 habentia)
1750 1038 2103 1103 conveniens,
2138 1045 2196 1090 ut

610 1127 824 1182 animali
858 1126 1056 1181 animal
1102 1128 1275 1182 simile
1315 1142 1595 1197 generare,
1641 1141 1693 1183 et
1745 1129 1935 1196 planta:
1966 1127 2192 1180 similem

610 1223 868 1290 plantam.
915 1221 1003 1274 Sic
1050 1220 1192 1274 enim
1232 1236 1444 1288 semper
1486 1223 1780 1275 secundum
1820 1235 1973 1275 suum
2018 1218 2195 1273 simile

614 1316 756 1377 (cum
788 1324 849 1362 ea
881 1310 991 1377 ipsa
1024 1310 1209 1363 eadem
1245 1310 1296 1363 in
1326 1324 1550 1364 numero
1582 1324 1797 1364 manere
1838 1325 1943 1364 non
1968 1310 2195 1379 possint)

613 1408 986 1469 perseverant,
1037 1399 1476 1453 assimilationem
1533 1400 2000 1468 conditionemque
2051 1411 2197 1452 asse-

613 1500 848 1559 quuntur
874 1490 1131 1555 divinam,
1162 1500 1419 1559 quantum
1449 1491 1527 1544 eis
1557 1491 1892 1553 conceditur,
1916 1505 2076 1561 quam
2106 1506 2194 1560 ap-

614 1590 802 1650 petunt
830 1581 1032 1648 omnia,
1063 1581 1323 1651 cujusque
1342 1582 1510 1651 gratia
1541 1591 1705 1653 agunt
1724 1584 1904 1639 omnia
1933 1599 2052 1653 qua:
2074 1592 2194 1638 sunt

617 1672 670 1725 in
701 1682 910 1725 natura.

689 1761 999 1835 Gmeratim]
1033 1762 1134 1818 Per
1162 1763 1365 1833 singula
1396 1778 1611 1834 genera.

2369 574 2538 645 Texit']
2568 577 2799 630 OthUXit

2370 666 2595 738 Lucebit]
2626 669 2913 721 Evidenter
2939 666 3232 736 apparebit,
3257 675 3311 721 et
3341 665 3573 722 dilucide
3597 667 3872 723 emicab't.

2375 758 2749 830 Perspicacius]
2768 761 2991 815 Clarius.

2369 854 2582 925 Phoebo]
2616 854 2761 908 Sole.

2371 945 2491 997 Non
2520 950 3080 1013 omnenamque‘mente
3101 943 3298 1013 depulit
3325 942 3519 1015 lumen]
3548 942 3872 1001 PIatonicmu

2297 1037 2489 1105 dogma
2521 1044 2625 1102 est,
2662 1036 2872 1089 animas
2894 1048 2933 1089 -e
2963 1036 3102 1089 creto
3131 1035 3553 1103 descendentes,
3587 1037 3874 1090 haurienda

2299 1130 2626 1183 oblivionem
2660 1144 2836 1183 rerum
2868 1128 3197 1191 divinarum,
3227 1143 3451 1195 quarum
3482 1130 3535 1182 in
3563 1129 3703 1184 C(I'IO
3731 1142 3877 1197 erant

2297 1221 2548 1285 consciae,
2597 1219 2729 1274 alias
2765 1233 2895 1273 vero
2932 1219 3140 1287 magis,
3171 1219 3307 1274 alias
3336 1220 3535 1275 minus.
3578 1220 3644 1274 Et
3672 1221 3792 1273 ideo
3832 1222 3879 1278 iu

2300 1310 2460 1365 terris
2492 1325 2595 1364 non
2620 1310 2850 1374 discere,
2871 1309 2964 1365 sed
2987 1309 3287 1375 reminisci,
3324 1309 3463 1377 quod
3495 1310 3603 1364 illic
3629 1322 3757 1364 ante
3790 1328 3881 1360 t0-

2297 1401 2598 1470 gnoverint.
2633 1400 2767 1455 Hinc
2794 1408 2877 1455 est
2903 1400 3046 1470 quod
3075 1415 3196 1469 quas
3237 1400 3377 1471 apud
3419 1401 3638 1455 Latinos
3682 1402 3844 1455 lectio
3870 1442 3883 1468 ,

2300 1492 2436 1561 apud
2462 1492 2678 1547 Grzecos
2706 1499 2928 1546 vocatur
2947 1490 3173 1559 repetita
3189 1490 3453 1560 cognitio;
3475 1492 3595 1562 quia
3619 1507 3739 1546 cum
3763 1506 3881 1545 vera

2298 1583 2587 1647 discimus,
2631 1596 2693 1637 ea
2743 1581 3175 1649 recognoscimus
3213 1597 3332 1651 quae
3375 1583 3689 1638 naturaliter
3725 1598 3883 1637 nore-

2299 1689 2516 1738 ramus,
2550 1685 2835 1742 antequam
2885 1674 3179 1730 materialis
3231 1675 3450 1730 innoxio
3480 1676 3533 1730 in
3562 1690 3758 1744 corpus
3798 1691 3883 1731 ve.

2300 1766 2512 1819 nientes
2539 1766 2747 1819 animas
2780 1763 3034 1818 ehriaret.
3078 1765 3143 1818 Et
3184 1765 3257 1819 ita
3306 1765 3459 1819 Plato
3488 1766 3540 1819 in
3579 1766 3794 1834 dialogo
3824 1766 3882 1827 de

689 1852 870 1922 Neque
899 1869 1033 1906 nunc
1068 1854 1193 1924 nos]
1227 1854 1315 1908 Ait
1342 1868 1401 1909 se
1435 1869 1537 1907 non
1567 1853 1635 1909 de
1654 1854 1975 1907 voluntariis
2004 1854 2199 1909 animae
2231 1839 2278 1900 B
2304 1856 2525 1922 virtute,
2551 1855 2640 1925 qui
2675 1855 2983 1910 inscribitur
3001 1856 3195 1910 Menon
3218 1857 3247 1909 a
3272 1856 3495 1912 Menone
3524 1870 3642 1912 cum
3666 1859 3884 1914 Socrate

620 1943 994 2014 cognoscentis
1034 1945 1291 2009 motibus,
1322 1958 1505 1999 verum
1538 1944 1604 1999 de
1648 1943 1874 1999 naturali
1906 1945 2201 1999 intentione

622 2034 961 2087 disseruisse.

696 2123 803 2177 Sed
834 2134 993 2177 unum
1013 2123 1068 2176 id
1089 2123 1277 2195 ipsum]
1306 2125 1605 2195 Descriptio
1630 2124 1752 2179 boni
1776 2140 1839 2180 ex
1864 2125 2001 2179 libro
2031 2124 2203 2179 Mora-

622 2213 749 2272 lium
775 2215 1074 2270 Aristotelis
1092 2216 1262 2284 primo
1276 2216 1577 2286 desumpta,
1604 2225 1661 2271 ut
1683 2231 1839 2288 supra
1856 2218 2081 2272 relatum
2099 2226 2200 2272 est.

698 2305 837 2376 Uno]
866 2306 1100 2361 Unitale.

656 2468 661 2471 _
705 2396 918 2471 Vertico]
940 2398 1147 2466 Capite.

693 2490 719 2543 1
728 2506 872 2560 psam
890 2491 1023 2543 enim
1052 2492 1232 2545 media:
1255 2492 1483 2544 veritatis
1507 2501 1678 2545 notam
1703 2502 1866 2545 mente
1883 2492 2060 2564 ﬁxisti]
2088 2493 2205 2547 Ele-

624 2581 935 2651 gantissima
983 2582 1175 2637 allusio
1206 2597 1299 2636 seu
1341 2583 1652 2652 metaphora
1681 2599 1708 2636 a
1741 2583 2028 2652 sagittariis
2064 2598 2209 2637 sum-

625 2682 751 2741 pta:
782 2672 871 2741 qui
902 2682 1012 2727 tum
1046 2673 1260 2727 demum
1298 2673 1409 2727 voti
1438 2684 1715 2743 compotes
1756 2675 1908 2739 fiunt,
1940 2689 2060 2728 cum
2092 2688 2209 2729 sco-

627 2776 752 2835 pum
774 2767 1088 2833 attigerunt.

702 2852 918 2924 Notam]
948 2855 1205 2923 Scopum,
1238 2855 1339 2910 hoc
1373 2866 1455 2910 est
1486 2855 1695 2925 signum
1726 2860 1778 2911 in
1812 2857 1989 2911 medio
2020 2870 2211 2927 propo-

629 2950 811 3013 situm,
842 2959 896 3001 ut
928 2948 979 3001 in
1010 2948 1060 3003 id
1085 2949 1292 3018 sagittte
1322 2950 1699 3017 conjiciantur.

703 3038 910 3110 Mente]
939 3038 1052 3094 Non
1079 3040 1303 3109 sagitta,
1339 3040 1434 3095 sed
1465 3040 1631 3095 animi
1657 3041 1960 3110 conjectura
1990 3050 2043 3096 et
2070 3043 2213 3111 cogi-

631 3132 850 3187 latione.

1160 3223 1221 3277 IN
1267 3224 1556 3280 METIiUM
1598 3225 1688 3281 XI.

705 3315 971 3370 Carminis
1021 3316 1233 3370 iambici
1276 3332 1443 3386 genus
1472 3327 1575 3383 est,
1626 3318 1765 3387 quod
1792 3328 1985 3373 seazon
2015 3316 2102 3389 (id
2134 3327 2216 3372 est

637 3404 973 3474 claudicans)
1005 3405 1321 3473 appellatur.
1366 3406 1535 3461 [labet
1574 3409 1717 3463 enim
1742 3410 1793 3463 in
1824 3420 1972 3463 sexta
2002 3410 2217 3478 regione

640 3494 956 3563 Spondeum.
991 3494 1177 3549 Simile
1202 3503 1286 3548 est
1316 3495 1393 3549 illi
1426 3497 1715 3552 Persiano:

822 3583 924 3631 Nec
948 3583 1080 3631 fonte
1106 3583 1235 3633 labra
1259 3586 1416 3647 prolui
1442 3587 1695 3636 caballino.

643 3668 945 3736 Antequam
996 3666 1341 3737 Philosophia
1378 3685 1444 3724 eo
1488 3671 1796 3739 perveniret
1825 3681 1885 3725 ut
1913 3671 2222 3726 OSIenderet

645 3759 831 3815 Boetio
853 3774 1032 3813 rerum
1058 3762 1300 3814 omnium
1326 3761 1484 3815 tinem
1508 3775 1629 3817 esse
1655 3762 1875 3827 bonum,
1900 3762 2075 3831 Iongiu
2108 3764 2220 3815 cn'a

649 3852 1007 3919 disputatione
1044 3866 1137 3905 usa
1173 3850 1373 3924 (veluti
1405 3853 1494 3920 qui
1543 3867 1731 3905 aurum
1776 3855 1827 3906 in
1870 3854 2226 3921 penitissimas

651 3953 806 3997 terra:
835 3956 997 3996 venas
1023 3942 1330 3998 demersum
1364 3946 1575 3996 tandem
1610 3944 1695 3997 vix
1725 3944 1917 4013 magno
1936 3944 2117 3999 labore
2142 3961 2230 3999 as-

652 4033 921 4102 sequitur)
944 4048 1059 4087 rem
1095 4034 1362 4101 patefecit.
1398 4035 1564 4089 Docet
1592 4035 1753 4105 igitur
1783 4051 1924 4089 nunc
1950 4036 2227 4090 veritatem

654 4124 895 4179 obscuris
929 4124 1241 4195 ambagibus
1285 4124 1604 4191 involutam,
1638 4126 1853 4180 falsisve
1881 4127 2075 4195 saepius
2116 4127 2231 4191 opi-

655 4212 907 4269 nionibus
928 4209 1255 4281 demersam,
1284 4230 1389 4269 non
1416 4215 1515 4268 nisi
1547 4226 1736 4271 exacta
1773 4218 1966 4270 mentis
1996 4229 2233 4270 content-

656 4303 894 4375 platione
909 4303 1312 4373 comprehendi.
1345 4305 1465 4360 Vult
1480 4308 1639 4360 etiam
1662 4322 1777 4360 eam
1801 4323 1904 4362 non
1931 4308 1981 4360 in
2000 4309 2238 4362 externis

660 4394 820 4449 rebus
841 4410 961 4449 esse
988 4396 1184 4451 frustra
1211 4398 1553 4467 quaerendam
1575 4442 1590 4467 ,
1623 4397 1717 4452 sed
1753 4398 1805 4453 in
1839 4399 2042 4453 intimis
2070 4400 2236 4459 animi

662 4486 930 4543 thesauris
957 4480 1240 4558 diligenter
1284 4491 1528 4559 (remotis
1569 4491 1985 4562 impedimentis)
2014 4493 2236 4547 investi-

665 4577 915 4648 gandam.
945 4579 1079 4634 Sunt
1107 4581 1249 4636 enim
1279 4582 1695 4637 animisnostris
1727 4582 1904 4649 insita,
1939 4595 2041 4637 tam
2075 4585 2238 4639 virtu-

668 4682 779 4724 tum
810 4686 968 4740 quam
999 4671 1343 4727 scientiarum
1368 4675 1594 4729 semina.

735 4762 1011 4835 Profunda
1046 4752 1230 4836 mente]
1264 4768 1600 4823 Penitissima
1630 4768 2096 4837 contemplatione.

742 4856 996 4931 Vestigat]
1027 4860 1266 4931 Inqttirit.

741 4950 950 5025 Verum]
976 4953 1289 5011 Veritatem.

738 5044 891 5115 Inde]
920 5048 1009 5103 Sic
1035 5047 1341 5117 legendum,
1376 5063 1480 5103 non
1510 5048 1620 5113 ille,
1655 5058 1711 5101 ut
1736 5049 1890 5118 vulgo
1927 5049 2137 5119 legitur.

739 5133 892 5207 Inde]
914 5138 957 5191 A
980 5137 1093 5191 veri
1124 5138 1492 5206 vestigatione.

738 5225 919 5280 Intimi
944 5224 1101 5298 visus]
1127 5227 1454 5283 Intellectus.

736 5319 944 5391 Longos
982 5318 1173 5390 motus]
1200 5321 1365 5375 Actus
1394 5322 1587 5376 anima:
1612 5321 1664 5375 in
1694 5322 1908 5392 longum
1942 5323 2243 5377 tendentes.

690 5412 693 5415 ’
745 5411 812 5465 1η
841 5410 1032 5483 orbem]
1062 5412 1116 5467 In
1144 5413 1421 5468 circulum.

745 5502 1059 5576 Inﬂectens]
1088 5506 1394 5561 lncurvans.

748 5595 1041 5668 Retrusum]
1074 5596 1152 5649 Ad
1174 5610 1233 5650 se
1262 5588 1628 5651 coinversum.‘

742 5687 1042 5742 Thesaurisl
1066 5688 1346 5751 Potentiis,
1373 5688 1628 5742 memoria
1652 5689 1850 5743 scilicet
1875 5696 1927 5742 et
1959 5689 2247 5743 intellectu.

750 5775 972 5837 Dudum]
1006 5778 1169 5829 Paulo
1196 5787 1339 5830 ante.

2304 1950 2730 2004 sermocinante:
2760 1950 3014 2015 Quaerere,
3041 1948 3232 2019 inquit,
3256 1965 3317 2002 ac
3337 1949 3545 2015 discere,
3566 1950 3884 2003 reminiscen-

2305 2041 2379 2095 tia
2424 2052 2538 2094 cst:
2568 2048 2624 2095 et
2673 2041 3029 2111 Ilicronymus
3076 2050 3301 2095 testatur
3330 2056 3359 2095 a
3390 2039 3721 2110 philosophis
3745 2040 3849 2093 dici
3870 2084 3886 2108 ,

2302 2131 2597 2186 discentias
2621 2145 2743 2186 esse
2773 2131 3223 2186 reminiscentias.
3251 2131 3399 2185 Hanc
3427 2131 3662 2184 Platonis
3684 2131 3887 2198 Opinio-

2305 2238 2427 2278 nem
2471 2223 2767 2292 improbat,
2812 2232 2865 2278 et
2906 2223 3147 2279 confutat
3185 2224 3342 2279 divus
3399 2223 3648 2278 Aurelius
3690 2222 3783 2277 lib.
3823 2224 3888 2278 de

2304 2314 2499 2370 Trinit.
2534 2332 2628 2379 xu,
2653 2330 2776 2384 cap.
2811 2314 2898 2370 I5.

2382 2412 2690 2465 Ubliviosam
2730 2408 2948 2481 molem]
2977 2408 3301 2463 Gravitatem
3339 2402 3803 2477 perturbationum
3834 2414 3887 2458 et

2307 2501 2636 2556 oblivionem
2659 2542 2672 2563 ,
2705 2514 2809 2553 non
2863 2514 3050 2552 eorum
3078 2514 3197 2566 quas
3239 2496 3357 2566 quis
3385 2498 3436 2549 in
3469 2496 3571 2548 alia
3602 2495 3711 2547 vita
3743 2493 3893 2546 novit

2310 2592 2455 2662 (nam
2481 2592 2682 2647 homini
2709 2602 2991 2662 antequam
3014 2600 3345 2656 nasceretur,
3369 2589 3523 2643 aliam
3548 2590 3706 2641 vitam
3729 2588 3893 2640 fuisse

2311 2684 2516 2737 sentire
2546 2683 2900 2736 vanissimnm
2934 2682 3036 2753 est)
3059 2723 3072 2745 ,
3103 2682 3195 2735 sed
3228 2695 3412 2735 eorum
3442 2694 3559 2750 qua:
3590 2690 3708 2748 apta
3750 2686 3893 2732 esset

2310 2783 2501 2843 suapte
2524 2784 2709 2827 natura
2736 2773 2861 2842 (nisi
2887 2773 3099 2842 corpori
3124 2771 3515 2836 infunderetur,
3545 2770 3895 2837 conjungere-

2311 2862 2526 2935 turque)
2559 2866 2734 2919 anima
2768 2878 2920 2930 cogm
2941 2878 3111 2917 scere.
3146 2863 3234 2929 Sa,
3257 2862 3434 2917 ientiaa
3466 2862 3558 2915 lib.
3592 2861 3631 2926 Ι,
3662 2875 3776 2928 cap.
3817 2876 3893 2927 is,

2315 2958 2385 3013 ita
2415 2959 2670 3028 scriptum
2695 2967 2780 3011 est
2806 2975 2817 3009 :
2848 2956 3043 3023 Corpus
3069 2957 3203 3009 enim
3234 2955 3374 3024 quod
3408 2954 3775 3022 corrumpitur,
3804 2970 3897 3021 ag-

2315 3058 2491 3120 gravat
2521 3049 2768 3111 animum,
2801 3059 2847 3101 et
2881 3057 3078 3101 terrena
3104 3046 3404 3100 inhabitatia
3433 3045 3668 3116 deprimit
3691 3061 3896 3099 sensum

2317 3142 2477 3196 multa
2504 3142 2826 3211 cogitantem.

2391 3229 2590 3303 llwret]
2621 3231 2783 3284 Inest.

2390 3314 2659 3395 Profecto]
2684 3321 2862 3378 Certe.

2392 3410 2601 3482 Semen]
2646 3413 2970 3482 Principium
3001 3420 3056 3466 et
3095 3409 3361 3464 inchoatio
3398 3409 3641 3478 quaedam
3689 3422 3789 3476 qua
3820 3417 3902 3461 est

2322 3483 2484 3561 homo
2512 3506 2728 3560 veritati
2781 3504 3141 3575 percipienda:
3179 3512 3233 3558 et
3276 3502 3615 3573 acquirendze
3668 3502 3905 3557 scienti-.13

2325 3596 2636 3653 naturaliter
2666 3604 2843 3664 aptus.
3076 3606 3079 3609 '

2399 3685 2713 3758 Introrsum]
2743 3686 2997 3741 Interiora
3025 3699 3235 3751 versus,
3265 3684 3608 3749 intrinsecus,
3640 3683 3799 3736 intus.

2402 3780 2573 3851 Quod]
2595 3779 2811 3835 Semen.

2402 3869 2693 3941 Excitatur]
2722 3869 3026 3937 Metaphora
3052 3868 3124 3922 “ab
3153 3866 3260 3936 igni
3292 3866 3525 3936 sumpta,
3555 3864 3645 3934 qui
3680 3863 3909 3918 ventila-

2333 3962 2476 4017 tione
2504 3962 2557 4014 in
2589 3960 2839 4014 fomentis
2864 3960 3148 4013 excitatur.

2418 4052 2722 4120 Ventilante]
2754 4052 3033 4116 Movente,
3062 4050 3401 4105 discutiente.
3448 4048 3657 4101 Ventilo
3677 4089 3691 4113 ,
3725 4056 3915 4098 moveo

2336 4145 2402 4199 ad
2433 4155 2649 4198 ventum
2676 4141 3019 4211 captandum.
3047 4138 3318 4195 Ventilare
3346 4140 3601 4203 triticum,
3626 4148 3703 4192 est
3726 4150 3917 4206 purga-

2337 4253 2418 4292 re.
2448 4236 2723 4291 Ventilare
2750 4236 2959 4297 faciem,
2989 4238 3072 4289 εει
3103 4234 3318 4287 ventulo
3346 4232 3684 4300 refrigerare,
3714 4239 3765 4283 et
3792 4244 3919 4281 ven-

2340 4329 2497 4384 tilare
2527 4342 2717 4382 aurum
2745 4326 2922 4396 digitis
2952 4326 3288 4391 sudantibus,
3318 4323 3448 4379 dixit
3477 4322 3783 4377 Iuvenalis.

2414 4419 2681 4491 Doctrina]
2713 4420 2953 4474 Doctoris
2982 4419 3213 4473 actione.

2416 4512 2540 4582 Cur]
2572 4513 2766 4577 Quare.

2419 4600 2628 4672 Rogati]
2652 4600 2986 4670 Interrogati.
3020 4599 3088 4653 M.
3113 4597 3315 4652 Tullius
3338 4596 3474 4649 libro
3494 4592 3923 4648 Tusculanarum

2343 4694 2707 4758 Quaestionum
2735 4692 2940 4762 primo:
2970 4690 3133 4744 [labet
3158 4692 3375 4756 primum
3399 4688 3713 4750 memoriam,
3738 4696 3785 4736 et
3816 4701 3925 4736 eam

2343 4784 2601 4852 inﬁnitam
2640 4800 2805 4836 rerum
2830 4782 3304 4835 innumerabilium.
3332 4780 3498 4848 Quam
3530 4777 3742 4848 quidam
3779 4776 3926 4830 Plato

2349 4875 2777 4930 recordationem
2798 4887 2917 4928 esse
2935 4875 3042 4927 vult
3067 4875 3190 4927 vita:
3217 4872 3530 4941 superioris.
3559 4871 3689 4924 Nam
3716 4868 3768 4922 in
3793 4868 3928 4921 libro

2349 4966 2437 5035 qui
2463 4966 2767 5020 inscribitur
2802 4965 3014 5031 Menon,
3051 4965 3329 5033 pusionem
3360 4961 3646 5031 quemdam
3680 4960 3928 5014 Socrates

2354 5056 2650 5123 interrogat
2694 5056 2936 5124 quaedam
2969 5055 3291 5123 geometrica
3319 5052 3388 5107 de
3432 5051 3765 5106 dimensione
3803 5066 3929 5117 (μεως

2352 5146 2509 5199 drati.
2543 5147 2620 5201 Ad
2650 5163 2711 5201 ea
2739 5148 2817 5201 sic
2858 5146 2946 5201 ille
2978 5146 3264 5215 respondet
3293 5153 3349 5199 ut
3378 5157 3530 5213 puer,
3562 5152 3610 5197 et
3630 5150 3819 5196 tamen
3862 5141 3929 5193 ita

2354 5236 2538 5291 faciles
2561 5238 3009 5307 interrogationes,
3027 5246 3172 5295 sunt.
3193 5247 3269 5301 nt,
3295 5235 3557 5305 gradatim
3576 5232 3929 5302 respondens,

2353 5330 2419 5382 éo
2446 5326 2727 5396 perveniat
2754 5328 2905 5397 quasi
2928 5329 3245 5397 geometrica
3278 5328 3569 5382 didicisset.
3604 5327 3677 5379 Et
3710 5339 3819 5393 quo
3848 5322 3930 5377 ef-

2358 5420 2443 5471 tici
2472 5418 2584 5471 vult
2613 5418 2885 5486 Socrates,
2920 5428 2976 5471 ut
3001 5420 3208 5473 discere
3235 5418 3368 5471 nihil
3399 5417 3543 5471 aliud
3570 5417 3639 5469 sit
3659 5429 3817 5483 quam
3847 5430 3934 5466 re-

2355 5507 2585 5561 cordari.
2608 5508 2776 5572 Quem
2809 5510 2981 5563 locum
3006 5508 3176 5563 multo
3202 5508 3360 5563 etiam
3380 5507 3680 5561 accuratius
3705 5521 3791 5571 ex.
3814 5506 3935 5557 lirat

2358 5599 2409 5651 in
2437 5610 2503 5651 eo
2522 5610 2791 5664 sermone,
2818 5613 2976 5666 quem
3011 5598 3191 5651 habuit
3222 5613 3287 5652 eo
3318 5598 3434 5666 ipso
3460 5597 3548 5652 die
3575 5612 3681 5665 quo
3705 5593 3937 5649 excessit

2356 5702 2388 5741 e
2418 5688 2543 5741 vita.
2572 5687 2732 5741 Docet
2758 5689 2900 5743 enim
2923 5690 3181 5758 quemvis,
3205 5690 3291 5758 qui
3322 5689 3557 5742 omnium
3579 5702 3755 5742 rerum
3786 5685 3936 5740 rudis

2356 5795 2477 5835 esse
2506 5780 2764 5842 videatur,
2788 5782 2921 5837 bene
2945 5782 3290 5844 interroganti
3323 5780 3734 5845 respondentem
3760 5779 3937 5831 decla-
