4216 6256
612 348 746 424 toso

610 494 664 539 ut
691 490 936 544 nusquam
963 472 1034 524 vel
1058 468 1263 521 minima
1292 475 1500 530 qumque
1521 459 1812 510 deserantur
1833 471 1862 506 a
1893 453 2015 506 Deo.
2053 450 2178 504 Cbi-
2215 451 2258 509 Α

610 590 707 642 que
727 571 859 624 enim
888 565 1059 618 dicina
1079 560 1205 628 viget
1230 556 1420 617 unitas,
1443 566 1528 618 per
1546 563 1696 614 quant
1727 561 1804 600 res
1828 559 2038 613 quaeque
2067 558 2185 594 con—

609 632 810 723 έξειιιηι,
835 677 894 713 ac
917 666 1157 724 perpetuo
1179 648 1419 716 quodam,
1438 642 1710 705 iutimoque
1725 637 1916 689 circulo
1935 637 2000 687 ad
2023 632 2184 686 Deum

608 760 774 825 ipsum
796 793 810 817 ,
840 766 870 801 a
891 762 987 816 quo
1019 752 1062 797 et
1095 743 1144 794 in
1177 755 1275 808 quo
1321 744 1472 798 sunt,
1504 729 1805 783 mirabiliter
1837 726 2182 779 revolvuntur.

608 848 847 916 Alioquin
880 844 928 895 in
954 838 1040 891 nili
1067 838 1172 890 lum
1210 840 1408 899 repente
1444 833 1762 896 proruerent.

681 908 806 993 Cum
833 933 1047 987 Platone
1069 927 1323 980 sancieute
1339 913 1609 984 didiceris]
1629 913 1862 966 Timmus
1886 908 2022 974 apud
2056 908 2182 960 Pla-

610 1047 786 1090 Ionem
810 1047 822 1081 :
859 1024 1096 1080 Rationes
1126 1017 1294 1083 utique
1319 1027 1435 1064 cum
1462 1010 1522 1061 iis
1551 1007 1700 1059 rebus
1729 1018 1852 1073 quas
1876 999 2181 1068 exprimunt,

607 1100 966 1195 coqumiouent
991 1109 1262 1182 quamdam
1297 1103 1482 1156 habere
1523 1098 1777 1152 vidcn'ur.
1815 1092 1952 1163 Ergo
1983 1107 2098 1142 cum
2126 1091 2188 1140 de

604 1238 658 1274 re
670 1182 829 1286 “ﬁrma
855 1221 898 1264 et
922 1205 1112 1271 stabili,
1140 1211 1186 1255 et
1215 1207 1375 1252 mente
1399 1189 1867 1261 comprehendenda
1893 1182 2184 1244 disseritur,

605 1277 812 1367 sta-biles
843 1301 1074 1359 similiter
1104 1289 1540 1356 immutabilesque
1569 1293 1614 1337 et
1646 1297 1795 1350 quant
1827 1279 2047 1331 maxime
2077 1277 2188 1340 ﬁeri

607 1411 791 1475 potest,
817 1389 1235 1465 inexpugnabiles
1283 1383 1504 1436 rationes
1533 1393 1642 1429 esse
1657 1380 1887 1438 oportet.
1920 1370 2045 1422 Cum
2072 1383 2187 1420 vero

607 1465 668 1551 ile
700 1495 858 1563 ipsius
908 1490 977 1542 rei
1005 1486 1168 1555 ﬁrma:
1197 1477 1494 1540 stabilisque
1540 1469 1815 1522 simulacro
1858 1465 2152 1563 disputatur
2174 1500 2188 1519 ,

607 1581 901 1644 verisimilcs
933 1578 1155 1631 rationes
1175 1568 1465 1638 sufﬁciunt:
1496 1577 1606 1630 qua:
1634 1561 1703 1611 ita
1733 1574 1785 1610 se
1811 1555 1877 1609 ad
1902 1553 2188 1624 superiores

607 1681 821 1733 habeant
853 1673 1098 1732 rationes,
1128 1675 1180 1717 ut
1214 1660 1545 1714 simulacrum
1567 1652 1634 1706 ad
1656 1647 1961 1718 exeinplum.
1993 1643 2190 1709 Nempe

604 1758 1284 1843 qmdcslmlgmeraiionem
1308 1745 1610 1809 cssentia,itl
1633 1741 1699 1794 ad
1713 1740 1862 1807 linem
1891 1749 1960 1788 es?
1985 1735 2186 1786 veritas.

1125 1845 1184 1900 IN
1226 1839 1513 1897 ME'I‘RUM
1561 1835 1671 1889 XII.

710 1957 907 2010 ietrum
942 1939 1375 2014 rstGlyconinm,
1403 1933 1573 1988 simile
1598 1936 1751 1982 sexto
1776 1922 1931 1993 primi
1962 1919 2187 1975 volumi-

606 2053 712 2105 nis.
767 2047 1017 2098 Hortatur
1069 2013 1194 2090 lloct
1221 2047 1309 2087 um
1344 2023 1690 2093 Philosophia
1734 2029 1791 2073 ut
1835 2015 2030 2072 summi
2063 2013 2185 2067 boui

610 2135 974 2210 pricstautiam
995 2121 1341 2194 contemplari
1367 2121 1692 2189 perseveret,
1733 2125 1802 2165 ne
1833 2122 1992 2177 prava
2039 2107 2190 2172 cupi-

608 2197 772 2289 ditate
803 2232 991 2286 victus,
1025 2221 1088 2276 ad
1114 2234 1290 2273 rerum
1316 2223 1650 2268 terrenarum
1682 2201 1950 2260 desideria
1979 2197 2188 2252 relaba-

611 2336 717 2380 tur.
750 2322 878 2376 Nam
908 2330 964 2370 ut
998 2314 1209 2385 quidam
1251 2323 1358 2362 non
1390 2306 1719 2370 ineleganter
1747 2297 1842 2361 ait,
1876 2295 1983 2348 Deo
2009 2298 2189 2344 mente

607 2415 838 2476 deﬁxus,
868 2426 897 2464 a
931 2384 1266 2478 passionibus
1297 2399 1421 2452 dum
1472 2393 1741 2452 titillatur,
1765 2404 1793 2442 a
1825 2387 1962 2441 coelo
1991 2384 2043 2437 in
2077 2393 2187 2438 ter-

608 2521 723 2562 ram
757 2474 1076 2558 devolvitur.
1110 2494 1187 2549 Ad
1224 2493 1323 2544 hoc
1350 2495 1526 2542 autem
1554 2479 1942 2538 05tendcndum
1973 2474 2189 2543 lepidis-

607 2598 742 2650 sime
773 2572 1054 2647 inducitur.
1071 2582 1268 2653 Orphei
1293 2579 1492 2640 fabula,
1523 2590 1641 2646 qua:
1683 2589 1710 2626 a
1743 2569 1974 2625 Diodoro
2005 2568 2190 2621 Siculo

605 2688 824 2756 cupioso
870 2680 1127 2743 refertur,
1167 2685 1221 2730 et
1267 2667 1669 2740 elegantissime
1709 2680 1740 2716 a
1782 2660 1999 2730 Virgilio
2054 2658 2190 2712 libro

606 2753 903 2850 Georgicon
947 2776 1167 2836 ultimo,
1197 2781 1250 2825 ct
1280 2786 1307 2822 a
1338 2766 1549 2821 Nasone
1595 2761 1729 2815 libro
1771 2753 2187 2822 Metamorphos.

607 2847 843 2928 decimo.
872 2869 1041 2934 Quam
1079 2861 1294 2932 quidam
1325 2858 1404 2912 sic
1442 2857 1864 2923 interpretantur
1897 2865 1910 2900 2
1943 2847 2190 2914 Orpheus

605 2977 727 3017 ηχος
742 2975 826 3016 em
847 2957 1034 3012 habuit
1061 2951 1386 3019 Eurydicen,
1405 2960 1525 3016 quin
1547 2944 1671 2999 dum
1693 2941 1962 2995 Aristeum
1983 2936 2192 3006 lugeret

605 3069 702 3123 pt‘l‘
730 3053 839 3106 loca
871 3047 1050 3104 herbis
1080 3044 1405 3110 ﬂoribusque
1433 3044 1616 3093 ornata
1640 3075 1653 3100 ,
1685 3034 1937 3087 latentem
1969 3043 2191 3097 serpen-

606 3120 712 3198 tem
743 3142 984 3200 calcavit,
1013 3138 1166 3206 cujus
1191 3139 1455 3188 venenato
1484 3143 1660 3183 morsu
1694 3123 1975 3186 exstincta,
2009 3120 2074 3175 ad
2108 3120 2189 3173 in-

605 3237 746 3292 feros
771 3230 1071 3288 descendit.
1107 3229 1200 3282 Est
1221 3235 1398 3278 autem
1430 3220 1696 3292 Eurydice
1725 3220 1954 3272 humana
1989 3212 2184 3276 anima,

607 3344 723 3396 qua:
750 3327 943 3379 dicitur
971 3320 1256 3390 Eurydice,
1290 3315 1338 3371 id
1364 3324 1446 3371 est
1477 3313 1641 3368 latum
1675 3311 1934 3381 judicium
1966 3307 2183 3367 habens,

605 3426 886 3488 prepterea
907 3412 1048 3483 quod
1071 3407 1346 3464 rationalis
1367 3415 1468 3460 est.
1492 3404 1614 3459 Haec
1638 3402 1786 3456 nubit
1810 3401 2048 3471 Orpheo,
2069 3412 2190 3452 cum

607 3508 819 3577 corpori
849 3504 1210 3573 conjungitur,
1245 3510 1295 3555 et
1345 3507 1552 3552 amatur
1583 3497 1650 3550 ab
1677 3495 1906 3555 AriSteo,
1935 3491 1988 3546 id
2020 3501 2099 3546 est
2125 3490 2192 3542 ab

607 3600 834 3668 optimo.
866 3598 957 3651 Illa
1004 3605 1176 3647 autem
1209 3591 1480 3658 corporeis
1523 3579 1880 3655 voluptatibus
1927 3583 2186 3637 irretitur.

607 3693 661 3747 Id
687 3691 829 3746 enim
861 3697 985 3743 sunt
1007 3687 1164 3741 ﬂoros
1185 3697 1343 3754 atque
1373 3682 1552 3736 herbae
1581 3695 1700 3750 qua:
1729 3687 1886 3732 terra:
1923 3684 2050 3726 sunt
2079 3673 2192 3742 pul-

607 3781 960 3838 chritudines.
995 3777 1266 3847 Optimum
1298 3772 1435 3844 quod
1486 3782 1568 3824 est
1595 3770 1755 3832 Deus,
1786 3781 1880 3835 per
1909 3765 1995 3818 illa
2023 3765 2187 3831 fugit,

607 3884 766 3944 atque
793 3889 822 3927 a
851 3881 1128 3940 serpente,
1163 3866 1213 3921 id
1263 3875 1344 3919 est
1374 3879 1402 3916 a
1433 3869 1652 3932 peccato
1674 3901 1686 3920 .
1717 3859 1855 3929 quod
1891 3857 2028 3910 inter
2076 3856 2191 3909 illas

609 3970 914 4037 voluptates
944 3964 1091 4023 latet,
1126 3957 1470 4018 interimitur,
1496 3962 1550 4006 et
1587 3950 1651 4004 ad
1688 3950 1888 4002 inferos
1916 3947 2184 4012 demergi-

607 4069 712 4112 tur.
738 4036 840 4111 Sed
872 4051 1180 4108 conceditur
1203 4047 1509 4114 Orpheo,ut
1539 4042 1682 4095 illam
1708 4053 1841 4093 souo
1869 4036 2111 4100 citharae,
2140 4038 2188 4087 id

607 4158 688 4202 est
714 4145 982 4200 actionum
1005 4141 1203 4209 Optima
1228 4137 1779 4206 compositione,qute
1809 4131 2039 4186 maxima
2069 4129 2192 4183 har-

607 4239 783 4295 monia
813 4247 916 4301 est,
938 4234 1078 4288 unde
1101 4231 1266 4285 virtus
1289 4229 1547 4290 exoritur,
1573 4229 1640 4279 ab
1664 4225 1846 4279 inferis
1872 4231 2103 4286 revocet,
2137 4222 2186 4276 id

607 4342 689 4385 est
717 4343 744 4383 a
777 4327 916 4381 vitiis
961 4325 1152 4379 liberet
1175 4362 1188 4384 .
1223 4319 1314 4374 sed
1366 4334 1428 4374 ea
1481 4318 1631 4387 lege,
1673 4331 1739 4370 ne
1774 4313 2054 4382 respiciat,
2090 4313 2188 4366 hoc

605 4432 690 4480 est
721 4435 786 4477 ne
815 4421 864 4473 in
893 4416 1018 4471 vitia
1050 4414 1338 4469 rclabatur.

679 4509 853 4581 Felix]
881 4511 1091 4571 Beatus,
1116 4503 1340 4560 subaudi
1363 4512 1435 4555 est
1456 4502 1518 4554 is.

683 4604 878 4677 Visere]
908 4601 1122 4668 Videre,
1151 4599 1218 4653 ad
1240 4597 1526 4652 videndum
1559 4595 1863 4666 pervenire,
1896 4592 2111 4648 intueri.

675 4699 926 4754 Lucidum
958 4695 1149 4764 fontem
1173 4688 1310 4761 boni]
1347 4704 1614 4744 summum
1649 4689 1870 4750 bonum,
1891 4687 2054 4754 longe
2078 4684 2189 4737 cla-

601 4793 896 4846 rissimum.

674 4880 905 4950 Solvere]
937 4880 1205 4949 Abjicirc,
1239 4863 1530 4944 deponere.

677 4970 918 5042 Vincula]
943 4971 1118 5024 Nesus
1140 4981 1318 5022 rerum
1344 4975 1701 5029 terrenarum,
1723 4961 1914 5031 quibus
1937 4961 2185 5031 plerique

602 5066 763 5119 nimis
794 5063 1184 5131 astringantur.

680 5155 826 5209 l'aies
859 5149 1148 5222 Tliraictus]
1179 5150 1422 5220 Orpheus
1450 5150 1626 5203 Thrax
1646 5193 1658 5213 ,
1692 5149 1949 5217 Apollinis
1977 5159 2031 5203 et
2062 5149 2182 5202 Cal-

601 5249 786 5318 liopes,
819 5248 900 5303 vel
926 5248 1006 5318 (ut
1025 5245 1112 5298 alii
1135 5243 1398 5306 scribunt,
1415 5241 1609 5312 OEagri
1635 5241 1777 5295 fluvii
1803 5252 1856 5296 et
1881 5240 2176 5310 Polymniaa

585 5355 764 5396 .IIIIISIB
794 5340 956 5403 lilius,
1001 5345 1149 5390 vates
1180 5334 1518 5400 musicusque
1547 5332 2036 5401 priestautissimus.
2073 5332 2178 5386 Le-
2221 5403 2232 5410 η

598 5433 738 5499 gitur
769 5439 944 5485 autem
990 5436 1164 5491 recte,
1197 5425 1476 5480 Thraicius
1505 5440 1598 5493 per
1622 5441 1652 5477 α
1675 5464 1688 5488 ,
1733 5436 1784 5479 et
1818 5439 1965 5478 more
1996 5422 2176 5479 Ionico

599 5537 692 5591 per
714 5537 742 5575 e
767 5521 1066 5575 Threicius.
1103 5518 1306 5571 Dicitur
1331 5526 1384 5570 et
1406 5515 1664 5570 ‘l‘bracius
1692 5524 1746 5570 et
1773 5515 2095 5569 Tliraecnsis
2126 5515 2177 5568 in

600 5612 790 5666 eodem
817 5611 1137 5680 signiﬁcatu.

673 5703 959 5756 Flebilibus
987 5699 1175 5769 modis]
1207 5699 1394 5754 Flebili
1424 5710 1584 5753 cantu

673 5791 848 5846 Silvas
876 5809 1079 5847 currere
1103 5791 1331 5860 mobiles]
1365 5792 1612 5859 Virgilius
1638 5807 1650 5842 :

1249 348 1516 404 APPEND
1548 345 1585 399 Χ
1633 344 1718 396 ΑΟ
1761 341 1999 409 LIBROS
2041 338 2126 392 DE
2163 333 2676 390 CONSOLATIONE
2721 326 3210 386 PHILOSOPH‘LE.

3737 320 3882 375 1940

2412 445 2706 494 Μιιιιιριιιετη
2735 449 2908 505 tigres,
2938 451 2989 491 et
3015 447 3246 512 agentem
3273 439 3488 485 carmine
3509 447 3741 498 quercus.

2293 529 2492 582 Seneca
2529 530 2576 578 iu
2602 527 2828 580 Hercule
2856 527 3063 579 furente
3091 541 3100 574 :

2477 616 2689 677 Immites
2714 618 2868 677 putuit
2894 619 3098 664 nectere
3123 613 3347 661 cantibus

2480 671 2764 724 Umbrarum
2786 679 3023 734 dominos,
3053 683 3097 724 et
3129 688 3276 736 prece.
3301 671 3509 733 supplici

2476 738 2732 799 Orphaous,
2758 739 3026 799 Eurydicm
3045 740 3156 783 dum
3181 736 3358 796 recipit
3380 747 3534 780 suam.

2475 801 2594 856 Quae
2617 799 2763 847 silvas
2789 807 2839 847 tl.
2860 811 2974 847 aves
2992 810 3206 858 saxaque
3228 803 3397 844 traxer
3430 801 3464 842 t.

2476 863 2567 908 Ars
2590 873 2698 922 quae
2725 861 3000 921 praebuerat
3022 859 3299 907 fluminibus
3316 868 3495 922 moras,

2479 922 2549 984 Ad
2574 918 2713 984 cujus
2727 918 2947 969 sonitum
2972 923 3287 984 constiterant
3311 918 3451 975 ferte,

2483 980 2657 1032 Mulcft
2681 996 2774 1032 non
2797 983 2952 1031 Solitis
2970 983 3165 1030 vocibus
3189 980 3384 1040 inferos,

2480 1042 2536 1093 Et
2557 1045 2715 1093 surdis
2738 1053 2931 1092 resonat
2952 1045 3128 1092 clarius
3153 1043 3201 1090 in
3221 1043 3352 1090 locis.

2479 1105 2674 1154 Deileut
2699 1116 2750 1155 et
2775 1106 2992 1166 lacrytnis
3010 1104 3231 1152 ditiis-Hes
3251 1104 3331 1151 dei

2483 1167 2680 1229 Qellent
2699 1168 2970 1229 Eurydicen
2993 1167 3229 1214 'I‘brvicitt-
3256 1177 3403 1213 nurus
3426 1178 3434 1208 :

2479 1227 2540 1276 Et
2565 1231 2644 1288 qui
2665 1227 2821 1277 fronte
2847 1230 2989 1275 nimis
3013 1229 3211 1277 crimina
3232 1229 3401 1276 tetrica

2480 1293 2734 1348 Quaerunt,
2760 1303 2816 1337 ac
2842 1298 3040 1338 veteres
3065 1289 3320 1337 eventiunt
3347 1299 3474 1346 reos,

2481 1351 2678 1412 Flentes
2697 1352 2971 1412 Eurydicen
2990 1351 3186 1412 juridici
3206 1350 3391 1399 sedem.

2478 1411 2693 1477 :[andeiti
2713 1411 2882 1477 mortis
2905 1411 3006 1477 ait,
3021 1413 3276 1468 vincimur,
3304 1413 3488 1477 arbiter
3512 1425 3523 1457 :

2478 1473 2641 1536 Evade
2666 1475 2724 1522 ad
2748 1487 2970 1536 superos,
2998 1474 3111 1536 lege
3136 1480 3298 1521 tamen
3321 1475 3447 1520 data.

2481 1535 2554 1598 In
2581 1543 2686 1597 post
2708 1544 2845 1597 terga
2871 1539 2940 1585 tui
2966 1535 3125 1598 perge
3141 1535 3228 1582 viri
3253 1546 3435 1598 tentes,

2480 1596 2553 1645 'l‘u
2579 1596 2673 1644 non
2704 1596 2817 1646 ante
2843 1596 2978 1646 tuam
2999 1596 3470 1657 respicegconjugem
3487 1630 3499 1650 ,

2479 1660 2632 1715 Quam
2650 1672 2757 1707 cum
2781 1659 2906 1708 clara
2931 1660 3051 1708 deos
3070 1655 3305 1705 (intulerit
3321 1658 3445 1712 dies,

2479 1720 2804 1782 Spartanique
2829 1721 2990 1768 aderit
3008 1721 3165 1782 janua
3179 1719 3387 1767 Taenari.

2481 1780 2587 1829 Odit
2606 1795 2751 1829 verus
2775 1794 2925 1839 amor,
2953 1794 3046 1829 nec
3070 1780 3252 1841 patitur
3286 1791 3459 1826 moras.

2481 1841 2653 1891 Munus
2675 1845 2788 1892 dum
2811 1850 3038 1904 properat
3059 1854 3281 1898 cernere
3306 1841 3440 1902 perdi
3461 1843 3512 1885 tit

2296 1928 2436 1980 Idem
2467 1929 2517 1982 in
2551 1927 2776 1983 llercule
2806 1928 2992 1983 OEtmo
3023 1945 3036 1981 :

2599 2019 2736 2069 Tunc
2759 2020 2987 2070 solamina
3006 2020 3229 2067 cantibus

2603 2084 2860 2144 Quaereris,
2887 2081 3133 2144 ﬂebilibus
3149 2080 3320 2144 m-_dis.

2601 2145 2721 2194 Haec
2743 2141 2981 2205 Urplueus
3001 2143 3180 2190 cecinit
3207 2141 3362 2189 Getis.

2296 2225 2578 2291 Pcrperam
2625 2227 2782 2295 igitur
2829 2226 2880 2279 in
2934 2223 3204 2278 nonnullis
3251 2220 3642 2290 exemplaribus
3685 2221 3868 2290 lcgitut

2293 2315 2575 2384 debilibus,
2613 2331 2708 2383 pro
2741 2315 3024 2370 flebilibus.

2365 2405 2573 2478 Amnes]
2603 2407 2845 2462 Fluvios.

2368 2497 2429 2550 lu
2456 2495 2709 2567 repit/um]
2747 2498 2915 2552 Cerva
2958 2499 3068 2565 ipsa
3111 2495 3390 2563 intrepida.
3437 2496 3705 2564 Figurate.
3737 2491 3872 2562 quoi

2281 2592 2453 2643 inlitis
2480 2601 2561 2645 est
2595 2592 2730 2660 parti
2759 2591 2927 2647 dedit.
2957 2590 3162 2646 Seneca
3190 2590 3242 2642 in
3276 2589 3499 2643 Hercule
3525 2588 3696 2644 (Eleo
3725 2605 3738 2639 :

2606 2682 2852 2745 Juxtaque
2879 2685 2941 2731 im
2966 2681 3185 2745 pavidum
3209 2694 3357 2743 pecus

2602 2746 2742 2794 Sedit
2765 2744 3078 2793 rnarmaricus
3095 2744 3175 2792 leo
3205 2759 3216 2790 :

2602 2805 2707 2855 Nec
2730 2807 2880 2854 damte
2906 2807 3146 2868 trepidant
3166 2805 3323 2868 lupos,

2605 2870 2664 2918 Et
2687 2881 2896 2929 serpens
2922 2865 3140 2917 latebras
3163 2865 3288 2928 fugit

2602 2931 2740 2980 Tunc
2763 2929 2914 2980 oblita
2935 2930 3133 2979 veneni.

2371 3011 2728 3085 Flagrantior]
2761 3012 3066 3068 Ardentior.

2367 3105 2577 3177 Intima]
2613 3107 2795 3161 Partes
2815 3107 3056 3160 intimis.

2368 3195 2582 3266 Fert-or]
2615 3196 2754 3266 Ignis
2781 3195 3002 3250 amoris.

2369 3285 2704 3358 Subegerant]
2728 3286 2807 3340 Vi.
2827 3293 2997 3341 erant.

2370 3377 2536 3449 Mod]
2567 3378 2785 3448 Moduli,
2814 3385 3021 3432 cantus.

2370 3471 2615 3542 Querens]
2662 3469 2836 3526 Prima
2882 3482 3146 3539 correpta,
3187 3484 3216 3523 a
3255 3466 3537 3536 deponeni
3577 3481 3794 3536 queror,
3825 3466 3869 3522 id

2296 3574 2377 3616 cst
2408 3562 2740 3631 querimonia
2775 3562 3065 3617 testificaris
3106 3574 3328 3629 superos
3380 3559 3602 3613 subaudi
3633 3575 3739 3612 esse
3777 3558 3870 3612 imi

2298 3659 2461 3722 mites,
2494 3659 2542 3711 id
2574 3667 2658 3712 est
2685 3657 3063 3711 inexorabiles.

2371 3747 2511 3819 Illic]
2545 3747 2694 3815 Apud
2724 3747 2941 3800 in'eros.

2370 3835 2607 3908 Chordis]
2634 3836 2872 3891 Fidibus.

2369 3929 2507 4000 Dem]
2537 3929 2717 3983 Matris
2739 3928 3023 3997 Calliopes.

2298 4082 2309 4098 ι
2369 4017 2648 4090 lmpotens]
2681 4017 2796 4072 Non
2841 4027 3027 4086 potens
3059 4033 3115 4070 se
3153 4013 3422 4077 eoliiberc,
3456 4013 3535 4067 vel
3574 4013 3792 4066 nimium
3821 4022 3866 4073 et

2297 4129 2458 4184 supra
2505 4111 2719 4166 modum
2762 4121 2950 4182 potens
2979 4109 3325 4181 querimoniis
3356 4116 3408 4161 ct
3437 4107 3683 4160 lamentis
3709 4104 3866 4160 effun-

2295 4207 2504 4261 dendis.

2371 4295 2556 4369 Deﬂet]
2579 4295 2834 4352 Deﬂendo
2855 4295 3096 4350 effundit.

2371 4386 2607 4459 Taenara]
2637 4386 2859 4441 Inferiis.
2883 4385 3137 4439 Taenarus
3165 4382 3408 4436 Laconia
3430 4377 3871 4449 promunturium,

2298 4498 2390 4551 per
2413 4481 2566 4549 cuius
2595 4477 2906 4533 horribilem
2945 4473 3160 4544 speculi:
3203 4469 3504 4526 fabi'iiJutur
3533 4470 3633 4524 iter
3660 4481 3779 4522 esse
3807 4464 3872 4518 ad

2218 4539 2270 4599 Β
2297 4574 2518 4637 inferos,
2545 4585 2639 4640 pro
2668 4568 2860 4639 quibus
2888 4558 3157 4629 interduui
3184 4557 3458 4631 accipitur.

2375 4660 2610 4734 Veniam]
2639 4659 2981 4715 Beneficium.
3013 4657 3232 4712 Ovidius
3262 4673 3274 4708 :

2423 4755 2558 4816 Quod
2581 4757 2621 4806 si
2647 4754 2742 4804 fata
2768 4761 2951 4816 negant
2973 4751 3167 4802 veniam
3193 4761 3278 4811 pro
3303 4746 3532 4808 conjuge.

2364 4837 2683 4893 Umbrarum
2714 4834 2966 4906 dominos]
2998 4834 3133 4888 Deos
3165 4832 3386 4888 inferos.

2371 4926 2718 5000 Tergemiuus]
2751 4927 2991 4994 Tt'iceps,
3027 4924 3077 4978 id
3108 4935 3190 4980 est
3237 4925 3394 4977 trium
3437 4922 3688 4992 capitum.
3735 4917 3875 4975 Idem

2301 5023 2433 5077 libro
2455 5022 2520 5076 de
2540 5019 2750 5076 amandi
2776 5020 2904 5073 Arte
2935 5016 3090 5072 tertio
3120 5034 3134 5070 :

2416 5117 2542 5163 Saxa
2570 5115 2795 5174 ferasque
2821 5112 2916 5174 lyra
2942 5112 3090 5160 movit
3112 5110 3389 5171 llodOpeius
3413 5109 3668 5169 Orpheus,

2479 5173 2845 5236 Tartareasque
2869 5173 3019 5232 lacus,
3045 5175 3474 5234 tergeminumque
3497 5182 3689 5218 canem.

2295 5260 2648 5329 Tergeminus
2675 5256 2834 5311 modo
2861 5255 3138 5309 triformis.
3168 5253 3315 5323 Maro
3342 5271 3354 5305 :

2416 5350 2866 5411 Tergemiuamque
2889 5346 3132 5408 Hecaten,
3156 5347 3246 5394 tria
3270 5345 3468 5406 virginis
3489 5354 3573 5390 ora
3601 5339 3783 5388 Diana.

2296 5432 2448 5486 Modo
2483 5430 2762 5500 tergemini
2793 5429 3045 5484 dicuntur
3071 5438 3178 5481 tres
3210 5427 3316 5479 nati
3348 5426 3535 5480 eodem
3569 5433 3740 5492 partu.

2359 5521 2570 5595 Captus]
2607 5524 2929 5578 Delectatus.

2356 5611 2584 5680 Ianitor]
2611 5612 2794 5666 Januze
2825 5621 3028 5676 custos,
3059 5613 3147 5681 qui
3180 5609 3500 5664 vestibulum
3537 5617 3734 5661 servat.

2358 5699 2623 5772 Cerberus]
2647 5701 2927 5771 Typhonis
2956 5701 3097 5755 filius
3119 5711 3171 5756 et
3197 5700 3470 5766 Echidnm,
3500 5698 3661 5750 frater
3688 5695 3882 5764 [ly-irin

2287 5809 2348 5849 ac
2377 5791 2576 5860 Ortliri,
2611 5794 2758 5848 cauis
2787 5791 3074 5862 Geryonis,
3108 5800 3164 5845 ut
3195 5800 3275 5847 est
3305 5789 3442 5862 apud
3474 5787 3764 5844 Hesiodum
3791 5789 3881 5855 qui
