4216 6256
305 401 432 450 ιυιι

297 527 392 580 pro
426 506 631 563 foribus
655 505 777 561 Orci
803 514 983 562 custos
1011 505 1258 570 excubat.
1289 504 1527 559 Tibullus
1558 520 1574 559 :

420 610 560 659 Nunc
584 610 725 669 niger
747 609 799 657 in
815 613 952 669 porta
977 613 1260 669 serpentum
1288 605 1533 654 Cerberus
1551 618 1638 654 ore

481 668 696 732 Stridet,
723 677 775 721 et
793 668 968 720 aératas
989 668 1199 718 excubat
1223 676 1336 716 ante
1365 669 1516 715 fores.

295 764 624 817 Claudianus
657 781 670 814 :

361 856 376 903 I
400 861 606 965 aratum
632 853 878 916 triplicem
901 852 1202 914 compescuit
1233 851 1409 912 ingens

451 927 631 965 amtor.

451 927 631 967 anitor.

317 1011 322 1016 '
371 1000 576 1072 Sontes]
603 1000 887 1065 Nocentes,
913 998 999 1066 qui
1031 1000 1200 1066 turpia
1229 998 1462 1051 facinora
1491 1005 1881 1066 perpetrarent.

371 1091 600 1166 Agitant]
633 1093 861 1156 Vexent,
891 1103 1298 1160 persequuntur.

373 1185 511 1256 Date]
561 1185 736 1239 Furia:
789 1183 1099 1237 infernales.
1149 1184 1338 1238 Furias
1387 1193 1494 1237 tres
1538 1183 1795 1237 lIesiodus
1833 1192 1889 1236 et

217 1260 226 1271 ’
297 1275 660 1346 Epimenides,
692 1289 890 1342 easque
919 1291 951 1331 e
981 1277 1239 1343 sanguine
1271 1276 1637 1344 pudendorum
1670 1275 1886 1329 Saturni

296 1375 437 1438 (qua:
469 1369 603 1439 patri
635 1367 843 1435 Jupiter
867 1367 1184 1436 amputavit)
1213 1367 1383 1421 editas
1407 1368 1574 1419 aiunt.
1609 1365 1774 1421 Nocte
1799 1381 1888 1433 ge-

298 1472 438 1516 nitas
459 1470 697 1516 autumat
724 1459 1017 1530 zEschylus
1045 1469 1100 1514 et
1125 1460 1270 1514 Maro
1301 1476 1314 1513 :

423 1551 561 1600 Hune
583 1551 703 1600 mihi
725 1550 784 1598 da
809 1553 1061 1612 proprium
1084 1552 1224 1611 virgo
1248 1557 1352 1598 sata
1375 1559 1518 1606 nocte
1542 1550 1778 1600 laborem.

299 1636 499 1698 Statius
529 1636 885 1690 Acberontem
921 1646 1130 1702 patrem”
1159 1634 1346 1688 tribuit
1374 1649 1391 1688 :

319 1770 327 1776 .
359 1724 685 1784 Totidemque
707 1727 830 1773 satis
851 1725 1136 1774 Acheronte
1162 1724 1351 1774 nefasto

422 1786 732 1848 Virginibus.

373 1866 494 1921 Non
525 1865 768 1921 Ixionum
798 1867 971 1939 caput]
1005 1867 1170 1934 Ixion,
1203 1877 1257 1921 ut
1291 1867 1568 1937 Euripides
1599 1867 1688 1932 ait,
1727 1868 1884 1920 Phle-
1924 1878 1964 1935 Β

279 1978 395 2033 gja
422 1972 570 2032 patre
595 1973 782 2019 natus:
805 1975 859 2017 ut
887 1964 1244 2036 Pherecydes,
1268 1963 1521 2026 XEthone.
1541 1980 1659 2017 cum
1691 1964 1756 2015 de
1781 1979 1887 2015 me-

300 2056 387 2107 dio
419 2055 724 2110 sustulisset
767 2055 1053 2121 Eioneum,
1093 2057 1245 2125 eujus
1290 2056 1451 2110 filiam
1500 2058 1714 2111 nomine
1759 2057 1886 2109 Dian

300 2132 523 2198 uxorem
547 2144 809 2200 duxerat:
831 2147 969 2216 quod
996 2148 1039 2200 is
1061 2162 1088 2201 a
1109 2162 1309 2216 genero
1327 2147 1505 2202 debita
1525 2148 1891 2216 promissaque

301 2253 526 2293 munera
557 2238 726 2293 veteri
761 2253 910 2294 more
937 2239 1215 2308 ﬂagitaret,
1245 2250 1403 2310 atque
1441 2241 1718 2312 supposito
1746 2240 1891 2310 tigno

301 2329 354 2378 in
403 2340 682 2381 accensam
729 2328 936 2383 foveam
984 2329 1304 2398 excepisset,
1347 2331 1414 2384 ab
1461 2346 1522 2384 ea
1572 2331 1719 2385 caede
1768 2347 1888 2385 cum

302 2419 514 2474 emteris
541 2436 637 2474 nec
661 2435 812 2489 aquae
838 2423 1166 2488 aspersione,
1191 2438 1362 2492 neque
1389 2423 1776 2489 sanit-iouibus,
1799 2433 1892 2477 aut

302 2509 508 2564 dierum
540 2525 764 2565 numero
797 2511 904 2564 tolli
937 2527 1094 2582 posse
1125 2513 1417 2581 videretur,
1455 2514 1522 2569 ab
1552 2516 1684 2570 Jove
1711 2516 1893 2584 expia-

303 2605 385 2655 t’us
412 2611 514 2655 est.
545 2601 652 2656 Sed
681 2602 726 2657 is
753 2617 870 2656 eam
903 2618 1014 2657 rem
1047 2619 1230 2673 parum
1261 2617 1464 2675 gratam
1499 2605 1706 2672 habuit,
1731 2623 1892 2661 ausus

305 2691 367 2745 ad
398 2702 641 2760 stuprum
684 2691 950 2758 lunonem
997 2710 1308 2762 provocare.
1358 2697 1461 2750 Dea
1502 2699 1892 2753 communicato

302 2798 419 2837 cum
446 2782 576 2839 Jove
601 2783 847 2850 consilio,
881 2785 1103 2840 immisit
1133 2787 1348 2852 nubem,
1381 2804 1538 2858 quam
1568 2805 1660 2858 pro
1685 2791 1893 2846 Junonc

307 2873 634 2946 complexus,
661 2875 958 2932 Centauros
998 2879 1202 2946 genuit,
1236 2888 1287 2932 et
1318 2879 1601 2933 damnatus-
1639 2883 1776 2948 apud
1815 2885 1893 2934 in-

308 2965 445 3021 Ieros
473 2967 687 3022 assidua
720 2979 852 3023 rota:
888 2969 1152 3039 vertigine
1181 2971 1412 3037 rapitur.
1441 2971 1680 3025 Tibullus
1713 2987 1728 3025 :

423 3057 530 3106 illic
545 3056 784 3107 JunOnem
807 3066 1002 3109 tentare
1032 3059 1217 3110 Ixionis
1241 3063 1365 3118 ausi,

489 3120 758 3170 Versantur
783 3122 941 3171 celeri
963 3124 1106 3170 noxia
1128 3127 1346 3171 membra
1375 3133 1480 3171 rota

383 3200 567 3273 Velox]
593 3200 770 3258 Celeri
797 3204 1061 3274 vertigine
1091 3207 1373 3259 versatilis.

382 3279 700 3364 I’rtecipitat]
733 3294 947 3363 Dejicit.

375 3382 510 3455 Sile]
549 3384 669 3439 Sili.
719 3384 1001 3453 Perperam
1047 3386 1246 3442 indocti
1282 3389 1465 3460 legunt
1505 3392 1604 3444 huc
1637 3391 1753 3444 loco
1783 3391 1891 3453 siti,

311 3485 489 3530 contra
521 3477 675 3531 metri
709 3478 994 3542 rationem,
1025 3494 1145 3533 eum
1193 3481 1402 3535 licentia
1438 3499 1470 3552 p
1506 3484 1642 3536 etica
1677 3483 1896 3537 Boetius

311 3567 409 3622 tite
433 3569 833 3636 conscripserit,
867 3579 922 3623 ut
948 3569 1085 3623 libro
1113 3569 1374 3628 Aineidos
1399 3588 1448 3626 vt
1483 3574 1666 3644 Virgil.
1701 3592 1712 3625 :

554 3660 721 3710 Gaude
746 3667 1038 3723 cognomine
1063 3671 1238 3713 terra.‘-
1602 3711 1615 3725 ,

312 3755 402 3808 pro
431 3745 755 3809 cognomini,
789 3753 923 3800 teste
951 3747 1159 3810 Servio,
1192 3755 1247 3800 et
1274 3746 1430 3800 Ovid.
1463 3748 1514 3800 in
1550 3745 1762 3800 Fastis:

437 3830 657 3892 Extaque
680 3834 744 3882 de
769 3849 909 3895 porca
933 3837 1077 3885 cruda
1101 3838 1342 3888 bimestre
1371 3843 1514 3889 tenet
1540 3855 1551 3888 :

312 3925 408 3981 pro
433 3913 695 3968 bimestri.
722 3917 861 3971 Idem
889 3919 1024 3974 libro
1047 3920 1110 3976 tle
1133 3921 1394 3976 Tristibus
1420 3927 1604 3993 quinto
1631 3946 1643 3982 :

435 4002 678 4065 Exiguum
706 4005 848 4066 pleno
870 4009 930 4057 de
957 4023 1092 4060 mare
1115 4011 1278 4062 demat
1303 4026 1460 4074 aqum.

314 4097 406 4152 pro
435 4102 590 4143 mari.

319 4243 326 4252 Ι
383 4175 582 4247 Longa]
620 4178 896 4237 Diulurna.

386 4265 649 4340 Perditus]
681 4271 1050 4328 Excruciatus.

387 4360 614 4432 Spernit]
642 4362 967 4418 Contemnit.
1003 4368 1170 4420 (.Iantu
1207 4370 1348 4423 enim
1391 4373 1596 4428 musico
1623 4373 1896 4438 delinitus,

316 4447 402 4501 siti
435 4464 536 4503 non
563 4451 788 4506 laborat.

385 4526 655 4612 Tantalus]
701 4543 797 4596 Hic
840 4542 1121 4613 Smyrnam
1171 4546 1416 4617 Phrygia:
1447 4553 1530 4606 vel
1559 4554 1640 4622 (ut
1664 4555 1752 4608 alii
1787 4565 1896 4609 tra-

317 4629 466 4699 dunt)
506 4631 748 4701 Sypilum
789 4632 983 4687 tenuit.
1029 4635 1076 4688 Is
1117 4637 1254 4704 apud
1287 4637 1487 4695 inferos
1518 4643 1592 4712 (ut
1625 4646 1767 4697 canit
1798 4646 1896 4698 Ilo.
1931 4623 1976 4680 υ

315 4725 517 4795 merus)
550 4727 700 4794 aquis
734 4727 809 4780 ori
847 4726 1200 4784 allabentibus
1243 4744 1493 4801 perpetua
1539 4737 1624 4789 siti
1673 4730 1897 4792 laborat.

317 4814 574 4882 Snpplicii
603 4830 814 4871 causam
849 4834 953 4872 non
987 4836 1174 4876 omnes
1206 4825 1448 4879 eamdem
1489 4827 1723 4881 tradunt.
1769 4829 1899 4882 Nam

319 4903 529 4972 quidam
552 4905 729 4961 dicunt
757 4923 875 4962 eum
903 4925 1085 4977 pomus
1113 4911 1279 4975 luere.
1302 4916 1440 4984 quod
1463 4918 1710 4985 Pelopem
1736 4921 1900 4974 lilimu

318 4993 420 5045 diis
449 4994 749 5064 hospitibus
773 5001 1094 5067 epulandum
1127 5007 1455 5074 opposuerit.
1484 5009 1728 5065 Nonnulli
1761 5013 1902 5067 refe-

319 5090 441 5133 runt
468 5098 654 5138 canem
692 5089 872 5156 templi
901 5090 1045 5145 Jovis
1069 5092 1120 5146 in
1151 5095 1305 5150 Creta
1336 5099 1607 5154 custodem
1636 5116 1663 5153 a
1694 5102 1900 5156 Panda-

321 5186 413 5224 reo
433 5172 638 5228 Milesio
656 5188 980 5244 surreptam,
1004 5184 1069 5236 ad
1094 5173 1372 5239 Tantalum
1397 5193 1725 5256 pervenisse,
1744 5207 1900 5262 quem

320 5271 440 5312 cum
468 5265 726 5330 repetenti
755 5267 1014 5325 Mercurio
1043 5273 1360 5341 ahjurasset,
1393 5278 1488 5332 hac
1517 5279 1762 5334 aifectum
1794 5298 1906 5351 ρω-

321 5366 410 5404 na.
442 5350 604 5408 Canis
643 5371 836 5412 aureus
866 5371 980 5415 erat
1008 5371 1062 5416 et
1096 5364 1326 5433 spirans.
1361 5366 1427 5422 Ut
1466 5372 1804 5440 Asclepiades
1833 5392 1897 5429 es

323 5443 522 5500 Fabula
567 5448 759 5512 refert,
805 5454 1052 5522 quoniam
1091 5459 1309 5513 deorum
1350 5473 1553 5518 secreta
1588 5470 1913 5523 mortalibus.

321 5539 589 5595 revelarit.
607 5543 842 5598 'Ovidius
876 5563 888 5598 :

445 5651 632 5733 Ql'llf‘Pl'i-I.
659 5665 808 5733 aquas
837 5653 883 5705 in
910 5662 1067 5733 aquis,
1097 5668 1308 5733 etprima
1333 5667 1518 5730 fugacia
1549 5679 1711 5733 captat

510 5712 762 5777 Tantalus,
795 5719 882 5765 hoc
911 5712 978 5768 illi
1002 5712 1194 5781 garrula
1222 5712 1560 5787 linguandedit:

304 5812 608 5884 ‘liuripidcs
647 5821 720 5875 ait
769 5821 819 5875 in
865 5840 988 5878 acre
1032 5835 1741 5902 suspensum.impedimenti
1774 5853 1904 5894 διικο

1568 388 1946 449 MUIHIELLII
1991 383 2508 444 CIMINIENTARIA.

3446 379 3582 436 lOR

1916 514 1965 566 Α
1995 505 2254 570 torqueri.
2301 502 2442 554 Sunt
2479 500 2568 568 qui
2614 498 2914 568 subjectum
2956 497 3142 569 Sypilo
3175 497 3350 552 monti-
3373 497 3584 552 tradant

1995 595 2044 645 in
2080 594 2264 662 Lydia.
2311 591 2595 647 Petronius
2635 592 2688 646 in
2729 591 2956 646 Tantalo
2995 591 3364 660 repraesentari
3394 607 3585 647 avaros

1995 692 2254 749 autumat,
2283 684 2474 749 quibus
2503 698 2634 752 opes
2674 683 2790 736 usui
2830 697 2936 735 non
2981 692 3124 745 sunt,
3156 692 3208 736 et
3237 683 3393 736 siccis
3423 683 3585 736 fatici-

1997 775 2094 828 bus
2141 773 2372 829 conditis
2428 773 2669 842 pecuniis
2722 773 2995 826 incubant.
3049 770 3248 826 Versus
3290 771 3406 842 t-jus
3445 773 3585 844 apud

1996 870 2331 939 Fulgentium
2363 869 2415 922 hi
2447 877 2611 939 sunt;

2119 949 2221 998 Nec
2245 949 2372 1010 bibit
2400 951 2529 997 inter
2554 960 2731 1010 aquas,
2758 961 2850 996 nec
2873 961 3008 1008 poma
3035 948 3252 1008 patentia
3275 951 3432 1009 carpit

2178 1009 2414 1059 Tantalus
2433 1009 2621 1066 infelix,
2646 1024 2794 1072 quem
2823 1024 2905 1056 sua
2933 1020 3040 1056 \Ola
3065 1018 3312 1072 prt-mnu',

2119 1073 2302 1121 Divitis
2328 1073 2432 1120 haec
2454 1075 2617 1131 magni
2644 1071 2796 1120 facies
2823 1073 2937 1128 erit,
2963 1075 3126 1120 omnia
3145 1071 3242 1119 late

2181 1134 2278 1192 Qui
2307 1139 2469 1193 tenet,
2497 1141 2549 1182 et
2572 1137 2700 1183 sicco
2725 1136 2984 1195 cutic0quit
3003 1147 3090 1182 ore
3113 1132 3308 1186 famem.

2076 1201 2124 1256 Μ
2135 1202 2271 1274 odia]
2298 1203 2466 1258 Cantu
2494 1205 2712 1274 Orphei.

2066 1295 2221 1366 Tityi]
2254 1297 2347 1352 llic
2378 1297 2458 1367 (ut
2485 1297 2558 1348 ait
2593 1294 2954 1365 Pherecydes)
2985 1295 3131 1350 Jovis
3161 1305 3216 1350 et
3248 1297 3415 1350 Elarm
3447 1296 3584 1349 Illius

1994 1387 2110 1450 fuit,
2138 1387 2254 1456 ejus
2285 1403 2439 1455 quam
2475 1387 2655 1454 genuit
2699 1384 3089 1440 Orchomenus.
3142 1387 3370 1441 Telluris
3409 1399 3583 1439 tamen

1993 1477 2166 1531 dictu.
2209 1487 2313 1541 est,
2355 1476 2495 1544 quod
2547 1491 2612 1529 eo
2663 1475 2882 1543 gravida
2927 1486 3098 1532 mater
3140 1477 3584 1542 l'llara,'.|ttnonis

1995 1579 2137 1621 metti
2180 1577 2340 1622 turne
2371 1584 2657 1622 cavernam
2690 1567 2929 1635 subiens,
2966 1569 3073 1622 illic
3106 1585 3324 1636 puerum
3359 1570 3583 1638 peperit.

1994 1662 2194 1715 Iudicat
2226 1661 2278 1714 in
2313 1661 2493 1715 Beoda
2525 1660 2718 1715 Strabo
2760 1675 2978 1729 specmn
3015 1661 3226 1716 Elaram
3269 1678 3297 1714 τι
3344 1679 3400 1716 re
3436 1674 3584 1732 gesta

1995 1752 2346 1814 inuuinatam.
2377 1749 2478 1804 Alii
2509 1751 2748 1805 sentiunt
2774 1752 2894 1806 ideo
2917 1761 3075 1806 terra:
3107 1752 3270 1805 lii-um
3295 1753 3420 1817 dici,
3446 1753 3583 1822 quod

1993 1856 2058 1895 ex
2093 1841 2371 1896 hominum
2415 1856 2613 1909 genere
2648 1857 2820 1898 srvos
2861 1851 2914 1896 et
2962 1843 3222 1896 immanes
3262 1843 3584 1912 (cuiusmodi

1995 1932 2182 2000 Tityus
2212 1931 2330 2000 fuit)
2361 1931 2551 1987 fabula:
2595 1949 2662 1987 ex
2707 1944 2845 1988 terra
2895 1944 3047 1988 natos
3091 1934 3314 2004 tingunt.
3343 1944 3393 1989 et
3425 1935 3584 1988 Calli-

1995 2022 2217 2077 machus
2263 2023 2627 2079 atrocissimas
2680 2039 2916 2093 quasque
2971 2025 3169 2079 bestias
3218 2034 3375 2078 terra:
3417 2039 3584 2093 genus

1993 2115 2245 2184 appellat.
2283 2115 2338 2168 In
2373 2130 2560 2170 novem
2591 2115 2776 2185 jugera
2811 2117 3073 2171 distentus
3100 2116 3236 2186 apud
3267 2115 3464 2170 inferos
3497 2130 3586 2182 pa-

1993 2207 2091 2261 scit
2131 2206 2391 2274 vultures,
2435 2216 2490 2261 ut
2530 2218 2716 2261 auctor
2755 2219 2837 2262 est
2875 2209 3158 2274 Homerus,
3196 2208 3447 2274 quoniam
3479 2209 3586 2264 vim

1997 2299 2034 2349 Ι,
2054 2308 2210 2352 dona:
2238 2297 2433 2352 inferre
2458 2300 2698 2364 tentavit,
2727 2299 2804 2354 vel
2833 2301 2912 2370 (ut
2938 2301 3081 2354 canit
3111 2299 3444 2368 Euphorion)
3473 2301 3586 2353 Dia-

1997 2405 2078 2441 me
2121 2389 2310 2443 vitium
2371 2389 2546 2443 intulit
2579 2408 2590 2442 :
2623 2401 2950 2458 quapropter
3000 2391 3262 2460 Apollinis
3316 2401 3365 2445 et
3413 2391 3587 2446 Diana

1998 2481 2114 2534 te'i~
2144 2481 2465 2535 exstinctum
2491 2474 2648 2536 refert
2683 2482 2964 2538 Pindarus.
3483 2535 3486 2537 .

2076 2570 2286 2642 γυιων]
2321 2572 2582 2626 Homerus
2612 2573 2856 2642 geminos
2890 2575 3127 2629 vultures
3157 2574 3402 2628 admotos
3430 2574 3588 2646 Tityo

1996 2663 2160 2729 Capit,
2191 2662 2413 2717 Ovidius
2445 2674 2498 2718 et
2526 2663 2849 2718 Claudianus
2890 2681 3073 2719 unum.
3106 2665 3194 2720 Sic
3227 2677 3277 2720 et
3304 2667 3502 2720 Semel
3539 2666 3588 2722 in
3639 2719 3644 2726 ,

2000 2752 2226 2808 ΙΙνιόυιθ
2255 2754 2450 2808 furenti
2485 2770 2498 2805 :

2120 2845 2316 2895 Praebet
2341 2846 2531 2895 volucri
2555 2846 2727 2910 Tityus
2751 2857 2961 2897 aeternas
2981 2850 3146 2910 dapes.
3545 2912 3550 2914 _

1997 2927 2218 2983 Veteres
2251 2929 2483 3000 theologi
2525 2930 2602 2996 (ut
2648 2924 2808 2986 refert
2863 2934 3163 2988 Macrobius
3210 2934 3260 2987 in
3311 2934 3587 2988 Somnium

1996 3019 2289 3089 Scipionis)
2326 3021 2593 3076 vulturem
2633 3023 2787 3091 jecur
2819 3025 3116 3078 immortale
3148 3027 3481 3090 tendentem.
3510 3026 3588 3078 ni-

1999 3113 2069 3166 hil
2100 3111 2240 3166 aliud
2269 3113 2490 3183 intelligi
2517 3115 2802 3169 volucrunt
2830 3133 2984 3186 quant
3022 3127 3282 3173 tormenta
3314 3120 3590 3172 conscien-

1945 3245 1962 3263 ,
1999 3209 2084 3256 tiae
2130 3203 2365 3258 obnoxia
2405 3204 2625 3274 ﬂagitio,
2677 3207 2882 3261 viscera
2931 3208 3182 3262 in'erTora
3234 3208 3495 3272 rimantis,
3539 3220 3590 3266 et

1949 3286 1963 3300 ’
2000 3295 2111 3363 ipsa
2158 3297 2339 3351 vitalia
2389 3297 2654 3352 indefessa
2705 3299 2921 3355 admissi
2968 3301 3188 3356 sceleris
3228 3301 3591 3357 admonitione

2003 3385 2271 3451 laniantis,
2299 3401 2618 3460 semperque
2650 3407 2828 3454 curas,
2859 3394 2901 3446 si
2936 3394 3275 3462 requiescere
3312 3395 3444 3450 for'e
3475 3407 3591 3449 tcu-

2001 3481 2249 3548 taverint,
2279 3481 2586 3549 excitantis,
2619 3494 2869 3556 tanquam
2903 3487 3050 3544 libris
3081 3493 3484 3546 renascentibus
3514 3493 3593 3545 ἰι-

2001 3569 2278 3638 hzcrendo,
2327 3573 2574 3628 nec'ulla
2620 3575 2720 3631 sibi
2764 3579 3110 3635 miseratione
3146 3583 3436 3651 parentis,
3480 3585 3593 3653 lege

2003 3664 2100 3716 bac
2130 3679 2230 3732 qui
2258 3679 2315 3720 se
2340 3665 2520 3734 judice
2550 3684 2708 3724 nemo
2738 3685 2939 3727 nocens
2973 3673 3288 3741 absolvitur,
3317 3693 3414 3732 nec
3442 3676 3508 3732 de
3536 3694 3593 3733 se

2003 3768 2153 3806 suam
2203 3762 2377 3822 potest
2425 3756 2594 3811 vitare
2641 3762 2983 3817 sententiam.
3038 3763 3159 3818 Illos
3209 3776 3384 3820 autem
3423 3768 3594 3836 epulis

2003 3851 2125 3897 ante
2155 3858 2248 3897 ora
2282 3845 2466 3913 positis
2495 3851 2788 3904 excruciari
2831 3849 2970 3907 fame
3001 3865 3049 3907 et
3089 3853 3260 3908 inedia
3293 3856 3590 3919 tabescere,

2001 3950 2134 4003 quos
2183 3937 2352 4005 magis
2401 3939 2673 4009 magisque
2720 3944 3026 4012 acquirendi
3076 3946 3400 4004 desiderium
3450 3935 3594 4020 cng't

2005 4038 2320 4094 praesentem
2353 4031 2559 4100 copiam
2592 4049 2696 4086 non
2727 4035 2926 4104 videre,
2953 4047 3003 4091 et
3033 4039 3083 4092 in
3110 4041 3378 4095 allluentia
3403 4041 3593 4110 itiones

2003 4120 2253 4187 egestatis
2277 4121 2413 4175 mala
2444 4122 2493 4175 in
2520 4123 2762 4179 ubertate
2795 4127 3085 4196 patiuntur,
3116 4132 3417 4192 nescientes
3442 4145 3592 4205 parta

2006 4211 2274 4278 respicere
2304 4212 2444 4290 dum~
2477 4223 2636 4285 egent
2679 4217 2956 4274 habendis.
2998 4221 3122 4277 Illos
3166 4225 3324 4277 radiis
3357 4236 3590 4281 rotarmu

2007 4300 2241 4364 pendere
2286 4301 2577 4374 tilSIl‘iClOS,
2622 4309 2711 4379 qui
2764 4311 2893 4365 nihil
2941 4317 3171 4369 consilio
3219 4320 3591 4386 pitevidentes,

2005 4393 2137 4467 nihil
2169 4395 2376 4449 ratione
2421 4399 2783 4468 moderantes,
2829 4405 2960 4478 nihil
3009 4407 3285 4462 virtutibus
3316 4412 3594 4479 explican-

2007 4496 2106 4546 les,
2132 4500 2293 4555 seque
2316 4497 2366 4540 et
2394 4500 2544 4544 actus
2575 4509 2701 4545 suos
2727 4511 2913 4549 omnes
2945 4497 3170 4552 fortuna!
3204 4504 3592 4570 permittentes,

2005 4596 2031 4629 ('
2069 4581 2216 4635 sibus
2248 4591 2304 4634 et
2336 4582 2566 4639 fortuitis
2604 4602 2816 4656 semper
2858 4602 3118 4646 r0tautnr.
3167 4591 3364 4646 Saxum
3409 4597 3594 4663 ingens

2013 4669 2252 4736 volvere,
2293 4673 2659 4730 inefficacibus
2703 4680 3088 4751 laboriosisquc
3121 4686 3402 4739 conatibus
3435 4675 3592 4743 vitam

2012 4769 2266 4814 terentes.
2298 4764 2482 4817 Atram
2512 4766 2715 4822 silicem
2746 4771 3012 4838 lapsuram
3044 4790 3276 4842 semper.
3309 4788 3360 4831 et
3388 4780 3597 4835 cadenti

1965 4904 1967 4906 ,
2009 4849 2262 4915 similem,
2297 4851 2507 4910 illorum
2537 4859 2801 4927 capitibus
2843 4863 3120 4918 imminere
3150 4867 3239 4936 qui
3280 4869 3475 4923 arduas
3507 4888 3599 4941 po-

2011 4950 2230 4996 testates
2261 4953 2314 4998 et
2345 4944 2629 5002 infaustam
2661 4951 2899 5006 ambiunt
2929 4958 3288 5026 tyrannidem,
3328 4977 3596 5032 nunquam

1975 5036 2125 5106 .sine
2169 5035 2365 5092 timore
2403 5039 2616 5106 victuri,
2659 5053 2712 5098 et
2757 5055 3009 5115 eugentes
3060 5049 3359 5118 subjectum
3413 5057 3598 5124 vilgns

2008 5127 2210 5192 olisse,
2243 5127 2368 5181 dum
2403 5140 2662 5198 metuant,
2709 5149 2923 5205 semper
2962 5138 3060 5192 sibi
3105 5142 3350 5196 videntur
3377 5148 3598 5200 exitium

2010 5216 2174 5285 (quod
2207 5222 2504 5292 merentur)
2536 5226 2804 5296 excipere.
2838 5227 2931 5284 llic
2962 5230 3279 5288 Macrobius.

2087 5305 2306 5377 Arbiter]
2331 5308 2602 5378 Dominus,
2625 5315 2811 5382 judex.

2088 5396 2412 5471 Umbrarum]
2442 5404 2772 5461 Animarum.

2094 5487 2129 5538 I'
2141 5486 2238 5558 iro]
2271 5489 2505 5559 Orpheo.

2087 5579 2346 5653 Emptum]
2376 5584 2742 5656 liedemptam.

2084 5670 2390 5746 l.'0njugcm]
2422 5677 2739 5750 Eurydicen.

2088 5761 2220 5812 Dum
2246 5774 2436 5821 tartara
2461 5772 2682 5842 liquerit]
2710 5777 2836 5829 Dum
2860 5778 3150 5836 inferorum
3175 5783 3356 5840 sedem
3383 5791 3592 5846 exierit.

2085 5852 2298 5907 Lumina
2324 5860 2548 5930 ﬂectere]
2578 5863 2881 5936 Iie-p'cere.
