4190 6268
590 5406 605 5432 Ι

588 5440 601 5455 1

613 5166 622 5191 l

671 345 809 401 i015

668 569 770 625 est,
802 570 857 613 ut
881 560 1095 614 amanti‘.
1117 575 1178 614 us
1205 561 1375 631 legem
1409 562 1681 631 imponat?
1711 564 1876 617 Amor
1903 564 2043 618 enim
2078 564 2247 633 major

664 653 748 706 lex
793 662 875 707 est
913 653 1011 707 sibi
1052 670 1207 723 quam
1251 655 1354 708 ulla
1399 656 1479 708 lex
1526 656 1853 725 praescripta,
1892 654 1953 711 ac
1992 656 2035 711 si
2078 657 2243 725 dicat,
2306 704 2307 707 η

663 742 833 797 Tanta
865 744 944 796 vis
973 745 1170 798 amoris
1195 754 1275 800 est
1302 754 1357 800 ut
1386 746 1555 816 legem
1586 746 1741 799 aliam
1772 762 1876 799 non
1909 748 2170 800 admittat.

740 834 855 887 Heu
882 836 1041 889 noctis
1070 853 1229 906 prope
1258 838 1519 909 terminos]
1548 837 1601 892 Id
1628 848 1735 906 est,
1763 836 1869 892 sub
1907 839 2074 908 ipsius
2113 838 2249 891 !uc's

661 939 954 981 accessum.
982 925 1068 980 Sic
1101 927 1245 981 Maro
1270 946 1283 981 :

795 1006 814 1022 ⁸
967 1017 1342 1080 Eurydicenque
1373 1030 1506 1067 suam
1524 1017 1619 1079 jam
1641 1018 1751 1067 luce
1776 1019 1869 1068 sub
1892 1020 1997 1079 ipsa

1319 349 1663 406 APPENDIX
1704 353 1796 407 AD
1836 352 2074 410 LIBROS
2114 355 2201 409 DE
2241 355 2759 415 CONSOLATIONE
2801 362 3285 420 PHILOSOPII'UE.

742 466 868 532 Quis
889 468 1043 539 legem
1066 470 1148 524 det
1175 468 1481 541 amantibus]
1501 470 1631 536 Quis
1652 471 1870 543 (inquit)
1894 482 1998 525 tam
2022 471 2252 527 crudelis
2280 475 2331 534 Α
2481 473 2739 523 Inmemor
2762 433 2826 523 tte

3804 371 3948 425 10H

2481 473 2739 523 Immemor
2762 476 2881 536 heu,
2912 478 3160 538 victusque
3189 479 3353 537 animi,
3388 479 3626 538 rtspexit.

2425 554 2681 626 Perdidit]
2713 558 2921 611 Amisit.

2426 647 2646 718 Occidt]
2695 649 2858 703 Media
2909 660 3181 704 contracta
3230 650 3534 721 lege;.dum.
3582 652 3788 709 Sensus
3830 667 3940 721 est,

2348 739 2595 807 Orpheus
2625 743 2737 808 ipse
2766 742 3060 811 Eurydices
3088 744 3372 797 amissione
3396 759 3496 797 una
3522 760 3643 798 cum
3668 762 3728 800 ea
3758 751 3937 817 periit.

2352 831 2604 900 Virgilius
2640 851 2650 884 :
3813 893 3817 896 ,

2416 924 2497 974 Illa
2522 926 2675 984 .Quis
2697 934 2748 976 et
2772 940 2869 989 me,
2886 929 3061 991 inquit,
3076 930 3301 979 miseram
3322 938 3436 981 ette
3458 932 3691 994 perdidit,
3715 932 3936 995 Orpheu.

2426 1006 2489 1059 In
2518 1024 2759 1075 superum
2788 1009 2940 1081 diem]
2971 1011 3024 1065 In
3052 1014 3242 1067 summi
3274 1013 3395 1067 boni
3429 1015 3624 1070 lucem.

1891 1179 2179 1257 LIBER
2227 1177 2729 1269 QUARTUS.

1099 1334 1161 1387 IN
1202 1334 1473 1389 PIlOSAM
1516 1335 1797 1389 PRIMAM.

730 1424 948 1480 Dixerat
973 1428 1144 1495 primo
1176 1427 1444 1482 volumine
1472 1428 1709 1493 Boetius,
1746 1426 1935 1480 Videre
1962 1436 2138 1479 autem
2161 1426 2241 1480 vi-

660 1520 792 1573 deor
812 1518 1042 1573 nefarias
1062 1521 1442 1574 sceleratorum
1470 1519 1713 1574 ofﬁcinas
1735 1519 1925 1588 gaudio
1955 1520 2240 1585 laetitiaque

659 1612 951 1676 ﬂuitantes,
984 1613 1402 1681 perditissimam
1432 1626 1701 1681 quemque
1731 1613 1882 1664 novis
1912 1609 2238 1677 (tela-iduum

659 1705 934 1758 lraudibus
973 1705 1359 1769 imminentem,
1396 1705 1580 1774 jacere
1622 1704 1796 1758 bonis
1838 1704 2003 1757 nostri
2034 1701 2241 1769 discri-

655 1797 814 1850 minis
861 1805 1064 1850 terrore
1121 1806 1442 1865 prostratus,
1499 1794 1817 1863 ﬂvgitiosum
1862 1806 2127 1863 quemque
2174 1790 2239 1844 ad

654 1888 965 1944 audendum
985 1890 1196 1957 quidem
1222 1889 1426 1943 facinus
1454 1888 1787 1957 impunitate,
1812 1885 1877 1938 ad
1900 1882 2238 1938 elﬁciendum

656 1996 787 2035 vero
819 1983 1050 2049 praemiis
1082 1984 1311 2051 incitari,
1345 1985 1584 2038 insontes
1619 1991 1797 2036 autem
1830 1996 1935 2035 non
1966 1978 2126 2033 modo
2155 1992 2241 2031 se-

653 2074 896 2139 curitate,
931 2091 1112 2129 verum
1144 2079 1252 2144 ipsa
1286 2078 1448 2131 etiam
1488 2076 1801 2132 defensione
1847 2074 2104 2143 privatos.
2140 2071 2240 2125 lla-

654 2181 760 2233 qne
783 2166 909 2221 libet
935 2162 1237 2223 exclamare
1268 2187 1280 2221 :
1626 2162 1629 2165 ’

903 2258 943 2306 Ο
967 2257 1191 2307 stelliferi
1216 2260 1435 2308 conditor
1454 2260 1602 2308 orbis.

652 2340 707 2393 In
739 2356 844 2411 quo
873 2342 1083 2410 quidem
1115 2344 1369 2410 carmine,
1406 2352 1462 2397 ut
1503 2343 1664 2396 animi
1712 2342 1929 2395 nimium
1964 2339 2158 2409 perturl
2180 2352 2237 2391 a-

654 2439 761 2498 tus,
793 2432 930 2484 inter
960 2443 1153 2485 cmtera
1185 2442 1236 2486 et
1265 2433 1379 2486 lucc
1406 2432 1587 2486 subdit
1620 2449 1635 2484 :

1021 2522 1209 2572 Premit
1236 2526 1455 2573 insontes

897 2584 1071 2633 Debita
1095 2584 1277 2634 sceleri
1297 2589 1443 2634 noxia
1459 2598 1619 2647 poena.

897 2646 959 2692 At
982 2647 1197 2705 perversi
1224 2648 1446 2695 resident
1461 2646 1603 2695 celso

897 2707 1058 2769 glaces
1081 2707 1217 2765 sulio,
1243 2715 1505 2769 sanctaque
1534 2707 1723 2757 calcant

898 2767 1077 2827 lnjusta
1101 2770 1205 2817 vice
1225 2768 1347 2817 colla
1372 2767 1628 2819 nocentes.

651 2853 719 2907 Et
747 2852 947 2922 reliqua
982 2852 1032 2904 in
1066 2852 1310 2907 eamdem
1354 2850 1697 2906 sententiam.
1747 2851 1858 2906 lloc
1896 2852 2058 2921 igitur
2101 2852 2239 2908 libro

648 2941 988 3011 Philosophia
1013 2943 1092 3012 (ul.
1116 2942 1286 2997 morbi
1317 2942 1550 2997 radicem
1584 2943 1792 3011 penitus
1817 2944 2093 3013 exstirpet)
2115 2961 2235 3000 eam

648 3032 815 3087 Boetii
842 3036 1149 3103 opinionem
1182 3033 1413 3103 graviter
1458 3033 1728 3103 redarguit
1773 3045 1930 3104 atque
1969 3036 2231 3100 confutat,

647 3122 845 3177 dacem
874 3137 1087 3192 semper
1121 3123 1336 3192 quidem
1381 3133 1625 3190 potentes
1666 3124 1834 3179 bonos
1879 3140 2020 3192 esse,
2060 3127 2230 3181 malos
2256 3158 2304 3223 ε
2334 3162 2483 3227 33".],

648 3226 774 3268 vero
799 3213 1039 3284 abiectos
1069 3229 1285 3281 semper
1312 3224 1470 3282 atque
1507 3213 1825 3279 imbecilles,
1854 3229 1951 3269 nec
1978 3216 2093 3269 sine
2121 3230 2230 3284 po:-

645 3317 714 3359 na
742 3318 971 3371 unquam
1004 3317 1123 3356 esse
1152 3303 1298 3367 vitia,
1331 3318 1429 3356 net:
1459 3305 1577 3357 sine
1608 3304 1828 3371 praemio
1854 3305 2104 3368 virtutes;
2130 3303 2227 3357 bn-

647 3393 731 3448 nis
783 3392 984 3457 felicia,
1045 3391 1197 3445 malis
1252 3406 1464 3460 semper
1523 3391 1848 3447 inlortunata
1898 3394 2227 3465 contingere.

644 3484 814 3553 Super
856 3484 1048 3553 quibus
1087 3483 1204 3553 lege
1241 3482 1487 3552 Gorgiam
1534 3484 1792 3553 Platonis,
1835 3485 1941 3540 divi
1986 3486 2227 3555 Gregorii

643 3572 884 3634 Moralia.
917 3583 1077 3642 caput
1105 3576 1344 3643 quintum
1384 3576 1555 3630 oc'avi
1592 3576 1711 3630 libri
1745 3577 2090 3632 thsariensls
2123 3578 2228 3632 Eu-

643 3663 776 3719 sebii
808 3664 874 3719 de
900 3662 1296 3734 Praeparatione
1325 3665 1650 3733 evangelica,
1685 3666 1945 3721 Lactantii
1977 3667 2225 3721 Fitmiani

644 3757 713 3813 de
749 3755 959 3813 Justitia
1001 3767 1158 3827 caput
1203 3757 1294 3820 23,
1336 3757 1615 3827 epistolam
1656 3759 1763 3813 divi
1812 3760 2114 3827 Hieronimi
2162 3761 2227 3816 ad

644 3849 900 3919 virginem
923 3849 1163 3903 exsulem
1191 3847 1625 3912 consolatoriam,
1654 3858 1707 3902 cl
1736 3849 1974 3917 ejn~dem
2005 3852 2223 3902 atteram

644 3942 712 3995 ad
738 3941 968 3995 amicum
999 3950 1282 4012 mgrotum,
1306 3951 1359 3994 ct
1385 3953 1571 3994 rursus
1600 3940 1753 3994 aliam
1777 3957 1895 4011 qua:
1924 3941 2228 3995 insrribitur

645 4032 709 4087 Id
740 4032 1028 4095 Oceanum,
1063 4035 1315 4103 Baptista:
1345 4032 1616 4088 Mantuani
1646 4032 1737 4087 lib.
1775 4049 1804 4085 γ
1839 4032 1904 4086 de
1947 4032 2229 4098 Patientia,

647 4132 702 4177 et
720 4122 772 4177 id
796 4138 963 4193 genus
984 4124 1106 4176 ala.

654 4234 655 4237 ‘
1081 4212 1143 4267 IN
1186 4213 1478 4268 M‘ETIlUM
1520 4213 1801 4269 PRIMUM.

714 4308 940 4362 Carmen
989 4317 1073 4361 est
1120 4307 1332 4361 dicolon
1376 4306 1721 4373 distroplion,
1766 4314 2020 4359 constans
2059 4306 2229 4360 altero

640 4408 809 4454 versu
841 4398 1120 4453 Alcmanio
1159 4397 1421 4468 dactylico
1461 4405 1772 4450 tetrametio
1813 4395 2121 4457 acatalecto,
2151 4396 2226 4449 al-

647 4502 764 4546 tero
793 4489 1137 4545 Archilochio
1165 4488 1393 4543 iambico
1419 4488 1647 4542 dimetro
1681 4486 1991 4540 acatalecto.
2028 4486 2227 4540 Pendet
2258 4518 2304 4575 ο

642 4595 822 4640 autem
866 4600 950 4649 co,
988 4583 1129 4654 quod
1175 4581 1415 4652 proxima
1450 4596 1601 4650 prosa
1636 4581 1766 4633 dixit
1797 4598 1807 4631 :
1846 4577 2048 4631 Pennas
2077 4580 2225 4631 etiam

646 4689 745 4731 tuae
785 4676 961 4739 menti,
991 4675 1170 4744 quibus
1211 4690 1264 4727 se
1301 4674 1353 4726 in
1388 4673 1550 4725 altum
1581 4671 1756 4725 tollere
1796 4675 1969 4737 possit,
2002 4671 2222 4739 aﬂigmn.

642 4769 794 4823 Nunc
832 4767 990 4836 igitur
1035 4767 1109 4819 ait
1156 4764 1495 4832 Philosophia
1526 4762 1590 4816 ad
1623 4777 1799 4816 veram
1848 4760 2224 4814 beatitudinem

645 4859 925 4926 pervenire
968 4857 1233 4910 neminem
1278 4868 1452 4923 posse,
1488 4851 1585 4906 nisi
1618 4852 1797 4904 animo
1835 4850 2084 4905 vittutum
2128 4851 2227 4903 alis

643 4948 876 5011 sublato,
921 4946 1251 5011 terreniSque
1281 4942 1527 4996 omnibus
1556 4941 1820 5010 despectis
1851 4942 2017 4996 caelus
2038 4949 2222 5011 trans-

644 5038 861 5101 cendat,
884 5045 936 5090 et
958 5050 1168 5090 summo
1198 5035 1338 5087 bono
1363 5032 1810 5101 contemplatione
1834 5047 1891 5084 se
1912 5034 2220 5099 coniungat.

718 5126 912 5181 Penno:
936 5123 1188 5195 volucres]
1214 5124 1368 5179 Vires
1389 5123 1580 5178 mentis
1605 5138 1697 5192 per
1718 5121 1955 5178 veritatis
1982 5121 2223 5190 Specula-

644 5223 843 5277 tionem
874 5218 1232 5274 sublevandzc.

714 5309 884 5383 Celso]
914 5310 1062 5365 Altas
1092 5318 1291 5379 partes.
1322 5326 1327 5331 ’

715 5402 857 5473 Pali]
883 5400 1038 5457 Coeli.

719 5491 884 5563 Quas]
911 5492 1139 5547 Pennas.

719 5581 842 5653 Qui]
876 5582 1033 5653 Ignis.

717 5673 853 5741 Agili
875 5670 1036 5742 motu]
1068 5672 1149 5728 Oh
1176 5672 1557 5729 velocissimam
1584 5672 2012 5729 conversionem.

721 5760 974 5828 ιΕιὶιετίε]
995 5762 1150 5816 Coeli.

2431 1330 2696 1402 Verticem]
2722 1332 3117 1388 Summitatem.

2417 1425 2483 1478 In
2506 1426 2769 1491 astriferas
2797 1424 2995 1496 domos]
3024 1427 3081 1481 In
3103 1426 3262 1482 orbes
3291 1427 3648 1495 planetarum.

2419 1512 2633 1584 Pl.trbo]
2670 1515 2802 1569 Soli.
3631 1565 3634 1567 .

2419 1606 2706 1677 Cunjnngat
2729 1603 2856 1675 vias]
2888 1604 3289 1683 Appiopinquet
3315 1617 3369 1662 et
3395 1621 3515 1663 sese
3536 1610 3797 1679 applicet.

2419 1696 2519 1747 Aut
2548 1692 2832 1763 comitetur]
2861 1692 3005 1748 Ordo
3035 1704 3117 1749 est
3144 1713 3157 1749 :
3181 1694 3286 1748 Ant
3313 1696 3483 1751 donec
3513 1713 3667 1754 mens
3695 1701 3812 1770 ipsa
3842 1707 3939 1757 m5-

2345 1784 2440 1850 les,
2474 1785 2522 1839 id
2547 1793 2630 1838 est
2651 1784 2893 1838 ministra
2919 1795 2973 1839 et
2999 1800 3200 1839 comes.
3222 1786 3525 1842 Translatio
3549 1790 3675 1845 inde
3696 1804 3939 1863 sumpta,

2345 1875 2484 1941 quod
2524 1874 2659 1927 sicut
2700 1873 2854 1928 miles
2893 1873 3081 1929 ducem
3129 1890 3282 1929 suum
3326 1880 3632 1944 comitatur,
3671 1884 3743 1936 ita
3785 1901 3941 1941 mens

2344 1964 2640 2019 divinarum
2672 1980 2848 2018 rerum
2881 1966 3318 2033 contemplationi
3354 1968 3708 2039 pliiIoSOphize
3741 1976 3938 2032 studiis

2344 2053 2545 2115 dedi'a,
2574 2068 2663 2108 eas
2691 2052 2960 2108 indefesso
2992 2055 3174 2109 labore
3216 2059 3572 2127 prosequitur.
3607 2060 3834 2118 (Iorusci
3864 2066 3937 2119 si-

2343 2142 2504 2207 detis,
2540 2142 2589 2197 id
2621 2152 2705 2197 est
2728 2142 2896 2209 Jovis,
2924 2145 3073 2211 cujus
3105 2144 3275 2213 fulgor
3305 2146 3393 2214 (bl.
3430 2148 3604 2203 Tullio
3641 2154 3806 2222 teste)
3841 2155 3935 2207 ho-

2345 2236 2546 2289 minum
2588 2235 2771 2304 generi
2816 2249 3101 2304 prosperus
3131 2247 3210 2291 est
3240 2248 3293 2291 et
3329 2239 3606 2306 salutaris;
3645 2245 3935 2299 comitetur

2342 2330 2441 2384 iter
2471 2329 2633 2399 gelidi
2666 2328 2829 2393 senis,
2856 2329 2905 2383 id
2935 2338 3017 2383 est
3043 2330 3277 2385 Saturno
3312 2346 3371 2387 se
3410 2333 3662 2405 adjnngat
3694 2337 3934 2404 planeta-

2342 2436 2458 2473 rum
2494 2434 2727 2483 summo,
2758 2420 2846 2489 qui
2889 2420 3028 2489 apud
3068 2423 3269 2490 priscos
3307 2424 3623 2493 pingebatur
3655 2426 3823 2482 homo
3850 2444 3934 2483 sc-

2341 2526 2463 2575 nex,
2495 2526 2682 2577 canus,
2720 2512 2926 2582 prolixa
2965 2513 3149 2580 barba,
3179 2531 3395 2585 curvus,
3438 2519 3625 2587 tristis,
3673 2521 3931 2591 pallidus,

2341 2611 2479 2657 tecto
2509 2602 2681 2672 capite
2714 2622 2725 2655 :
2755 2614 2809 2658 et
2835 2605 2924 2673 qui
2954 2605 3141 2659 dextra
3179 2607 3390 2673 falcem,
3424 2618 3477 2663 et
3507 2611 3555 2665 in
3588 2613 3773 2667 eadem
3804 2627 3928 2668 ser-

2340 2694 2509 2762 pentis
2533 2695 2815 2764 imag'nem
2834 2696 3058 2752 caudam
3081 2714 3230 2752 suam
3252 2713 3344 2753 ore
3362 2701 3681 2771 mordentis,
3706 2706 3929 2759 sinistra

2338 2783 2590 2839 infantem
2620 2783 2784 2839 ﬁlium
2807 2788 2882 2839 ori
2914 2786 3263 2844 devoraturus
3293 2791 3631 2849 admovebat.
3670 2793 3929 2865 Virgilius

2337 2876 2391 2931 in
2419 2879 2616 2948 Georg.
2643 2897 2656 2931 :

2491 2978 2685 3040 Frigida
2708 2979 2901 3029 Saturni
2926 2993 3039 3029 sese
3061 2994 3157 3044 quo
3172 2982 3315 3031 stella
3339 2990 3580 3046 receptat.

2412 3069 2507 3124 Vel
2542 3071 2864 3141 quocunque]
2904 3070 3047 3127 Ordo
3085 3082 3171 3128 est
3205 3090 3219 3128 :
3259 3074 3350 3129 Vel
3391 3084 3633 3135 recurrat
3660 3077 3919 3133 circulum

2513 3176 2829 3232 quocunque
2862 3163 3063 3219 micans
3093 3176 3200 3220 nox
3231 3166 3483 3237 pingitur.
3556 3169 3567 3179 '

2405 3250 2676 3322 Recurrat]
2714 3254 2957 3323 Repetat,
3005 3255 3221 3311 revisat.
3265 3257 3525 3314 Rectrrat
3560 3269 3742 3318 autem
3772 3262 3915 3328 ideo,

2331 3344 2469 3414 quod
2498 3345 2691 3400 animus
2714 3346 2948 3401 caelestis
2973 3347 3123 3417 origo
3141 3348 3212 3401 sit
3236 3365 3249 3401 :
3270 3348 3449 3418 itaque
3469 3353 3917 3421 contemplatione

2332 3437 2386 3493 in
2434 3438 2662 3507 patriam
2706 3454 2857 3495 suam
2906 3448 3163 3506 recurvat,
3212 3445 3423 3496 tametsi
3471 3442 3688 3511 quidam
3739 3445 3918 3515 legant

2329 3538 2614 3599 percurrat.
2645 3527 2748 3583 Per
2774 3528 2903 3583 a-tri
2932 3528 3188 3583 circulum
3216 3529 3410 3585 coalum
3442 3529 3709 3603 signiﬁcat
3741 3536 3916 3591 stelli-

2332 3618 2524 3684 ferum,
2559 3618 2698 3687 quod
2737 3630 2792 3673 et
2824 3619 3213 3675 ﬁrmamentum
3246 3622 3460 3679 dicitur.

2408 3709 2527 3781 Ubi]
2555 3712 2861 3784 Postquam.

2401 3798 2681 3871 Exltausli]
2707 3802 3101 3866 Exliaustionis,
3134 3803 3405 3871 ﬁnitionis,
3438 3816 3643 3869 exacta:
3671 3808 3917 3876 specula-

2328 3892 2510 3947 tionis.
2538 3891 2767 3946 lmitatio
2793 3902 2875 3946 cst
2902 3892 3175 3961 Virgiliani
3207 3894 3348 3948 illius
3376 3895 3430 3948 in
3458 3891 3597 3951 libro
3620 3897 3819 3968 Georg.
3844 3913 3914 3952 ιιι

2491 3990 2577 4040 Cui
2602 4004 2848 4052 nunquam
2874 3993 3099 4042 exhausti
3120 3994 3237 4042 satis
3261 4001 3356 4043 est.

2328 4074 2613 4143 Perperam
2644 4074 2802 4143 igitur
2840 4075 3067 4131 indoctis
3096 4077 3284 4143 legitur
3308 4077 3655 4132 exhaustum.

2404 4164 2590 4218 Polum
2618 4167 2879 4237 extimum]
2910 4167 3229 4236 Supremum
3261 4170 3479 4225 caelum.
3511 4169 3791 4227 Lucretius
3820 4172 3912 4227 lib.

2327 4255 2397 4311 de
2426 4256 2624 4310 Rerum
2655 4256 2857 4311 Natura
2887 4274 2902 4311 t
2930 4276 2942 4312 :

2452 4354 2584 4416 Ergo
2604 4357 2759 4418 vivida
2782 4359 2855 4405 vis
2872 4360 3018 4405 animi
3050 4359 3270 4418 peri-iuit,
3299 4364 3350 4408 ct
3377 4365 3517 4408 extra

2456 4418 2705 4481 Processit
2732 4417 2879 4478 longe
2905 4417 3392 4468 llamniantia'moziiia
3419 4422 3604 4481 mundi,

2454 4478 2615 4539 Atque
2634 4490 2777 4526 omne
2797 4482 3082 4528 immensum
3102 4483 3379 4542 peragravit
3396 4492 3562 4531 mente
3580 4478 3866 4546 animoque.

2334 4568 2496 4622 Divus
2540 4568 2895 4639 Hieronymus
2923 4578 3105 4623 contra
3141 4566 3483 4624 Iovinianum
3513 4587 3577 4626 ex
3603 4573 3914 4643 Theophra.

2333 4670 2455 4715 sto:
2482 4660 2703 4729 Sapiens
2741 4670 2908 4713 autem
2940 4678 3195 4729 nunquam
3237 4666 3379 4716 solus
3411 4680 3519 4717 esse
3549 4675 3733 4735 potest,
3766 4668 3917 4723 habet

2331 4762 2500 4804 secant
2532 4767 2701 4804 omnes
2725 4751 2814 4821 qui
2840 4761 2975 4817 sunt,
3007 4754 3190 4822 quique
3220 4771 3438 4822 unquam
3466 4757 3666 4826 [uerunt
3695 4754 3838 4825 boni,
3870 4773 3917 4817 et

2332 4843 2556 4894 animum
2578 4840 2791 4894 liberum
2812 4858 3105 4911 quocunth
3126 4845 3226 4896 vult
3251 4847 3509 4915 transfert.
3538 4848 3685 4913 Quod
3704 4867 3918 4917 corpore

2332 4949 2433 4987 non
2479 4943 2667 5003 potest,
2710 4935 3011 5003 cogitatione
3050 4939 3399 5006 eaMplectitur
3427 4955 3448 4994 .'
3478 4950 3523 4995 et
3562 4943 3607 4994 si
3651 4943 3917 4998 hominum

2328 5027 2498 5096 inapia
2528 5027 2701 5093 fuerit,
2731 5027 2953 5094 loquitur
2977 5044 3088 5080 cum
3117 5030 3244 5083 Deo.
3278 5029 3557 5099 Nunquam
3586 5034 3751 5088 minus
3777 5038 3915 5090 solus

2327 5120 2422 5173 erit
2463 5135 2614 5185 quam
2662 5135 2777 5171 eum
2819 5120 2959 5173 solus
3005 5123 3178 5191 fuerit.
3227 5122 3541 5193 Rodnlphus
3581 5127 3823 5196 Agricola
3862 5128 3913 5179 in

2331 5213 2663 5281 Protreptico
2688 5230 2700 5265 :
2729 5212 2856 5277 Quia
2883 5223 3041 5283 potest
3063 5228 3227 5269 autent
3247 5219 3413 5288 major
3438 5233 3565 5285 esse,
3590 5236 3708 5289 qua:
3732 5223 3915 5272 certior

2331 5308 2669 5376 philosophia:
2680 5309 3106 5378 divinitas,quant
3132 5311 3287 5364 nullis
3303 5310 3479 5365 claudi
3494 5314 3743 5379 terminis,
3767 5312 3914 5365 nullo

2329 5399 2498 5467 spatio
2527 5399 2814 5453 contineri?
2856 5398 3006 5453 Vadit
3048 5401 3180 5454 enim
3221 5417 3362 5455 sacer
3397 5403 3492 5456 uiri
3527 5403 3730 5456 animus
3765 5403 3912 5466 liber,

2329 5485 2550 5552 solutus,
2578 5487 2830 5556 nullisque
2866 5489 3108 5543 coercitus
3139 5491 3325 5543 metis:
3349 5499 3394 5544 et
3420 5508 3721 5561 quacunque
3742 5507 3914 5544 rerum

2331 5588 2513 5634 natura
2542 5588 2725 5648 potest,
2756 5594 2968 5652 vagatur
2993 5600 3012 5637 :
3043 5600 3132 5639 nec
3154 5594 3313 5638 terras
3344 5596 3389 5639 et
3416 5586 3579 5639 maria
3607 5586 3795 5647 solum,
3823 5585 3913 5637 sed

2330 5670 2499 5723 sidera
2528 5670 2639 5742 ipsa
2665 5684 3006 5747 cognatosque
3025 5675 3177 5729 caelos
3200 5685 3446 5745 pererrat.
3476 5675 3597 5730 Non
3619 5676 3911 5730 tenuissima

2331 5761 2601 5816 resistunt:
2628 5763 3017 5832 comprehendit.
3053 5775 3341 5834 exsuperat,
3366 5774 3689 5834 penetratque
3711 5772 3906 5835 cuncta.
