4190 6268
348 238 483 307 tots

420 365 644 420 Vereudi
665 362 890 434 luminis]
919 362 1117 417 Ditintc
1146 362 1298 416 lucis.

418 454 542 527 llic]
571 455 717 512 Ultra
744 468 1048 525 supremum
1076 454 1288 509 emtum.

418 546 641 619 [legum]
677 548 924 602 Omnium
957 547 1270 616 principum.

421 641 711 713 Sceptrum]
744 641 1069 705 Dominium,
1094 640 1391 709 imperium.

422 735 471 788 11
478 733 687 807 abenas]
711 734 1087 789 Moderamina.

424 825 711 899 Temperat]
736 827 940 896 Dirigit.

436 918 699 972 Volucrem
725 904 953 987 currum]
984 915 1187 971 Caelum
1221 915 1360 985 quod
1389 917 1685 970 certis~inta
1708 931 1932 970 Conver-

351 1011 504 1065 sione
533 1006 930 1078 circumagitur.

429 1100 615 1152 Rerum
655 1115 895 1153 coruscus
929 1097 1136 1170 arbiter]
1178 1098 1319 1157 Deus
1354 1098 1631 1159 Dominus,
1664 1100 1934 1167 illSpCt'lOl‘

350 1202 403 1246 et
428 1192 589 1260 judex
618 1191 853 1265 omnium
882 1192 1038 1262 longe
1069 1192 1481 1246 illustrissimus.

424 1283 565 1357 Huc]
598 1286 744 1348 Illuc,
778 1296 901 1354 puta
932 1286 996 1339 ad
1025 1285 1205 1339 sedem
1242 1300 1383 1339 verm
1424 1284 1788 1341 beatitudinis.

426 1375 704 1447 Reducem]
729 1377 1072 1460 incolumem,
1104 1378 1308 1432 salvum

431 1467 659 1538 Iteferat]
687 1468 939 1523 Deducat.

433 1560 618 1632 Quam]
649 1562 899 1615 Patriam.

430 1653 727 1726 Immemor]
747 1654 1017 1725 Cor-porca
1047 1654 1362 1723 contagione
1392 1651 1608 1706 oblitus.

427 1744 645 1815 Sistam]
676 1745 826 1800 Stare
851 1744 1189 1811 faciam,'nec
1220 1746 1358 1799 ultra
1389 1745 1619 1799 tendam.

426 1838 641 1910 Torvos]
671 1837 981 1892 Terribiles.

428 1932 610 1985 Cernes
654 1939 899 2000 tyrannos
934 1927 1152 2000 exsules]
1186 1930 1222 1982 Α
1251 1944 1377 1983 vera
1416 1928 1584 1996 patria
1624 1928 1807 1997 procul
1836 1927 1934 1980 ab-

360 2032 620 2078 errantes.
665 2021 869 2081 Seueca
910 2021 961 2074 in
999 2017 1269 2074 Thebaide
1308 2036 1321 2072 :
1359 2018 1531 2091 ttegna
1572 2036 1684 2071 cum
1730 2019 1933 2081 scelere,

361 2113 587 2167 omnibus
617 2120 735 2165 sunt
760 2110 954 2165 exsiliis
984 2110 1237 2181 graviora.

908 2202 972 2256 IN
1013 2201 1278 2257 PROSAM
1322 2202 1383 2256 ll.

431 2295 596 2348 Affert
627 2294 858 2349 rationes
883 2293 1268 2362 pulcherrimas
1295 2291 1731 2358 tirrnissituasqne
1761 2289 1939 2353 ΡΙιὶῙο-

359 2388 566 2455 sophia,
597 2386 789 2452 quibus
819 2385 989 2453 arguit
1021 2385 1188 2438 bonos
1218 2391 1271 2436 et
1296 2384 1489 2436 virtute
1521 2382 1769 2449 pra-dum
1797 2396 1939 2434 sent-

362 2497 454 2549 per
483 2489 725 2549 potentes
765 2495 886 2535 esse
916 2496 929 2531 :
960 2488 1146 2533 contra
1184 2494 1313 2533 vero
1358 2476 1527 2530 malos
1563 2476 1670 2528 imb
1704 2475 1855 2528 cillcs
1885 2483 1934 2528 et

359 2573 607 2628 omnibus
632 2588 771 2627 verte
799 2573 1048 2641 potentia:
1079 2571 1278 2626 viribus
1309 2570 1616 2625 destitutos.

432 2662 569 2716 Nam
617 2678 730 2715 cum
771 2662 955 2715 bonum
1006 2664 1294 2731 malumque
1335 2662 1595 2714 contraria
1631 2661 1751 2733 sint]
1780 2661 1941 2716 Teste

360 2750 626 2806 Cicerone
664 2752 799 2805 libro
836 2752 1253 2805 Tusculanarum
1296 2750 1657 2816 Queest‘onum
1705 2751 1888 2819 quinto
1922 2767 1935 2803 :

358 2840 639 2895 Contraria
672 2855 755 2893 um
782 2840 1049 2893 contraria
1067 2848 1193 2893 sunt
1216 2853 1450 2907 consequ
1489 2840 1621 2894 ntia.

442 2932 718 3001 Verumque
752 2932 893 2986 illum
930 2929 1187 3002 Platonis]
1223 2931 1347 2986 Haec
1374 2934 1639 2985 sententia
1678 2941 1760 2987 est
1799 2932 1939 3000 apud

358 3026 635 3081 Plutonem
665 3025 715 3078 in
738 3024 952 3093 Gorgia,
977 3024 1066 3077 ubi
1091 3023 1339 3078 Socrates
1362 3023 1428 3077 ad
1467 3024 1649 3076 Polum
1677 3024 1789 3078 haec
1815 3025 1890 3078 ait
1920 3040 1934 3078 :

357 3119 540 3171 Assem
574 3116 830 3185 equidem,
872 3131 902 3168 o
944 3114 1093 3180 l’ole,
1120 3125 1223 3168 tam
1260 3114 1485 3169 rhetores
1512 3131 1664 3185 quam
1692 3127 1937 3185 tyrannos

358 3209 617 3261 minimam
650 3208 704 3261 in
742 3207 1024 3261 civitatibus
1061 3208 1243 3261 habere
1280 3209 1576 3278 potentiam,
1609 3211 1938 3277 quemadmo-

358 3299 479 3350 dum
516 3296 667 3368 paulo
698 3306 816 3352 ante
841 3298 1088 3352 dicebam.
1126 3296 1276 3350 Nihil
1317 3298 1449 3351 enim
1478 3299 1555 3376 (ut
1591 3298 1663 3351 ia
1701 3297 1936 3365 dixerim)

358 3390 527 3458 facere
556 3404 621 3443 ea:
650 3389 729 3442 his
756 3404 870 3459 qua:
902 3388 1099 3452 volunt,
1134 3388 1309 3459 facere
1328 3396 1514 3455 tamen,
1542 3387 1680 3458 quod
1706 3387 1800 3441 sibi
1824 3384 1933 3456 opi-

359 3478 591 3533 nantibus
611 3478 855 3549 optimum
877 3479 1125 3532 videatur.

867 3568 970 3624 ηΙΝ
1010 3570 1295 3626 METRUM
1335 3570 1398 3624 ll.

428 3656 654 3713 Carmen
684 3667 766 3713 est
791 3660 1025 3723 dicolon,
1053 3660 1392 3727 distrOphon,
1427 3660 1595 3715 altero
1624 3676 1778 3715 versu
1807 3676 1838 3715 c
1863 3678 1938 3715 n-

359 3762 511 3806 atans
540 3752 813 3806 Alcmanio
843 3751 1117 3806 trochaica
1152 3750 1381 3806 dimetro
1413 3754 1728 3816 acatalecto,
1766 3753 1936 3807 altero

365 3843 724 3900 Pherecratio.
754 3845 918 3899 Docet
948 3844 1457 3915 tyrannos,.tametsi
1484 3842 1639 3912 vulgo
1661 3844 1937 3897 videantur

360 3932 796 4005 iudiceutnrque,
842 3935 1061 3990 minime
1105 3943 1285 3989 tamen
1328 3945 1571 4004 potentes
1612 3950 1732 3991 esse
1764 3954 1778 3991 :
1814 3951 1943 3990 cum-

359 4026 672 4094 gravissima
710 4027 1057 4097 cup'ditatum
1090 4042 1304 4083 suarum
1340 4027 1538 4101 jugiter
1569 4029 1937 4098 opprimantur

359 4117 638 4179 servitute.
666 4115 930 4187 Diogenes
957 4118 1186 4189 Cynicus
1212 4128 1356 4174 recte
1381 4134 1570 4173 servos
1600 4120 1812 4188 quidem
1840 4120 1937 4173 do-

361 4207 540 4273 minis,
570 4208 738 4263 malos
762 4217 937 4263 autem
967 4210 1345 4278 cupiditatibus
1363 4211 1564 4265 servire
1594 4211 1747 4265 dixit.
1780 4211 1937 4265 Te-te

361 4298 566 4356 Joanne
595 4304 829 4371 (ξι-ωιεὼ
859 4302 1036 4355 Omnis
1073 4302 1159 4370 qui
1187 4303 1309 4369 facit
1337 4311 1618 4370 peccatum,
1659 4319 1829 4355 servus
1863 4310 1935 4356 est

362 4391 551 4459 peccati
580 4392 759 4460 (Joan.
806 4394 941 4462 vm).
984 4394 1142 4447 Divus
1172 4395 1399 4463 August.
1433 4395 1569 4448 libro
1608 4394 1676 4449 de
1711 4394 1936 4448 Civitate

1547 245 1916 303 MUIHIELLII
1959 246 2467 310 COMMENTABM.

3462 248 3597 305 iObG

2103 361 2255 432 Illuc]
2288 364 2357 416 Ex
2389 365 2488 416 alia
2519 372 2687 431 puttt‘.

2100 451 2379 523 Flagellat]
2432 454 2707 517 Verberat,
2749 452 2998 505 concutit.
3032 449 3177 506 Ordo
3213 459 3293 505 est
3325 466 3336 501 :
3374 450 3451 503 Ira
3482 456 3601 526 tur-

2028 545 2147 601 Dida
2176 546 2364 600 tollens
2393 547 2602 611 ﬂuctus,
2628 545 2855 613 ﬂagellat
2879 554 3133 599 mentem.

2104 636 2338 707 Fluctus]
2372 638 2542 691 Motus
2572 649 2623 692 et
2650 640 2810 692 animi
2839 647 3016 692 .rstus.

2107 730 2356 802 Turbida]
2381 732 2724 785 'l‘nrbuleuta.

2103 820 2328 892 Tol/ens]
2359 823 2649 876 Snscitans.

2105 911 2313 983 Captos]
2340 913 2398 965 Vi
2433 900 2658 966 tristitia:
2690 913 2877 966 victos.

2105 1004 2344 1073 Lubrica]
2379 989 2663 1069 instabilis,
2696 1004 3024 1068 inconstans,
3054 1002 3216 1057 metui
3245 1002 3458 1056 cedens.

2108 1093 2266 1164 Ergo]
2290 1094 2433 1147 Ordo
2454 1106 2532 1147 est
2561 1111 2572 1146 :
2601 1094 2739 1163 Ergo
2765 1094 2875 1162 ipse
2902 1108 3117 1163 pressus
3147 1092 3339 1161 iniquis
3361 1090 3607 1152 dominis,

2035 1200 2139 1237 non
2174 1184 2295 1237 facit
2333 1184 2472 1251 quod
2504 1192 2671 1254 Optat,
2696 1198 2813 1238 cum
2842 1198 3030 1237 cernas
3060 1197 3220 1236 unum
3254 1180 3393 1235 ferre
3422 1190 3497 1234 tot
3529 1188 3608 1249 ty.

2036 1292 2253 1330 ranuos.
2808 1330 2809 1333 η

2112 1367 2281 1422 Unum
2318 1366 2492 1438 caput]
2522 1367 2694 1423 Unum
2727 1367 3044 1437 ﬂagitiosum
3075 1364 3365 1421 hominem.

2109 1459 2202 1513 Tol
2232 1460 2496 1532 tyrannos]
2527 1462 2628 1514 Tot
2660 1460 2783 1514 vitia
2811 1459 2858 1515 ei
2892 1459 3238 1515 dominantia.

2108 1551 2287 1622 Ferre]
2321 1551 2453 1606 Pati.
2787 1564 2791 1568 ’

2025 1694 2029 1697 .
2108 1639 2228 1693 Non
2263 1645 2385 1711 facit
2414 1642 2548 1709 quod
2576 1642 2737 1711 optat]
2770 1641 2883 1695 Non
2916 1640 3080 1695 el‘ticit
3117 1640 3256 1709 qurd
3287 1639 3418 1704 vult,
3445 1651 3607 1707 eoque

1965 1718 2010 1776 Β
2037 1745 2133 1784 nec
2163 1732 2298 1785 liber
2326 1746 2420 1784 nec
2455 1740 2641 1799 potens
2670 1745 2729 1783 es
2760 1745 2790 1784 e
2820 1731 3011 1784 convin
3034 1730 3169 1783 'ituv'.

2585 1842 2649 1895 IN
2681 1843 2947 1898 PROSAM
2982 1844 3063 1897 ιιι.
3474 1914 3489 1919 1

2107 1938 2274 1990 Acute
2302 1945 2356 1991 et
2384 1935 2614 1990 dilucide
2636 1937 2873 2001 dissvrit,
2909 1951 3174 2004 nunquam
3202 1936 3351 1987 bonis
3377 1937 3611 2001 prmmiu,

2039 2042 2305 2096 nunquam
2351 2041 2445 2080 sua
2476 2027 2767 2080 sceleribus
2810 2026 2998 2079 deesse
3030 2026 3282 2093 supplicia
3309 2041 3322 2079 :
3358 2026 3614 2092 docetque

2040 2122 2291 2175 virtutum
2308 2118 2595 2190 Splendore
2616 2116 2868 2172 mortales
2890 2132 2955 2170 eo
2982 2115 3298 2185 prwstantizc
3321 2116 3613 2184 pervenire,

2039 2223 2095 2263 nt
2124 2210 2190 2263 ab
2213 2207 2469 2277 improbis
2496 2206 2624 2261 nihil
2650 2221 2820 2275 neque
2843 2205 3174 2270 detrimenti,
3200 2220 3372 2273 ltequc
3396 2204 3614 2258 altiuscu-

2041 2303 2199 2357 tionis
2229 2302 2335 2372 pati
2368 2310 2582 2372 queant,
2614 2309 2666 2354 et
2695 2299 2860 2370 (quod
2887 2302 3039 2369 longe
3074 2301 3187 2368 p'us
3214 2301 3319 2362 est)
3346 2301 3474 2353 deos
3498 2315 3615 2353 era-

2039 2399 2187 2453 dere.
2218 2396 2414 2452 Contra
2455 2411 2584 2451 vero
2626 2396 2889 2450 scelerum
2939 2394 3227 2448 inlcctione
3264 2392 3397 2446 adeo
3427 2393 3492 2445 ab
3519 2392 3617 2445 ltu-

2041 2503 2213 2542 rnante
2268 2497 2469 2541 natura:
2517 2486 2775 2555 dignitate
2820 2484 3162 2555 degenerare,
3220 2492 3276 2535 ιιι
3326 2483 3373 2535 in
3426 2480 3618 2535 bestias

2043 2575 2513 2631 transformentnr.
3302 2616 3305 2619 .

2114 2650 2394 2735 In‘stadio]
2424 2666 2477 2720 In
2509 2666 2799 2719 curriculo.
2822 2664 3062 2717 Stadium
3096 2662 3279 2716 Graece
3308 2661 3513 2718 στάδιον
3528 2675 3618 2714 seu
3670 2701 3675 2711 .

2042 2758 2273 2822 στάδιος,
2318 2756 2502 2811 Latine
2551 2753 2895 2815 curriculum,
2945 2753 3093 2806 locus
3123 2761 3205 2804 est
3251 2752 3301 2803 in
3352 2764 3458 2818 quo
3502 2748 3618 2816 equi

2043 2847 2351 2902 hominesve
2388 2852 2631 2908 currunt,
2683 2852 2736 2897 et
2766 2848 2974 2895 certant
3002 2839 3237 2900 athlelm,
3272 2839 3470 2890 dictum
3523 2838 3618 2895 ἀπ(

2040 2950 2130 3002 τῆς
2182 2938 2409 3006 στάδιος,
2466 2938 2565 2992 hoc
2594 2945 2693 3002 est,
2720 2950 2750 2989 a
2797 2935 3048 2995 statione.
3103 2934 3242 3002 quod
3277 2933 3530 2987 Hercules
3558 2949 3619 2988 cn

2042 3031 2216 3100 spatio
2238 3024 2346 3083 uno
2369 3027 2557 3097 spiritu
2582 3025 2828 3080 confecto
2852 3022 3201 3079 constitis-et.
3229 3024 3469 3078 Stadium
3495 3039 3619 3076 con-

2046 3123 2177 3175 tinet
2221 3130 2469 3175 octavam
2509 3119 2658 3173 mille
2707 3132 2957 3187 passuum
2993 3126 3215 3184 partem.
3251 3116 3411 3170 Divus
3439 3117 3619 3171 lliero-

2043 3226 2270 3280 nymus:
2303 3209 2542 3264 Stadium
2569 3219 2639 3261 est
2660 3207 2766 3261 lucc
2795 3208 2895 3261 vita
2924 3207 3238 3261 mortalibus.
3278 3206 3374 3259 llic
3414 3219 3620 3259 contru-

2040 3302 2228 3368 dimus,
2278 3309 2331 3353 ut
2378 3300 2496 3353 alibi
2544 3314 2861 3352 coronemur.
2896 3297 3055 3351 Divus
3098 3297 3432 3362 Ambrosius,
3488 3299 3621 3351 libro

2039 3392 2109 3447 0f
2142 3393 2346 3447 ciorum
2394 3392 2600 3461 primo,
2631 3392 2804 3460 capite
2846 3391 3055 3446 decimo
3096 3400 3251 3445 sexto
3286 3409 3297 3443 :
3335 3390 3381 3457 ρ
3416 3392 3470 3444 id
3499 3392 3625 3461 alibi

2041 3487 2224 3552 poscis,
2255 3486 2391 3555 quod
2431 3483 2831 3543 alibidebetur?
2857 3482 2993 3549 Quid
3034 3498 3356 3551 prmprcpere
3384 3497 3625 3537 coronam

2039 3578 2222 3649 exigis,
2249 3586 2515 3646 antequam
2542 3575 2749 3628 vincas?
2768 3574 2904 3636 Quid
2922 3573 3176 3643 detergere
3200 3572 3480 3643 pulverem,
3503 3574 3624 3639 quid

2038 3668 2348 3733 requiescere
2386 3667 2569 3737 cupis?
2612 3667 2747 3731 Quid
2791 3668 2990 3732 epulari
3022 3668 3176 3736 gestis
3210 3677 3479 3734 antequam
3519 3677 3625 3722 stac

2039 3756 2182 3808 dium
2215 3755 2480 3810 solvatur?
2509 3756 2692 3808 Adhuc
2730 3757 2949 3825 populus
2978 3766 3191 3821 spectat,
3225 3756 3392 3808 adhuc
3419 3758 3624 3812 athleta

2038 3848 2091 3900 in
2116 3857 2375 3902 stemmate
2401 3858 2542 3911 sunt,
2570 3858 2615 3900 et
2638 3850 2818 3918 tujam
2851 3848 3011 3899 otium
3042 3847 3168 3915 petis
3191 3848 3214 3900 ?
3240 3846 3345 3901 Sed
3372 3847 3503 3915 {arte
3538 3846 3624 3901 di.-

2039 3953 2150 4002 cas,
2181 3953 2271 3989 cur
2297 3937 2439 4006 impii
2479 3936 2765 3991 laetantur?
2806 3952 2898 3989 cur
2947 3935 3315 3989 luxuriantur?
3343 3951 3435 3988 cur
3472 3936 3626 3992 etiam

2041 4043 2236 4081 mecum
2256 4042 2357 4080 non
2389 4027 2486 4098 ipsi
2514 4027 2790 4079 laborant?
2814 4027 3052 4094 quoniam
3083 4026 3168 4094 qui
3189 4041 3289 4079 non
3316 4027 3625 4095 subscripsev

2039 4117 2141 4170 rint
2179 4117 2247 4168 ad
2276 4133 2536 4179 coronam,
2567 4132 2667 4168 non
2711 4126 2941 4169 tenentur
2961 4115 3028 4168 ad
3061 4115 3283 4169 laborem
3313 4117 3631 4171 certaminis.

2045 4207 2145 4273 Qui
2187 4207 2239 4259 in
2265 4207 2487 4259 stadium
2533 4223 2631 4258 non
2679 4206 3052 4271 descenderint,
3101 4225 3203 4260 non
3225 4225 3279 4262 se
3308 4210 3628 4279 perfundunt

2039 4298 2172 4362 oleo,
2200 4313 2298 4349 non
2326 4296 2554 4349 oblinunt
2575 4296 2795 4363 pulyerc.
2824 4296 2961 4361 Quos
2990 4307 3154 4350 manet
3174 4298 3627 4367 gloria,exspectet

2038 4389 2231 4459 injuria
2254 4403 2272 4440 :
2296 4389 2594 4460 unguentati
2623 4398 2854 4457 spectare
2874 4390 3057 4449 solent,
3082 4403 3181 4438 non
3212 4386 3469 4440 decertare
3490 4399 3626 4452 ,'n'on

363 4481 687 4549 Deiiquarto,
709 4484 1062 4552 capite'tertio
1087 4502 1097 4535 :
1126 4484 1381 4537 Malorum
1402 4500 1515 4538 vero
1543 4501 1755 4552 regnum
1777 4487 1936 4554 magis
1968 4453 2015 4509 Ι)
2041 4481 2202 4534 solent
2232 4490 2401 4543 trstus,
2433 4482 2709 4546 pulverem,
2738 4481 3022 4546 imbresque
3050 4479 3260 4549 perpeti.
3290 4476 3476 4530 Dicant
3505 4493 3627 4546 ergo

334 4574 687 4647 regnantibus
713 4584 875 4639 nocet,
892 4576 976 4644 qui
997 4592 1113 4629 suos
1130 4577 1324 4629 animos
1344 4584 1536 4629 vastant
1560 4577 1805 4628 scelerum
1830 4594 1938 4629 nta-

360 4664 489 4732 fore,
502 4662 724 4718 licentia.
758 4666 820 4718 Et
850 4682 953 4719 non
994 4667 1159 4719 multo
1201 4676 1316 4734 post
1343 4666 1520 4720 subdit
1551 4684 1563 4719 :
1590 4665 1817 4719 Prot'hde
1847 4669 1935 4721 bo-

360 4767 478 4815 nus,
521 4752 723 4806 etiamsi
750 4757 956 4819 serviat,
1000 4757 1124 4809 liber
1169 4768 1270 4820 est;
1314 4756 1480 4810 malus
1516 4767 1704 4820 autent,
1737 4758 1937 4812 etiamsi

359 4852 553 4912 regnet,
595 4860 764 4899 servus
806 4856 901 4900 est.
947 4847 1055 4901 Nec
1091 4849 1239 4901 unius
1280 4849 1520 4921 hominis,
1552 4849 1639 4903 sed
1682 4850 1835 4921 (quod
1864 4859 1934 4903 est

358 4933 583 5001 gravius)
610 4942 678 4985 tot
706 4932 1022 4989 dontincrum
1044 4948 1163 5008 quot
1189 4940 1444 4991 vitiorum.

430 5022 635 5094 Septos]
665 5025 1052 5093 Circumdatos,
1078 5030 1420 5098 canstipatos.

428 5111 697 5186 Tristibus]
728 5116 1015 5173 Tristitiam
1039 5122 1403 5175 inferentibus.

428 5202 610 5275 Torva]
642 5206 918 5263 Tcrrilico.

431 5293 609 5368 Rabie]
639 5297 890 5355 Feritale.

427 5383 598 5458 Intus]
629 5386 683 5441 In
708 5405 890 5444 eorum
921 5394 1263 5449 conscientia.

427 5476 585 5548 Ilinc]
621 5477 695 5533 Ex
721 5497 821 5533 una
854 5491 1023 5549 parte.

432 5570 636 5644 Versat]
670 5564 934 5643 Exagitat.

425 5662 598 5718 Acidis
628 5663 850 5720 venenis]
882 5666 1210 5722 lllcccbrosis
1241 5666 1361 5721 alie.
1380 5666 1632 5723 tionibus.

2026 4576 2088 4623 et
2131 4571 2231 4638 ipsi
2273 4570 2478 4623 athleta?
2508 4586 2526 4622 .'
2560 4589 2579 4627 ι
2633 4569 2829 4634 Venite,
2878 4570 3137 4622 nobiscum
3182 4568 3426 4621 laborate.
3469 4587 3486 4620 ι
3523 4568 3627 4624 δρα

2040 4648 2415 4732 respondebunt
2444 4671 2751 4729 spectatores
2782 4678 2795 4713 :
2836 4679 2853 4710 ι
2895 4659 3009 4714 Nos
3037 4661 3118 4711 Itic
3157 4659 3360 4711 interim
3399 4659 3462 4712 de
3490 4659 3626 4716 vobis

2030 4755 2349 4825 judicamus,
2384 4768 2469 4805 vos
2518 4763 2688 4806 autem
2730 4754 2839 4805 sine
2877 4751 3021 4803 nobis
3052 4766 3251 4807 coronte
3281 4750 3349 4821 (si
3385 4750 3625 4821 viceritis)

2039 4844 2256 4916 g'oriam
2282 4843 2621 4898 vindicabitis.
2665 4862 2681 4895 ι
2720 4841 2818 4895 Isti
2850 4843 3006 4913 igitur
3030 4843 3115 4912 qui
3142 4842 3193 4894 in
3217 4840 3435 4907 deliciis,
3464 4842 3553 4911 qui
3575 4842 3626 4895 in

2041 4940 2264 5003 luxuria,
2296 4937 2509 5007 rapinis,
2535 4938 2827 5006 qtttestibus.
2856 4936 3129 4997 honoribus
3150 4933 3320 4988 studia
3348 4939 3627 5005 posuerunt

2040 5050 2155 5098 sua,
2189 5040 2494 5102 spectatores
2532 5031 2696 5099 magis
2727 5041 2843 5084 sunt
2869 5046 3017 5108 quam
3051 5028 3390 5098 proeliatores.
3422 5026 3626 5081 [labent
3684 5068 3697 5079 .
3752 5014 3761 5021 ”

2042 5124 2238 5175 lucrum
2280 5122 2503 5184 laboris,
2551 5122 2773 5190 fructum
2806 5120 3004 5173 virtutis
3044 5134 3143 5171 non
3184 5117 3387 5181 habent.
3429 5114 3624 5169 Ferent

2042 5212 2199 5265 otium
2227 5214 2434 5277 astutia,
2463 5222 2508 5266 et
2540 5213 2861 5283 improbitate
2888 5218 3128 5282 oggerunt
3161 5209 3452 5262 divitiarum
3481 5224 3622 5261 acer-

2042 5318 2150 5365 vos,
2179 5302 2270 5354 sed
2297 5302 2549 5355 exsolvent
2573 5302 2759 5371 (serant
2788 5303 2922 5371 licet)
2949 5301 3185 5371 nequitia:
3211 5315 3317 5354 sure
3345 5316 3564 5367 poenam.

2118 5392 2299 5459 Neque
2325 5394 2459 5445 enim
2506 5394 2666 5446 bonus
2692 5393 2829 5447 ultra
2845 5395 2967 5465 jure
2994 5393 3270 5458 vocabitur,
3320 5378 3406 5461 qui
3451 5388 3627 5446 careat

2018 5482 2193 5567 bona]
2223 5485 2494 5538 Sententia
2520 5494 2600 5539 est
2620 5484 2861 5539 Socratis
2895 5485 3144 5539 Platonici
3176 5483 3226 5537 in
3258 5482 3473 5552 Gorgia,
3499 5482 3619 5551 quia
3712 5534 3717 5537 _

2042 5574 2227 5627 bonum
2257 5576 2471 5645 (inquit)
2493 5585 2587 5641 est,
2612 5593 2713 5644 quo
2745 5589 2990 5645 pra‘sentc
3027 5578 3143 5630 boni
3171 5594 3366 5631 sumus.
3399 5576 3619 5631 Prorsus

2040 5669 2157 5719 boni
2189 5684 2299 5721 vero
2329 5684 2499 5721 sumus
2531 5678 2575 5721 et
2611 5684 2721 5734 nos,
2754 5681 2798 5722 ct
2839 5685 3148 5739 qua'cunqtte
3171 5671 3275 5723 alia
3302 5670 3430 5725 bona
3476 5680 3611 5742 sunt,
