4216 6256
625 330 646 381 Ι
658 331 758 383 (li-7

617 553 804 608 easque
825 535 1104 600 sententia:
1132 549 1197 601 Μ.
1233 550 1438 608 Tullius
1469 556 1755 611 subscribit
1781 560 1917 613 libro
1947 562 2204 616 Tuscula-

617 644 806 684 narum
839 632 1198 698 Quzrstionum
1229 643 1419 711 quinto
1460 646 1542 700 bis
1585 650 1760 704 verbis
1788 668 1801 706 :
1830 653 2013 708 Unmes
2045 656 2201 710 bonos

616 736 812 789 semper
843 725 1012 781 beatos
1035 731 1264 786 volumus
1290 751 1415 789 esse.
1445 739 1582 804 Quos
1605 740 1770 794 dicam
1798 743 1977 809 bonos,
2007 748 2201 814 perspi-

614 831 763 870 cit-um
791 830 888 874 est.
936 821 1182 879 Omnibus
1221 830 1352 882 enim
1383 833 1648 886 virtutibus
1679 836 1950 890 instructos
1973 849 2019 892 et
2047 855 2200 893 orna-

613 919 712 972 tos,
765 912 884 964 tum
914 915 1047 969 viros
1076 917 1231 974 bonos
1273 923 1512 980 dicimus.
1565 927 1842 982 Videamus
1879 933 1968 1000 qui
1999 931 2201 986 dicendi

609 1001 710 1052 sint
740 1001 890 1057 beati.
940 1004 1191 1074 Equidem
1237 1014 1328 1065 hos
1374 1017 1627 1081 existimo,
1659 1021 1746 1088 qui
1790 1030 1905 1073 sunt
1945 1023 1993 1073 in
2033 1021 2195 1089 bonis,

609 1090 755 1144 nullo
804 1094 1056 1162 adjuncto
1095 1103 1251 1155 malo.
1302 1104 1411 1158 Nec
1443 1107 1550 1161 ulla
1580 1107 1685 1162 alia
1716 1110 1833 1164 huic
1864 1112 2010 1164 verbo
2058 1127 2195 1184 (cum

609 1179 808 1232 beatum
847 1183 1085 1256 dicimus)
1113 1193 1338 1260 subjecta
1380 1197 1517 1249 notio
1555 1211 1647 1263 cst,
1680 1202 1777 1254 nisi
1804 1205 2006 1256 secretis
2047 1204 2196 1257 malis

609 1281 727 1321 omn
751 1269 862 1337 bus,
893 1278 1153 1330 cumulata
1191 1281 1438 1336 bonorum
1473 1290 1774 1356 complexio.
1817 1292 2082 1347 Hactenus
2110 1292 2196 1347 Ci-

607 1375 751 1414 cero.
785 1363 854 1417 At
885 1364 1201 1425 Laurentius
1237 1373 1407 1440 Valla,
1440 1378 1519 1431 vir
1546 1381 1744 1449 alioqui
1772 1383 2114 1438 ιΙοι-ιίεείιιιυε
2141 1396 2195 1439 et

607 1453 746 1506 acris
776 1463 886 1508 tum
921 1460 951 1512 ii
976 1462 1117 1528 genii
1149 1473 1254 1516 tum
1274 1466 1484 1533 judicii,
1511 1471 1646 1524 libro
1673 1473 1738 1528 de
1765 1473 1904 1529 Vero
1931 1477 2194 1548 Falsoque

607 1545 758 1600 Bono
789 1558 869 1603 ter
895 1550 968 1616 io,
999 1556 1159 1609 n’mia
1191 1559 1474 1615 cavillandi
1502 1564 1716 1620 libidine
1749 1571 1999 1634 percitus,
2035 1572 2191 1625 nimis

605 1657 760 1707 quam
788 1643 1100 1713 insipienter
1119 1651 1168 1703 in
1204 1651 1442 1708 Boetium
1471 1671 1708 1712 nos:rum
1737 1660 1922 1726 fertur,
1955 1661 2039 1715 ubi
2064 1677 2192 1718 con-

605 1734 776 1789 tendit
805 1752 924 1791 eum
953 1743 1003 1793 in
1030 1741 1151 1796 boni
1181 1747 1439 1804 vocabulo
1461 1766 1695 1817 errasse,
1723 1755 1861 1820 quod
1895 1765 1999 1810 tum
2025 1759 2191 1812 virtu-

605 1835 709 1880 tem
743 1837 852 1882 tum
889 1829 1195 1889 felicitatem
1226 1838 1509 1906 significet,
1547 1858 1934 1915 perperamque
1982 1848 2056 1901 ita
2079 1850 2191 1903 col-
2221 1831 2266 1892 Β

603 1917 796 1986 legisse
829 1937 842 1975 :
877 1922 1177 1995 Quicunque
1207 1938 1275 1982 est
1309 1929 1489 1998 bonus,
1521 1935 1560 1986 is
1587 1933 1731 1988 habet
1764 1941 1966 1990 bonum.
2001 1937 2192 1994 Verum

604 2008 762 2075 (quod
788 2012 918 2066 bona
948 2019 1089 2071 venia
1117 2023 1309 2077 dictum
1335 2028 1425 2096 sit)
1464 2027 1609 2084 Valla
1633 2033 1739 2102 ipse
1761 2033 1999 2098 pudendo
2023 2052 2194 2090 errore

603 2099 823 2165 labitur,
872 2122 986 2158 cum
1037 2109 1269 2166 Boetium
1314 2119 1591 2187 insectans,
1646 2124 1816 2178 scribit
1861 2128 2091 2179 virtutem
2133 2146 2193 2180 ac

603 2189 779 2243 vitium
809 2197 1034 2250 actiones
1063 2216 1189 2266 esse,
1214 2204 1507 2271 felicitatem
1533 2229 1642 2264 vero
1669 2224 1815 2282 atque
1843 2214 2192 2284 infelicitatem

560 2343 569 2350 .
601 2281 893 2349 qualitates,
920 2301 998 2337 res
1021 2291 1169 2342 etiam
1197 2293 1380 2359 e/fectu
1408 2301 1460 2368 ip
1490 2316 1518 2352 ο
1548 2301 1676 2352 inter
1707 2319 1760 2355 se
1787 2305 2082 2373 longissime
2111 2309 2191 2362 di-

602 2375 808 2424 stantes.
842 2373 962 2428 Non
986 2380 1126 2430 enim
1143 2381 1218 2450 (ut
1249 2385 1336 2438 ille
1363 2392 1606 2461 somnia?)
1641 2395 1798 2448 virtus
1824 2407 1869 2449 et
1891 2398 2067 2451 vitium
2105 2418 2192 2453 ac-

601 2460 761 2515 tiones
807 2476 947 2533 sunt,
979 2470 1067 2522 sed
1097 2475 1369 2538 qualitates
1394 2490 1438 2530 et
1467 2460 1626 2549 (quod
1654 2484 1767 2552 plus
1799 2485 1895 2556 est)
1933 2488 1982 2540 in
2011 2490 2187 2543 eodem

601 2552 862 2620 qualitatis
883 2575 1065 2627 genere
1093 2579 1204 2616 cum
1234 2565 1477 2645 felicitate
1499 2582 1544 2624 et
1569 2569 1896 2641 infelicitate,
1930 2579 1978 2630 in
2003 2597 2058 2631 co
2092 2583 2189 2634 sci-

600 2643 735 2705 licet,
759 2649 902 2715 quod
917 2652 1176 2708 Aristoteli
1207 2657 1404 2712 habitus
1446 2643 1491 2714 et
1521 2663 1788 2732 dispositio
1820 2679 2044 2724 rocatnr.
2080 2672 2189 2727 Sed

599 2751 657 2787 ne
682 2739 790 2804 quis
820 2752 969 2804 erret,
1006 2746 1508 2804 animadvertendum
1546 2766 1616 2808 est
1649 2756 1906 2824 duplicem
1938 2779 2041 2816 esse
2069 2764 2186 2835 feli-

599 2825 819 2895 citatem,
846 2831 1060 2886 alteram
1091 2838 1292 2905 quidem
1341 2841 1654 2911 inchoa'am,
1703 2866 1856 2918 quam
1889 2852 1982 2906 Dei
2021 2859 2186 2924 gratia

599 2917 745 2970 homo
771 2918 822 2971 in
851 2923 946 2975 hac
976 2925 1074 2978 vita
1104 2929 1346 2984 virtutum
1385 2937 1568 2990 studiis
1600 2944 1946 3011 etmsequitur,
1980 2959 2023 3000 et
2055 2950 2187 3004 hanc

597 3007 811 3061 dicimus
841 3027 946 3065 esse
969 3015 1021 3085 in
1060 3018 1228 3086 prima
1268 3025 1434 3087 specie
1475 3028 1736 3094 qualitatis
1769 3049 1786 3085 :
1814 3034 2024 3090 alteram
2070 3057 2185 3095 vero

597 3099 876 3163 perfectam
911 3113 956 3154 et
995 3108 1226 3163 omnibus
1257 3117 1476 3167 numeris
1523 3119 1826 3187 absolutam,
1863 3131 2012 3193 cuius
2042 3148 2184 3186 mmo

1273 323 1610 398 APPIiNDtx
1653 345 1742 400 an
1781 308 2146 405 tineosos
2183 352 2699 420 CONSULA'HUNE
2741 364 3232 426 rmLosopi-nuz.

621 446 680 498 ob
713 446 946 502 viitntem
982 456 1250 520 quamdam
1282 475 1396 527 qua:
1440 463 1594 514 adsit.
1641 464 1927 518 Socratica:
1973 455 2204 521 Platoni-
2233 475 2279 527 Α

3759 381 3895 431 lii-i3

2311 473 2475 539 μείρεο
2516 479 2747 536 solvitur.
2783 485 2947 538 Silius
2979 487 3187 541 llalicus
3219 488 3354 544 libro
3383 489 3591 545 decimo
3623 495 3778 563 tertio
3800 513 3832 549 :-

2429 562 2534 626 lpsa
2559 568 2755 628 (iuid'em
2780 575 2930 622 virtus
2952 577 3152 625 sibimet
3177 578 3497 638 pulcherrima
3523 595 3732 632 merces.

2376 641 2552 698 Evenit
2582 650 2766 722 igitur]
2812 655 3047 726 Joannes
3102 661 3272 714 Franc
3297 677 3418 716 scus
3467 664 3623 718 l‘icus
3656 669 3704 720 in
3736 683 3888 722 cmu-

2302 737 2582 792 mcutariis
2611 745 2832 797 secundi
2867 732 3051 816 hymni
3081 749 3318 805 heroici:
3353 752 3604 809 Dicuntur
3624 759 3674 810 in
3705 777 3762 811 ea
3791 752 3884 812 Ito-

2302 827 2460 879 mines
2491 829 2638 884 bruta
2670 839 2908 904 converti,
2937 857 3155 909 quorum
3177 842 3394 911 affectus
3427 848 3584 900 nimia
3615 851 3887 908 ioluntatis

2303 921 2660 986 propensione,
2694 941 2890 996 usuque
2917 932 3135 986 rationis
3153 935 3455 1002 posthabito,
3489 950 3881 1004 consequuntur.

2301 1005 2392 1058 Sic
2437 1012 2486 1061 in
2528 1012 2727 1067 leonem
2758 1017 3057 1088 iracundus,
3091 1025 3143 1078 in
3174 1027 3373 1097 vulpem
3413 1040 3628 1097 astutus,
3667 1035 3717 1086 in
3747 1052 3882 1088 suem

2314 1093 2560 1155 l'enereus
2587 1108 2811 1160 converti
2845 1111 3051 1165 dicitur.
3094 1114 3232 1168 Hinc
3260 1093 3409 1187 apud
3448 1120 3809 1194 Pythagora-os
3834 1137 3884 1179 et

2304 1183 2597 1243 Platonicos
2640 1195 2902 1250 hominum
2942 1203 3416 1271 transfmmaliones
3455 1211 3509 1262 in
3549 1212 3715 1277 bruta,
3752 1233 3880 1284 quas

2298 1273 2464 1343 lepide
2492 1296 2689 1352 quoque
2730 1284 3000 1362 Severinus
3031 1293 3282 1347 adnotaus
3320 1299 3678 1356 subindicavit.
3714 1273 3876 1357 Aulo.

2298 1365 2418 1418 nius
2448 1367 2654 1424 Codrus
2685 1390 2932 1432 sermone
2973 1383 3142 1448 primo
3174 1401 3184 1435 :
3219 1384 3365 1437 Sicut
3410 1391 3582 1442 anima
3618 1395 3878 1446 rationalis

2296 1466 2342 1506 et
2369 1473 2444 1526 pr:
2465 1458 2527 1509 ba
2559 1462 2778 1529 formam
2820 1479 3029 1536 prirstat
3078 1473 3292 1539 homini,
3337 1486 3389 1529 et
3416 1478 3571 1531 illum
3601 1480 3876 1535 divinitatis

2294 1547 2591 1618 participem
2637 1555 2759 1621 facit
2799 1571 2816 1607 :
2855 1559 2928 1610 sic
2967 1561 3299 1628 irrationalis,
3357 1578 3402 1619 ct
3446 1570 3673 1636 improba
3713 1577 3876 1639 pecori

2295 1638 2512 1701 formam
2534 1641 2726 1707 tribuit,
2757 1660 2803 1698 et
2837 1649 3088 1704 hominem
3115 1671 3145 1705 a
3175 1670 3310 1710 rec'o
3342 1659 3678 1714 discedentem
3712 1675 3874 1718 trans-

2294 1724 2481 1792 format
2508 1730 2558 1782 in
2587 1732 2828 1791 bet/nam.
2868 1738 3065 1811 Corpus
3095 1761 3213 1814 ergo
3235 1741 3321 1808 ‘(ut
3352 1754 3485 1803 vobis
3517 1763 3592 1807 ost
3622 1756 3692 1808 nd
3713 1759 3744 1823 :)
3781 1776 3875 1811 non

2296 1817 2417 1885 facit
2447 1824 2720 1892 hominem,
2753 1831 2842 1882 sed
2865 1835 3060 1889 anima.
3106 1831 3252 1892 (inde
3291 1858 3357 1892 rei
3376 1853 3422 1894 te
3460 1843 3502 1896 P
3526 1864 3554 1897 a
3580 1864 3608 1898 ο
3637 1847 3712 1914 (ut
3741 1852 3872 1920 reor)

2295 1915 2464 1969 dicere
2491 1918 2701 1983 solebat,
2737 1925 2825 1975 οὐκ
2868 1923 3004 1980 ἔστιν
3047 1924 3302 2003 ἅνθρωπος
3331 1937 3386 1987 τὸ
3427 1935 3694 2010 ἐρώμενον,
3731 1941 3782 1991 id
3808 1957 3873 1995 est

2293 2018 2396 2055 non
2419 2017 2494 2058 est
2515 2008 2666 2061 homo
2709 2013 2762 2063 id
2790 2016 2926 2081 quod
2953 2015 3166 2069 videtur.
3203 2018 3370 2085 Quare
3409 2040 3492 2076 ros
3519 2025 3745 2080 Codrum
3774 2047 3873 2084 non

2294 2093 2491 2160 videtis,
2521 2099 2610 2150 sed
2640 2100 2843 2169 faciem,
2879 2110 2965 2155 scd
2997 2122 3178 2161 inaniis
3212 2117 3256 2160 et
3285 2112 3507 2167 membra
3533 2115 3703 2172 Codri.
3740 2118 3874 2191 Ergo

2293 2188 2428 2240 alien
2467 2207 2580 2244 rum
2610 2210 2761 2263 apum
2787 2197 2896 2249 riol.
2917 2209 3031 2252 ntus
3067 2215 3288 2272 ereptor,
3331 2208 3502 2272 lupum
3527 2226 3581 2262 se
3607 2211 3749 2280 facit.
3781 2215 3872 2277 Qui

2292 2279 2564 2336 insidiator
2609 2295 2681 2339 est
2719 2298 2767 2342 et
2807 2294 3190 2359 fraudulentus,
3234 2309 3451 2353 astutam
3494 2304 3678 2372 vapido
3710 2315 3870 2369 portat

2290 2374 2381 2425 sub
2414 2389 2613 2442 pectore
2652 2379 2872 2448 culpent.
2905 2384 3007 2450 Qtti
3047 2387 3346 2444 libidinosus
3374 2401 3446 2445 est
3481 2403 3527 2445 et
3566 2399 3762 2460 spurcis
3792 2414 3870 2448 ιιι)-

2292 2466 2565 2534 luptatibus
2597 2472 2882 2540 immersus,
2919 2475 2969 2528 in
2998 2479 3193 2531 hircum
3216 2498 3268 2534 se
3294 2483 3369 2534 rel
3391 2484 3443 2536 in
3470 2500 3611 2537 suem
3629 2488 3871 2554 transfor-

2292 2558 2466 2609 marit.
2506 2559 2606 2621 Qui
2647 2561 2873 2630 linguam
2916 2565 3047 2618 hunc
3080 2579 3125 2620 et
3162 2571 3306 2624 illum
3344 2575 3619 2628 mordenda
3655 2589 3870 2642 exercet,

2290 2649 2431 2699 canis
2462 2656 2556 2700 est.
2585 2649 2666 2703 lla
2690 2664 2734 2703 et
2766 2653 2817 2705 in
2843 2655 2970 2708 alias
3009 2657 3204 2712 belluas
3244 2661 3493 2714 hominem
3528 2667 3715 2717 mutari
3741 2666 3867 2717 diri-

2291 2751 2422 2798 mns,
2465 2754 2578 2790 cum
2629 2741 2830 2795 dererta
2870 2745 3068 2799 ratione
3109 2748 3453 2810 irrationalem
3484 2755 3634 2805 sumit
3671 2757 3870 2823 oppeti-

2292 2835 2418 2878 tum.

2829 2903 2893 2958 IN
2927 2906 3216 2964 METRUM
3253 2911 3335 2964 Ill.

2360 2982 2584 3041 Carmen
2609 3002 2684 3042 ρει
2715 2992 3055 3062 Clchnium,
3084 2999 3260 3054 simile
3281 3012 3430 3058 sexto
3459 3004 3866 3070 primivoluini-

2291 3074 2392 3139 nis,
2429 3093 2609 3130 verum
2639 3079 2692 3133 in
2723 3081 2824 3137 hoc
2852 3082 2962 3140 fere
3001 3089 3202 3154 primus
3235 3105 3326 3158 pes
3359 3093 3747 3160 troclueusest,
3781 3098 3871 3150 ul-

1867 3173 1902 3177 "
1931 3173 2010 3193 ἠ
2293 3173 2424 3219 timo
2465 3176 2666 3224 tantum
2713 3189 2868 3228 versu
2913 3189 3158 3247 excepto,
3211 3183 3296 3236 ubi
3336 3183 3604 3252 spondeus
3646 3188 3866 3254 primam

596 3198 712 3241 "me
733 3199 944 3247 ΐηονιεηι
974 3214 1179 3271 compos
1201 3202 1279 3270 fit,
1307 3223 1418 3275 quw
1447 3219 1634 3263 etcum
1667 3231 1862 3269 summa
1891 3218 2021 3273 bona
2055 3223 2184 3277 Deo-
2213 3195 2260 3260 (ἶ
2596 3272 2608 3277 _
2723 3275 2732 3277 _
3033 3271 3042 3277 .
3155 3272 3166 3277 -
3239 3274 3246 3277 .
3336 3274 3346 3277 -
3485 3275 3492 3277 .
3578 3275 3617 3277 ς-
3727 3271 3751 3277 η

596 3294 693 3340 que
726 3282 952 3350 ejusdem
983 3302 1054 3340 est
1104 3293 1421 3360 substantiis,
1472 3311 1528 3351 ut
1567 3319 1720 3372 supra
1760 3307 2027 3368 probatum
2069 3326 2188 3370 est:

596 3384 812 3438 eantque
841 3375 900 3426 ob
933 3377 1235 3444 infinitatem
1287 3387 1381 3438 sub
1430 3388 1573 3441 nullo
1604 3395 2000 3460 prtrdicamento
2026 3405 2186 3459 collo-

595 3461 810 3514 candum
841 3479 1117 3519 censemus.
1152 3467 1376 3525 Proinde
1410 3485 1542 3528 recte
1567 3479 1697 3532 dixit
1733 3480 1942 3540 Boetius
1965 3506 2064 3544 non
2094 3493 2182 3545 bo-

594 3565 714 3601 num
741 3552 876 3603 ultra
897 3554 1021 3622 jure
1047 3560 1235 3621 vocari,
1265 3562 1537 3629 quicareat
1562 3567 1710 3632 bono,
1745 3572 1838 3625 hoc
1862 3591 1887 3627 e
1916 3587 1954 3639 t,
1976 3569 2184 3643 quicun-

594 3658 687 3710 que
727 3643 886 3697 bonus
933 3657 1024 3713 est,
1056 3667 1167 3702 cum
1212 3652 1394 3709 habere
1422 3659 1628 3725 bonum,
1663 3667 1763 3717 sive
1792 3669 2039 3736 rirtntem,
2080 3675 2185 3730 sive

591 3731 742 3786 malis
769 3736 1059 3802 felicitatem
1088 3743 1336 3811 accipere,
1363 3763 1462 3800 non
1492 3757 1769 3820 perfectam
1788 3760 1988 3821 quidem
2013 3758 2175 3831 illa'm,

583 3827 677 3878 sed
704 3826 1016 3894 inchoatam,
1048 3848 1160 3900 quce
1190 3851 1288 3888 non
1313 3837 1423 3904 di/I‘.
1443 3851 1488 3892 rt
1517 3858 1548 3893 a
1574 3844 1773 3911 virtute,
1809 3850 1896 3900 sed
1920 3851 1962 3902 αἱ
1992 3861 2065 3904 est
2094 3869 2179 3907 ea-

591 3918 705 3970 dem
737 3933 766 3973 :‘
786 3922 931 3991 quod
947 3933 995 3975 et
1018 3926 1264 3995 prapheta
1296 3930 1571 3996 testiﬁcaris
1600 3948 1618 3986 :
1649 3933 1836 3989 Beatus
1865 3939 1957 4003 vir,
1993 3941 2176 4011 inquit,

591 4009 673 4060 cui
697 4026 797 4063 non
832 4014 1093 4081 imputavit
1125 4017 1377 4074 Dominus
1407 4035 1685 4093 peccatum,
1718 4045 1808 4082 nec
1837 4041 1909 4083 est
1937 4033 1988 4086 in
2022 4037 2178 4106 spiri-

589 4111 642 4150 tu
671 4101 781 4170 ejus
806 4103 952 4156 dolus
977 4105 1147 4175 (Psal.
1180 4112 1349 4181 χχχι).
1389 4115 1452 4167 Et
1477 4116 1660 4170 beatus
1693 4122 2005 4179 Ambrosius
2040 4101 2176 4185 libro

589 4188 656 4241 dc
694 4189 896 4246 Olliciis
944 4208 1070 4247 seru
1097 4197 1179 4250 ulo
1212 4215 1224 4252 :
1257 4200 1457 4255 Certum
1507 4217 1579 4258 et
1620 4209 1781 4262 solum
1826 4222 1875 4264 et
1920 4232 2175 4272 smnmnm

588 4279 772 4330 bonum
804 4297 918 4333 esse
951 4284 1205 4354 virtutem,
1240 4306 1449 4360 eamque
1476 4295 1738 4350 abundare
1765 4294 1923 4355 solam
1961 4307 2038 4358 ad
2064 4311 2180 4363 vita:

587 4367 808 4431 fructu-nt
872 4373 1048 4441 lit-alte,
1094 4395 1184 4432 nec
1234 4386 1452 4439 externis
1490 4397 1581 4440 aut
1617 4395 1844 4462 corporis
1886 4396 2048 4464 bonis,
2087 4405 2176 4456 sed

584 4459 764 4513 virtute
790 4462 900 4515 sola
925 4466 1078 4518 vitam
1101 4475 1338 4537 prwstari
1369 4476 1458 4527 bra
1485 4493 1588 4541 am,
1618 4498 1706 4549 per
1725 4499 1874 4552 quam
1899 4489 1998 4552 vita
2021 4501 2174 4544 a'ter-

583 4565 649 4601 ua
680 4553 982 4620 acquiritur.
1015 4556 1081 4610 Et
1111 4562 1292 4617 subdit
1320 4565 1455 4620 idem
1490 4571 1678 4626 eodem
1714 4576 1763 4626 in
1793 4578 1960 4632 libro:
1989 4580 2051 4635 In
2074 4601 2172 4652 quo
2196 4566 2257 4636 ,Π
2295 4624 2300 4630 .

581 4655 685 4691 una
711 4640 868 4696 virtus
899 4655 990 4710 est,
1021 4663 1330 4708 concurrunt
1352 4666 1565 4711 cauerat.
1602 4662 1752 4725 Quod
1790 4667 1902 4719 ideo
1933 4674 2169 4739 apposui,

580 4745 638 4780 re
661 4733 773 4796 quis
800 4735 978 4801 forsan
1014 4740 1200 4796 stultus
1225 4753 1272 4798 et
1300 4746 1487 4816 impius
1533 4753 1768 4817 opinetur
1815 4757 1986 4812 virtuti
2030 4763 2171 4827 vitia,

579 4835 689 4884 qua
713 4821 922 4876 miseros
952 4826 1017 4878 ho
1039 4847 1050 4878 ι
1073 4832 1180 4885 ines
1199 4835 1436 4900 reddunt,
1462 4838 1734 4895 cohwrerc.
1760 4845 2009 4919 Socrates
2031 4853 2168 4919 apud

579 4913 852 4969 Platonem
878 4935 888 4968 :
915 4918 1250 4982 Quamobrem
1270 4927 1478 4978 omnino
1497 4934 1837 4986 necessarium
1861 4948 1954 5002 est,
1982 4941 2168 5008 inquit,

577 5022 602 5052 n
632 5003 892 5072 Callicles,
927 5019 1262 5080 temperatum
1285 5015 1467 5078 virum,
1500 5035 1614 5070 cum
1643 5022 1723 5091 (ut
1740 5024 1982 5097 diximus)
1997 5033 2171 5098 justus

533 5117 535 5119 ι
577 5103 622 5143 et
656 5092 805 5154 fortis
827 5097 892 5148 sit
934 5106 982 5150 et
1003 5100 1140 5168 pius,
1185 5119 1294 5155 esse
1315 5107 1534 5173 perfecte
1570 5109 1778 5168 bonum,
1822 5113 2023 5170 Bonum
2059 5137 2170 5174 vero

577 5183 696 5236 bene
727 5184 1033 5259 honesteque
1064 5207 1235 5262 agere,
1266 5187 1514 5266 quidquid
1549 5211 1686 5268 agat.
1724 5202 1858 5256 Eum
1887 5220 2055 5260 autem
2087 5214 2172 5278 qui

575 5276 694 5327 bene
731 5277 858 5348 agit,
897 5273 1094 5349 felicem
1133 5299 1242 5335 esse
1271 5297 1422 5353 atque
1463 5289 1684 5344 beatum.
1733 5291 2027 5363 Improbum
2055 5315 2170 5355 vero

575 5381 630 5416 ac
655 5368 788 5420 male
812 5379 1062 5438 agentem,
1093 5389 1199 5426 csse
1222 5376 1477 5430 miserum.

653 5483 824 5546 Quare
853 5487 1035 5554 probos
1061 5506 1224 5544 mores
1251 5508 1346 5544 sua
1367 5496 1584 5564 prwmia
1612 5513 1711 5550 non
1737 5501 2050 5576 relinquunt]
2086 5504 2171 5558 Di-

571 5586 669 5654 ‘rus
703 5576 1021 5634 Ambrosius
1055 5581 1365 5636 Ofﬁciorum
1402 5584 1540 5638 libro
1567 5589 1739 5654 primo
1774 5606 1786 5642 :
1825 5590 1961 5662 Ergo
1985 5595 2198 5660 impiur

582 5665 688 5727 ipse
724 5667 808 5718 sibi
851 5676 1006 5735 'poena
1044 5681 1138 5737 est,
1175 5677 1349 5742 justus
1393 5687 1558 5728 autem
1600 5679 1704 5745 ipse
1733 5681 1826 5732 sibi
1870 5685 2058 5752 gra'ia.
2107 5686 2172 5739 1th

580 5755 772 5817 utrique
801 5767 888 5806 aut
921 5760 1164 5812 bonorum
1211 5776 1298 5814 aut
1349 5765 1597 5815 nia/crum
1647 5785 1853 5832 operum
1895 5789 2078 5829 merces
2110 5796 2170 5830 et:

2242 3291 2253 3302 .
2290 3259 2558 3325 regionem
2595 3272 2736 3318 tenet
2771 3283 2782 3317 :
2814 3283 2972 3335 quem
3001 3271 3045 3323 si
3079 3272 3196 3339 quis
3237 3274 3306 3325 ita
3336 3274 3541 3342 legerit,
3575 3271 3766 3330 Mentis
3789 3279 3867 3330 ul-

2288 3363 2408 3402 cere
2431 3355 2680 3420 sreviunt,
2711 3356 2905 3426 ubique
2935 3359 3122 3428 prima:
3153 3363 3354 3429 regioni
3385 3365 3678 3419 trochaeum
3704 3365 3867 3419 dede-

2287 3446 2376 3502 ΐιιι
2400 3441 2464 3493 'at
2495 3457 2551 3494 ea
2583 3447 2888 3501 communis
2918 3458 2998 3503 est
3019 3441 3276 3518 spondeo,
3307 3453 3563 3520 trochive,
3590 3465 3645 3509 et
3668 3458 3863 3524 iambo,

2221 3551 2223 3556 ·
2289 3541 2340 3584 ιιι
2371 3545 2420 3586 et
2462 3549 2619 3604 supra
2669 3538 2970 3605 docuimus,
3004 3552 3057 3595 et
3088 3545 3240 3600 facile
3289 3547 3441 3601 nobis
3469 3549 3861 3618 astipulabitur,

2284 3622 2584 3692 quicunque
2626 3629 2909 3698 diligenter
2938 3630 3224 3700 Catullum,
3260 3637 3555 3704 Horatium,
3605 3642 3861 3695 Senecam

2285 3716 2564 3784 tragicum,
2587 3718 2986 3789 Terentianum,
3011 3733 3065 3779 et
3089 3741 3152 3779 ex
3178 3729 3563 3783 recentioribus
3582 3730 3860 3785 Marullum

2285 3804 2491 3873 legerit.
2539 3810 2625 3864 Ait
2663 3823 2839 3873 autem
2887 3815 3246 3886 Philosophia,
3297 3823 3464 3876 ιιιιιιιο
3501 3825 3862 3890 pestilentior:

2283 3910 2406 3950 esse
2455 3901 2616 3955 animi
2660 3904 2784 3957 vitia
2835 3907 3018 3962 Circes
3057 3911 3276 3980 magicis
3317 3913 3768 3970 incantationibus
3809 3929 3864 3972 et

2282 3990 2576 4055 veneficiis,
2609 4010 2723 4061 qua:
2752 3999 3069 4065 Corporibus
3101 4011 3326 4068 tantum,
3349 4021 3454 4059 non
3482 4007 3638 4059 etiam
3670 4013 3862 4061 menti-

2284 4080 2382 4135 bus
2414 4099 2498 4134 ιιυ‹
2519 4085 2658 4140 uisse
2681 4089 2984 4145 traduntur.
3006 4093 3142 4148 Vitia
3168 4111 3293 4150 vero
3321 4099 3652 4153 teterrimatn
3673 4102 3860 4155 animis

2283 4171 2569 4236 perniciem
2601 4175 2858 4233 inferunt.

2354 4263 2542 4319 Net-itii
2569 4269 2732 4340 ducis]
2767 4273 2985 4342 Ulyssis.
3021 4275 3232 4332 Nrritus
3249 4277 3330 4349 (ut
3359 4280 3451 4334 lib.
3483 4297 3512 4333 Χ
3539 4281 3697 4336 docet
3716 4285 3860 4337 Stra-

2284 4356 2372 4424 bo)
2405 4374 2558 4413 Inous
2587 4372 2668 4414 est
2697 4363 2980 4420 frondosus
3011 4369 3059 4420 in
3087 4369 3253 4421 insula
3285 4370 3484 4436 Ithaca,
3505 4387 3662 4440 quam
3695 4377 3860 4429 tenuit

2283 4444 2520 4516 Ulys-es.
2553 4451 2639 4518 qui
2680 4451 2872 4508 dicitur
2899 4456 3020 4516 inde
3047 4457 3150 4511 dux
3185 4459 3437 4514 Neritius.
3469 4462 3713 4517 Ovidius:

2405 4539 2501 4611 Pro
2519 4541 2643 4611 duce
2669 4543 2859 4611 Neritio
2881 4547 3009 4594 ἀοι-ιι
3031 4548 3154 4595 mala
3181 4557 3340 4611 nostra
3366 4559 3520 4611 pectas

2467 4601 2697 4661 Scribite,
2724 4605 2912 4655 Neritio
2938 4620 3046 4656 nam
3070 4611 3188 4656 mala
3215 4610 3352 4673 plura
3367 4601 3482 4659 'tuli.

2358 4680 2567 4755 Pelago]
2598 4685 2750 4754 Mari,
2781 4705 2875 4756 per.
2896 4708 3062 4754 mare.

2354 4776 2527 4847 llatesj
2560 4778 2748 4834 Naves.

2353 4865 2488 4938 Qua]
2522 4868 2575 4920 ln
2607 4886 2706 4938 qua
2741 4871 2934 4926 insula.

2354 4956 2487 5028 Dea]
2517 4959 2690 5014 Circe.
2720 4962 2843 5015 llaec
2872 4963 2953 5033 (ut
2983 4965 3244 5021 Homerus
3267 4968 3471 5036 scribit)
3510 4967 3612 5021 filia
3645 4968 3741 5021 fuit
3763 4968 3862 5022 So-

2278 5045 2343 5098 lis
2375 5061 2438 5099 ex
2471 5048 2631 5103 Perse
2663 5051 2854 5104 Oceani
2889 5052 3014 5118 filia,
3043 5070 3198 5110 soror
3228 5057 3380 5123 Olim:
3423 5058 3741 5112 Colchorum
3775 5073 3860 5110 re-

2279 5138 2379 5202 gis,
2427 5141 2646 5206 magica:
2691 5144 2966 5210 sapienticc
3007 5148 3351 5215 penitissima.
3387 5150 3650 5204 Habitavit
3683 5159 3860 5204 autem

2277 5228 2328 5279 in
2366 5234 2486 5282 Assa
2515 5232 2682 5284 insula
2713 5233 2924 5288 editiori
2957 5237 3006 5288 in
3041 5239 3178 5302 loco,
3209 5256 3366 5307 quem
3389 5242 3590 5294 circum
3613 5242 3864 5295 errabant

2273 5330 2327 5372 et
2369 5324 2473 5375 ursi
2505 5329 2556 5375 et
2597 5325 2802 5388 leones,
2855 5343 2990 5395 qttos
3033 5329 3122 5381 illa
3161 5331 3437 5384 veneﬁciis
3473 5331 3594 5384 cibo
3621 5341 3672 5384 et
3717 5333 3860 5399 potui

2277 5413 2522 5467 immisns
2553 5433 2614 5469 ex
2646 5418 2949 5473 hominibus
2982 5421 3121 5474 feras
3153 5425 3370 5488 fecerat,
3405 5437 3580 5478 tamen
3611 5424 3661 5477 in
3693 5423 3864 5476 homi-

2279 5525 2374 5562 nes
2405 5527 2508 5562 non
2532 5513 2848 5576 stevicbant,
2875 5515 2966 5568 sed
2998 5517 3154 5569 veluti
3185 5533 3343 5572 caues
3369 5517 3740 5572 adulabantur.
3773 5515 3862 5568 Illa

2276 5605 2452 5656 socios
2494 5603 2702 5671 Ulgssis
2732 5609 2890 5658 vertit
2920 5610 2968 5660 in
3003 5625 3216 5676 porros,
3249 5626 3441 5675 przcwr
3474 5609 3858 5680 Eurylochum,

2274 5697 2362 5762 q-zi
2396 5696 2632 5749 fraudem
2667 5698 2715 5749 in
2744 5699 2971 5753 ενιιιιιεὶο
2998 5718 3118 5755 esse
3148 5704 3468 5771 suspicmus,
3494 5719 3597 5756 non
3623 5704 3858 5755 intravit.

2278 5785 2505 5854 Legatur
2557 5787 2818 5843 llomcrtts
2852 5792 2986 5846 llbl‘O
3016 5792 3270 5862 t‘dysscgc
3303 5810 3353 5858 κ,
3391 5794 3637 5864 Virgilius
3667 5792 3858 5848 Eiici-
