  <div class='ocr_page' id='page_1' title='image "/cluster/home/n/w/nwhite01/storage/ocr_20150623/63/hvd.32044073498792/530.png"; bbox 0 0 4190 6268; ppageno 0'>
   <div class='ocr_carea' id='block_1_1' title="bbox 311 355 448 410">
    <p class='ocr_par' dir='ltr' id='par_1_1' title="bbox 311 355 448 410">
     <span class='ocr_line' id='line_1_1' title="bbox 311 355 448 410; baseline 0.015 -2"><span class='ocrx_word' id='word_1_1' title='bbox 311 355 448 410; x_wconf 70' lang='grc'><strong>1049</strong></span> 
     </span>
    </p>
   </div>
   <div class='ocr_carea' id='block_1_2' title="bbox 307 562 664 617">
    <p class='ocr_par' dir='ltr' id='par_1_2' title="bbox 307 562 664 617">
     <span class='ocr_line' id='line_1_2' title="bbox 307 562 664 617; baseline -0.006 -1"><span class='ocrx_word' id='word_1_2' title='bbox 307 563 460 616; x_wconf 91' lang='lat' dir='ltr'><strong>culus</strong></span> <span class='ocrx_word' id='word_1_3' title='bbox 485 562 580 617; x_wconf 79' lang='lat' dir='ltr'><strong>lili.</strong></span> <span class='ocrx_word' id='word_1_4' title='bbox 613 579 664 615; x_wconf 88' lang='lat' dir='ltr'><strong>v.</strong></span> 
     </span>
    </p>
   </div>
   <div class='ocr_carea' id='block_1_3' title="bbox 382 650 1886 723">
    <p class='ocr_par' dir='ltr' id='par_1_3' title="bbox 382 650 1886 723">
     <span class='ocr_line' id='line_1_3' title="bbox 382 650 1886 723; baseline 0.001 -17"><span class='ocrx_word' id='word_1_5' title='bbox 382 650 526 706; x_wconf 89' lang='lat' dir='ltr'><strong>Solis</strong></span> <span class='ocrx_word' id='word_1_6' title='bbox 557 653 694 704; x_wconf 66' lang='lat' dir='ltr'><strong>edita</strong></span> <span class='ocrx_word' id='word_1_7' title='bbox 722 650 928 723; x_wconf 75' lang='lat' dir='ltr'><strong>semine]</strong></span> <span class='ocrx_word' id='word_1_8' title='bbox 964 653 1053 707; x_wconf 69' lang='grc' dir='ltr'><strong>γει</strong></span> <span class='ocrx_word' id='word_1_9' title='bbox 1083 651 1187 705; x_wconf 82' lang='lat' dir='ltr'><strong>ﬁlia</strong></span> <span class='ocrx_word' id='word_1_10' title='bbox 1213 653 1372 714; x_wconf 78' lang='lat' dir='ltr'><strong>Solis,</strong></span> <span class='ocrx_word' id='word_1_11' title='bbox 1413 662 1468 705; x_wconf 84' lang='grc' dir='ltr'><strong>ιιι</strong></span> <span class='ocrx_word' id='word_1_12' title='bbox 1498 655 1569 707; x_wconf 87' lang='lat' dir='ltr'><strong>ait</strong></span> <span class='ocrx_word' id='word_1_13' title='bbox 1605 654 1886 721; x_wconf 89' lang='lat' dir='ltr'><strong>llomcrus,</strong></span> 
     </span>
    </p>
   </div>
   <div class='ocr_carea' id='block_1_4' title="bbox 308 743 930 798">
    <p class='ocr_par' dir='ltr' id='par_1_4' title="bbox 308 743 930 798">
     <span class='ocr_line' id='line_1_4' title="bbox 308 743 930 798; baseline -0.005 -1"><span class='ocrx_word' id='word_1_14' title='bbox 308 743 393 798; x_wconf 90' lang='lat' dir='ltr'><strong>cui</strong></span> <span class='ocrx_word' id='word_1_15' title='bbox 426 743 571 797; x_wconf 79' lang='lat' dir='ltr'><strong>Maro</strong></span> <span class='ocrx_word' id='word_1_16' title='bbox 602 743 888 797; x_wconf 76' lang='lat' dir='ltr'><strong>subscribit</strong></span> <span class='ocrx_word' id='word_1_17' title='bbox 917 760 930 794; x_wconf 88' lang='lat'>:</span> 
     </span>
    </p>
   </div>
   <div class='ocr_carea' id='block_1_5' title="bbox 498 835 1468 885">
    <p class='ocr_par' dir='ltr' id='par_1_5' title="bbox 498 835 1468 885">
     <span class='ocr_line' id='line_1_5' title="bbox 498 835 1468 885; baseline -0.002 0"><span class='ocrx_word' id='word_1_18' title='bbox 498 837 651 885; x_wconf 90' lang='lat' dir='ltr'><strong>Dives</strong></span> <span class='ocrx_word' id='word_1_19' title='bbox 677 839 945 885; x_wconf 82' lang='lat' dir='ltr'><strong>inaccessos</strong></span> <span class='ocrx_word' id='word_1_20' title='bbox 967 835 1046 885; x_wconf 88' lang='lat' dir='ltr'><strong>nbl</strong></span> <span class='ocrx_word' id='word_1_21' title='bbox 1068 835 1196 885; x_wconf 88' lang='lat' dir='ltr'><strong>Solis</strong></span> <span class='ocrx_word' id='word_1_22' title='bbox 1220 835 1312 883; x_wconf 84' lang='lat' dir='ltr'><strong>tilia</strong></span> <span class='ocrx_word' id='word_1_23' title='bbox 1334 836 1468 885; x_wconf 73' lang='lat' dir='ltr'><strong>lucos</strong></span> 
     </span>
    </p>
   </div>
   <div class='ocr_carea' id='block_1_6' title="bbox 497 899 1116 946">
    <p class='ocr_par' dir='ltr' id='par_1_6' title="bbox 497 899 1116 946">
     <span class='ocr_line' id='line_1_6' title="bbox 497 899 1116 946; baseline -0.003 0"><span class='ocrx_word' id='word_1_24' title='bbox 497 899 704 946; x_wconf 63' lang='lat' dir='ltr'><strong>Assidue</strong></span> <span class='ocrx_word' id='word_1_25' title='bbox 727 903 922 946; x_wconf 81' lang='lat' dir='ltr'><strong>resonat</strong></span> <span class='ocrx_word' id='word_1_26' title='bbox 944 905 1083 944; x_wconf 81' lang='lat' dir='ltr'><strong>cantu</strong></span> <span class='ocrx_word' id='word_1_27' title='bbox 1104 911 1116 944; x_wconf 90' lang='lat'><strong>:</strong></span> 
     </span>
    </p>
   </div>
   <div class='ocr_carea' id='block_1_7' title="bbox 309 980 658 1035">
    <p class='ocr_par' dir='ltr' id='par_1_7' title="bbox 309 980 658 1035">
     <span class='ocr_line' id='line_1_7' title="bbox 309 980 658 1035; baseline -0.003 -1"><span class='ocrx_word' id='word_1_28' title='bbox 309 989 363 1034; x_wconf 83' lang='lat' dir='ltr'><strong>et</strong></span> <span class='ocrx_word' id='word_1_29' title='bbox 391 980 611 1035; x_wconf 84' lang='lat' dir='ltr'><strong>Ovidius</strong></span> <span class='ocrx_word' id='word_1_30' title='bbox 645 996 658 1033; x_wconf 93' lang='lat'><strong>:</strong></span> 
     </span>
    </p>
   </div>
   <div class='ocr_carea' id='block_1_8' title="bbox 498 1069 1510 1118">
    <p class='ocr_par' dir='ltr' id='par_1_8' title="bbox 498 1069 1510 1118">
     <span class='ocr_line' id='line_1_8' title="bbox 498 1069 1510 1118; baseline 0 -1"><span class='ocrx_word' id='word_1_31' title='bbox 498 1069 718 1117; x_wconf 81' lang='lat' dir='ltr'><strong>Venerat</strong></span> <span class='ocrx_word' id='word_1_32' title='bbox 742 1070 788 1116; x_wconf 87' lang='lat' dir='ltr'><strong>in</strong></span> <span class='ocrx_word' id='word_1_33' title='bbox 814 1069 960 1116; x_wconf 82' lang='lat' dir='ltr'><strong>silvas</strong></span> <span class='ocrx_word' id='word_1_34' title='bbox 979 1074 1028 1117; x_wconf 88' lang='lat' dir='ltr'><strong>et</strong></span> <span class='ocrx_word' id='word_1_35' title='bbox 1051 1069 1142 1117; x_wconf 85' lang='lat' dir='ltr'><strong>tilia</strong></span> <span class='ocrx_word' id='word_1_36' title='bbox 1167 1069 1295 1118; x_wconf 86' lang='lat' dir='ltr'><strong>Solis</strong></span> <span class='ocrx_word' id='word_1_37' title='bbox 1318 1071 1510 1117; x_wconf 77' lang='lat' dir='ltr'><strong>easdem</strong></span> 
     </span>
    </p>
   </div>
   <div class='ocr_carea' id='block_1_9' title="bbox 314 1149 1888 1220">
    <p class='ocr_par' dir='ltr' id='par_1_9' title="bbox 314 1149 1888 1220">
     <span class='ocr_line' id='line_1_9' title="bbox 314 1149 1888 1220; baseline 0.001 -18"><span class='ocrx_word' id='word_1_38' title='bbox 314 1151 405 1202; x_wconf 66' lang='lat' dir='ltr'><strong>Vel</strong></span> <span class='ocrx_word' id='word_1_39' title='bbox 449 1153 530 1213; x_wconf 83' lang='lat' dir='ltr'><strong>(ut</strong></span> <span class='ocrx_word' id='word_1_40' title='bbox 576 1151 810 1204; x_wconf 86' lang='lat' dir='ltr'><strong>Diodoro</strong></span> <span class='ocrx_word' id='word_1_41' title='bbox 849 1149 1042 1220; x_wconf 82' lang='lat' dir='ltr'><strong>placet)</strong></span> <span class='ocrx_word' id='word_1_42' title='bbox 1090 1167 1151 1204; x_wconf 71' lang='lat' dir='ltr'><strong>ex</strong></span> <span class='ocrx_word' id='word_1_43' title='bbox 1208 1163 1355 1217; x_wconf 84' lang='lat' dir='ltr'><strong>patre</strong></span> <span class='ocrx_word' id='word_1_44' title='bbox 1393 1153 1534 1204; x_wconf 82' lang='lat' dir='ltr'><strong>Solis</strong></span> <span class='ocrx_word' id='word_1_45' title='bbox 1573 1169 1655 1218; x_wconf 69' lang='lat' dir='ltr'><strong>ne]</strong></span> <span class='ocrx_word' id='word_1_46' title='bbox 1679 1153 1768 1210; x_wconf 88' lang='lat' dir='ltr'><strong>tis.</strong></span> <span class='ocrx_word' id='word_1_47' title='bbox 1824 1168 1888 1206; x_wconf 79' lang='lat' dir='ltr'><strong>ex</strong></span> 
     </span>
    </p>
   </div>
   <div class='ocr_carea' id='block_1_10' title="bbox 311 1239 1181 1308">
    <p class='ocr_par' dir='ltr' id='par_1_10' title="bbox 311 1239 1181 1308">
     <span class='ocr_line' id='line_1_10' title="bbox 311 1239 1181 1308; baseline 0 -15"><span class='ocrx_word' id='word_1_48' title='bbox 311 1249 480 1293; x_wconf 88' lang='lat' dir='ltr'><strong>matre</strong></span> <span class='ocrx_word' id='word_1_49' title='bbox 511 1239 708 1293; x_wconf 83' lang='lat' dir='ltr'><strong>Hecate</strong></span> <span class='ocrx_word' id='word_1_50' title='bbox 738 1241 1012 1308; x_wconf 75' lang='lat' dir='ltr'><strong>proneptis</strong></span> <span class='ocrx_word' id='word_1_51' title='bbox 1046 1243 1181 1307; x_wconf 82' lang='lat' dir='ltr'><strong>ejus.</strong></span> 
     </span>
    </p>
   </div>
   <div class='ocr_carea' id='block_1_11' title="bbox 380 1334 1374 1405">
    <p class='ocr_par' dir='ltr' id='par_1_11' title="bbox 380 1334 1374 1405">
     <span class='ocr_line' id='line_1_11' title="bbox 380 1334 1374 1405; baseline 0 -17"><span class='ocrx_word' id='word_1_52' title='bbox 380 1334 636 1405; x_wconf 79' lang='lat' dir='ltr'><strong>Carmine]</strong></span> <span class='ocrx_word' id='word_1_53' title='bbox 667 1335 1047 1389; x_wconf 84' lang='lat' dir='ltr'><strong>Incantatiune.</strong></span> <span class='ocrx_word' id='word_1_54' title='bbox 1089 1335 1335 1405; x_wconf 82' lang='lat' dir='ltr'><strong>Virgilius</strong></span> <span class='ocrx_word' id='word_1_55' title='bbox 1361 1353 1374 1388; x_wconf 90' lang='lat'><strong>:</strong></span> 
     </span>
    </p>
   </div>
   <div class='ocr_carea' id='block_1_12' title="bbox 494 1423 1580 1487">
    <p class='ocr_par' dir='ltr' id='par_1_12' title="bbox 494 1423 1580 1487">
     <span class='ocr_line' id='line_1_12' title="bbox 494 1423 1580 1487; baseline -0.002 -13"><span class='ocrx_word' id='word_1_56' title='bbox 494 1423 798 1474; x_wconf 79' lang='lat' dir='ltr'><strong>Carminibus</strong></span> <span class='ocrx_word' id='word_1_57' title='bbox 819 1425 956 1476; x_wconf 85' lang='lat' dir='ltr'><strong>Circe</strong></span> <span class='ocrx_word' id='word_1_58' title='bbox 975 1428 1130 1475; x_wconf 89' lang='lat' dir='ltr'><strong>socios</strong></span> <span class='ocrx_word' id='word_1_59' title='bbox 1151 1428 1353 1475; x_wconf 89' lang='lat' dir='ltr'><strong>mutavit</strong></span> <span class='ocrx_word' id='word_1_60' title='bbox 1379 1426 1580 1487; x_wconf 30' lang='lat' dir='ltr'><strong>Ulyssa&#39;i.</strong></span> 
     </span>
    </p>
   </div>
   <div class='ocr_carea' id='block_1_13' title="bbox 388 1506 847 1578">
    <p class='ocr_par' dir='ltr' id='par_1_13' title="bbox 388 1506 847 1578">
     <span class='ocr_line' id='line_1_13' title="bbox 388 1506 847 1578; baseline 0 -18"><span class='ocrx_word' id='word_1_61' title='bbox 388 1506 550 1578; x_wconf 84' lang='lat' dir='ltr'><strong>Quos]</strong></span> <span class='ocrx_word' id='word_1_62' title='bbox 585 1509 847 1575; x_wconf 78' lang='lat' dir='ltr'><strong>Hospites.</strong></span> 
     </span>
    </p>
   </div>
   <div class='ocr_carea' id='block_1_14' title="bbox 389 1596 1382 1668">
    <p class='ocr_par' dir='ltr' id='par_1_14' title="bbox 389 1596 1382 1668">
     <span class='ocr_line' id='line_1_14' title="bbox 389 1596 1382 1668; baseline 0.002 -16"><span class='ocrx_word' id='word_1_63' title='bbox 389 1596 479 1668; x_wconf 88' lang='lat' dir='ltr'><strong>Ut]</strong></span> <span class='ocrx_word' id='word_1_64' title='bbox 520 1597 826 1667; x_wconf 84' lang='lat' dir='ltr'><strong>Postquam.</strong></span> <span class='ocrx_word' id='word_1_65' title='bbox 1379 1649 1382 1654; x_wconf 94' lang='lat'><strong>.</strong></span> 
     </span>
    </p>
   </div>
   <div class='ocr_carea' id='block_1_15' title="bbox 388 1686 1779 1756">
    <p class='ocr_par' dir='ltr' id='par_1_15' title="bbox 388 1686 1779 1756">
     <span class='ocr_line' id='line_1_15' title="bbox 388 1686 1779 1756; baseline -0.003 -16"><span class='ocrx_word' id='word_1_66' title='bbox 388 1687 453 1741; x_wconf 88' lang='lat' dir='ltr'><strong>In</strong></span> <span class='ocrx_word' id='word_1_67' title='bbox 482 1689 646 1741; x_wconf 84' lang='lat' dir='ltr'><strong>varios</strong></span> <span class='ocrx_word' id='word_1_68' title='bbox 676 1686 870 1756; x_wconf 86' lang='lat' dir='ltr'><strong>modos]</strong></span> <span class='ocrx_word' id='word_1_69' title='bbox 900 1688 954 1741; x_wconf 91' lang='lat' dir='ltr'><strong>In</strong></span> <span class='ocrx_word' id='word_1_70' title='bbox 977 1689 1215 1743; x_wconf 86' lang='lat' dir='ltr'><strong>diversas</strong></span> <span class='ocrx_word' id='word_1_71' title='bbox 1243 1687 1532 1742; x_wconf 87' lang='lat' dir='ltr'><strong>belluarum</strong></span> <span class='ocrx_word' id='word_1_72' title='bbox 1566 1687 1779 1739; x_wconf 88' lang='lat' dir='ltr'><strong>formas.</strong></span> 
     </span>
    </p>
   </div>
   <div class='ocr_carea' id='block_1_16' title="bbox 309 1777 1232 1848">
    <p class='ocr_par' dir='ltr' id='par_1_16' title="bbox 309 1777 1232 1848">
     <span class='ocr_line' id='line_1_16' title="bbox 309 1777 1232 1848; baseline -0.003 -16"><span class='ocrx_word' id='word_1_73' title='bbox 309 1796 312 1798; x_wconf 86' lang='grc'><strong>·</strong></span> <span class='ocrx_word' id='word_1_74' title='bbox 393 1777 576 1848; x_wconf 82' lang='lat' dir='ltr'><strong>Vertit]</strong></span> <span class='ocrx_word' id='word_1_75' title='bbox 603 1778 840 1831; x_wconf 84' lang='lat' dir='ltr'><strong>Mutavit.</strong></span> <span class='ocrx_word' id='word_1_76' title='bbox 926 1794 1054 1821; x_wconf 62' lang='grc' dir='ltr'><strong>--κιέ</strong></span> <span class='ocrx_word' id='word_1_77' title='bbox 1209 1790 1232 1829; x_wconf 80' lang='grc'><strong>⁸.</strong></span> 
     </span>
    </p>
   </div>
   <div class='ocr_carea' id='block_1_17' title="bbox 384 1865 1202 1935">
    <p class='ocr_par' dir='ltr' id='par_1_17' title="bbox 384 1865 1202 1935">
     <span class='ocr_line' id='line_1_17' title="bbox 384 1865 1202 1935; baseline -0.002 -15"><span class='ocrx_word' id='word_1_78' title='bbox 384 1865 748 1935; x_wconf 82' lang='lat' dir='ltr'><strong>Herbipotens]</strong></span> <span class='ocrx_word' id='word_1_79' title='bbox 783 1866 968 1920; x_wconf 87' lang='lat' dir='ltr'><strong>llerbis</strong></span> <span class='ocrx_word' id='word_1_80' title='bbox 997 1877 1202 1935; x_wconf 87' lang='lat' dir='ltr'><strong>potens.</strong></span> 
     </span>
    </p>
   </div>
   <div class='ocr_carea' id='block_1_18' title="bbox 389 1954 1889 2026">
    <p class='ocr_par' dir='ltr' id='par_1_18' title="bbox 389 1954 1889 2026">
     <span class='ocr_line' id='line_1_18' title="bbox 389 1954 1889 2026; baseline -0.003 -16"><span class='ocrx_word' id='word_1_81' title='bbox 389 1955 750 2026; x_wconf 70' lang='lat' dir='ltr'><strong>Marmaricus]</strong></span> <span class='ocrx_word' id='word_1_82' title='bbox 782 1956 864 2010; x_wconf 82' lang='lat' dir='ltr'><strong>Ab</strong></span> <span class='ocrx_word' id='word_1_83' title='bbox 893 1956 1084 2010; x_wconf 67' lang='lat' dir='ltr'><strong>Africae</strong></span> <span class='ocrx_word' id='word_1_84' title='bbox 1124 1957 1360 2026; x_wconf 75' lang='lat' dir='ltr'><strong>regione,</strong></span> <span class='ocrx_word' id='word_1_85' title='bbox 1394 1955 1480 2008; x_wconf 86' lang='lat' dir='ltr'><strong>ubi</strong></span> <span class='ocrx_word' id='word_1_86' title='bbox 1528 1954 1738 2022; x_wconf 83' lang='lat' dir='ltr'><strong>plurimi</strong></span> <span class='ocrx_word' id='word_1_87' title='bbox 1770 1963 1889 2007; x_wconf 84' lang='lat' dir='ltr'><strong>sunt</strong></span> 
     </span>
    </p>
   </div>
   <div class='ocr_carea' id='block_1_19' title="bbox 315 2047 516 2100">
    <p class='ocr_par' dir='ltr' id='par_1_19' title="bbox 315 2047 516 2100">
     <span class='ocr_line' id='line_1_19' title="bbox 315 2047 516 2100; baseline -0.01 0"><span class='ocrx_word' id='word_1_88' title='bbox 315 2047 516 2100; x_wconf 81' lang='lat' dir='ltr'><strong>leones.</strong></span> 
     </span>
    </p>
   </div>
   <div class='ocr_carea' id='block_1_20' title="bbox 388 2134 1888 2206">
    <p class='ocr_par' dir='ltr' id='par_1_20' title="bbox 388 2134 1888 2206">
     <span class='ocr_line' id='line_1_20' title="bbox 388 2134 1888 2206; baseline -0.001 -19"><span class='ocrx_word' id='word_1_89' title='bbox 388 2134 547 2188; x_wconf 80' lang='lat' dir='ltr'><strong>Dente</strong></span> <span class='ocrx_word' id='word_1_90' title='bbox 566 2137 741 2188; x_wconf 78' lang='lat' dir='ltr'><strong>crescit</strong></span> <span class='ocrx_word' id='word_1_91' title='bbox 767 2147 814 2188; x_wconf 87' lang='lat' dir='ltr'><strong>et</strong></span> <span class='ocrx_word' id='word_1_92' title='bbox 845 2135 1122 2206; x_wconf 73' lang='lat' dir='ltr'><strong>unguibus]</strong></span> <span class='ocrx_word' id='word_1_93' title='bbox 1154 2135 1380 2202; x_wconf 72' lang='lat' dir='ltr'><strong>Maiores</strong></span> <span class='ocrx_word' id='word_1_94' title='bbox 1405 2135 1503 2189; x_wconf 87' lang='lat' dir='ltr'><strong>sibi</strong></span> <span class='ocrx_word' id='word_1_95' title='bbox 1541 2144 1595 2187; x_wconf 89' lang='lat' dir='ltr'><strong>et</strong></span> <span class='ocrx_word' id='word_1_96' title='bbox 1621 2135 1806 2187; x_wconf 80' lang='lat' dir='ltr'><strong>dentes</strong></span> <span class='ocrx_word' id='word_1_97' title='bbox 1835 2143 1888 2187; x_wconf 88' lang='lat' dir='ltr'><strong>et</strong></span> 
     </span>
    </p>
   </div>
   <div class='ocr_carea' id='block_1_21' title="bbox 315 2227 1526 2296">
    <p class='ocr_par' dir='ltr' id='par_1_21' title="bbox 315 2227 1526 2296">
     <span class='ocr_line' id='line_1_21' title="bbox 315 2227 1526 2296; baseline -0.002 -16"><span class='ocrx_word' id='word_1_98' title='bbox 315 2241 516 2296; x_wconf 71' lang='lat' dir='ltr'><strong>ungues</strong></span> <span class='ocrx_word' id='word_1_99' title='bbox 539 2227 951 2280; x_wconf 81' lang='lat' dir='ltr'><strong>transfurmatus</strong></span> <span class='ocrx_word' id='word_1_100' title='bbox 983 2227 1033 2279; x_wconf 91' lang='lat' dir='ltr'><strong>iu</strong></span> <span class='ocrx_word' id='word_1_101' title='bbox 1071 2228 1276 2280; x_wconf 82' lang='lat' dir='ltr'><strong>leonem</strong></span> <span class='ocrx_word' id='word_1_102' title='bbox 1300 2227 1526 2292; x_wconf 85' lang='lat' dir='ltr'><strong>accepit.</strong></span> 
     </span>
    </p>
   </div>
   <div class='ocr_carea' id='block_1_22' title="bbox 387 2315 1888 2386">
    <p class='ocr_par' dir='ltr' id='par_1_22' title="bbox 387 2315 1888 2386">
     <span class='ocr_line' id='line_1_22' title="bbox 387 2315 1888 2386; baseline -0.001 -16"><span class='ocrx_word' id='word_1_103' title='bbox 387 2315 781 2386; x_wconf 78' lang='lat' dir='ltr'><strong>Superadditus]</strong></span> <span class='ocrx_word' id='word_1_104' title='bbox 815 2317 1094 2384; x_wconf 85' lang='lat' dir='ltr'><strong>Pcrperam</strong></span> <span class='ocrx_word' id='word_1_105' title='bbox 1127 2318 1306 2386; x_wconf 80' lang='lat' dir='ltr'><strong>legunt</strong></span> <span class='ocrx_word' id='word_1_106' title='bbox 1335 2317 1556 2380; x_wconf 80' lang='lat' dir='ltr'><strong>inducti,</strong></span> <span class='ocrx_word' id='word_1_107' title='bbox 1601 2333 1767 2384; x_wconf 81' lang='lat' dir='ltr'><strong>nuper</strong></span> <span class='ocrx_word' id='word_1_108' title='bbox 1794 2316 1888 2368; x_wconf 77' lang='lat' dir='ltr'><strong>atl-</strong></span> 
     </span>
    </p>
   </div>
   <div class='ocr_carea' id='block_1_23' title="bbox 316 2405 709 2478">
    <p class='ocr_par' dir='ltr' id='par_1_23' title="bbox 316 2405 709 2478">
     <span class='ocr_line' id='line_1_23' title="bbox 316 2405 709 2478; baseline 0.005 -18"><span class='ocrx_word' id='word_1_109' title='bbox 316 2405 366 2460; x_wconf 85' lang='lat' dir='ltr'><strong>tii</strong></span> <span class='ocrx_word' id='word_1_110' title='bbox 395 2422 476 2461; x_wconf 90' lang='lat' dir='ltr'><strong>us.</strong></span> <span class='ocrx_word' id='word_1_111' title='bbox 693 2462 709 2478; x_wconf 74' lang='grc'><em>,</em></span> 
     </span>
    </p>
   </div>
   <div class='ocr_carea' id='block_1_24' title="bbox 386 2499 1887 2571">
    <p class='ocr_par' dir='ltr' id='par_1_24' title="bbox 386 2499 1887 2571">
     <span class='ocr_line' id='line_1_24' title="bbox 386 2499 1887 2571; baseline 0.001 -18"><span class='ocrx_word' id='word_1_112' title='bbox 386 2499 581 2571; x_wconf 87' lang='lat' dir='ltr'><strong>Ululat]</strong></span> <span class='ocrx_word' id='word_1_113' title='bbox 617 2501 786 2554; x_wconf 86' lang='lat' dir='ltr'><strong>Prima</strong></span> <span class='ocrx_word' id='word_1_114' title='bbox 811 2510 1026 2555; x_wconf 77' lang='lat' dir='ltr'><strong>extenta</strong></span> <span class='ocrx_word' id='word_1_115' title='bbox 1072 2503 1321 2570; x_wconf 82' lang='lat' dir='ltr'><strong>positum,</strong></span> <span class='ocrx_word' id='word_1_116' title='bbox 1368 2519 1522 2571; x_wconf 82' lang='lat' dir='ltr'><strong>quam</strong></span> <span class='ocrx_word' id='word_1_117' title='bbox 1570 2503 1710 2555; x_wconf 71' lang='lat' dir='ltr'><strong>Maro</strong></span> <span class='ocrx_word' id='word_1_118' title='bbox 1757 2519 1887 2555; x_wconf 89' lang='lat' dir='ltr'><strong>con-</strong></span> 
     </span>
    </p>
   </div>
   <div class='ocr_carea' id='block_1_25' title="bbox 316 2593 517 2648">
    <p class='ocr_par' dir='ltr' id='par_1_25' title="bbox 316 2593 517 2648">
     <span class='ocr_line' id='line_1_25' title="bbox 316 2593 517 2648; baseline 0.005 -7"><span class='ocrx_word' id='word_1_119' title='bbox 316 2593 517 2648; x_wconf 77' lang='lat' dir='ltr'><strong>traxit;</strong></span> 
     </span>
    </p>
   </div>
   <div class='ocr_carea' id='block_1_26' title="bbox 498 2679 1505 2743">
    <p class='ocr_par' dir='ltr' id='par_1_26' title="bbox 498 2679 1505 2743">
     <span class='ocr_line' id='line_1_26' title="bbox 498 2679 1505 2743; baseline 0 -15"><span class='ocrx_word' id='word_1_120' title='bbox 498 2681 568 2728; x_wconf 79' lang='lat' dir='ltr'><strong>Ac</strong></span> <span class='ocrx_word' id='word_1_121' title='bbox 589 2679 753 2730; x_wconf 76' lang='lat' dir='ltr'><strong>formze</strong></span> <span class='ocrx_word' id='word_1_122' title='bbox 773 2695 1058 2743; x_wconf 81' lang='lat' dir='ltr'><strong>magnorum</strong></span> <span class='ocrx_word' id='word_1_123' title='bbox 1081 2682 1268 2731; x_wconf 86' lang='lat' dir='ltr'><strong>ululare</strong></span> <span class='ocrx_word' id='word_1_124' title='bbox 1291 2683 1505 2732; x_wconf 86' lang='lat' dir='ltr'><strong>leonum.</strong></span> 
     </span>
    </p>
   </div>
   <div class='ocr_carea' id='block_1_27' title="bbox 390 2760 1546 2835">
    <p class='ocr_par' dir='ltr' id='par_1_27' title="bbox 390 2760 1546 2835">
     <span class='ocr_line' id='line_1_27' title="bbox 390 2760 1546 2835; baseline 0.003 -22"><span class='ocrx_word' id='word_1_125' title='bbox 390 2760 554 2828; x_wconf 74' lang='lat' dir='ltr'><strong>Tigris</strong></span> <span class='ocrx_word' id='word_1_126' title='bbox 586 2760 786 2834; x_wconf 73' lang='lat' dir='ltr'><strong>Indica]</strong></span> <span class='ocrx_word' id='word_1_127' title='bbox 817 2763 906 2818; x_wconf 86' lang='lat' dir='ltr'><strong>Sic</strong></span> <span class='ocrx_word' id='word_1_128' title='bbox 929 2764 1198 2819; x_wconf 72' lang='lat' dir='ltr'><strong>iuvenalis</strong></span> <span class='ocrx_word' id='word_1_129' title='bbox 1228 2777 1404 2835; x_wconf 71' lang='lat' dir='ltr'><strong>satyro</strong></span> <span class='ocrx_word' id='word_1_130' title='bbox 1439 2766 1506 2818; x_wconf 83' lang='grc'><strong>15</strong></span> <span class='ocrx_word' id='word_1_131' title='bbox 1535 2805 1546 2817; x_wconf 95' lang='grc'>.</span> 
     </span>
    </p>
   </div>
   <div class='ocr_carea' id='block_1_28' title="bbox 437 2849 1640 2916">
    <p class='ocr_par' dir='ltr' id='par_1_28' title="bbox 437 2849 1640 2916">
     <span class='ocr_line' id='line_1_28' title="bbox 437 2849 1640 2916; baseline 0.004 -18"><span class='ocrx_word' id='word_1_132' title='bbox 437 2849 600 2899; x_wconf 77' lang='lat' dir='ltr'><strong>Indica</strong></span> <span class='ocrx_word' id='word_1_133' title='bbox 623 2851 784 2912; x_wconf 78' lang='lat' dir='ltr'><strong>Tigris</strong></span> <span class='ocrx_word' id='word_1_134' title='bbox 801 2855 902 2913; x_wconf 75' lang='lat' dir='ltr'><strong>agit</strong></span> <span class='ocrx_word' id='word_1_135' title='bbox 923 2853 1087 2903; x_wconf 82' lang='lat' dir='ltr'><strong>rabida</strong></span> <span class='ocrx_word' id='word_1_136' title='bbox 1111 2867 1219 2902; x_wconf 88' lang='lat' dir='ltr'><strong>cum</strong></span> <span class='ocrx_word' id='word_1_137' title='bbox 1251 2855 1431 2915; x_wconf 75' lang='lat' dir='ltr'><strong>tigride</strong></span> <span class='ocrx_word' id='word_1_138' title='bbox 1454 2867 1640 2916; x_wconf 85' lang='lat' dir='ltr'><strong>pacem.</strong></span> 
     </span>
    </p>
   </div>
   <div class='ocr_carea' id='block_1_29' title="bbox 318 2934 1890 3005">
    <p class='ocr_par' dir='ltr' id='par_1_29' title="bbox 318 2934 1890 3005">
     <span class='ocr_line' id='line_1_29' title="bbox 318 2934 1890 3005; baseline 0 -19"><span class='ocrx_word' id='word_1_139' title='bbox 318 2934 642 3002; x_wconf 79' lang='lat' dir='ltr'><strong>Pomponius</strong></span> <span class='ocrx_word' id='word_1_140' title='bbox 673 2935 802 2989; x_wconf 81' lang='lat' dir='ltr'><strong>Mela</strong></span> <span class='ocrx_word' id='word_1_141' title='bbox 835 2936 969 2990; x_wconf 88' lang='lat' dir='ltr'><strong>libro</strong></span> <span class='ocrx_word' id='word_1_142' title='bbox 1001 2939 1155 2991; x_wconf 90' lang='lat' dir='ltr'><strong>tertio</strong></span> <span class='ocrx_word' id='word_1_143' title='bbox 1182 2955 1192 2988; x_wconf 90' lang='lat'>:</span> <span class='ocrx_word' id='word_1_144' title='bbox 1223 2936 1380 2991; x_wconf 74' lang='lat' dir='ltr'><strong>Sili-te</strong></span> <span class='ocrx_word' id='word_1_145' title='bbox 1405 2937 1508 2988; x_wconf 89' lang='lat' dir='ltr'><strong>alia</strong></span> <span class='ocrx_word' id='word_1_146' title='bbox 1547 2936 1890 3005; x_wconf 81' lang='lat' dir='ltr'><strong>quoquedira</strong></span> 
     </span>
    </p>
   </div>
   <div class='ocr_carea' id='block_1_30' title="bbox 316 3024 1888 3096">
    <p class='ocr_par' dir='ltr' id='par_1_30' title="bbox 316 3024 1888 3096">
     <span class='ocr_line' id='line_1_30' title="bbox 316 3024 1888 3096; baseline 0.001 -20"><span class='ocrx_word' id='word_1_147' title='bbox 316 3025 580 3088; x_wconf 81' lang='lat' dir='ltr'><strong>animalia,</strong></span> <span class='ocrx_word' id='word_1_148' title='bbox 614 3041 782 3078; x_wconf 71' lang='lat' dir='ltr'><strong>verum</strong></span> <span class='ocrx_word' id='word_1_149' title='bbox 810 3036 853 3078; x_wconf 89' lang='lat' dir='ltr'><strong>et</strong></span> <span class='ocrx_word' id='word_1_150' title='bbox 885 3025 1060 3096; x_wconf 80' lang='lat' dir='ltr'><strong>Tigres</strong></span> <span class='ocrx_word' id='word_1_151' title='bbox 1085 3031 1250 3094; x_wconf 80' lang='lat' dir='ltr'><strong>ferunt</strong></span> <span class='ocrx_word' id='word_1_152' title='bbox 1282 3029 1453 3095; x_wconf 82' lang='lat' dir='ltr'><strong>utique</strong></span> <span class='ocrx_word' id='word_1_153' title='bbox 1485 3024 1764 3094; x_wconf 69' lang='lat' dir='ltr'><strong>Hyrcaniae</strong></span> <span class='ocrx_word' id='word_1_154' title='bbox 1790 3041 1888 3077; x_wconf 79' lang='lat' dir='ltr'><strong>sw-</strong></span> 
     </span>
    </p>
   </div>
   <div class='ocr_carea' id='block_1_31' title="bbox 317 3114 1892 3185">
    <p class='ocr_par' dir='ltr' id='par_1_31' title="bbox 317 3114 1892 3185">
     <span class='ocr_line' id='line_1_31' title="bbox 317 3114 1892 3185; baseline 0.001 -19"><span class='ocrx_word' id='word_1_155' title='bbox 317 3129 430 3168; x_wconf 79' lang='lat' dir='ltr'><strong>rum</strong></span> <span class='ocrx_word' id='word_1_156' title='bbox 476 3114 703 3183; x_wconf 67' lang='lat' dir='ltr'><strong>ferarum</strong></span> <span class='ocrx_word' id='word_1_157' title='bbox 728 3131 901 3184; x_wconf 88' lang='lat' dir='ltr'><strong>genus,</strong></span> <span class='ocrx_word' id='word_1_158' title='bbox 935 3127 984 3169; x_wconf 83' lang='lat' dir='ltr'><strong>et</strong></span> <span class='ocrx_word' id='word_1_159' title='bbox 1022 3133 1176 3185; x_wconf 88' lang='lat' dir='ltr'><strong>usque</strong></span> <span class='ocrx_word' id='word_1_160' title='bbox 1214 3132 1274 3169; x_wconf 87' lang='lat' dir='ltr'><strong>eo</strong></span> <span class='ocrx_word' id='word_1_161' title='bbox 1301 3117 1502 3184; x_wconf 73' lang='lat' dir='ltr'><strong>pernix,</strong></span> <span class='ocrx_word' id='word_1_162' title='bbox 1535 3125 1587 3167; x_wconf 90' lang='lat' dir='ltr'><strong>ut</strong></span> <span class='ocrx_word' id='word_1_163' title='bbox 1613 3114 1718 3168; x_wconf 89' lang='lat' dir='ltr'><strong>illis</strong></span> <span class='ocrx_word' id='word_1_164' title='bbox 1744 3116 1892 3184; x_wconf 84' lang='lat' dir='ltr'><strong>longe</strong></span> 
     </span>
    </p>
   </div>
   <div class='ocr_carea' id='block_1_32' title="bbox 316 3189 1965 3277">
    <p class='ocr_par' dir='ltr' id='par_1_32' title="bbox 316 3189 1965 3277">
     <span class='ocr_line' id='line_1_32' title="bbox 316 3189 1965 3277; baseline 0.003 -21"><span class='ocrx_word' id='word_1_165' title='bbox 316 3223 514 3276; x_wconf 79' lang='lat' dir='ltr'><strong>quoque</strong></span> <span class='ocrx_word' id='word_1_166' title='bbox 555 3224 825 3277; x_wconf 80' lang='lat' dir='ltr'><strong>progressu</strong></span> <span class='ocrx_word' id='word_1_167' title='bbox 847 3226 872 3257; x_wconf 91' lang='lat' dir='ltr'><strong>n</strong></span> <span class='ocrx_word' id='word_1_168' title='bbox 905 3209 1120 3275; x_wconf 90' lang='lat' dir='ltr'><strong>equitent</strong></span> <span class='ocrx_word' id='word_1_169' title='bbox 1152 3209 1413 3276; x_wconf 75' lang='lat' dir='ltr'><strong>consequi,</strong></span> <span class='ocrx_word' id='word_1_170' title='bbox 1447 3224 1535 3260; x_wconf 82' lang='lat' dir='ltr'><strong>nec</strong></span> <span class='ocrx_word' id='word_1_171' title='bbox 1579 3217 1775 3260; x_wconf 90' lang='lat' dir='ltr'><strong>tantunt</strong></span> <span class='ocrx_word' id='word_1_172' title='bbox 1812 3223 1890 3261; x_wconf 84' lang='lat' dir='ltr'><strong>se-</strong></span> <span class='ocrx_word' id='word_1_173' title='bbox 1915 3189 1965 3251; x_wconf 67' lang='grc'><strong>(2</strong></span> 
     </span>
    </p>
   </div>
   <div class='ocr_carea' id='block_1_33' title="bbox 317 3297 1892 3366">
    <p class='ocr_par' dir='ltr' id='par_1_33' title="bbox 317 3297 1892 3366">
     <span class='ocr_line' id='line_1_33' title="bbox 317 3297 1892 3366; baseline 0.001 -18"><span class='ocrx_word' id='word_1_174' title='bbox 317 3297 437 3359; x_wconf 62' lang='grc' dir='ltr'><strong>κιαι,</strong></span> <span class='ocrx_word' id='word_1_175' title='bbox 467 3299 552 3351; x_wconf 84' lang='lat' dir='ltr'><strong>sed</strong></span> <span class='ocrx_word' id='word_1_176' title='bbox 583 3298 848 3366; x_wconf 86' lang='lat' dir='ltr'><strong>aliquoties</strong></span> <span class='ocrx_word' id='word_1_177' title='bbox 876 3298 1026 3350; x_wconf 88' lang='lat' dir='ltr'><strong>etiam</strong></span> <span class='ocrx_word' id='word_1_178' title='bbox 1062 3313 1214 3349; x_wconf 65' lang='lat' dir='ltr'><strong>cursu</strong></span> <span class='ocrx_word' id='word_1_179' title='bbox 1242 3299 1378 3350; x_wconf 87' lang='lat' dir='ltr'><strong>unde</strong></span> <span class='ocrx_word' id='word_1_180' title='bbox 1405 3298 1630 3365; x_wconf 71' lang='lat' dir='ltr'><strong>«aperit,</strong></span> <span class='ocrx_word' id='word_1_181' title='bbox 1679 3297 1892 3351; x_wconf 82' lang='lat' dir='ltr'><strong>subinde</strong></span> 
     </span>
    </p>
   </div>
   <div class='ocr_carea' id='block_1_34' title="bbox 318 3384 1895 3457">
    <p class='ocr_par' dir='ltr' id='par_1_34' title="bbox 318 3384 1895 3457">
     <span class='ocr_line' id='line_1_34' title="bbox 318 3384 1895 3457; baseline 0.003 -22"><span class='ocrx_word' id='word_1_182' title='bbox 318 3390 543 3456; x_wconf 84' lang='lat' dir='ltr'><strong>repetito,</strong></span> <span class='ocrx_word' id='word_1_183' title='bbox 571 3388 775 3440; x_wconf 70' lang='lat' dir='ltr'><strong>solitum</strong></span> <span class='ocrx_word' id='word_1_184' title='bbox 799 3396 846 3440; x_wconf 82' lang='lat' dir='ltr'><strong>et</strong></span> <span class='ocrx_word' id='word_1_185' title='bbox 875 3388 1024 3455; x_wconf 87' lang='lat' dir='ltr'><strong>facile</strong></span> <span class='ocrx_word' id='word_1_186' title='bbox 1051 3391 1133 3440; x_wconf 84' lang='lat' dir='ltr'><strong>s&#39;t.</strong></span> <span class='ocrx_word' id='word_1_187' title='bbox 1177 3384 1342 3440; x_wconf 86' lang='lat' dir='ltr'><strong>Causa</strong></span> <span class='ocrx_word' id='word_1_188' title='bbox 1363 3402 1425 3438; x_wconf 79' lang='lat' dir='ltr'><strong>ea:</strong></span> <span class='ocrx_word' id='word_1_189' title='bbox 1456 3403 1513 3439; x_wconf 89' lang='lat' dir='ltr'><strong>eo</strong></span> <span class='ocrx_word' id='word_1_190' title='bbox 1543 3397 1614 3440; x_wconf 89' lang='lat' dir='ltr'><strong>est</strong></span> <span class='ocrx_word' id='word_1_191' title='bbox 1633 3389 1771 3457; x_wconf 88' lang='lat' dir='ltr'><strong>quod</strong></span> <span class='ocrx_word' id='word_1_192' title='bbox 1811 3388 1895 3440; x_wconf 89' lang='lat' dir='ltr'><strong>ubi</strong></span> 
     </span>
    </p>
   </div>
   <div class='ocr_carea' id='block_1_35' title="bbox 316 3475 1894 3547">
    <p class='ocr_par' dir='ltr' id='par_1_35' title="bbox 316 3475 1894 3547">
     <span class='ocr_line' id='line_1_35' title="bbox 316 3475 1894 3547; baseline 0.004 -21"><span class='ocrx_word' id='word_1_193' title='bbox 316 3475 405 3529; x_wconf 86' lang='lat' dir='ltr'><strong>ille</strong></span> <span class='ocrx_word' id='word_1_194' title='bbox 441 3476 738 3546; x_wconf 85' lang='lat' dir='ltr'><strong>interceptos</strong></span> <span class='ocrx_word' id='word_1_195' title='bbox 783 3494 954 3530; x_wconf 89' lang='lat' dir='ltr'><strong>earum</strong></span> <span class='ocrx_word' id='word_1_196' title='bbox 986 3477 1182 3532; x_wconf 82' lang='lat' dir='ltr'><strong>catulos</strong></span> <span class='ocrx_word' id='word_1_197' title='bbox 1224 3478 1353 3530; x_wconf 88' lang='lat' dir='ltr'><strong>citus</strong></span> <span class='ocrx_word' id='word_1_198' title='bbox 1384 3478 1532 3547; x_wconf 64' lang='lat' dir='ltr'><strong>carpit</strong></span> <span class='ocrx_word' id='word_1_199' title='bbox 1576 3477 1810 3545; x_wconf 53' lang='lat' dir='ltr'><strong>ave/tere,</strong></span> <span class='ocrx_word' id='word_1_200' title='bbox 1850 3490 1894 3532; x_wconf 87' lang='lat' dir='ltr'><strong>ct</strong></span> 
     </span>
    </p>
   </div>
   <div class='ocr_carea' id='block_1_36' title="bbox 317 3570 1894 3642">
    <p class='ocr_par' dir='ltr' id='par_1_36' title="bbox 317 3570 1894 3642">
     <span class='ocr_line' id='line_1_36' title="bbox 317 3570 1894 3642; baseline 0.006 -23"><span class='ocrx_word' id='word_1_201' title='bbox 317 3570 502 3620; x_wconf 78' lang='lat' dir='ltr'><strong>rabiem</strong></span> <span class='ocrx_word' id='word_1_202' title='bbox 543 3571 1057 3639; x_wconf 78' lang='lat' dir='ltr'><strong>apprOpinquantium</strong></span> <span class='ocrx_word' id='word_1_203' title='bbox 1101 3574 1462 3642; x_wconf 86' lang='lat' dir='ltr'><strong>frustraturus,</strong></span> <span class='ocrx_word' id='word_1_204' title='bbox 1498 3582 1610 3627; x_wconf 87' lang='lat' dir='ltr'><strong>astu</strong></span> <span class='ocrx_word' id='word_1_205' title='bbox 1647 3590 1808 3628; x_wconf 87' lang='lat' dir='ltr'><strong>unum</strong></span> <span class='ocrx_word' id='word_1_206' title='bbox 1834 3578 1894 3628; x_wconf 87' lang='lat' dir='ltr'><strong>de</strong></span> 
     </span>
    </p>
   </div>
   <div class='ocr_carea' id='block_1_37' title="bbox 319 3657 1895 3730">
    <p class='ocr_par' dir='ltr' id='par_1_37' title="bbox 319 3657 1895 3730">
     <span class='ocr_line' id='line_1_37' title="bbox 319 3657 1895 3730; baseline 0.004 -20"><span class='ocrx_word' id='word_1_207' title='bbox 319 3657 548 3723; x_wconf 80' lang='lat' dir='ltr'><strong>pluribus</strong></span> <span class='ocrx_word' id='word_1_208' title='bbox 585 3660 790 3723; x_wconf 90' lang='lat' dir='ltr'><strong>omittit,</strong></span> <span class='ocrx_word' id='word_1_209' title='bbox 833 3660 910 3712; x_wconf 76' lang='lat' dir='ltr'><strong>lue</strong></span> <span class='ocrx_word' id='word_1_210' title='bbox 936 3662 1213 3730; x_wconf 86' lang='lat' dir='ltr'><strong>projectum</strong></span> <span class='ocrx_word' id='word_1_211' title='bbox 1241 3663 1515 3730; x_wconf 84' lang='lat' dir='ltr'><strong>accipiunt,</strong></span> <span class='ocrx_word' id='word_1_212' title='bbox 1542 3673 1590 3715; x_wconf 91' lang='lat' dir='ltr'><strong>et</strong></span> <span class='ocrx_word' id='word_1_213' title='bbox 1615 3664 1682 3716; x_wconf 89' lang='lat' dir='ltr'><strong>ad</strong></span> <span class='ocrx_word' id='word_1_214' title='bbox 1706 3665 1895 3718; x_wconf 85' lang='lat' dir='ltr'><strong>cubilia</strong></span> 
     </span>
    </p>
   </div>
   <div class='ocr_carea' id='block_1_38' title="bbox 318 3743 1896 3825">
    <p class='ocr_par' dir='ltr' id='par_1_38' title="bbox 318 3743 1896 3825">
     <span class='ocr_line' id='line_1_38' title="bbox 318 3743 1896 3825; baseline 0.003 -22"><span class='ocrx_word' id='word_1_215' title='bbox 318 3768 409 3804; x_wconf 90' lang='lat' dir='ltr'><strong>sua</strong></span> <span class='ocrx_word' id='word_1_216' title='bbox 437 3743 680 3820; x_wconf 70' lang='lat' dir='ltr'><strong>referunt,</strong></span> <span class='ocrx_word' id='word_1_217' title='bbox 703 3768 1005 3820; x_wconf 83' lang='lat' dir='ltr'><strong>rursumque</strong></span> <span class='ocrx_word' id='word_1_218' title='bbox 1027 3765 1072 3805; x_wconf 90' lang='lat' dir='ltr'><strong>et</strong></span> <span class='ocrx_word' id='word_1_219' title='bbox 1102 3755 1287 3822; x_wconf 83' lang='lat' dir='ltr'><strong>sapius</strong></span> <span class='ocrx_word' id='word_1_220' title='bbox 1310 3765 1552 3819; x_wconf 88' lang='lat' dir='ltr'><strong>remeant,</strong></span> <span class='ocrx_word' id='word_1_221' title='bbox 1585 3766 1734 3825; x_wconf 90' lang='lat' dir='ltr'><strong>atque</strong></span> <span class='ocrx_word' id='word_1_222' title='bbox 1762 3757 1896 3808; x_wconf 86' lang='lat' dir='ltr'><strong>idem</strong></span> 
     </span>
    </p>
   </div>
   <div class='ocr_carea' id='block_1_39' title="bbox 323 3845 1893 3915">
    <p class='ocr_par' dir='ltr' id='par_1_39' title="bbox 323 3845 1893 3915">
     <span class='ocr_line' id='line_1_39' title="bbox 323 3845 1893 3915; baseline 0.003 -20"><span class='ocrx_word' id='word_1_223' title='bbox 323 3845 568 3912; x_wconf 67' lang='lat' dir='ltr'><strong>efficiunt,</strong></span> <span class='ocrx_word' id='word_1_224' title='bbox 601 3845 757 3896; x_wconf 87' lang='lat' dir='ltr'><strong>donec</strong></span> <span class='ocrx_word' id='word_1_225' title='bbox 785 3845 854 3897; x_wconf 90' lang='lat' dir='ltr'><strong>ad</strong></span> <span class='ocrx_word' id='word_1_226' title='bbox 894 3845 1263 3915; x_wconf 67' lang='lat' dir='ltr'><strong>frequentiora,</strong></span> <span class='ocrx_word' id='word_1_227' title='bbox 1292 3864 1441 3915; x_wconf 82' lang='lat' dir='ltr'><strong>quant</strong></span> <span class='ocrx_word' id='word_1_228' title='bbox 1474 3847 1618 3900; x_wconf 88' lang='lat' dir='ltr'><strong>adire</strong></span> <span class='ocrx_word' id='word_1_229' title='bbox 1643 3849 1893 3911; x_wconf 82' lang='lat' dir='ltr'><strong>audeant,</strong></span> 
     </span>
    </p>
   </div>
   <div class='ocr_carea' id='block_1_40' title="bbox 321 3937 1898 4008">
    <p class='ocr_par' dir='ltr' id='par_1_40' title="bbox 321 3937 1898 4008">
     <span class='ocr_line' id='line_1_40' title="bbox 321 3937 1898 4008; baseline 0.005 -20"><span class='ocrx_word' id='word_1_230' title='bbox 321 3937 576 4004; x_wconf 82' lang='lat' dir='ltr'><strong>profusus‘</strong></span> <span class='ocrx_word' id='word_1_231' title='bbox 600 3947 774 4003; x_wconf 86' lang='lat' dir='ltr'><strong>raptor</strong></span> <span class='ocrx_word' id='word_1_232' title='bbox 819 3941 1016 3992; x_wconf 85' lang='lat' dir='ltr'><strong>evadat.</strong></span> <span class='ocrx_word' id='word_1_233' title='bbox 1059 3939 1232 4008; x_wconf 76' lang='lat' dir='ltr'><strong>Tigris</strong></span> <span class='ocrx_word' id='word_1_234' title='bbox 1284 3944 1364 4006; x_wconf 90' lang='lat' dir='ltr'><strong>(ut</strong></span> <span class='ocrx_word' id='word_1_235' title='bbox 1389 3940 1543 3995; x_wconf 87' lang='lat' dir='ltr'><strong>divus</strong></span> <span class='ocrx_word' id='word_1_236' title='bbox 1583 3941 1898 3996; x_wconf 75' lang='lat' dir='ltr'><strong>Ambrosius</strong></span> 
     </span>
    </p>
   </div>
   <div class='ocr_carea' id='block_1_41' title="bbox 323 4028 1894 4098">
    <p class='ocr_par' dir='ltr' id='par_1_41' title="bbox 323 4028 1894 4098">
     <span class='ocr_line' id='line_1_41' title="bbox 323 4028 1894 4098; baseline 0.001 -15"><span class='ocrx_word' id='word_1_237' title='bbox 323 4031 460 4083; x_wconf 84' lang='lat' dir='ltr'><strong>lilno</strong></span> <span class='ocrx_word' id='word_1_238' title='bbox 492 4028 853 4084; x_wconf 82' lang='lat' dir='ltr'><strong>Hexaemeron</strong></span> <span class='ocrx_word' id='word_1_239' title='bbox 881 4041 1036 4083; x_wconf 77' lang='lat' dir='ltr'><strong>sexto</strong></span> <span class='ocrx_word' id='word_1_240' title='bbox 1063 4031 1252 4098; x_wconf 70' lang='lat' dir='ltr'><strong>refert)</strong></span> <span class='ocrx_word' id='word_1_241' title='bbox 1283 4033 1364 4085; x_wconf 90' lang='lat' dir='ltr'><strong>ubi</strong></span> <span class='ocrx_word' id='word_1_242' title='bbox 1389 4049 1603 4085; x_wconf 83' lang='lat' dir='ltr'><strong>vacuum</strong></span> <span class='ocrx_word' id='word_1_243' title='bbox 1626 4042 1788 4098; x_wconf 67' lang='lat' dir='ltr'><strong>raptat</strong></span> <span class='ocrx_word' id='word_1_244' title='bbox 1813 4049 1894 4084; x_wconf 88' lang='lat' dir='ltr'><strong>so-</strong></span> 
     </span>
    </p>
   </div>
   <div class='ocr_carea' id='block_1_42' title="bbox 318 4119 1897 4192">
    <p class='ocr_par' dir='ltr' id='par_1_42' title="bbox 318 4119 1897 4192">
     <span class='ocr_line' id='line_1_42' title="bbox 318 4119 1897 4192; baseline 0.004 -22"><span class='ocrx_word' id='word_1_245' title='bbox 318 4119 449 4171; x_wconf 84' lang='lat' dir='ltr'><strong>bolis</strong></span> <span class='ocrx_word' id='word_1_246' title='bbox 477 4121 638 4173; x_wconf 77' lang='lat' dir='ltr'><strong>cubile</strong></span> <span class='ocrx_word' id='word_1_247' title='bbox 667 4121 871 4189; x_wconf 87' lang='lat' dir='ltr'><strong>reperit,</strong></span> <span class='ocrx_word' id='word_1_248' title='bbox 902 4121 1040 4174; x_wconf 87' lang='lat' dir='ltr'><strong>illico</strong></span> <span class='ocrx_word' id='word_1_249' title='bbox 1079 4123 1304 4191; x_wconf 78' lang='lat' dir='ltr'><strong>ves&#39;iqiis</strong></span> <span class='ocrx_word' id='word_1_250' title='bbox 1350 4127 1568 4192; x_wconf 80' lang='lat' dir='ltr'><strong>raptaris</strong></span> <span class='ocrx_word' id='word_1_251' title='bbox 1595 4125 1798 4177; x_wconf 84' lang='lat' dir='ltr'><strong>insistit.</strong></span> <span class='ocrx_word' id='word_1_252' title='bbox 1832 4125 1897 4176; x_wconf 83' lang='lat' dir='ltr'><strong>At</strong></span> 
     </span>
    </p>
   </div>
   <div class='ocr_carea' id='block_1_43' title="bbox 318 4210 1898 4283">
    <p class='ocr_par' dir='ltr' id='par_1_43' title="bbox 318 4210 1898 4283">
     <span class='ocr_line' id='line_1_43' title="bbox 318 4210 1898 4283; baseline 0.004 -21"><span class='ocrx_word' id='word_1_253' title='bbox 318 4210 406 4262; x_wconf 71' lang='lat' dir='ltr'><strong>ille</strong></span> <span class='ocrx_word' id='word_1_254' title='bbox 425 4211 652 4277; x_wconf 83' lang='lat' dir='ltr'><strong>quamvis</strong></span> <span class='ocrx_word' id='word_1_255' title='bbox 680 4227 810 4277; x_wconf 87' lang='lat' dir='ltr'><strong>equo</strong></span> <span class='ocrx_word' id='word_1_256' title='bbox 827 4221 990 4264; x_wconf 84' lang='lat' dir='ltr'><strong>vectus</strong></span> <span class='ocrx_word' id='word_1_257' title='bbox 1013 4211 1206 4283; x_wconf 79' lang='lat' dir='ltr'><strong>fugaci,</strong></span> <span class='ocrx_word' id='word_1_258' title='bbox 1233 4212 1404 4266; x_wconf 83' lang='lat' dir='ltr'><strong>videns</strong></span> <span class='ocrx_word' id='word_1_259' title='bbox 1434 4221 1603 4267; x_wconf 88' lang='lat' dir='ltr'><strong>tamen</strong></span> <span class='ocrx_word' id='word_1_260' title='bbox 1635 4215 1898 4268; x_wconf 79' lang='lat' dir='ltr'><strong>velocitate</strong></span> 
     </span>
    </p>
   </div>
   <div class='ocr_carea' id='block_1_44' title="bbox 319 4302 1900 4374">
    <p class='ocr_par' dir='ltr' id='par_1_44' title="bbox 319 4302 1900 4374">
     <span class='ocr_line' id='line_1_44' title="bbox 319 4302 1900 4374; baseline 0.007 -27"><span class='ocrx_word' id='word_1_261' title='bbox 319 4302 444 4366; x_wconf 73' lang='lat' dir='ltr'><strong>ferte</strong></span> <span class='ocrx_word' id='word_1_262' title='bbox 473 4314 528 4352; x_wconf 89' lang='lat' dir='ltr'><strong>se</strong></span> <span class='ocrx_word' id='word_1_263' title='bbox 543 4316 709 4373; x_wconf 60' lang='lat' dir='ltr'><strong>posse</strong></span> <span class='ocrx_word' id='word_1_264' title='bbox 736 4303 984 4369; x_wconf 77' lang='lat' dir='ltr'><strong>prteverti,</strong></span> <span class='ocrx_word' id='word_1_265' title='bbox 1017 4318 1106 4355; x_wconf 87' lang='lat' dir='ltr'><strong>nec</strong></span> <span class='ocrx_word' id='word_1_266' title='bbox 1147 4304 1391 4358; x_wconf 85' lang='lat' dir='ltr'><strong>evadendi</strong></span> <span class='ocrx_word' id='word_1_267' title='bbox 1433 4305 1595 4357; x_wconf 89' lang='lat' dir='ltr'><strong>ullum</strong></span> <span class='ocrx_word' id='word_1_268' title='bbox 1633 4316 1900 4374; x_wconf 86' lang='lat' dir='ltr'><strong>suppetere</strong></span> 
     </span>
    </p>
   </div>
   <div class='ocr_carea' id='block_1_45' title="bbox 318 4389 1898 4467">
    <p class='ocr_par' dir='ltr' id='par_1_45' title="bbox 318 4389 1898 4467">
     <span class='ocr_line' id='line_1_45' title="bbox 318 4389 1898 4467; baseline 0.006 -27"><span class='ocrx_word' id='word_1_269' title='bbox 318 4389 412 4440; x_wconf 84' lang='lat' dir='ltr'><strong>sibi</strong></span> <span class='ocrx_word' id='word_1_270' title='bbox 439 4405 582 4458; x_wconf 84' lang='lat' dir='ltr'><strong>posse</strong></span> <span class='ocrx_word' id='word_1_271' title='bbox 607 4391 910 4456; x_wconf 82' lang='lat' dir='ltr'><strong>subsidium,</strong></span> <span class='ocrx_word' id='word_1_272' title='bbox 942 4395 1172 4447; x_wconf 82' lang='lat' dir='ltr'><strong>technam</strong></span> <span class='ocrx_word' id='word_1_273' title='bbox 1207 4397 1498 4465; x_wconf 76' lang='lat' dir='ltr'><strong>huiusmodi</strong></span> <span class='ocrx_word' id='word_1_274' title='bbox 1525 4399 1708 4467; x_wconf 81' lang='lat' dir='ltr'><strong>fraude</strong></span> <span class='ocrx_word' id='word_1_275' title='bbox 1751 4399 1898 4451; x_wconf 88' lang='lat' dir='ltr'><strong>moli-</strong></span> 
     </span>
    </p>
   </div>
   <div class='ocr_carea' id='block_1_46' title="bbox 319 4480 1900 4561">
    <p class='ocr_par' dir='ltr' id='par_1_46' title="bbox 319 4480 1900 4561">
     <span class='ocr_line' id='line_1_46' title="bbox 319 4480 1900 4561; baseline 0.008 -31"><span class='ocrx_word' id='word_1_276' title='bbox 319 4489 402 4531; x_wconf 84' lang='lat' dir='ltr'><strong>tur</strong></span> <span class='ocrx_word' id='word_1_277' title='bbox 433 4495 452 4532; x_wconf 90' lang='lat'><strong><em>:</em></strong></span> <span class='ocrx_word' id='word_1_278' title='bbox 479 4480 562 4532; x_wconf 87' lang='lat' dir='ltr'><strong>ubi</strong></span> <span class='ocrx_word' id='word_1_279' title='bbox 579 4497 630 4534; x_wconf 90' lang='lat' dir='ltr'><strong>se</strong></span> <span class='ocrx_word' id='word_1_280' title='bbox 651 4483 944 4552; x_wconf 73' lang='lat' dir='ltr'><strong>contiguum</strong></span> <span class='ocrx_word' id='word_1_281' title='bbox 971 4485 1169 4550; x_wconf 85' lang='lat' dir='ltr'><strong>viderit,</strong></span> <span class='ocrx_word' id='word_1_282' title='bbox 1197 4490 1450 4556; x_wconf 83' lang='lat' dir='ltr'><strong>splneram</strong></span> <span class='ocrx_word' id='word_1_283' title='bbox 1481 4488 1546 4541; x_wconf 86' lang='lat' dir='ltr'><strong>de</strong></span> <span class='ocrx_word' id='word_1_284' title='bbox 1573 4490 1620 4541; x_wconf 79' lang='lat' dir='ltr'><strong>vi</strong></span> <span class='ocrx_word' id='word_1_285' title='bbox 1646 4507 1702 4542; x_wconf 90' lang='lat' dir='ltr'><strong>ro</strong></span> <span class='ocrx_word' id='word_1_286' title='bbox 1735 4491 1900 4561; x_wconf 85' lang='lat' dir='ltr'><strong>proji-</strong></span> 
     </span>
    </p>
   </div>
   <div class='ocr_carea' id='block_1_47' title="bbox 318 4569 1806 4643">
    <p class='ocr_par' dir='ltr' id='par_1_47' title="bbox 318 4569 1806 4643">
     <span class='ocr_line' id='line_1_47' title="bbox 318 4569 1806 4643; baseline 0.007 -21"><span class='ocrx_word' id='word_1_287' title='bbox 318 4570 404 4623; x_wconf 89' lang='lat' dir='ltr'><strong>cit.</strong></span> <span class='ocrx_word' id='word_1_288' title='bbox 439 4569 503 4622; x_wconf 83' lang='lat' dir='ltr'><strong>At</strong></span> <span class='ocrx_word' id='word_1_289' title='bbox 531 4569 622 4622; x_wconf 90' lang='lat' dir='ltr'><strong>illa</strong></span> <span class='ocrx_word' id='word_1_290' title='bbox 651 4571 870 4643; x_wconf 76' lang='lat' dir='ltr'><strong>imagine</strong></span> <span class='ocrx_word' id='word_1_291' title='bbox 899 4575 976 4626; x_wconf 88' lang='lat' dir='ltr'><strong>sui</strong></span> <span class='ocrx_word' id='word_1_292' title='bbox 993 4576 1206 4641; x_wconf 85' lang='lat' dir='ltr'><strong>luditur,</strong></span> <span class='ocrx_word' id='word_1_293' title='bbox 1235 4585 1280 4629; x_wconf 89' lang='lat' dir='ltr'><strong>et</strong></span> <span class='ocrx_word' id='word_1_294' title='bbox 1302 4579 1519 4632; x_wconf 81' lang='lat' dir='ltr'><strong>sobolem</strong></span> <span class='ocrx_word' id='word_1_295' title='bbox 1554 4588 1716 4642; x_wconf 82' lang='lat' dir='ltr'><strong>puta&#39;,</strong></span> <span class='ocrx_word' id='word_1_296' title='bbox 1754 4596 1806 4632; x_wconf 86' lang='lat' dir='ltr'><strong>re</strong></span> 
     </span>
    </p>
   </div>
   <div class='ocr_carea' id='block_1_48' title="bbox 315 4661 1896 4736">
    <p class='ocr_par' dir='ltr' id='par_1_48' title="bbox 315 4661 1896 4736">
     <span class='ocr_line' id='line_1_48' title="bbox 315 4661 1896 4736; baseline 0.01 -25"><span class='ocrx_word' id='word_1_297' title='bbox 315 4671 397 4712; x_wconf 87' lang='lat' dir='ltr'><strong>cat</strong></span> <span class='ocrx_word' id='word_1_298' title='bbox 430 4661 698 4730; x_wconf 89' lang='lat' dir='ltr'><strong>impetum,</strong></span> <span class='ocrx_word' id='word_1_299' title='bbox 741 4666 975 4735; x_wconf 60' lang='lat' dir='ltr'><strong>colligere</strong></span> <span class='ocrx_word' id='word_1_300' title='bbox 1000 4670 1155 4736; x_wconf 85' lang='lat' dir='ltr'><strong>fetum</strong></span> <span class='ocrx_word' id='word_1_301' title='bbox 1182 4671 1494 4723; x_wconf 87' lang='lat' dir='ltr'><strong>desiderans.</strong></span> <span class='ocrx_word' id='word_1_302' title='bbox 1525 4672 1722 4726; x_wconf 79' lang='lat' dir='ltr'><strong>Rursus</strong></span> <span class='ocrx_word' id='word_1_303' title='bbox 1755 4675 1896 4728; x_wconf 87' lang='lat' dir='ltr'><strong>inani</strong></span> 
     </span>
    </p>
   </div>
   <div class='ocr_carea' id='block_1_49' title="bbox 313 4751 1894 4831">
    <p class='ocr_par' dir='ltr' id='par_1_49' title="bbox 313 4751 1894 4831">
     <span class='ocr_line' id='line_1_49' title="bbox 313 4751 1894 4831; baseline 0.009 -30"><span class='ocrx_word' id='word_1_304' title='bbox 313 4751 481 4818; x_wconf 86' lang='lat' dir='ltr'><strong>specie</strong></span> <span class='ocrx_word' id='word_1_305' title='bbox 509 4759 724 4816; x_wconf 88' lang='lat' dir='ltr'><strong>retenta,</strong></span> <span class='ocrx_word' id='word_1_306' title='bbox 773 4756 891 4808; x_wconf 87' lang='lat' dir='ltr'><strong>totis</strong></span> <span class='ocrx_word' id='word_1_307' title='bbox 935 4773 987 4810; x_wconf 89' lang='lat' dir='ltr'><strong>se</strong></span> <span class='ocrx_word' id='word_1_308' title='bbox 1015 4760 1082 4810; x_wconf 88' lang='lat' dir='ltr'><strong>ad</strong></span> <span class='ocrx_word' id='word_1_309' title='bbox 1123 4761 1650 4827; x_wconf 62' lang='lat' dir='ltr'><strong>comprehendendum</strong></span> <span class='ocrx_word' id='word_1_310' title='bbox 1677 4764 1894 4831; x_wconf 71' lang='lat' dir='ltr'><strong>equitem</strong></span> 
     </span>
    </p>
   </div>
   <div class='ocr_carea' id='block_1_50' title="bbox 314 4840 1897 4926">
    <p class='ocr_par' dir='ltr' id='par_1_50' title="bbox 314 4840 1897 4926">
     <span class='ocr_line' id='line_1_50' title="bbox 314 4840 1897 4926; baseline 0.012 -34"><span class='ocrx_word' id='word_1_311' title='bbox 314 4840 506 4893; x_wconf 84' lang='lat' dir='ltr'><strong>viribus</strong></span> <span class='ocrx_word' id='word_1_312' title='bbox 531 4846 715 4912; x_wconf 85' lang='lat' dir='ltr'><strong>fundit,</strong></span> <span class='ocrx_word' id='word_1_313' title='bbox 759 4857 804 4900; x_wconf 84' lang='lat' dir='ltr'><strong>et</strong></span> <span class='ocrx_word' id='word_1_314' title='bbox 833 4850 1109 4904; x_wconf 71' lang='lat' dir='ltr'><strong>iracundae</strong></span> <span class='ocrx_word' id='word_1_315' title='bbox 1154 4854 1361 4906; x_wconf 83' lang='lat' dir='ltr'><strong>stimulo</strong></span> <span class='ocrx_word' id='word_1_316' title='bbox 1405 4854 1637 4920; x_wconf 77' lang='lat' dir='ltr'><strong>uelocior,</strong></span> <span class='ocrx_word' id='word_1_317' title='bbox 1680 4857 1897 4926; x_wconf 78' lang='lat' dir='ltr'><strong>fugienti</strong></span> 
     </span>
    </p>
   </div>
   <div class='ocr_carea' id='block_1_51' title="bbox 313 4933 1894 5014">
    <p class='ocr_par' dir='ltr' id='par_1_51' title="bbox 313 4933 1894 5014">
     <span class='ocr_line' id='line_1_51' title="bbox 313 4933 1894 5014; baseline 0.01 -32"><span class='ocrx_word' id='word_1_318' title='bbox 313 4933 561 5005; x_wconf 78' lang='lat' dir='ltr'><strong>imminet.</strong></span> <span class='ocrx_word' id='word_1_319' title='bbox 589 4934 614 4987; x_wconf 86' lang='lat' dir='ltr'><strong>l</strong></span> <span class='ocrx_word' id='word_1_320' title='bbox 625 4935 691 4988; x_wconf 91' lang='lat' dir='ltr'><strong>lle</strong></span> <span class='ocrx_word' id='word_1_321' title='bbox 718 4937 896 4990; x_wconf 87' lang='lat' dir='ltr'><strong>iterum</strong></span> <span class='ocrx_word' id='word_1_322' title='bbox 923 4941 1138 5010; x_wconf 71' lang='lat' dir='ltr'><strong>splttt’t’tL’</strong></span> <span class='ocrx_word' id='word_1_323' title='bbox 1173 4943 1367 5014; x_wconf 80' lang='lat' dir='ltr'><strong>objecta</strong></span> <span class='ocrx_word' id='word_1_324' title='bbox 1413 4955 1699 5009; x_wconf 78' lang='lat' dir='ltr'><strong>sequentem</strong></span> <span class='ocrx_word' id='word_1_325' title='bbox 1731 4957 1894 4998; x_wconf 83' lang='lat' dir='ltr'><strong>retar-</strong></span> 
     </span>
    </p>
   </div>
   <div class='ocr_carea' id='block_1_52' title="bbox 314 5023 1894 5104">
    <p class='ocr_par' dir='ltr' id='par_1_52' title="bbox 314 5023 1894 5104">
     <span class='ocr_line' id='line_1_52' title="bbox 314 5023 1894 5104; baseline 0.011 -30"><span class='ocrx_word' id='word_1_326' title='bbox 314 5023 420 5078; x_wconf 90' lang='lat' dir='ltr'><strong>dat.</strong></span> <span class='ocrx_word' id='word_1_327' title='bbox 464 5023 575 5079; x_wconf 86' lang='lat' dir='ltr'><strong>Nec</strong></span> <span class='ocrx_word' id='word_1_328' title='bbox 618 5035 784 5082; x_wconf 88' lang='lat' dir='ltr'><strong>tamen</strong></span> <span class='ocrx_word' id='word_1_329' title='bbox 827 5032 1142 5086; x_wconf 84' lang='lat' dir='ltr'><strong>sedulitatem</strong></span> <span class='ocrx_word' id='word_1_330' title='bbox 1192 5035 1364 5088; x_wconf 82' lang='lat' dir='ltr'><strong>matris</strong></span> <span class='ocrx_word' id='word_1_331' title='bbox 1399 5035 1639 5088; x_wconf 84' lang='lat' dir='ltr'><strong>memoria</strong></span> <span class='ocrx_word' id='word_1_332' title='bbox 1685 5039 1894 5104; x_wconf 85' lang='lat' dir='ltr'><strong>fraudis</strong></span> 
     </span>
    </p>
   </div>
   <div class='ocr_carea' id='block_1_53' title="bbox 312 5114 1889 5194">
    <p class='ocr_par' dir='ltr' id='par_1_53' title="bbox 312 5114 1889 5194">
     <span class='ocr_line' id='line_1_53' title="bbox 312 5114 1889 5194; baseline 0.01 -28"><span class='ocrx_word' id='word_1_333' title='bbox 312 5114 552 5169; x_wconf 71' lang='lat' dir='ltr'><strong>excludit.</strong></span> <span class='ocrx_word' id='word_1_334' title='bbox 593 5117 797 5171; x_wconf 87' lang='lat' dir='ltr'><strong>Cassam</strong></span> <span class='ocrx_word' id='word_1_335' title='bbox 839 5132 999 5174; x_wconf 81' lang='lat' dir='ltr'><strong>uersat</strong></span> <span class='ocrx_word' id='word_1_336' title='bbox 1036 5124 1336 5194; x_wconf 79' lang='lat' dir='ltr'><strong>intaginmn,</strong></span> <span class='ocrx_word' id='word_1_337' title='bbox 1372 5135 1416 5176; x_wconf 86' lang='lat' dir='ltr'><strong>et</strong></span> <span class='ocrx_word' id='word_1_338' title='bbox 1454 5127 1600 5194; x_wconf 86' lang='lat' dir='ltr'><strong>quasi</strong></span> <span class='ocrx_word' id='word_1_339' title='bbox 1639 5128 1889 5182; x_wconf 82' lang='lat' dir='ltr'><strong>laetatura</strong></span> 
     </span>
    </p>
   </div>
   <div class='ocr_carea' id='block_1_54' title="bbox 312 5206 1892 5287">
    <p class='ocr_par' dir='ltr' id='par_1_54' title="bbox 312 5206 1892 5287">
     <span class='ocr_line' id='line_1_54' title="bbox 312 5206 1892 5287; baseline 0.011 -31"><span class='ocrx_word' id='word_1_340' title='bbox 312 5206 441 5273; x_wconf 82' lang='lat' dir='ltr'><strong>fetus</strong></span> <span class='ocrx_word' id='word_1_341' title='bbox 470 5209 675 5263; x_wconf 88' lang='lat' dir='ltr'><strong>residet.</strong></span> <span class='ocrx_word' id='word_1_342' title='bbox 710 5209 800 5264; x_wconf 87' lang='lat' dir='ltr'><strong>Sic</strong></span> <span class='ocrx_word' id='word_1_343' title='bbox 829 5214 1029 5279; x_wconf 71' lang='lat' dir='ltr'><strong>pietatis</strong></span> <span class='ocrx_word' id='word_1_344' title='bbox 1066 5229 1170 5266; x_wconf 75' lang='lat' dir='ltr'><strong>sua:</strong></span> <span class='ocrx_word' id='word_1_345' title='bbox 1206 5217 1375 5269; x_wconf 82' lang='lat' dir='ltr'><strong>studio</strong></span> <span class='ocrx_word' id='word_1_346' title='bbox 1415 5218 1654 5287; x_wconf 78' lang='lat' dir='ltr'><strong>decepta,</strong></span> <span class='ocrx_word' id='word_1_347' title='bbox 1694 5229 1740 5272; x_wconf 82' lang='lat' dir='ltr'><strong>et</strong></span> <span class='ocrx_word' id='word_1_348' title='bbox 1780 5221 1892 5273; x_wconf 89' lang='lat' dir='ltr'><strong>vin-</strong></span> 
     </span>
    </p>
   </div>
   <div class='ocr_carea' id='block_1_55' title="bbox 311 5294 1034 5370">
    <p class='ocr_par' dir='ltr' id='par_1_55' title="bbox 311 5294 1034 5370">
     <span class='ocr_line' id='line_1_55' title="bbox 311 5294 1034 5370; baseline 0.015 -27"><span class='ocrx_word' id='word_1_349' title='bbox 311 5294 496 5346; x_wconf 84' lang='lat' dir='ltr'><strong>dictam</strong></span> <span class='ocrx_word' id='word_1_350' title='bbox 527 5301 710 5352; x_wconf 88' lang='lat' dir='ltr'><strong>amittit</strong></span> <span class='ocrx_word' id='word_1_351' title='bbox 733 5311 787 5358; x_wconf 22' lang='lat' dir='ltr'><strong>ct.</strong></span> <span class='ocrx_word' id='word_1_352' title='bbox 817 5303 1034 5370; x_wconf 84' lang='lat' dir='ltr'><strong>prolem.</strong></span> 
     </span>
    </p>
   </div>
   <div class='ocr_carea' id='block_1_56' title="bbox 385 5383 1885 5457">
    <p class='ocr_par' dir='ltr' id='par_1_56' title="bbox 385 5383 1885 5457">
     <span class='ocr_line' id='line_1_56' title="bbox 385 5383 1885 5457; baseline 0.015 -23"><span class='ocrx_word' id='word_1_353' title='bbox 385 5383 543 5457; x_wconf 79' lang='lat' dir='ltr'><strong>Mitis]</strong></span> <span class='ocrx_word' id='word_1_354' title='bbox 576 5389 783 5443; x_wconf 80' lang='lat' dir='ltr'><strong>Nemini</strong></span> <span class='ocrx_word' id='word_1_355' title='bbox 835 5393 938 5444; x_wconf 91' lang='lat' dir='ltr'><strong>vim</strong></span> <span class='ocrx_word' id='word_1_356' title='bbox 972 5393 1222 5447; x_wconf 82' lang='lat' dir='ltr'><strong>inferens.</strong></span> <span class='ocrx_word' id='word_1_357' title='bbox 1262 5394 1348 5451; x_wconf 84' lang='lat' dir='ltr'><strong>Sic</strong></span> <span class='ocrx_word' id='word_1_358' title='bbox 1380 5413 1442 5450; x_wconf 71' lang='lat' dir='ltr'><strong>ex</strong></span> <span class='ocrx_word' id='word_1_359' title='bbox 1494 5398 1710 5456; x_wconf 77' lang='lat' dir='ltr'><strong>Homeri</strong></span> <span class='ocrx_word' id='word_1_360' title='bbox 1760 5417 1885 5456; x_wconf 88' lang='lat' dir='ltr'><strong>scu-</strong></span> 
     </span>
    </p>
   </div>
   <div class='ocr_carea' id='block_1_57' title="bbox 309 5477 764 5536">
    <p class='ocr_par' dir='ltr' id='par_1_57' title="bbox 309 5477 764 5536">
     <span class='ocr_line' id='line_1_57' title="bbox 309 5477 764 5536; baseline 0.018 -8"><span class='ocrx_word' id='word_1_361' title='bbox 309 5477 472 5528; x_wconf 84' lang='lat' dir='ltr'><strong>tentia</strong></span> <span class='ocrx_word' id='word_1_362' title='bbox 501 5480 716 5536; x_wconf 82' lang='lat' dir='ltr'><strong>Ovidius</strong></span> <span class='ocrx_word' id='word_1_363' title='bbox 752 5500 764 5536; x_wconf 90' lang='lat'>:</span> 
     </span>
    </p>
   </div>
   <div class='ocr_carea' id='block_1_58' title="bbox 431 5589 1548 5670">
    <p class='ocr_par' dir='ltr' id='par_1_58' title="bbox 431 5589 1548 5670">
     <span class='ocr_line' id='line_1_58' title="bbox 431 5589 1548 5670; baseline 0.017 -33"><span class='ocrx_word' id='word_1_364' title='bbox 431 5589 561 5670; x_wconf 50' lang='lat' dir='ltr'><strong>‘b‘lillc</strong></span> <span class='ocrx_word' id='word_1_365' title='bbox 591 5593 709 5670; x_wconf 54' lang='lat' dir='ltr'><strong>lup],</strong></span> <span class='ocrx_word' id='word_1_366' title='bbox 735 5598 963 5658; x_wconf 81' lang='lat' dir='ltr'><strong>ntistique</strong></span> <span class='ocrx_word' id='word_1_367' title='bbox 989 5600 1111 5648; x_wconf 64' lang='lat' dir='ltr'><strong>luitis</strong></span> <span class='ocrx_word' id='word_1_368' title='bbox 1135 5605 1330 5663; x_wconf 69' lang='lat' dir='ltr'><strong>ursique</strong></span> <span class='ocrx_word' id='word_1_369' title='bbox 1359 5605 1548 5670; x_wconf 68' lang='lat' dir='ltr'><strong>letoque</strong></span> 
     </span>
    </p>
   </div>
   <div class='ocr_carea' id='block_1_59' title="bbox 429 5651 1576 5721">
    <p class='ocr_par' dir='ltr' id='par_1_59' title="bbox 429 5651 1576 5721">
     <span class='ocr_line' id='line_1_59' title="bbox 429 5651 1576 5721; baseline 0.018 -24"><span class='ocrx_word' id='word_1_370' title='bbox 429 5651 835 5721; x_wconf 36' lang='lat' dir='ltr'><strong>Occursu—fecere</strong></span> <span class='ocrx_word' id='word_1_371' title='bbox 863 5651 1065 5721; x_wconf 77' lang='lat' dir='ltr'><strong>riu-tum,</strong></span> <span class='ocrx_word' id='word_1_372' title='bbox 1085 5665 1170 5712; x_wconf 74' lang='lat' dir='ltr'><strong>sed</strong></span> <span class='ocrx_word' id='word_1_373' title='bbox 1199 5651 1322 5714; x_wconf 81' lang='lat' dir='ltr'><strong>nulla</strong></span> 
     </span>
    </p>
   </div>
   <div class='ocr_carea' id='block_1_60' title="bbox 423 5712 1713 5792">
    <p class='ocr_par' dir='ltr' id='par_1_60' title="bbox 423 5712 1713 5792">
     <span class='ocr_line' id='line_1_60' title="bbox 423 5712 1713 5792; baseline 0.019 -34"><span class='ocrx_word' id='word_1_374' title='bbox 423 5712 664 5792; x_wconf 36' lang='lat' dir='ltr'><strong>iy‘tt-lglaqttt:</strong></span> <span class='ocrx_word' id='word_1_375' title='bbox 693 5726 800 5792; x_wconf 66' lang='lat' dir='ltr'><strong>erat</strong></span> <span class='ocrx_word' id='word_1_376' title='bbox 824 5729 993 5792; x_wconf 39' lang='lat' dir='ltr'><strong>nostro</strong></span> <span class='ocrx_word' id='word_1_377' title='bbox 1013 5712 1196 5782; x_wconf 66' lang='lat' dir='ltr'><strong>jactura</strong></span> <span class='ocrx_word' id='word_1_378' title='bbox 1224 5729 1270 5774; x_wconf 90' lang='lat' dir='ltr'><strong>in</strong></span> <span class='ocrx_word' id='word_1_379' title='bbox 1291 5712 1713 5792; x_wconf 42' lang='lat' dir='ltr'><strong>iniiinii-“uinus,</strong></span> 
     </span>
    </p>
   </div>
   <div class='ocr_carea' id='block_1_61' title="bbox 431 5779 1640 5846">
    <p class='ocr_par' dir='ltr' id='par_1_61' title="bbox 431 5779 1640 5846">
     <span class='ocr_line' id='line_1_61' title="bbox 431 5779 1640 5846; baseline 0.017 -25"><span class='ocrx_word' id='word_1_380' title='bbox 431 5779 558 5832; x_wconf 74' lang='lat' dir='ltr'><strong>Quin</strong></span> <span class='ocrx_word' id='word_1_381' title='bbox 588 5779 734 5828; x_wconf 80' lang='lat' dir='ltr'><strong>etiam</strong></span> <span class='ocrx_word' id='word_1_382' title='bbox 753 5780 952 5831; x_wconf 86' lang='lat' dir='ltr'><strong>blandas</strong></span> <span class='ocrx_word' id='word_1_383' title='bbox 973 5779 1170 5834; x_wconf 76' lang='lat' dir='ltr'><strong>movere.</strong></span> <span class='ocrx_word' id='word_1_384' title='bbox 1196 5802 1284 5846; x_wconf 77' lang='lat' dir='ltr'><strong>per</strong></span> <span class='ocrx_word' id='word_1_385' title='bbox 1311 5779 1422 5840; x_wconf 56' lang='lat' dir='ltr'><strong>aera</strong></span> <span class='ocrx_word' id='word_1_386' title='bbox 1448 5797 1640 5844; x_wconf 69' lang='lat' dir='ltr'><strong>caudas.</strong></span> 
     </span>
    </p>
   </div>
   <div class='ocr_carea' id='block_1_62' title="bbox 1473 345 2404 424">
    <p class='ocr_par' dir='ltr' id='par_1_62' title="bbox 1473 345 2404 424">
     <span class='ocr_line' id='line_1_62' title="bbox 1473 345 2404 424; baseline 0.002 -14"><span class='ocrx_word' id='word_1_387' title='bbox 1473 345 1851 412; x_wconf 70' lang='lat' dir='ltr'><strong>M‘UltMELLll</strong></span> <span class='ocrx_word' id='word_1_388' title='bbox 1891 355 2404 424; x_wconf 63' lang='lat' dir='ltr'><strong>COMMENTAIKIA.</strong></span> 
     </span>
    </p>
   </div>
   <div class='ocr_carea' id='block_1_63' title="bbox 307 469 1957 540">
    <p class='ocr_par' dir='ltr' id='par_1_63' title="bbox 307 469 1957 540">
     <span class='ocr_line' id='line_1_63' title="bbox 307 469 1957 540; baseline 0.002 -17"><span class='ocrx_word' id='word_1_389' title='bbox 307 470 404 523; x_wconf 87' lang='lat' dir='ltr'><strong>dos</strong></span> <span class='ocrx_word' id='word_1_390' title='bbox 434 486 526 536; x_wconf 89' lang='lat' dir='ltr'><strong>vtt,</strong></span> <span class='ocrx_word' id='word_1_391' title='bbox 560 470 778 524; x_wconf 65' lang='lat' dir='ltr'><strong>Ovidius</strong></span> <span class='ocrx_word' id='word_1_392' title='bbox 813 487 896 524; x_wconf 77' lang='lat' dir='ltr'><strong>xw</strong></span> <span class='ocrx_word' id='word_1_393' title='bbox 931 470 1301 540; x_wconf 58' lang='lat' dir='ltr'><strong>Moturum-plu,</strong></span> <span class='ocrx_word' id='word_1_394' title='bbox 1347 471 1605 524; x_wconf 46' lang='lat' dir='ltr'><strong>Dedimus</strong></span> <span class='ocrx_word' id='word_1_395' title='bbox 1647 486 1771 524; x_wconf 86' lang='lat' dir='ltr'><strong>vero</strong></span> <span class='ocrx_word' id='word_1_396' title='bbox 1798 469 1880 523; x_wconf 85' lang='lat' dir='ltr'><strong>Si-</strong></span> <span class='ocrx_word' id='word_1_397' title='bbox 1908 471 1957 526; x_wconf 78' lang='grc' dir='ltr'><strong>Α</strong></span> 
     </span>
    </p>
   </div>
   <div class='ocr_carea' id='block_1_64' title="bbox 3433 363 3566 421">
    <p class='ocr_par' dir='ltr' id='par_1_64' title="bbox 3433 363 3566 421">
     <span class='ocr_line' id='line_1_64' title="bbox 3433 363 3566 421; baseline 0.023 -2"><span class='ocrx_word' id='word_1_398' title='bbox 3433 363 3566 421; x_wconf 77' lang='lat' dir='ltr'><strong>I050</strong></span> 
     </span>
    </p>
   </div>
   <div class='ocr_carea' id='block_1_65' title="bbox 2110 470 3156 535">
    <p class='ocr_par' dir='ltr' id='par_1_65' title="bbox 2110 470 3156 535">
     <span class='ocr_line' id='line_1_65' title="bbox 2110 470 3156 535; baseline 0.004 -17"><span class='ocrx_word' id='word_1_399' title='bbox 2110 470 2380 534; x_wconf 84' lang='lat' dir='ltr'><strong>Nostraque</strong></span> <span class='ocrx_word' id='word_1_400' title='bbox 2406 473 2660 522; x_wconf 83' lang='lat' dir='ltr'><strong>adulantes</strong></span> <span class='ocrx_word' id='word_1_401' title='bbox 2682 475 2908 522; x_wconf 71' lang='lat' dir='ltr'><strong>cotttitaat</strong></span> <span class='ocrx_word' id='word_1_402' title='bbox 2933 474 3156 535; x_wconf 70' lang='lat' dir='ltr'><strong>vestigia.</strong></span> 
     </span>
    </p>
   </div>
   <div class='ocr_carea' id='block_1_66' title="bbox 2068 553 2526 625">
    <p class='ocr_par' dir='ltr' id='par_1_66' title="bbox 2068 553 2526 625">
     <span class='ocr_line' id='line_1_66' title="bbox 2068 553 2526 625; baseline 0.007 -19"><span class='ocrx_word' id='word_1_403' title='bbox 2068 553 2224 625; x_wconf 82' lang='lat' dir='ltr'><strong>Licet]</strong></span> <span class='ocrx_word' id='word_1_404' title='bbox 2256 555 2526 620; x_wconf 80' lang='lat' dir='ltr'><strong>Quamvis.</strong></span> 
     </span>
    </p>
   </div>
   <div class='ocr_carea' id='block_1_67' title="bbox 2066 645 2579 719">
    <p class='ocr_par' dir='ltr' id='par_1_67' title="bbox 2066 645 2579 719">
     <span class='ocr_line' id='line_1_67' title="bbox 2066 645 2579 719; baseline 0.006 -21"><span class='ocrx_word' id='word_1_405' title='bbox 2066 645 2292 719; x_wconf 82' lang='lat' dir='ltr'><strong>Numen]</strong></span> <span class='ocrx_word' id='word_1_406' title='bbox 2323 648 2579 701; x_wconf 84' lang='lat' dir='ltr'><strong>Potentia.</strong></span> 
     </span>
    </p>
   </div>
   <div class='ocr_carea' id='block_1_68' title="bbox 2065 738 3562 812">
    <p class='ocr_par' dir='ltr' id='par_1_68' title="bbox 2065 738 3562 812">
     <span class='ocr_line' id='line_1_68' title="bbox 2065 738 3562 812; baseline 0.003 -22"><span class='ocrx_word' id='word_1_407' title='bbox 2065 740 2278 793; x_wconf 80' lang='lat' dir='ltr'><strong>Arcadis</strong></span> <span class='ocrx_word' id='word_1_408' title='bbox 2308 738 2468 811; x_wconf 83' lang='lat' dir='ltr'><strong>alitis]</strong></span> <span class='ocrx_word' id='word_1_409' title='bbox 2503 739 2747 795; x_wconf 79' lang='lat' dir='ltr'><strong>Mercurii</strong></span> <span class='ocrx_word' id='word_1_410' title='bbox 2779 743 2828 794; x_wconf 88' lang='lat' dir='ltr'><strong>in</strong></span> <span class='ocrx_word' id='word_1_411' title='bbox 2863 743 3100 797; x_wconf 75' lang='lat' dir='ltr'><strong>Arcadia:</strong></span> <span class='ocrx_word' id='word_1_412' title='bbox 3133 752 3312 797; x_wconf 86' lang='lat' dir='ltr'><strong>monte</strong></span> <span class='ocrx_word' id='word_1_413' title='bbox 3341 739 3562 812; x_wconf 70' lang='lat' dir='ltr'><strong>Cyllene</strong></span> 
     </span>
    </p>
   </div>
   <div class='ocr_carea' id='block_1_69' title="bbox 1989 830 3010 900">
    <p class='ocr_par' dir='ltr' id='par_1_69' title="bbox 1989 830 3010 900">
     <span class='ocr_line' id='line_1_69' title="bbox 1989 830 3010 900; baseline 0.005 -19"><span class='ocrx_word' id='word_1_414' title='bbox 1989 843 2021 896; x_wconf 66' lang='grc' dir='ltr'>ε</span> <span class='ocrx_word' id='word_1_415' title='bbox 2060 830 2176 894; x_wconf 87' lang='lat' dir='ltr'><strong>niti,</strong></span> <span class='ocrx_word' id='word_1_416' title='bbox 2209 831 2295 898; x_wconf 92' lang='lat' dir='ltr'><strong>qui</strong></span> <span class='ocrx_word' id='word_1_417' title='bbox 2322 831 2536 898; x_wconf 83' lang='lat' dir='ltr'><strong>fingitur</strong></span> <span class='ocrx_word' id='word_1_418' title='bbox 2563 846 2592 884; x_wconf 92' lang='lat' dir='ltr'><strong>a</strong></span> <span class='ocrx_word' id='word_1_419' title='bbox 2626 833 2795 900; x_wconf 84' lang='lat' dir='ltr'><strong>poetis</strong></span> <span class='ocrx_word' id='word_1_420' title='bbox 2818 833 3010 886; x_wconf 86' lang='lat' dir='ltr'><strong>alatus.</strong></span> 
     </span>
    </p>
   </div>
   <div class='ocr_carea' id='block_1_70' title="bbox 2064 917 2569 991">
    <p class='ocr_par' dir='ltr' id='par_1_70' title="bbox 2064 917 2569 991">
     <span class='ocr_line' id='line_1_70' title="bbox 2064 917 2569 991; baseline 0.008 -22"><span class='ocrx_word' id='word_1_421' title='bbox 2064 917 2274 991; x_wconf 87' lang='lat' dir='ltr'><strong>Ducem]</strong></span> <span class='ocrx_word' id='word_1_422' title='bbox 2310 921 2569 991; x_wconf 83' lang='lat' dir='ltr'><strong>Ulyssem,</strong></span> 
     </span>
    </p>
   </div>
   <div class='ocr_carea' id='block_1_71' title="bbox 2064 1009 2652 1082">
    <p class='ocr_par' dir='ltr' id='par_1_71' title="bbox 2064 1009 2652 1082">
     <span class='ocr_line' id='line_1_71' title="bbox 2064 1009 2652 1082; baseline 0.005 -20"><span class='ocrx_word' id='word_1_423' title='bbox 2064 1009 2304 1082; x_wconf 75' lang='lat' dir='ltr'><strong>Solverit]</strong></span> <span class='ocrx_word' id='word_1_424' title='bbox 2330 1011 2652 1066; x_wconf 80' lang='lat' dir='ltr'><strong>liberaverit.</strong></span> 
     </span>
    </p>
   </div>
   <div class='ocr_carea' id='block_1_72' title="bbox 2063 1101 3307 1174">
    <p class='ocr_par' dir='ltr' id='par_1_72' title="bbox 2063 1101 3307 1174">
     <span class='ocr_line' id='line_1_72' title="bbox 2063 1101 3307 1174; baseline 0.004 -20"><span class='ocrx_word' id='word_1_425' title='bbox 2063 1101 2236 1174; x_wconf 86' lang='lat' dir='ltr'><strong>Peste]</strong></span> <span class='ocrx_word' id='word_1_426' title='bbox 2271 1105 2530 1171; x_wconf 86' lang='lat' dir='ltr'><strong>Pernicie,</strong></span> <span class='ocrx_word' id='word_1_427' title='bbox 2565 1106 2617 1160; x_wconf 88' lang='lat' dir='ltr'><strong>in</strong></span> <span class='ocrx_word' id='word_1_428' title='bbox 2649 1121 2798 1160; x_wconf 86' lang='lat' dir='ltr'><strong>suem</strong></span> <span class='ocrx_word' id='word_1_429' title='bbox 2826 1107 3307 1161; x_wconf 84' lang='lat' dir='ltr'><strong>trausiurmatioue.</strong></span> 
     </span>
    </p>
   </div>
   <div class='ocr_carea' id='block_1_73' title="bbox 2066 1179 3562 1264">
    <p class='ocr_par' dir='ltr' id='par_1_73' title="bbox 2066 1179 3562 1264">
     <span class='ocr_line' id='line_1_73' title="bbox 2066 1179 3562 1264; baseline 0.005 -19"><span class='ocrx_word' id='word_1_430' title='bbox 2066 1191 2319 1264; x_wconf 83' lang='lat' dir='ltr'><strong>Hospitis]</strong></span> <span class='ocrx_word' id='word_1_431' title='bbox 2351 1179 2552 1249; x_wconf 82' lang='lat' dir='ltr'><strong>Circes.</strong></span> <span class='ocrx_word' id='word_1_432' title='bbox 2583 1197 2828 1251; x_wconf 80' lang='lat' dir='ltr'><strong>Mercurii</strong></span> <span class='ocrx_word' id='word_1_433' title='bbox 2859 1199 3000 1251; x_wconf 89' lang='lat' dir='ltr'><strong>enim</strong></span> <span class='ocrx_word' id='word_1_434' title='bbox 3032 1208 3139 1251; x_wconf 89' lang='lat' dir='ltr'><strong>tum</strong></span> <span class='ocrx_word' id='word_1_435' title='bbox 3171 1197 3416 1264; x_wconf 87' lang='lat' dir='ltr'><strong>consilio,</strong></span> <span class='ocrx_word' id='word_1_436' title='bbox 3452 1207 3562 1252; x_wconf 89' lang='lat' dir='ltr'><strong>tum</strong></span> 
     </span>
    </p>
   </div>
   <div class='ocr_carea' id='block_1_74' title="bbox 1992 1281 3562 1358">
    <p class='ocr_par' dir='ltr' id='par_1_74' title="bbox 1992 1281 3562 1358">
     <span class='ocr_line' id='line_1_74' title="bbox 1992 1281 3562 1358; baseline 0.007 -24"><span class='ocrx_word' id='word_1_437' title='bbox 1992 1281 2251 1335; x_wconf 82' lang='lat' dir='ltr'><strong>beneficio</strong></span> <span class='ocrx_word' id='word_1_438' title='bbox 2279 1285 2358 1353; x_wconf 90' lang='lat' dir='ltr'><strong>(ut</strong></span> <span class='ocrx_word' id='word_1_439' title='bbox 2396 1284 2556 1339; x_wconf 81' lang='lat' dir='ltr'><strong>refert</strong></span> <span class='ocrx_word' id='word_1_440' title='bbox 2584 1285 2868 1357; x_wconf 82' lang='lat' dir='ltr'><strong>Homerus)</strong></span> <span class='ocrx_word' id='word_1_441' title='bbox 2900 1288 3114 1358; x_wconf 86' lang='lat' dir='ltr'><strong>Ulysses</strong></span> <span class='ocrx_word' id='word_1_442' title='bbox 3147 1303 3211 1342; x_wconf 89' lang='lat' dir='ltr'><strong>ne</strong></span> <span class='ocrx_word' id='word_1_443' title='bbox 3247 1290 3297 1341; x_wconf 92' lang='lat' dir='ltr'><strong>iu</strong></span> <span class='ocrx_word' id='word_1_444' title='bbox 3337 1287 3562 1345; x_wconf 87' lang='lat' dir='ltr'><strong>belluam</strong></span> 
     </span>
    </p>
   </div>
   <div class='ocr_carea' id='block_1_75' title="bbox 1993 1373 3562 1450">
    <p class='ocr_par' dir='ltr' id='par_1_75' title="bbox 1993 1373 3562 1450">
     <span class='ocr_line' id='line_1_75' title="bbox 1993 1373 3562 1450; baseline 0.008 -28"><span class='ocrx_word' id='word_1_445' title='bbox 1993 1373 2487 1440; x_wconf 81' lang='lat' dir='ltr'><strong>transformaretur,</strong></span> <span class='ocrx_word' id='word_1_446' title='bbox 2522 1386 2891 1450; x_wconf 22' lang='lat' dir='ltr'><strong>servatus‘est.</strong></span> <span class='ocrx_word' id='word_1_447' title='bbox 2937 1379 3086 1434; x_wconf 78' lang='lat' dir='ltr'><strong>Unde</strong></span> <span class='ocrx_word' id='word_1_448' title='bbox 3116 1379 3334 1433; x_wconf 82' lang='lat' dir='ltr'><strong>Ovidius</strong></span> <span class='ocrx_word' id='word_1_449' title='bbox 3365 1381 3562 1434; x_wconf 84' lang='lat' dir='ltr'><strong>llome-</strong></span> 
     </span>
    </p>
   </div>
   <div class='ocr_carea' id='block_1_76' title="bbox 1993 1459 2400 1526">
    <p class='ocr_par' dir='ltr' id='par_1_76' title="bbox 1993 1459 2400 1526">
     <span class='ocr_line' id='line_1_76' title="bbox 1993 1459 2400 1526; baseline 0.007 -14"><span class='ocrx_word' id='word_1_450' title='bbox 1993 1475 2108 1512; x_wconf 86' lang='lat' dir='ltr'><strong>rum</strong></span> <span class='ocrx_word' id='word_1_451' title='bbox 2132 1459 2400 1526; x_wconf 86' lang='lat' dir='ltr'><strong>imitatus,</strong></span> 
     </span>
    </p>
   </div>
   <div class='ocr_carea' id='block_1_77' title="bbox 2117 1550 3367 1621">
    <p class='ocr_par' dir='ltr' id='par_1_77' title="bbox 2117 1550 3367 1621">
     <span class='ocr_line' id='line_1_77' title="bbox 2117 1550 3367 1621; baseline 0.008 -24"><span class='ocrx_word' id='word_1_452' title='bbox 2117 1550 2303 1621; x_wconf 55' lang='lat' dir='ltr'><strong>[aci&#39;er</strong></span> <span class='ocrx_word' id='word_1_453' title='bbox 2321 1553 2431 1600; x_wconf 85' lang='lat' dir='ltr'><strong>huic</strong></span> <span class='ocrx_word' id='word_1_454' title='bbox 2448 1555 2652 1621; x_wconf 71' lang='lat' dir='ltr'><strong>dederat</strong></span> <span class='ocrx_word' id='word_1_455' title='bbox 2677 1557 2844 1621; x_wconf 82' lang='lat' dir='ltr'><strong>florem</strong></span> <span class='ocrx_word' id='word_1_456' title='bbox 2870 1557 3114 1620; x_wconf 71' lang='lat' dir='ltr'><strong>Cyllenius</strong></span> <span class='ocrx_word' id='word_1_457' title='bbox 3136 1560 3316 1621; x_wconf 86' lang='lat' dir='ltr'><strong>album,</strong></span> <span class='ocrx_word' id='word_1_458' title='bbox 3363 1576 3367 1580; x_wconf 90' lang='grc'><strong>·</strong></span> 
     </span>
    </p>
   </div>
   <div class='ocr_carea' id='block_1_78' title="bbox 2115 1612 3210 1676">
    <p class='ocr_par' dir='ltr' id='par_1_78' title="bbox 2115 1612 3210 1676">
     <span class='ocr_line' id='line_1_78' title="bbox 2115 1612 3210 1676; baseline 0.008 -19"><span class='ocrx_word' id='word_1_459' title='bbox 2115 1612 2237 1676; x_wconf 42' lang='lat' dir='ltr'><strong>Aloi)&quot;</strong></span> <span class='ocrx_word' id='word_1_460' title='bbox 2257 1623 2429 1663; x_wconf 81' lang='lat' dir='ltr'><strong>vocant</strong></span> <span class='ocrx_word' id='word_1_461' title='bbox 2453 1617 2638 1676; x_wconf 77' lang='lat' dir='ltr'><strong>superi,</strong></span> <span class='ocrx_word' id='word_1_462' title='bbox 2667 1619 2800 1673; x_wconf 63' lang='lat' dir='ltr'><strong>nigra</strong></span> <span class='ocrx_word' id='word_1_463' title='bbox 2822 1612 2982 1667; x_wconf 76' lang='lat' dir='ltr'><strong>radice</strong></span> <span class='ocrx_word' id='word_1_464' title='bbox 3011 1628 3210 1668; x_wconf 79' lang='lat' dir='ltr'><strong>tem-tur</strong></span> 
     </span>
    </p>
   </div>
   <div class='ocr_carea' id='block_1_79' title="bbox 2073 1672 3300 1738">
    <p class='ocr_par' dir='ltr' id='par_1_79' title="bbox 2073 1672 3300 1738">
     <span class='ocr_line' id='line_1_79' title="bbox 2073 1672 3300 1738; baseline 0.008 -18"><span class='ocrx_word' id='word_1_465' title='bbox 2073 1697 2078 1701; x_wconf 93' lang='lat'><em>-</em></span> <span class='ocrx_word' id='word_1_466' title='bbox 2112 1672 2265 1738; x_wconf 79' lang='lat' dir='ltr'><strong>&#39;_l_‘ntus</strong></span> <span class='ocrx_word' id='word_1_467' title='bbox 2283 1689 2360 1737; x_wconf 75' lang='lat' dir='ltr'><strong>eo,</strong></span> <span class='ocrx_word' id='word_1_468' title='bbox 2388 1672 2678 1738; x_wconf 84' lang='lat' dir='ltr'><strong>monitisque</strong></span> <span class='ocrx_word' id='word_1_469' title='bbox 2697 1681 2834 1728; x_wconf 73' lang='lat' dir='ltr'><strong>simul</strong></span> <span class='ocrx_word' id='word_1_470' title='bbox 2861 1682 3138 1730; x_wconf 73' lang='lat' dir='ltr'><strong>cmlestibus</strong></span> <span class='ocrx_word' id='word_1_471' title='bbox 3159 1688 3300 1730; x_wconf 77' lang='lat' dir='ltr'><strong>:ntrat</strong></span> 
     </span>
    </p>
   </div>
   <div class='ocr_carea' id='block_1_80' title="bbox 2115 1734 2620 1787">
    <p class='ocr_par' dir='ltr' id='par_1_80' title="bbox 2115 1734 2620 1787">
     <span class='ocr_line' id='line_1_80' title="bbox 2115 1734 2620 1787; baseline 0.01 -6"><span class='ocrx_word' id='word_1_472' title='bbox 2115 1734 2200 1783; x_wconf 88' lang='lat' dir='ltr'><strong>ille</strong></span> <span class='ocrx_word' id='word_1_473' title='bbox 2224 1734 2416 1784; x_wconf 84' lang='lat' dir='ltr'><strong>domum</strong></span> <span class='ocrx_word' id='word_1_474' title='bbox 2441 1734 2620 1787; x_wconf 78' lang='lat' dir='ltr'><strong>Circes.</strong></span> 
     </span>
    </p>
   </div>
   <div class='ocr_carea' id='block_1_81' title="bbox 2072 1816 2741 1889">
    <p class='ocr_par' dir='ltr' id='par_1_81' title="bbox 2072 1816 2741 1889">
     <span class='ocr_line' id='line_1_81' title="bbox 2072 1816 2741 1889; baseline 0.013 -21"><span class='ocrx_word' id='word_1_475' title='bbox 2072 1816 2323 1889; x_wconf 73' lang='lat' dir='ltr'><strong>llemiges]</strong></span> <span class='ocrx_word' id='word_1_476' title='bbox 2353 1821 2561 1889; x_wconf 77' lang='lat' dir='ltr'><strong>Ulyssis</strong></span> <span class='ocrx_word' id='word_1_477' title='bbox 2591 1824 2741 1878; x_wconf 90' lang='lat' dir='ltr'><strong>socii.</strong></span> 
     </span>
    </p>
   </div>
   <div class='ocr_carea' id='block_1_82' title="bbox 2068 1908 3078 1983">
    <p class='ocr_par' dir='ltr' id='par_1_82' title="bbox 2068 1908 3078 1983">
     <span class='ocr_line' id='line_1_82' title="bbox 2068 1908 3078 1983; baseline 0.006 -23"><span class='ocrx_word' id='word_1_478' title='bbox 2068 1908 2230 1980; x_wconf 71' lang='lat' dir='ltr'><strong>Mala]</strong></span> <span class='ocrx_word' id='word_1_479' title='bbox 2261 1911 2443 1975; x_wconf 79' lang='lat' dir='ltr'><strong>Noxia,</strong></span> <span class='ocrx_word' id='word_1_480' title='bbox 2477 1916 2732 1978; x_wconf 76' lang='lat' dir='ltr'><strong>vent-lica,</strong></span> <span class='ocrx_word' id='word_1_481' title='bbox 2766 1917 2963 1983; x_wconf 82' lang='lat' dir='ltr'><strong>pernici</strong></span> <span class='ocrx_word' id='word_1_482' title='bbox 3002 1934 3078 1969; x_wconf 71' lang='lat' dir='ltr'><strong>ut.</strong></span> 
     </span>
    </p>
   </div>
   <div class='ocr_carea' id='block_1_83' title="bbox 2066 1998 2664 2070">
    <p class='ocr_par' dir='ltr' id='par_1_83' title="bbox 2066 1998 2664 2070">
     <span class='ocr_line' id='line_1_83' title="bbox 2066 1998 2664 2070; baseline 0.007 -20"><span class='ocrx_word' id='word_1_483' title='bbox 2066 1998 2368 2070; x_wconf 70' lang='lat' dir='ltr'><strong>Traxerunt]</strong></span> <span class='ocrx_word' id='word_1_484' title='bbox 2397 2002 2664 2056; x_wconf 74' lang='lat' dir='ltr'><strong>Biberattt.</strong></span> 
     </span>
    </p>
   </div>
   <div class='ocr_carea' id='block_1_84' title="bbox 2065 2090 2736 2163">
    <p class='ocr_par' dir='ltr' id='par_1_84' title="bbox 2065 2090 2736 2163">
     <span class='ocr_line' id='line_1_84' title="bbox 2065 2090 2736 2163; baseline 0.01 -21"><span class='ocrx_word' id='word_1_485' title='bbox 2065 2090 2292 2156; x_wconf 76' lang='lat' dir='ltr'><strong>Cerealia</strong></span> <span class='ocrx_word' id='word_1_486' title='bbox 2315 2091 2518 2163; x_wconf 88' lang='lat' dir='ltr'><strong>pabula]</strong></span> <span class='ocrx_word' id='word_1_487' title='bbox 2546 2094 2736 2150; x_wconf 68' lang='lat' dir='ltr'><strong>Panes.</strong></span> 
     </span>
    </p>
   </div>
   <div class='ocr_carea' id='block_1_85' title="bbox 2064 2180 2850 2253">
    <p class='ocr_par' dir='ltr' id='par_1_85' title="bbox 2064 2180 2850 2253">
     <span class='ocr_line' id='line_1_85' title="bbox 2064 2180 2850 2253; baseline 0.008 -20"><span class='ocrx_word' id='word_1_488' title='bbox 2064 2180 2287 2251; x_wconf 83' lang='lat' dir='ltr'><strong>Glande]</strong></span> <span class='ocrx_word' id='word_1_489' title='bbox 2317 2182 2606 2238; x_wconf 82' lang='lat' dir='ltr'><strong>Porcorunt</strong></span> <span class='ocrx_word' id='word_1_490' title='bbox 2637 2188 2850 2253; x_wconf 75' lang='lat' dir='ltr'><strong>palittlu.</strong></span> 
     </span>
    </p>
   </div>
   <div class='ocr_carea' id='block_1_86' title="bbox 2074 2271 2737 2344">
    <p class='ocr_par' dir='ltr' id='par_1_86' title="bbox 2074 2271 2737 2344">
     <span class='ocr_line' id='line_1_86' title="bbox 2074 2271 2737 2344; baseline 0.009 -21"><span class='ocrx_word' id='word_1_491' title='bbox 2074 2271 2361 2344; x_wconf 83' lang='lat' dir='ltr'><strong>Verterant]</strong></span> <span class='ocrx_word' id='word_1_492' title='bbox 2388 2275 2524 2328; x_wconf 82' lang='lat' dir='ltr'><strong>Muta</strong></span> <span class='ocrx_word' id='word_1_493' title='bbox 2535 2292 2551 2321; x_wconf 83' lang='lat'><strong><em>\</em></strong></span> <span class='ocrx_word' id='word_1_494' title='bbox 2565 2291 2691 2330; x_wconf 86' lang='lat' dir='ltr'><strong>eran</strong></span> <span class='ocrx_word' id='word_1_495' title='bbox 2702 2290 2712 2325; x_wconf 87' lang='lat' dir='ltr'><strong>t</strong></span> <span class='ocrx_word' id='word_1_496' title='bbox 2725 2317 2737 2329; x_wconf 95' lang='lat'><strong>.</strong></span> 
     </span>
    </p>
   </div>
   <div class='ocr_carea' id='block_1_87' title="bbox 2077 2363 2505 2435">
    <p class='ocr_par' dir='ltr' id='par_1_87' title="bbox 2077 2363 2505 2435">
     <span class='ocr_line' id='line_1_87' title="bbox 2077 2363 2505 2435; baseline 0.026 -23"><span class='ocrx_word' id='word_1_497' title='bbox 2077 2363 2224 2434; x_wconf 75' lang='lat' dir='ltr'><strong>Voce]</strong></span> <span class='ocrx_word' id='word_1_498' title='bbox 2254 2365 2505 2435; x_wconf 85' lang='lat' dir='ltr'><strong>Loquela.</strong></span> 
     </span>
    </p>
   </div>
   <div class='ocr_carea' id='block_1_88' title="bbox 2063 2455 2914 2530">
    <p class='ocr_par' dir='ltr' id='par_1_88' title="bbox 2063 2455 2914 2530">
     <span class='ocr_line' id='line_1_88' title="bbox 2063 2455 2914 2530; baseline 0.011 -21"><span class='ocrx_word' id='word_1_499' title='bbox 2063 2455 2305 2530; x_wconf 84' lang='lat' dir='ltr'><strong>Corpore]</strong></span> <span class='ocrx_word' id='word_1_500' title='bbox 2339 2460 2494 2514; x_wconf 85' lang='lat' dir='ltr'><strong>Deest</strong></span> <span class='ocrx_word' id='word_1_501' title='bbox 2526 2472 2591 2514; x_wconf 80' lang='lat' dir='ltr'><strong>et.</strong></span> <span class='ocrx_word' id='word_1_502' title='bbox 2908 2512 2914 2518; x_wconf 87' lang='lat'><strong>.</strong></span> 
     </span>
    </p>
   </div>
   <div class='ocr_carea' id='block_1_89' title="bbox 2070 2548 2974 2623">
    <p class='ocr_par' dir='ltr' id='par_1_89' title="bbox 2070 2548 2974 2623">
     <span class='ocr_line' id='line_1_89' title="bbox 2070 2548 2974 2623; baseline 0.008 -24"><span class='ocrx_word' id='word_1_503' title='bbox 2070 2548 2241 2621; x_wconf 73' lang='lat' dir='ltr'><strong>Nihil]</strong></span> <span class='ocrx_word' id='word_1_504' title='bbox 2273 2551 2507 2605; x_wconf 87' lang='lat' dir='ltr'><strong>Subaudi</strong></span> <span class='ocrx_word' id='word_1_505' title='bbox 2534 2565 2716 2623; x_wconf 75' lang='lat' dir='ltr'><strong>prtelt&#39;r</strong></span> <span class='ocrx_word' id='word_1_506' title='bbox 2745 2569 2974 2607; x_wconf 83' lang='lat' dir='ltr'><strong>mentem.</strong></span> 
     </span>
    </p>
   </div>
   <div class='ocr_carea' id='block_1_90' title="bbox 2068 2639 2526 2711">
    <p class='ocr_par' dir='ltr' id='par_1_90' title="bbox 2068 2639 2526 2711">
     <span class='ocr_line' id='line_1_90' title="bbox 2068 2639 2526 2711; baseline 0.013 -20"><span class='ocrx_word' id='word_1_507' title='bbox 2068 2639 2258 2711; x_wconf 87' lang='lat' dir='ltr'><strong>Super]</strong></span> <span class='ocrx_word' id='word_1_508' title='bbox 2285 2642 2526 2711; x_wconf 83' lang='lat' dir='ltr'><strong>Insuper.</strong></span> 
     </span>
    </p>
   </div>
   <div class='ocr_carea' id='block_1_91' title="bbox 2071 2732 3234 2804">
    <p class='ocr_par' dir='ltr' id='par_1_91' title="bbox 2071 2732 3234 2804">
     <span class='ocr_line' id='line_1_91' title="bbox 2071 2732 3234 2804; baseline 0.004 -21"><span class='ocrx_word' id='word_1_509' title='bbox 2071 2732 2326 2804; x_wconf 78' lang='lat' dir='ltr'><strong>Monstra]</strong></span> <span class='ocrx_word' id='word_1_510' title='bbox 2359 2734 2899 2789; x_wconf 57' lang='lat' dir='ltr'><strong>Transformatiunes.</strong></span> <span class='ocrx_word' id='word_1_511' title='bbox 2940 2737 3188 2804; x_wconf 71' lang='lat' dir='ltr'><strong>Virgilius</strong></span> <span class='ocrx_word' id='word_1_512' title='bbox 3220 2753 3234 2788; x_wconf 74' lang='grc' dir='ltr'><strong><em>τ</em></strong></span> 
     </span>
    </p>
   </div>
   <div class='ocr_carea' id='block_1_92' title="bbox 2119 2823 3323 2885">
    <p class='ocr_par' dir='ltr' id='par_1_92' title="bbox 2119 2823 3323 2885">
     <span class='ocr_line' id='line_1_92' title="bbox 2119 2823 3323 2885; baseline 0.002 -15"><span class='ocrx_word' id='word_1_513' title='bbox 2119 2823 2239 2880; x_wconf 70' lang='lat' dir='ltr'><strong>Quae</strong></span> <span class='ocrx_word' id='word_1_514' title='bbox 2263 2836 2327 2872; x_wconf 88' lang='lat' dir='ltr'><strong>ne</strong></span> <span class='ocrx_word' id='word_1_515' title='bbox 2352 2831 2561 2872; x_wconf 88' lang='lat' dir='ltr'><strong>monstra</strong></span> <span class='ocrx_word' id='word_1_516' title='bbox 2591 2827 2654 2885; x_wconf 75' lang='lat' dir='ltr'><strong>pii</strong></span> <span class='ocrx_word' id='word_1_517' title='bbox 2681 2832 2965 2885; x_wconf 77' lang='lat' dir='ltr'><strong>paterentur</strong></span> <span class='ocrx_word' id='word_1_518' title='bbox 3008 2827 3118 2874; x_wconf 87' lang='lat' dir='ltr'><strong>talia</strong></span> <span class='ocrx_word' id='word_1_519' title='bbox 3141 2839 3323 2874; x_wconf 81' lang='lat' dir='ltr'><strong>manes.</strong></span> 
     </span>
    </p>
   </div>
   <div class='ocr_carea' id='block_1_93' title="bbox 2066 2904 2806 2978">
    <p class='ocr_par' dir='ltr' id='par_1_93' title="bbox 2066 2904 2806 2978">
     <span class='ocr_line' id='line_1_93' title="bbox 2066 2904 2806 2978; baseline 0.004 -18"><span class='ocrx_word' id='word_1_520' title='bbox 2066 2904 2268 2978; x_wconf 73' lang='lat' dir='ltr'><strong>Let&#39;em]</strong></span> <span class='ocrx_word' id='word_1_521' title='bbox 2301 2907 2488 2960; x_wconf 86' lang='lat' dir='ltr'><strong>Parum</strong></span> <span class='ocrx_word' id='word_1_522' title='bbox 2513 2907 2806 2963; x_wconf 69' lang='lat' dir='ltr'><strong>clticact-m.</strong></span> 
     </span>
    </p>
   </div>
   <div class='ocr_carea' id='block_1_94' title="bbox 2071 2998 2651 3068">
    <p class='ocr_par' dir='ltr' id='par_1_94' title="bbox 2071 2998 2651 3068">
     <span class='ocr_line' id='line_1_94' title="bbox 2071 2998 2651 3068; baseline 0.003 -17"><span class='ocrx_word' id='word_1_523' title='bbox 2071 2998 2304 3068; x_wconf 77' lang='lat' dir='ltr'><strong>Manum]</strong></span> <span class='ocrx_word' id='word_1_524' title='bbox 2334 2999 2651 3054; x_wconf 86' lang='lat' dir='ltr'><strong>Potentiam.</strong></span> 
     </span>
    </p>
   </div>
   <div class='ocr_carea' id='block_1_95' title="bbox 2071 3089 2536 3161">
    <p class='ocr_par' dir='ltr' id='par_1_95' title="bbox 2071 3089 2536 3161">
     <span class='ocr_line' id='line_1_95' title="bbox 2071 3089 2536 3161; baseline 0.006 -18"><span class='ocrx_word' id='word_1_525' title='bbox 2071 3089 2232 3161; x_wconf 88' lang='lat' dir='ltr'><strong>Licet]</strong></span> <span class='ocrx_word' id='word_1_526' title='bbox 2263 3092 2536 3158; x_wconf 87' lang='lat' dir='ltr'><strong>Quamvis.</strong></span> 
     </span>
    </p>
   </div>
   <div class='ocr_carea' id='block_1_96' title="bbox 2069 3182 2537 3254">
    <p class='ocr_par' dir='ltr' id='par_1_96' title="bbox 2069 3182 2537 3254">
     <span class='ocr_line' id='line_1_96' title="bbox 2069 3182 2537 3254; baseline -0.004 -18"><span class='ocrx_word' id='word_1_527' title='bbox 2069 3182 2256 3254; x_wconf 82' lang='lat' dir='ltr'><strong>Corda]</strong></span> <span class='ocrx_word' id='word_1_528' title='bbox 2297 3183 2537 3237; x_wconf 83' lang='lat' dir='ltr'><strong>Animus.</strong></span> 
     </span>
    </p>
   </div>
   <div class='ocr_carea' id='block_1_97' title="bbox 2070 3270 2592 3344">
    <p class='ocr_par' dir='ltr' id='par_1_97' title="bbox 2070 3270 2592 3344">
     <span class='ocr_line' id='line_1_97' title="bbox 2070 3270 2592 3344; baseline 0.002 -19"><span class='ocrx_word' id='word_1_529' title='bbox 2070 3270 2200 3327; x_wconf 73' lang='lat' dir='ltr'><strong>licet:</strong></span> <span class='ocrx_word' id='word_1_530' title='bbox 2227 3272 2433 3344; x_wconf 85' lang='lat' dir='ltr'><strong>venena]</strong></span> <span class='ocrx_word' id='word_1_531' title='bbox 2462 3272 2592 3326; x_wconf 86' lang='lat' dir='ltr'><strong>Vitia</strong></span> 
     </span>
    </p>
   </div>
   <div class='ocr_carea' id='block_1_98' title="bbox 2073 3362 3306 3436">
    <p class='ocr_par' dir='ltr' id='par_1_98' title="bbox 2073 3362 3306 3436">
     <span class='ocr_line' id='line_1_98' title="bbox 2073 3362 3306 3436; baseline 0 -19"><span class='ocrx_word' id='word_1_532' title='bbox 2073 3362 2358 3436; x_wconf 84' lang='lat' dir='ltr'><strong>Potentius]</strong></span> <span class='ocrx_word' id='word_1_533' title='bbox 2387 3364 2668 3417; x_wconf 71' lang='lat' dir='ltr'><strong>Et‘ticaeius</strong></span> <span class='ocrx_word' id='word_1_534' title='bbox 2689 3379 2844 3430; x_wconf 81' lang='lat' dir='ltr'><strong>quarti</strong></span> <span class='ocrx_word' id='word_1_535' title='bbox 2875 3363 3056 3417; x_wconf 82' lang='lat' dir='ltr'><strong>Circes</strong></span> <span class='ocrx_word' id='word_1_536' title='bbox 3087 3379 3306 3417; x_wconf 87' lang='lat' dir='ltr'><strong>venena.</strong></span> 
     </span>
    </p>
   </div>
   <div class='ocr_carea' id='block_1_99' title="bbox 2069 3453 3296 3525">
    <p class='ocr_par' dir='ltr' id='par_1_99' title="bbox 2069 3453 3296 3525">
     <span class='ocr_line' id='line_1_99' title="bbox 2069 3453 3296 3525; baseline -0.003 -14"><span class='ocrx_word' id='word_1_537' title='bbox 2069 3453 2202 3525; x_wconf 86' lang='lat' dir='ltr'><strong>Sibi]</strong></span> <span class='ocrx_word' id='word_1_538' title='bbox 2234 3454 2292 3508; x_wconf 86' lang='lat' dir='ltr'><strong>Ei</strong></span> <span class='ocrx_word' id='word_1_539' title='bbox 2324 3456 2444 3523; x_wconf 90' lang='lat' dir='ltr'><strong>ipsi.</strong></span> <span class='ocrx_word' id='word_1_540' title='bbox 2471 3454 2786 3523; x_wconf 66' lang='lat' dir='ltr'><strong>Atyrologia</strong></span> <span class='ocrx_word' id='word_1_541' title='bbox 2815 3467 2894 3509; x_wconf 86' lang='lat' dir='ltr'><strong>cst</strong></span> <span class='ocrx_word' id='word_1_542' title='bbox 2926 3456 3079 3509; x_wconf 89' lang='lat' dir='ltr'><strong>metri</strong></span> <span class='ocrx_word' id='word_1_543' title='bbox 3109 3459 3296 3525; x_wconf 77' lang='lat' dir='ltr'><strong>gratia.</strong></span> 
     </span>
    </p>
   </div>
   <div class='ocr_carea' id='block_1_100' title="bbox 2072 3540 2528 3618">
    <p class='ocr_par' dir='ltr' id='par_1_100' title="bbox 2072 3540 2528 3618">
     <span class='ocr_line' id='line_1_100' title="bbox 2072 3540 2528 3618; baseline 0.002 -18"><span class='ocrx_word' id='word_1_544' title='bbox 2072 3547 2220 3618; x_wconf 84' lang='lat' dir='ltr'><strong>Dira]</strong></span> <span class='ocrx_word' id='word_1_545' title='bbox 2249 3540 2528 3602; x_wconf 84' lang='lat' dir='ltr'><strong>Pestifera.</strong></span> 
     </span>
    </p>
   </div>
   <div class='ocr_carea' id='block_1_101' title="bbox 2074 3637 2747 3709">
    <p class='ocr_par' dir='ltr' id='par_1_101' title="bbox 2074 3637 2747 3709">
     <span class='ocr_line' id='line_1_101' title="bbox 2074 3637 2747 3709; baseline 0.001 -18"><span class='ocrx_word' id='word_1_546' title='bbox 2074 3637 2311 3709; x_wconf 82' lang='lat' dir='ltr'><strong>Penitusj</strong></span> <span class='ocrx_word' id='word_1_547' title='bbox 2344 3638 2482 3693; x_wconf 86' lang='lat' dir='ltr'><strong>Intra</strong></span> <span class='ocrx_word' id='word_1_548' title='bbox 2513 3638 2747 3693; x_wconf 86' lang='lat' dir='ltr'><strong>animum</strong></span> 
     </span>
    </p>
   </div>
   <div class='ocr_carea' id='block_1_102' title="bbox 2037 3728 3566 3803">
    <p class='ocr_par' dir='ltr' id='par_1_102' title="bbox 2037 3728 3566 3803">
     <span class='ocr_line' id='line_1_102' title="bbox 2037 3728 3566 3803; baseline -0.001 -20"><span class='ocrx_word' id='word_1_549' title='bbox 2037 3766 2042 3771; x_wconf 83' lang='grc'><strong>-</strong></span> <span class='ocrx_word' id='word_1_550' title='bbox 2073 3731 2262 3784; x_wconf 78' lang='lat' dir='ltr'><strong>Mentis</strong></span> <span class='ocrx_word' id='word_1_551' title='bbox 2291 3731 2530 3803; x_wconf 84' lang='lat' dir='ltr'><strong>vulnere]-</strong></span> <span class='ocrx_word' id='word_1_552' title='bbox 2548 3732 2696 3795; x_wconf 85' lang='lat' dir='ltr'><strong>Quod</strong></span> <span class='ocrx_word' id='word_1_553' title='bbox 2724 3732 2960 3798; x_wconf 85' lang='lat' dir='ltr'><strong>profecto</strong></span> <span class='ocrx_word' id='word_1_554' title='bbox 2982 3734 3209 3785; x_wconf 77' lang='lat' dir='ltr'><strong>max&#39;me</strong></span> <span class='ocrx_word' id='word_1_555' title='bbox 3241 3729 3386 3784; x_wconf 70' lang='lat' dir='ltr'><strong>latdit</strong></span> <span class='ocrx_word' id='word_1_556' title='bbox 3406 3728 3566 3782; x_wconf 77' lang='lat' dir='ltr'><strong>homi-</strong></span> 
     </span>
    </p>
   </div>
   <div class='ocr_carea' id='block_1_103' title="bbox 2001 3818 3566 3891">
    <p class='ocr_par' dir='ltr' id='par_1_103' title="bbox 2001 3818 3566 3891">
     <span class='ocr_line' id='line_1_103' title="bbox 2001 3818 3566 3891; baseline -0.003 -17"><span class='ocrx_word' id='word_1_557' title='bbox 2001 3838 2144 3875; x_wconf 76' lang='lat' dir='ltr'><strong>nem.</strong></span> <span class='ocrx_word' id='word_1_558' title='bbox 2190 3822 2349 3875; x_wconf 84' lang='lat' dir='ltr'><strong>Divus</strong></span> <span class='ocrx_word' id='word_1_559' title='bbox 2401 3821 2714 3878; x_wconf 82' lang='lat' dir='ltr'><strong>Ambrosius</strong></span> <span class='ocrx_word' id='word_1_560' title='bbox 2759 3822 2894 3875; x_wconf 80' lang='lat' dir='ltr'><strong>l.ltro</strong></span> <span class='ocrx_word' id='word_1_561' title='bbox 2941 3821 3296 3891; x_wconf 84' lang='lat' dir='ltr'><strong>Epistolarum</strong></span> <span class='ocrx_word' id='word_1_562' title='bbox 3341 3818 3566 3887; x_wconf 88' lang='lat' dir='ltr'><strong>quinto:</strong></span> 
     </span>
    </p>
   </div>
   <div class='ocr_carea' id='block_1_104' title="bbox 2001 3909 3570 3982">
    <p class='ocr_par' dir='ltr' id='par_1_104' title="bbox 2001 3909 3570 3982">
     <span class='ocr_line' id='line_1_104' title="bbox 2001 3909 3570 3982; baseline -0.004 -18"><span class='ocrx_word' id='word_1_563' title='bbox 2001 3910 2195 3964; x_wconf 87' lang='lat' dir='ltr'><strong>Nullus</strong></span> <span class='ocrx_word' id='word_1_564' title='bbox 2223 3913 2355 3965; x_wconf 89' lang='lat' dir='ltr'><strong>enim</strong></span> <span class='ocrx_word' id='word_1_565' title='bbox 2386 3915 2554 3982; x_wconf 81' lang='lat' dir='ltr'><strong>major</strong></span> <span class='ocrx_word' id='word_1_566' title='bbox 2583 3922 2656 3965; x_wconf 86' lang='lat' dir='ltr'><strong>est</strong></span> <span class='ocrx_word' id='word_1_567' title='bbox 2693 3913 2841 3964; x_wconf 89' lang='lat' dir='ltr'><strong>dolor</strong></span> <span class='ocrx_word' id='word_1_568' title='bbox 2865 3927 3019 3980; x_wconf 87' lang='lat' dir='ltr'><strong>quam</strong></span> <span class='ocrx_word' id='word_1_569' title='bbox 3047 3912 3090 3964; x_wconf 88' lang='lat' dir='ltr'><strong>is</strong></span> <span class='ocrx_word' id='word_1_570' title='bbox 3120 3911 3204 3978; x_wconf 87' lang='lat' dir='ltr'><strong>qui</strong></span> <span class='ocrx_word' id='word_1_571' title='bbox 3234 3909 3422 3978; x_wconf 73' lang='lat' dir='ltr'><strong>percuti</strong></span> <span class='ocrx_word' id='word_1_572' title='bbox 3467 3923 3570 3958; x_wconf 80' lang='lat' dir='ltr'><strong>ntu-</strong></span> 
     </span>
    </p>
   </div>
   <div class='ocr_carea' id='block_1_105' title="bbox 2000 3998 3574 4071">
    <p class='ocr_par' dir='ltr' id='par_1_105' title="bbox 2000 3998 3574 4071">
     <span class='ocr_line' id='line_1_105' title="bbox 2000 3998 3574 4071; baseline -0.004 -14"><span class='ocrx_word' id='word_1_573' title='bbox 2000 4020 2151 4058; x_wconf 89' lang='lat' dir='ltr'><strong>crone</strong></span> <span class='ocrx_word' id='word_1_574' title='bbox 2183 4004 2410 4056; x_wconf 79' lang='lat' dir='ltr'><strong>vulnerat</strong></span> <span class='ocrx_word' id='word_1_575' title='bbox 2454 4004 2816 4056; x_wconf 70' lang='lat' dir='ltr'><strong>conscirntiam</strong></span> <span class='ocrx_word' id='word_1_576' title='bbox 2845 4019 2863 4056; x_wconf 92' lang='lat'><strong><em>:</em></strong></span> <span class='ocrx_word' id='word_1_577' title='bbox 2892 4017 3052 4071; x_wconf 88' lang='lat' dir='ltr'><strong>neque</strong></span> <span class='ocrx_word' id='word_1_578' title='bbox 3076 4001 3241 4054; x_wconf 88' lang='lat' dir='ltr'><strong>ullum</strong></span> <span class='ocrx_word' id='word_1_579' title='bbox 3275 3998 3477 4068; x_wconf 79' lang='lat' dir='ltr'><strong>gravius</strong></span> <span class='ocrx_word' id='word_1_580' title='bbox 3505 4008 3574 4052; x_wconf 87' lang='lat' dir='ltr'><strong>est</strong></span> 
     </span>
    </p>
   </div>
   <div class='ocr_carea' id='block_1_106' title="bbox 2002 4089 3573 4163">
    <p class='ocr_par' dir='ltr' id='par_1_106' title="bbox 2002 4089 3573 4163">
     <span class='ocr_line' id='line_1_106' title="bbox 2002 4089 3573 4163; baseline -0.003 -16"><span class='ocrx_word' id='word_1_581' title='bbox 2002 4109 2130 4147; x_wconf 88' lang='lat' dir='ltr'><strong>onus</strong></span> <span class='ocrx_word' id='word_1_582' title='bbox 2153 4110 2303 4161; x_wconf 82' lang='lat' dir='ltr'><strong>quant</strong></span> <span class='ocrx_word' id='word_1_583' title='bbox 2333 4106 2653 4162; x_wconf 83' lang='lat' dir='ltr'><strong>peccatorum</strong></span> <span class='ocrx_word' id='word_1_584' title='bbox 2695 4095 2895 4147; x_wconf 89' lang='lat' dir='ltr'><strong>sarcina</strong></span> <span class='ocrx_word' id='word_1_585' title='bbox 2932 4101 2977 4145; x_wconf 90' lang='lat' dir='ltr'><strong>et</strong></span> <span class='ocrx_word' id='word_1_586' title='bbox 3003 4093 3201 4163; x_wconf 83' lang='lat' dir='ltr'><strong>pondus</strong></span> <span class='ocrx_word' id='word_1_587' title='bbox 3240 4089 3573 4160; x_wconf 77' lang='lat' dir='ltr'><strong>flagitiorum.</strong></span> 
     </span>
    </p>
   </div>
   <div class='ocr_carea' id='block_1_107' title="bbox 2000 4180 3576 4251">
    <p class='ocr_par' dir='ltr' id='par_1_107' title="bbox 2000 4180 3576 4251">
     <span class='ocr_line' id='line_1_107' title="bbox 2000 4180 3576 4251; baseline -0.002 -17"><span class='ocrx_word' id='word_1_588' title='bbox 2000 4181 2256 4250; x_wconf 86' lang='lat' dir='ltr'><strong>Deprintit</strong></span> <span class='ocrx_word' id='word_1_589' title='bbox 2281 4184 2526 4249; x_wconf 88' lang='lat' dir='ltr'><strong>animam,</strong></span> <span class='ocrx_word' id='word_1_590' title='bbox 2550 4192 2723 4236; x_wconf 74' lang='lat' dir='ltr'><strong>currat</strong></span> <span class='ocrx_word' id='word_1_591' title='bbox 2745 4200 2902 4251; x_wconf 84' lang='lat' dir='ltr'><strong>usque</strong></span> <span class='ocrx_word' id='word_1_592' title='bbox 2919 4182 2986 4236; x_wconf 81' lang='lat' dir='ltr'><strong>ad</strong></span> <span class='ocrx_word' id='word_1_593' title='bbox 3002 4194 3210 4245; x_wconf 73' lang='lat' dir='ltr'><strong>terram,</strong></span> <span class='ocrx_word' id='word_1_594' title='bbox 3238 4198 3299 4235; x_wconf 78' lang='lat' dir='ltr'><strong>ne</strong></span> <span class='ocrx_word' id='word_1_595' title='bbox 3317 4196 3370 4234; x_wconf 88' lang='lat' dir='ltr'><strong>se</strong></span> <span class='ocrx_word' id='word_1_596' title='bbox 3388 4180 3576 4247; x_wconf 48' lang='lat' dir='ltr'><strong>erigere</strong></span> 
     </span>
    </p>
   </div>
   <div class='ocr_carea' id='block_1_108' title="bbox 2002 4269 3576 4345">
    <p class='ocr_par' dir='ltr' id='par_1_108' title="bbox 2002 4269 3576 4345">
     <span class='ocr_line' id='line_1_108' title="bbox 2002 4269 3576 4345; baseline -0.004 -18"><span class='ocrx_word' id='word_1_597' title='bbox 2002 4276 2180 4340; x_wconf 85' lang='lat' dir='ltr'><strong>possit.</strong></span> <span class='ocrx_word' id='word_1_598' title='bbox 2237 4273 2424 4328; x_wconf 80' lang='lat' dir='ltr'><strong>Gravia</strong></span> <span class='ocrx_word' id='word_1_599' title='bbox 2455 4275 2559 4342; x_wconf 78' lang='lat' dir='ltr'><strong>ﬁli,</strong></span> <span class='ocrx_word' id='word_1_600' title='bbox 2591 4269 2767 4345; x_wconf 78' lang='lat' dir='ltr'><strong>griwia</strong></span> <span class='ocrx_word' id='word_1_601' title='bbox 2804 4275 2954 4329; x_wconf 88' lang='lat' dir='ltr'><strong>nimis</strong></span> <span class='ocrx_word' id='word_1_602' title='bbox 2994 4275 3293 4328; x_wconf 88' lang='lat' dir='ltr'><strong>delictorum</strong></span> <span class='ocrx_word' id='word_1_603' title='bbox 3332 4269 3576 4339; x_wconf 85' lang='lat' dir='ltr'><strong>pondera.</strong></span> 
     </span>
    </p>
   </div>
   <div class='ocr_carea' id='block_1_109' title="bbox 2003 4363 3576 4434">
    <p class='ocr_par' dir='ltr' id='par_1_109' title="bbox 2003 4363 3576 4434">
     <span class='ocr_line' id='line_1_109' title="bbox 2003 4363 3576 4434; baseline -0.005 -17"><span class='ocrx_word' id='word_1_604' title='bbox 2003 4363 2144 4418; x_wconf 89' lang='lat' dir='ltr'><strong>Idem</strong></span> <span class='ocrx_word' id='word_1_605' title='bbox 2178 4365 2312 4420; x_wconf 89' lang='lat' dir='ltr'><strong>libro</strong></span> <span class='ocrx_word' id='word_1_606' title='bbox 2339 4365 2406 4418; x_wconf 89' lang='lat' dir='ltr'><strong>de</strong></span> <span class='ocrx_word' id='word_1_607' title='bbox 2435 4365 2638 4422; x_wconf 84' lang='lat' dir='ltr'><strong>Officiis</strong></span> <span class='ocrx_word' id='word_1_608' title='bbox 2669 4368 2840 4434; x_wconf 90' lang='lat' dir='ltr'><strong>primo</strong></span> <span class='ocrx_word' id='word_1_609' title='bbox 2867 4384 2880 4419; x_wconf 91' lang='lat'>:</span> <span class='ocrx_word' id='word_1_610' title='bbox 2919 4365 3072 4418; x_wconf 57' lang='lat' dir='ltr'><strong>Vides</strong></span> <span class='ocrx_word' id='word_1_611' title='bbox 3093 4363 3374 4418; x_wconf 79' lang='lat' dir='ltr'><strong>convivium</strong></span> <span class='ocrx_word' id='word_1_612' title='bbox 3407 4374 3576 4424; x_wconf 68' lang='lat' dir='ltr'><strong>prccav</strong></span> 
     </span>
    </p>
   </div>
   <div class='ocr_carea' id='block_1_110' title="bbox 2003 4451 3577 4526">
    <p class='ocr_par' dir='ltr' id='par_1_110' title="bbox 2003 4451 3577 4526">
     <span class='ocr_line' id='line_1_110' title="bbox 2003 4451 3577 4526; baseline -0.006 -21"><span class='ocrx_word' id='word_1_613' title='bbox 2003 4455 2149 4518; x_wconf 79' lang='lat' dir='ltr'><strong>toris,</strong></span> <span class='ocrx_word' id='word_1_614' title='bbox 2176 4454 2433 4524; x_wconf 82' lang='lat' dir='ltr'><strong>interroga</strong></span> <span class='ocrx_word' id='word_1_615' title='bbox 2461 4458 2822 4511; x_wconf 84' lang='lat' dir='ltr'><strong>conscientiam</strong></span> <span class='ocrx_word' id='word_1_616' title='bbox 2861 4460 2990 4526; x_wconf 72' lang='lat' dir='ltr'><strong>ejrs.</strong></span> <span class='ocrx_word' id='word_1_617' title='bbox 3030 4454 3213 4506; x_wconf 85' lang='lat' dir='ltr'><strong>Nonne</strong></span> <span class='ocrx_word' id='word_1_618' title='bbox 3238 4451 3440 4518; x_wconf 82' lang='lat' dir='ltr'><strong>grauius</strong></span> <span class='ocrx_word' id='word_1_619' title='bbox 3469 4461 3577 4499; x_wconf 87' lang='lat' dir='ltr'><strong>om-</strong></span> 
     </span>
    </p>
   </div>
   <div class='ocr_carea' id='block_1_111' title="bbox 1812 4539 3549 4634">
    <p class='ocr_par' dir='ltr' id='par_1_111' title="bbox 1812 4539 3549 4634">
     <span class='ocr_line' id='line_1_111' title="bbox 1812 4539 3549 4634; baseline -0.007 -34"><span class='ocrx_word' id='word_1_620' title='bbox 1812 4539 1897 4634; x_wconf 41' lang='grc' dir='ltr'><strong>ὦ-</strong></span> <span class='ocrx_word' id='word_1_621' title='bbox 1929 4559 1977 4621; x_wconf 74' lang='grc' dir='ltr'><strong>ί)</strong></span> <span class='ocrx_word' id='word_1_622' title='bbox 2003 4543 2148 4599; x_wconf 87' lang='lat' dir='ltr'><strong>nibus</strong></span> <span class='ocrx_word' id='word_1_623' title='bbox 2179 4546 2296 4612; x_wconf 90' lang='lat' dir='ltr'><strong>fetet</strong></span> <span class='ocrx_word' id='word_1_624' title='bbox 2327 4547 2618 4612; x_wconf 83' lang='lat' dir='ltr'><strong>sepulcris?</strong></span> <span class='ocrx_word' id='word_1_625' title='bbox 2653 4544 2875 4598; x_wconf 83' lang='lat' dir='ltr'><strong>Intueris</strong></span> <span class='ocrx_word' id='word_1_626' title='bbox 2916 4545 3144 4596; x_wconf 77' lang='lat' dir='ltr'><strong>[tetitiatn</strong></span> <span class='ocrx_word' id='word_1_627' title='bbox 3187 4544 3317 4611; x_wconf 86' lang='lat' dir='ltr'><strong>ejus,</strong></span> <span class='ocrx_word' id='word_1_628' title='bbox 3358 4548 3406 4590; x_wconf 86' lang='lat' dir='ltr'><strong>et</strong></span> <span class='ocrx_word' id='word_1_629' title='bbox 3436 4539 3549 4590; x_wconf 88' lang='lat' dir='ltr'><strong>salu</strong></span> 
     </span>
    </p>
   </div>
   <div class='ocr_carea' id='block_1_112' title="bbox 2003 4631 3553 4704">
    <p class='ocr_par' dir='ltr' id='par_1_112' title="bbox 2003 4631 3553 4704">
     <span class='ocr_line' id='line_1_112' title="bbox 2003 4631 3553 4704; baseline -0.003 -17"><span class='ocrx_word' id='word_1_630' title='bbox 2003 4634 2233 4687; x_wconf 85' lang='lat' dir='ltr'><strong>britatem</strong></span> <span class='ocrx_word' id='word_1_631' title='bbox 2277 4637 2474 4687; x_wconf 88' lang='lat' dir='ltr'><strong>miraris</strong></span> <span class='ocrx_word' id='word_1_632' title='bbox 2513 4635 2761 4704; x_wconf 84' lang='lat' dir='ltr'><strong>corporis,</strong></span> <span class='ocrx_word' id='word_1_633' title='bbox 2803 4635 3026 4701; x_wconf 82' lang='lat' dir='ltr'><strong>filiorum</strong></span> <span class='ocrx_word' id='word_1_634' title='bbox 3055 4642 3203 4698; x_wconf 91' lang='lat' dir='ltr'><strong>atque</strong></span> <span class='ocrx_word' id='word_1_635' title='bbox 3241 4647 3394 4701; x_wconf 84' lang='lat' dir='ltr'><strong>apum</strong></span> <span class='ocrx_word' id='word_1_636' title='bbox 3420 4631 3553 4682; x_wconf 85' lang='lat' dir='ltr'><strong>abun</strong></span> 
     </span>
    </p>
   </div>
   <div class='ocr_carea' id='block_1_113' title="bbox 2001 4721 3576 4793">
    <p class='ocr_par' dir='ltr' id='par_1_113' title="bbox 2001 4721 3576 4793">
     <span class='ocr_line' id='line_1_113' title="bbox 2001 4721 3576 4793; baseline -0.001 -17"><span class='ocrx_word' id='word_1_637' title='bbox 2001 4726 2250 4777; x_wconf 88' lang='lat' dir='ltr'><strong>dantiam.</strong></span> <span class='ocrx_word' id='word_1_638' title='bbox 2297 4724 2584 4790; x_wconf 85' lang='lat' dir='ltr'><strong>lntrospice</strong></span> <span class='ocrx_word' id='word_1_639' title='bbox 2630 4724 2829 4783; x_wconf 87' lang='lat' dir='ltr'><strong>ulcera,</strong></span> <span class='ocrx_word' id='word_1_640' title='bbox 2881 4731 2927 4773; x_wconf 84' lang='lat' dir='ltr'><strong>et</strong></span> <span class='ocrx_word' id='word_1_641' title='bbox 2971 4721 3152 4774; x_wconf 84' lang='lat' dir='ltr'><strong>vivac.&#39;s</strong></span> <span class='ocrx_word' id='word_1_642' title='bbox 3199 4721 3384 4774; x_wconf 67' lang='lat' dir='ltr'><strong>animle</strong></span> <span class='ocrx_word' id='word_1_643' title='bbox 3425 4723 3533 4793; x_wconf 85' lang='lat' dir='ltr'><strong>ejus</strong></span> <span class='ocrx_word' id='word_1_644' title='bbox 3563 4765 3576 4785; x_wconf 89' lang='lat'><strong>,</strong></span> 
     </span>
    </p>
   </div>
   <div class='ocr_carea' id='block_1_114' title="bbox 1999 4812 3576 4888">
    <p class='ocr_par' dir='ltr' id='par_1_114' title="bbox 1999 4812 3576 4888">
     <span class='ocr_line' id='line_1_114' title="bbox 1999 4812 3576 4888; baseline -0.003 -15"><span class='ocrx_word' id='word_1_645' title='bbox 1999 4819 2265 4888; x_wconf 80' lang='lat' dir='ltr'><strong>cordisque</strong></span> <span class='ocrx_word' id='word_1_646' title='bbox 2311 4818 2715 4872; x_wconf 74' lang='lat' dir='ltr'><strong>nuestitudinem.</strong></span> <span class='ocrx_word' id='word_1_647' title='bbox 2766 4816 2968 4869; x_wconf 75' lang='lat' dir='ltr'><strong>Rursus</strong></span> <span class='ocrx_word' id='word_1_648' title='bbox 2997 4812 3306 4868; x_wconf 79' lang='lat' dir='ltr'><strong>Ofﬁciorum</strong></span> <span class='ocrx_word' id='word_1_649' title='bbox 3336 4830 3389 4867; x_wconf 91' lang='lat' dir='ltr'><strong>III</strong></span> <span class='ocrx_word' id='word_1_650' title='bbox 3417 4832 3428 4866; x_wconf 91' lang='lat'>:</span> <span class='ocrx_word' id='word_1_651' title='bbox 3456 4814 3576 4878; x_wconf 73' lang='lat' dir='ltr'><strong>Qua!</strong></span> 
     </span>
    </p>
   </div>
   <div class='ocr_carea' id='block_1_115' title="bbox 2000 4903 3576 4980">
    <p class='ocr_par' dir='ltr' id='par_1_115' title="bbox 2000 4903 3576 4980">
     <span class='ocr_line' id='line_1_115' title="bbox 2000 4903 3576 4980; baseline -0.006 -14"><span class='ocrx_word' id='word_1_652' title='bbox 2000 4913 2132 4966; x_wconf 88' lang='lat' dir='ltr'><strong>enim</strong></span> <span class='ocrx_word' id='word_1_653' title='bbox 2158 4926 2304 4980; x_wconf 71' lang='lat' dir='ltr'><strong>paena</strong></span> <span class='ocrx_word' id='word_1_654' title='bbox 2331 4910 2533 4979; x_wconf 83' lang='lat' dir='ltr'><strong>gravior</strong></span> <span class='ocrx_word' id='word_1_655' title='bbox 2554 4926 2706 4979; x_wconf 87' lang='lat' dir='ltr'><strong>quam</strong></span> <span class='ocrx_word' id='word_1_656' title='bbox 2732 4907 2992 4962; x_wconf 83' lang='lat' dir='ltr'><strong>interioris</strong></span> <span class='ocrx_word' id='word_1_657' title='bbox 3013 4903 3196 4958; x_wconf 75' lang='lat' dir='ltr'><strong>t&#39;ulnus</strong></span> <span class='ocrx_word' id='word_1_658' title='bbox 3221 4906 3537 4958; x_wconf 85' lang='lat' dir='ltr'><strong>conscientia:</strong></span> <span class='ocrx_word' id='word_1_659' title='bbox 3566 4908 3576 4937; x_wconf 84' lang='lat'><strong>’</strong></span> 
     </span>
    </p>
   </div>
   <div class='ocr_carea' id='block_1_116' title="bbox 2004 5004 2532 5073">
    <p class='ocr_par' dir='ltr' id='par_1_116' title="bbox 2004 5004 2532 5073">
     <span class='ocr_line' id='line_1_116' title="bbox 2004 5004 2532 5073; baseline -0.006 -13"><span class='ocrx_word' id='word_1_660' title='bbox 2004 5005 2304 5060; x_wconf 82' lang='lat' dir='ltr'><strong>Lodovicus</strong></span> <span class='ocrx_word' id='word_1_661' title='bbox 2332 5004 2490 5073; x_wconf 79' lang='lat' dir='ltr'><strong>Bigus</strong></span> <span class='ocrx_word' id='word_1_662' title='bbox 2518 5021 2532 5057; x_wconf 89' lang='lat'><strong>:</strong></span> 
     </span>
    </p>
   </div>
   <div class='ocr_carea' id='block_1_117' title="bbox 2503 5091 3144 5154">
    <p class='ocr_par' dir='ltr' id='par_1_117' title="bbox 2503 5091 3144 5154">
     <span class='ocr_line' id='line_1_117' title="bbox 2503 5091 3144 5154; baseline 0 -12"><span class='ocrx_word' id='word_1_663' title='bbox 2503 5095 2649 5142; x_wconf 76' lang='lat' dir='ltr'><strong>Brevi</strong></span> <span class='ocrx_word' id='word_1_664' title='bbox 2674 5094 2897 5142; x_wconf 84' lang='lat' dir='ltr'><strong>damnosa</strong></span> <span class='ocrx_word' id='word_1_665' title='bbox 2923 5091 3144 5154; x_wconf 84' lang='lat' dir='ltr'><strong>voluptas</strong></span> 
     </span>
    </p>
   </div>
   <div class='ocr_carea' id='block_1_118' title="bbox 2125 5152 3376 5220">
    <p class='ocr_par' dir='ltr' id='par_1_118' title="bbox 2125 5152 3376 5220">
     <span class='ocr_line' id='line_1_118' title="bbox 2125 5152 3376 5220; baseline -0.003 -14"><span class='ocrx_word' id='word_1_666' title='bbox 2125 5157 2368 5220; x_wconf 72' lang='lat' dir='ltr'><strong>Nequitim</strong></span> <span class='ocrx_word' id='word_1_667' title='bbox 2393 5159 2581 5214; x_wconf 80' lang='lat' dir='ltr'><strong>transit,</strong></span> <span class='ocrx_word' id='word_1_668' title='bbox 2606 5158 2693 5204; x_wconf 82' lang='lat' dir='ltr'><strong>sed</strong></span> <span class='ocrx_word' id='word_1_669' title='bbox 2721 5156 2943 5220; x_wconf 82' lang='lat' dir='ltr'><strong>vulnerat</strong></span> <span class='ocrx_word' id='word_1_670' title='bbox 2968 5152 3095 5214; x_wconf 77' lang='lat' dir='ltr'><strong>ossa,</strong></span> <span class='ocrx_word' id='word_1_671' title='bbox 3121 5152 3376 5214; x_wconf 70' lang='lat' dir='ltr'><strong>medullas,</strong></span> 
     </span>
    </p>
   </div>
   <div class='ocr_carea' id='block_1_119' title="bbox 2126 5217 2890 5279">
    <p class='ocr_par' dir='ltr' id='par_1_119' title="bbox 2126 5217 2890 5279">
     <span class='ocr_line' id='line_1_119' title="bbox 2126 5217 2890 5279; baseline -0.008 -11"><span class='ocrx_word' id='word_1_672' title='bbox 2126 5217 2361 5279; x_wconf 69' lang='lat' dir='ltr'><strong>Mentem,</strong></span> <span class='ocrx_word' id='word_1_673' title='bbox 2391 5232 2705 5279; x_wconf 75' lang='lat' dir='ltr'><strong>animumque</strong></span> <span class='ocrx_word' id='word_1_674' title='bbox 2730 5217 2890 5266; x_wconf 76' lang='lat' dir='ltr'><strong>simul.</strong></span> 
     </span>
    </p>
   </div>
   <div class='ocr_carea' id='block_1_120' title="bbox 2002 5305 2193 5359">
    <p class='ocr_par' dir='ltr' id='par_1_120' title="bbox 2002 5305 2193 5359">
     <span class='ocr_line' id='line_1_120' title="bbox 2002 5305 2193 5359; baseline 0.005 -1"><span class='ocrx_word' id='word_1_675' title='bbox 2002 5305 2140 5358; x_wconf 67' lang='lat' dir='ltr'><strong>lili&#39;lli</strong></span> <span class='ocrx_word' id='word_1_676' title='bbox 2181 5324 2193 5359; x_wconf 90' lang='lat'><strong>:</strong></span> 
     </span>
    </p>
   </div>
   <div class='ocr_carea' id='block_1_121' title="bbox 2127 5387 3426 5446">
    <p class='ocr_par' dir='ltr' id='par_1_121' title="bbox 2127 5387 3426 5446">
     <span class='ocr_line' id='line_1_121' title="bbox 2127 5387 3426 5446; baseline -0.005 -4"><span class='ocrx_word' id='word_1_677' title='bbox 2127 5395 2354 5442; x_wconf 71' lang='lat' dir='ltr'><strong>Fallimur</strong></span> <span class='ocrx_word' id='word_1_678' title='bbox 2380 5395 2475 5440; x_wconf 79' lang='lat' dir='ltr'><strong>lien</strong></span> <span class='ocrx_word' id='word_1_679' title='bbox 2503 5392 2685 5446; x_wconf 77' lang='lat' dir='ltr'><strong>miseri,</strong></span> <span class='ocrx_word' id='word_1_680' title='bbox 2725 5406 2816 5439; x_wconf 89' lang='lat' dir='ltr'><strong>non</strong></span> <span class='ocrx_word' id='word_1_681' title='bbox 2843 5398 2918 5439; x_wconf 82' lang='lat' dir='ltr'><strong>est</strong></span> <span class='ocrx_word' id='word_1_682' title='bbox 2943 5405 3002 5438; x_wconf 79' lang='lat' dir='ltr'><strong>ex</strong></span> <span class='ocrx_word' id='word_1_683' title='bbox 3031 5395 3254 5439; x_wconf 74' lang='lat' dir='ltr'><strong>rinsertts</strong></span> <span class='ocrx_word' id='word_1_684' title='bbox 3277 5387 3426 5436; x_wconf 84' lang='lat' dir='ltr'><strong>ullum</strong></span> 
     </span>
    </p>
   </div>
   <div class='ocr_carea' id='block_1_122' title="bbox 2189 5456 3335 5514">
    <p class='ocr_par' dir='ltr' id='par_1_122' title="bbox 2189 5456 3335 5514">
     <span class='ocr_line' id='line_1_122' title="bbox 2189 5456 3335 5514; baseline -0.004 -11"><span class='ocrx_word' id='word_1_685' title='bbox 2189 5456 2448 5513; x_wconf 78' lang='lat' dir='ltr'><strong>Flagitium</strong></span> <span class='ocrx_word' id='word_1_686' title='bbox 2477 5467 2488 5502; x_wconf 93' lang='lat'>:</span> <span class='ocrx_word' id='word_1_687' title='bbox 2521 5456 2564 5501; x_wconf 92' lang='lat' dir='ltr'><strong>in</strong></span> <span class='ocrx_word' id='word_1_688' title='bbox 2590 5457 2750 5500; x_wconf 84' lang='lat' dir='ltr'><strong>medio</strong></span> <span class='ocrx_word' id='word_1_689' title='bbox 2774 5461 2972 5514; x_wconf 84' lang='lat' dir='ltr'><strong>pectore</strong></span> <span class='ocrx_word' id='word_1_690' title='bbox 2999 5467 3151 5511; x_wconf 64' lang='lat' dir='ltr'><strong>regna</strong></span> <span class='ocrx_word' id='word_1_691' title='bbox 3179 5459 3335 5499; x_wconf 82' lang='lat' dir='ltr'><strong>leuet.</strong></span> 
     </span>
    </p>
   </div>
   <div class='ocr_carea' id='block_1_123' title="bbox 2128 5515 3330 5571">
    <p class='ocr_par' dir='ltr' id='par_1_123' title="bbox 2128 5515 3330 5571">
     <span class='ocr_line' id='line_1_123' title="bbox 2128 5515 3330 5571; baseline -0.005 -8"><span class='ocrx_word' id='word_1_692' title='bbox 2128 5517 2312 5563; x_wconf 69' lang='lat' dir='ltr'><strong>Vulnus</strong></span> <span class='ocrx_word' id='word_1_693' title='bbox 2334 5518 2426 5565; x_wconf 84' lang='lat' dir='ltr'><strong>hiat</strong></span> <span class='ocrx_word' id='word_1_694' title='bbox 2455 5516 2655 5565; x_wconf 75' lang='lat' dir='ltr'><strong>Iethale.</strong></span> <span class='ocrx_word' id='word_1_695' title='bbox 2685 5525 2844 5562; x_wconf 88' lang='lat' dir='ltr'><strong>tamen</strong></span> <span class='ocrx_word' id='word_1_696' title='bbox 2875 5515 3108 5562; x_wconf 64' lang='lat' dir='ltr'><strong>medicina</strong></span> <span class='ocrx_word' id='word_1_697' title='bbox 3135 5520 3330 5571; x_wconf 80' lang='lat' dir='ltr'><strong>paratur</strong></span> 
     </span>
    </p>
   </div>
   <div class='ocr_carea' id='block_1_124' title="bbox 2186 5575 3271 5626">
    <p class='ocr_par' dir='ltr' id='par_1_124' title="bbox 2186 5575 3271 5626">
     <span class='ocr_line' id='line_1_124' title="bbox 2186 5575 3271 5626; baseline -0.001 -3"><span class='ocrx_word' id='word_1_698' title='bbox 2186 5575 2338 5626; x_wconf 59' lang='lat' dir='ltr'><strong>Nulla.</strong></span> <span class='ocrx_word' id='word_1_699' title='bbox 2371 5590 2461 5624; x_wconf 87' lang='lat' dir='ltr'><strong>nec</strong></span> <span class='ocrx_word' id='word_1_700' title='bbox 2488 5592 2509 5621; x_wconf 88' lang='lat' dir='ltr'><strong>:t</strong></span> <span class='ocrx_word' id='word_1_701' title='bbox 2539 5592 2577 5623; x_wconf 39' lang='lat' dir='ltr'><strong>Il‘</strong></span> <span class='ocrx_word' id='word_1_702' title='bbox 2603 5577 2676 5624; x_wconf 58' lang='lat' dir='ltr'><strong>liis-</strong></span> <span class='ocrx_word' id='word_1_703' title='bbox 2699 5579 2907 5623; x_wconf 86' lang='lat' dir='ltr'><strong>curritur</strong></span> <span class='ocrx_word' id='word_1_704' title='bbox 2933 5575 2989 5621; x_wconf 83' lang='lat' dir='ltr'><strong>ad</strong></span> <span class='ocrx_word' id='word_1_705' title='bbox 3018 5575 3271 5622; x_wconf 67' lang='lat' dir='ltr'><strong>lltBttiCltm.</strong></span> 
     </span>
    </p>
   </div>
   <div class='ocr_carea' id='block_1_125' title="bbox 2131 5638 3310 5697">
    <p class='ocr_par' dir='ltr' id='par_1_125' title="bbox 2131 5638 3310 5697">
     <span class='ocr_line' id='line_1_125' title="bbox 2131 5638 3310 5697; baseline -0.006 -10"><span class='ocrx_word' id='word_1_706' title='bbox 2131 5639 2212 5687; x_wconf 87' lang='lat' dir='ltr'><strong>Ilia</strong></span> <span class='ocrx_word' id='word_1_707' title='bbox 2238 5642 2275 5685; x_wconf 82' lang='lat' dir='ltr'><strong>si</strong></span> <span class='ocrx_word' id='word_1_708' title='bbox 2302 5638 2517 5690; x_wconf 74' lang='lat' dir='ltr'><strong>doleant.</strong></span> <span class='ocrx_word' id='word_1_709' title='bbox 2539 5642 2686 5685; x_wconf 74' lang='lat' dir='ltr'><strong>terris</strong></span> <span class='ocrx_word' id='word_1_710' title='bbox 2711 5649 3022 5697; x_wconf 54' lang='lat' dir='ltr'><strong>peragranti&quot;</strong></span> <span class='ocrx_word' id='word_1_711' title='bbox 3049 5643 3101 5683; x_wconf 77' lang='lat' dir='ltr'><strong>et</strong></span> <span class='ocrx_word' id='word_1_712' title='bbox 3125 5648 3310 5695; x_wconf 66' lang='lat' dir='ltr'><strong>aequor,</strong></span> 
     </span>
    </p>
   </div>
   <div class='ocr_carea' id='block_1_126' title="bbox 2185 5698 3180 5751">
    <p class='ocr_par' dir='ltr' id='par_1_126' title="bbox 2185 5698 3180 5751">
     <span class='ocr_line' id='line_1_126' title="bbox 2185 5698 3180 5751; baseline -0.007 0"><span class='ocrx_word' id='word_1_713' title='bbox 2185 5703 2355 5751; x_wconf 71' lang='lat' dir='ltr'><strong>Curam</strong></span> <span class='ocrx_word' id='word_1_714' title='bbox 2379 5703 2524 5749; x_wconf 81' lang='lat' dir='ltr'><strong>animi</strong></span> <span class='ocrx_word' id='word_1_715' title='bbox 2547 5699 2706 5747; x_wconf 74' lang='lat' dir='ltr'><strong>utilius</strong></span> <span class='ocrx_word' id='word_1_716' title='bbox 2721 5700 2990 5748; x_wconf 69' lang='lat' dir='ltr'><strong>deﬁcientis</strong></span> <span class='ocrx_word' id='word_1_717' title='bbox 3016 5698 3180 5744; x_wconf 77' lang='lat' dir='ltr'><strong>liabet.</strong></span> 
     </span>
    </p>
   </div>
   <div class='ocr_carea' id='block_1_127' title="bbox 2003 5781 3586 5851">
    <p class='ocr_par' dir='ltr' id='par_1_127' title="bbox 2003 5781 3586 5851">
     <span class='ocr_line' id='line_1_127' title="bbox 2003 5781 3586 5851; baseline -0.001 -14"><span class='ocrx_word' id='word_1_718' title='bbox 2003 5788 2107 5843; x_wconf 70' lang='lat' dir='ltr'><strong>Nos</strong></span> <span class='ocrx_word' id='word_1_719' title='bbox 2134 5802 2342 5850; x_wconf 81' lang='lat' dir='ltr'><strong>quoque</strong></span> <span class='ocrx_word' id='word_1_720' title='bbox 2371 5785 2494 5839; x_wconf 87' lang='lat' dir='ltr'><strong>o&#39;im</strong></span> <span class='ocrx_word' id='word_1_721' title='bbox 2524 5784 2742 5838; x_wconf 77' lang='lat' dir='ltr'><strong>iuvenes</strong></span> <span class='ocrx_word' id='word_1_722' title='bbox 2779 5784 2937 5839; x_wconf 83' lang='lat' dir='ltr'><strong>admo</strong></span> <span class='ocrx_word' id='word_1_723' title='bbox 2962 5782 3169 5848; x_wconf 76' lang='lat' dir='ltr'><strong>Ium,-in</strong></span> <span class='ocrx_word' id='word_1_724' title='bbox 3197 5781 3379 5851; x_wconf 75' lang='lat' dir='ltr'><strong>elogiis</strong></span> <span class='ocrx_word' id='word_1_725' title='bbox 3404 5793 3555 5836; x_wconf 72' lang='lat' dir='ltr'><strong>mets</strong></span> <span class='ocrx_word' id='word_1_726' title='bbox 3576 5795 3586 5849; x_wconf 60' lang='lat'><strong>,-</strong></span> 
     </span>
    </p>
   </div>
  </div>
