4216 6256
634 325 761 383 1051

635 439 767 493 Iilms
798 437 874 490 sic
896 428 1125 488 lusimus
1156 444 1315 495 super
1342 441 1397 479 re
1430 422 1646 477 minime
1676 418 1875 473 ludicra
1908 433 1918 468 :

754 528 1013 593 Splendida
1037 522 1267 584 magnifici
1295 519 1457 593 cernis
1481 512 1865 593 consilia-regis,

818 576 1046 638 Astantes
1070 576 1267 646 pueros,
1295 592 1448 646 aurea
1473 576 1759 646 \asa__vides.

757 637 888 699 ll‘ins
914 637 1128 698 mentem
1155 646 1195 692 si
1224 637 1348 690 forte
1372 639 1543 689 videre
1580 637 1776 699 lict-ret,

823 712 993 758 L'lcera
1021 708 1325 766 perspiceres
1346 700 1609 766 sordidiora
1635 698 1755 755 luto,

757 752 1040 821 tmﬁiin'ér'a;
1062 752 1246 826 pestes,
1276 763 1546 826 etp‘urima
1575 752 1785 805 monstra
1807 752 2023 810 videres,

816 831 1012 880 lnferno
1031 822 1176 889 longe
1201 827 1304 886 plus
1326 822 1554 883 lugienda
1575 832 1716 869 cane.

1180 908 1241 962 IN
1282 904 1554 960 PRUSAM
1574 902 1685 955 ,IV.

705 1005 816 1059 Hac
842 1015 997 1071 prosa
1022 1000 1251 1068 primum
1277 995 1491 1063 quidem
1525 992 1715 1044 fatetur
1744 985 2032 1042 Severinus
2058 980 2216 1036 vitio-

636 1113 747 1159 sos,
772 1093 978 1147 tametsi
1011 1091 1243 1157 speciem
1271 1085 1487 1140 humani
1518 1081 1764 1150 corporis
1787 1078 2069 1139 retineant,
2102 1074 2217 1128 ani-

636 1199 844 1238 lltttl'llm
876 1190 1052 1235 tamen
1088 1178 1339 1243 qualitate
1370 1175 1421 1227 in
1450 1173 1653 1227 belluas
1694 1163 2084 1221 transformari.
2110 1162 2213 1217 Vc-

643 1292 761 1327 tum
789 1273 840 1326 id
864 1272 963 1345 sibi
998 1269 1240 1323 mirabile
1268 1281 1387 1322 cum
1418 1262 1623 1333 primis,
1654 1259 2031 1328 indignumque
2048 1253 2221 1309 videri

639 1367 735 1431 ait,
758 1365 811 1418 in
840 1373 1036 1417 tantam
1053 1363 1309 1414 vilitatem
1325 1359 1559 1425 abjectos
1574 1355 1626 1409 in
1644 1354 1905 1408 bonorum
1927 1349 2217 1421 perniciem

641 1457 871 1526 grassari
898 1471 1071 1524 posse,
1086 1464 1138 1507 et
1160 1454 1295 1505 male
1311 1465 1476 1505 concu
1488 1451 1592 1517 pita
1612 1457 1940 1517 perpetrare:
1959 1446 2043 1499 cui
2056 1443 2221 1498 veris-

643 1548 791 1601 simis
822 1547 1113 1600 rationibus
1143 1555 1427 1597 occurrens
1454 1536 1932 1606 Philosophia,duo
1954 1534 2167 1589 disserit
2191 1548 2219 1585 a

652 1640 852 1709 vu‘gari
880 1638 1089 1707 quidem
1113 1635 1364 1703 Opinione
1398 1634 1554 1700 longe
1574 1630 1768 1696 aliena,
1805 1643 1904 1682 nec
1931 1638 2106 1681 tamen
2124 1624 2223 1677 mi-

648 1747 747 1785 nus
770 1746 914 1785 vera.
939 1729 1174 1795 Quorum
1207 1726 1431 1779 alterum
1461 1732 1563 1787 est,
1595 1723 1762 1775 multo
1791 1719 2098 1774 miseriores
2118 1715 2220 1768 im-

650 1824 842 1888 probos
872 1820 1000 1881 tieri,
1018 1834 1135 1873 cum
1154 1816 1358 1869 libidini
1375 1830 1486 1868 sua:
1505 1813 1744 1867 fecerunt
1758 1810 1908 1875 satis,
1924 1823 2081 1879 quam
2103 1821 2223 1861 cum

650 1927 922 1979 perperam
945 1909 1174 1975 appetita
1192 1905 1411 1975 exsequi
1443 1904 1798 1973 nequiverint.
1824 1902 2064 1954 Alterum
2082 1914 2227 1961 vero,

650 2005 824 2055 minus
854 2002 1076 2054 miseros
1103 2014 1222 2052 esse
1256 1999 1443 2060 malos,
1469 1995 1759 2050 facinorum
1789 2008 2008 2047 suorum
2039 2006 2225 2060 pinnas

649 2090 1007 2158 expendentes
1037 2105 1049 2139 :
1081 2088 1287 2140 tametsi
1318 2086 1456 2139 nulla
1483 2084 1832 2139 corri-clionis
1869 2084 2025 2147 ratio,
2054 2082 2232 2149 nullus

651 2179 879 2246 exemp'i
919 2188 1190 2247 respectus
1233 2176 1509 2243 habeatur,
1540 2192 1694 2242 quam
1727 2174 1771 2228 si
1800 2189 1863 2228 eo
1903 2174 2117 2241 impune
2163 2171 2226 2224 ad

652 2278 861 2335 tempus
889 2267 1158 2321 elahcntes
1196 2267 1339 2318 nulla
1362 2265 1578 2333 justitiac
1612 2279 1765 2333 poma
1796 2270 2059 2316 coerceat.

720 2359 1044 2413 Convenicnti
1073 2358 1220 2427 loco]
1255 2358 1308 2409 lu
1348 2356 1505 2424 hujus
1535 2356 1653 2408 libri
1690 2370 1843 2423 prosa
1873 2364 2051 2407 sexta.

724 2452 893 2506 Multo
914 2453 1069 2522 igitur
1091 2452 1139 2503 in
1149 2447 1424 2520 feliciores]
1450 2449 1698 2503 Socrates
1720 2447 1855 2516 apud
1878 2446 2150 2500 Platonem
2180 2445 2231 2498 in

657 2544 849 2613 Gorgia
874 2560 890 2601 :
924 2544 1216 2598 Secundum
1240 2558 1355 2594 vero
1370 2542 1672 2594 sententiam
1702 2556 1883 2603 meant,
1912 2554 1941 2591 ο
1972 2538 2117 2603 Pole,
2148 2543 2232 2606 qui

653 2637 945 2706 injuriatur,
976 2636 1291 2702 injustusque
1320 2642 1422 2696 est,
1447 2633 1735 2685 omninoest
1758 2638 1878 2683 ante
1901 2629 2035 2683 alios
2058 2632 2233 2684 miser:

653 2725 881 2778 miserior
903 2726 1149 2791 autem,si
1173 2724 1478 2793 injuriarum
1501 2738 1670 2788 poenas
1688 2737 1942 2790 nunquam
1975 2722 2112 2784 luat;
2140 2722 2232 2774 mi-

653 2832 747 2869 nus
765 2831 875 2868 vero
896 2815 1067 2879 miser,
1088 2816 1130 2866 si
1152 2815 1283 2879 luat,
1308 2813 1711 2883 suppliciumque
1725 2814 1928 2880 jussnm
1955 2813 2094 2881 apud
2115 2813 2234 2865 deos

654 2907 973 2975 hominesque
1004 2914 1243 2973 reportet.
1282 2905 1440 2957 Divus
1479 2904 1805 2973 Augustinus
1837 2902 1973 2956 libro
1996 2902 2062 2956 de
2089 2902 2234 2956 Civi-

653 3012 758 3056 tate
773 3002 865 3055 Dei
896 3017 991 3064 xu,
1023 3000 1195 3068 capite
1214 2999 1247 3052 '5
1274 3017 1287 3051 :
1316 2998 1377 3051 Et
1400 3015 1512 3051 cum
1537 2998 1588 3050 in
1613 2998 1773 3067 poenis
1792 3005 1865 3051 est
1889 3005 2072 3049 natura
2088 2996 2235 3048 vitio-

1280 306 1622 370 APPENDIX
1662 306 1750 360 AD
1790 301 2032 360 LIBROS
2073 297 2158 351 DE
2195 249 2713 349 CONSOLATIONE
2753 290 3247 346 PIIILOSOPII‘IE.

2235 406 2287 466 Α
2315 414 2475 471 tatur,
2512 406 2829 468 ut'vincula,
2860 414 2910 456 ut
2938 418 3204 463 carceres,
3239 399 3535 469 squalori-s,
3562 407 3613 450 ut
3644 398 3894 463 verbera,

2312 513 2429 566 quat
2455 512 2518 550 ex
2552 498 2724 565 legum
2754 518 2763 555 ι
2789 496 3064 563 rat-scripto
3094 491 3406 564 perniciosis
3430 492 3659 544 constitu
3688 505 3715 542 a
3748 501 3892 544 sunt.

2313 588 2381 642 At
2409 588 2458 641 hi
2488 588 2702 656 impune
2748 587 3009 649 evadunt,
3056 583 3296 637 insontes
3338 589 3515 633 autem
3542 622 3543 625 η
3566 584 3891 646 p'ertnntur.

2314 678 2474 745 Cujus
2505 693 2717 731 causam
2749 676 3077 730 confusionis
3107 671 3527 727 admirabundus
3550 686 3614 723 ex
3651 670 3893 724 Philoso-

3759 293 3890 342 I03)

2317 770 2435 837 phia
2463 770 2676 827 Boetius
2699 770 3022 824 sciscitatur.

2855 861 2917 914 IN
2961 852 3245 912 METRUM
3290 855 3354 909 V.

2388 953 2663 1022 Exemplis
2692 951 2890 1021 colligit
2924 966 2955 1004 e
2980 963 3262 1003 can~arum
3305 946 3638 1015 ignoratione
3666 945 3893 998 admira-

2318 1047 2516 1101 tionem
2541 1044 2694 1107 oriri,
2728 1043 2920 1113 quibus
2943 1041 3175 1108 acceptis
3202 1050 3257 1094 et
3273 1038 3481 1106 penitus
3502 1038 3750 1106 cognitis,
3776 1038 3891 1091 haec

2318 1151 2350 1192 e
2381 1136 2554 1190 medio
2586 1134 2809 1196 tollitur,
2840 1131 3184 1198 succeditque
3225 1128 3470 1182 scientia.
3495 1127 3721 1181 Carmen
3752 1128 3895 1181 dico.

2320 1231 2407 1284 Ion
2457 1239 2537 1282 est
2587 1225 2929 1294 dislrophon,
2961 1223 3169 1277 tametsi
3230 1220 3476 1275 Mcolaus
3529 1219 3775 1272 Perottus
3815 1221 3897 1272 vir

2321 1319 2514 1387 alioqui
2563 1316 2939 1379 doctissimus,
2982 1328 3165 1382 patum
3213 1324 3471 1379 perpensa
3521 1324 3769 1363 versuum
3817 1324 3899 1361 ra-

2324 1411 2490 1475 tione,
2518 1406 2798 1462 tradiderit
2829 1406 2929 1459 h'oc
2952 1418 3166 1458 carmen
3195 1417 3313 1455 esse
3341 1398 3686 1470 dactylicum,
3708 1398 3899 1451 alt-ma-

2325 1505 2471 1554 nium
2517 1506 2882 1551 tetrametrum
2932 1494 3442 1566 hypercatalectnm,
3490 1489 3793 1559 cuiusmodi
3820 1496 3897 1545 est

2327 1591 2455 1643 illud
2488 1587 2642 1656 primi
2672 1586 2831 1643 libri..

2511 1680 2617 1729 Heu
2644 1692 2788 1742 quam
2812 1677 3045 1741 praecipiti
3068 1687 3227 1724 mersa
3253 1672 3505 1736 profundo.

2253 1772 2300 1833 Β
2333 1765 2408 1818 Ah
2464 1779 2527 1817 co
2575 1777 2801 1830 namque
2841 1761 3010 1815 dillert
3064 1758 3165 1812 hoc
3219 1760 3507 1826 (quantum
3557 1755 3623 1808 ad
3673 1753 3898 1823 primum

2337 1872 2545 1908 versum
2582 1853 2841 1921 pertinet)
2876 1850 3016 1920 quod
3046 1849 3132 1903 hic
3155 1849 3206 1902 in
3236 1849 3406 1917 prima
3437 1845 3655 1915 regione
3693 1859 3901 1912 semper

2337 1947 2620 2005 lrovhmtts,
2652 1946 2719 2019 ibi
2754 1959 2855 1998 non
2900 1942 3188 2007 trochrcus,
3220 1941 3313 1995 sed
3354 1939 3623 2009 spondeus
3651 1938 3737 1993 vel
3781 1937 3899 1991 dac~

2337 2038 2478 2107 tylus
2507 2046 2606 2090 eSt.
2636 2036 2842 2088 Primus
2862 2034 3018 2102 igitur
3050 2032 3205 2107 hujus
3229 2029 3479 2084 carminis
3504 2042 3691 2082 versus
3718 2029 3903 2082 mistus

2336 2130 2551 2183 videtur
2596 2144 2658 2181 ex
2707 2126 2973 2195 Sapphico
3015 2133 3070 2178 et
3114 2123 3407 2185 Alcmanio,
3437 2132 3689 2175 constans
3736 2121 3904 2188 primo

2337 2220 2588 2281 ιτοριιειιο,
2620 2217 2854 2271 secundo
2893 2215 3133 2284 Spondeo
3177 2214 3263 2267 vel
3295 2212 3527 2283 dactylo,
3575 2226 3640 2264 ac
3674 2210 3905 2278 spondeo

2337 2326 2433 2365 seu
2485 2314 2741 2364 trochzeo.
2769 2308 3045 2362 Secundus
3097 2316 3273 2359 autem
3326 2317 3513 2357 versus
3551 2302 3795 2355 Alcaicus
3830 2309 3906 2353 est

2337 2411 2663 2461 tetrameter.
2692 2400 2971 2463 iainbicus,
2998 2406 3248 2451 constans
3273 2394 3635 2463 pentemimeri
3664 2393 3907 2455 iambico,

2336 2493 2548 2561 dactylo
2578 2500 2632 2544 et
2658 2490 2917 2558 spondeo,
2950 2488 3204 2542 differens
3233 2486 3301 2540 ab
3341 2488 3431 2539 illo
3462 2483 3662 2537 lloratii
3707 2492 3907 2536 tantum

2338 2590 2607 2634 postremo
2638 2579 2772 2648 pede
2800 2596 2813 2634 :

2524 2666 2669 2719 Vides
2686 2678 2737 2718 ut
2759 2669 2853 2718 alta
2878 2676 2978 2717 stet
3001 2668 3113 2717 nive
3139 2668 3432 2716 candidum.-

2338 2754 2465 2805 Nam
2512 2753 2619 2806 illic
2664 2752 2909 2820 dactylus
2940 2760 3045 2817 cst,
3076 2750 3162 2805 hic
3210 2751 3479 2819 spondeus
3508 2748 3838 2816 temporibus
3865 2746 3909 2800 ei

2339 2841 2688 2912 respondens.
2720 2840 2855 2908 Quid
2898 2841 2942 2895 si
2968 2840 3264 2894 dixerimus
3286 2850 3339 2893 et
3369 2838 3656 2892 secundum
3694 2851 3910 2891 versum

2335 2930 2687 2997 compositum
2716 2938 2782 2984 ex
2812 2928 3025 2983 Alcaico
3053 2928 3651 2982 dimidiatoAlcmanio?
3670 2927 3772 2982 Sed
3794 2927 3913 2979 haec

2339 3021 2536 3074 nemini
2582 3020 2826 3074 miranda
2859 3020 3163 3085 vidcantur,
3193 3020 3237 3073 si
3268 3020 3556 3074 Severinus
3582 3028 3764 3072 noster
3787 3020 3911 3073 artis

653 3109 726 3154 ’θ’
754 3099 959 3198 Tum“
986 3107 1043 3143 ⁸ο
1063 3092 1199 3160 quad
1224 3100 1409 3198 ’Μίαν
1436 3097 1527 3153 ⁶⁶²ν
1556 3087 1823 3141 "iambo"
1844 3086 1912 3139 ibi
1934 3086 2116 3139 boum"
2137 3093 2228 3147 ⁸⁸¹ν
2259 3136 2305 3198 C
2341 3112 2555 3165 musica:
2584 3111 2743 3181 longe
2785 3111 3153 3179 doctissimus,
3199 3127 3297 3167 suo
3343 3112 3458 3178 iure
3488 3113 3730 3167 versibus
3766 3112 3912 3168 novis

654 3183 785 3251 quod
808 3183 1056 3269 impunita
1096 3198 1198 3235 non
1223 3188 1295 3234 est
1321 3196 1339 3233 :
1367 3179 1462 3233 hoc
1489 3181 1622 3233 enim
1664 3188 1737 3233 est
1760 3180 1981 3250 justum,
2011 3185 2058 3230 et
2086 3193 2232 3230 onme

654 3277 866 3343 indum,
892 3273 1071 3343 procul
1102 3272 1257 3326 dubio
1288 3273 1493 3325 bonum.
1549 3287 1565 3305 ο

654 3346 663 3355 ’
1185 3364 1249 3416 IN
1292 3362 1577 3417 uernum
1622 3361 1707 3415 IV.

722 3453 947 3507 Carmen
978 3461 1062 3507 est
1080 3453 1290 3507 dicolon
1307 3453 1643 3522 distrophon,
1662 3453 1830 3506 altero
1846 3467 1999 3507 versu
2031 3451 2228 3506 hendev

655 3544 921 3611 casyllabo
941 3554 1210 3608 constans,
1234 3544 1399 3598 altero
1421 3545 1658 3613 elegiaco
1683 3554 2030 3610 pentametro.
2061 3545 2229 3598 Exse-

653 3643 832 3686 cratur
861 3648 925 3686 eo
951 3633 1289 3702 PhiloSophia
1322 3648 1500 3688 mores
1538 3636 1810 3689 hominum
1840 3635 2112 3701 efferatos,
2136 3635 2226 3705 qui

654 3739 774 3778 cum
825 3724 1068 3793 plurimis
1115 3724 1366 3795 periculis
1413 3726 1523 3779 sint
1565 3725 1802 3789 obnoxii,
1834 3726 2001 3781 nihilo
2053 3728 2228 3785 secius

655 3817 880 3873 Invicem
910 3818 1066 3873 bellis
1097 3817 1343 3887 gerendis
1371 3828 1594 3874 mortem
1628 3828 1939 3888 properant,
1967 3830 2021 3873 et
2043 3828 2225 3873 mutua

654 3919 829 3980 strage
856 3910 1181 3966 desteviunt:
1210 3925 1330 3965 cum
1362 3910 1487 3964 boni
1507 3910 1625 3980 jure
1654 3918 1777 3964 sunt
1798 3910 2075 3981 diligendi,
2105 3911 2228 3966 ntali

655 4013 783 4054 vero
814 4004 982 4072 magis
1013 4003 1323 4071 miserandi,
1355 4018 1515 4073 quam
1542 3989 1882 4073 insequendi.

728 4088 955 4161 Fatum]
987 4094 1231 4147 Mortem.
1558 4100 1559 4103 “

724 4181 891 4252 Ense]
921 4183 1132 4238 Gladio.
1166 4185 1398 4255 Legatur
1424 4186 1597 4257 elegia
1641 4185 1877 4251 Tibulli,
1928 4182 2083 4253 cujus
2126 4182 2230 4238 iui-

656 4274 783 4326 lium
817 4289 830 4325 :

777 4366 893 4422 Quis
916 4366 1004 4415 fuit
1022 4367 1291 4417 horrendos
1314 4372 1496 4431 primus
1514 4372 1594 4431 qui
1623 4370 1821 4432 protulit
1846 4368 2025 4419 enses?

2336 3210 2530 3264 utatur,
2565 3203 2652 3270 qui
2683 3202 2822 3272 apud
2869 3202 3003 3257 alios
3027 3202 3247 3257 Latinos
3275 3212 3461 3273 poetas
3501 3202 3720 3256 minime
3769 3202 3913 3255 inve-

2333 3293 2575 3356 niantur;
2608 3306 2730 3345 cum
2779 3307 2903 3347 eum
2952 3300 3166 3346 constet
3210 3300 3509 3361 temporum
3543 3289 3915 3360 proportiones

2330 3384 2617 3455 diligenter
2665 3387 3017 3452 observasse,
3048 3399 3100 3441 et
3131 3403 3194 3442 ex
3221 3397 3336 3441 arte
3369 3388 3569 3441 musica
3620 3387 3915 3442 modulato:

2332 3477 2431 3531 hos
2462 3493 2648 3533 versus
2678 3491 2807 3532 sane
2837 3494 2992 3548 quam
3022 3479 3249 3533 dulciter
3277 3480 3563 3533 cecinisse.

2400 3568 2650 3640 Cardine]
2677 3568 2912 3624 Cardini.
2946 3570 3243 3639 Antiptosis
3271 3579 3352 3624 est
3382 3588 3395 3623 :
3426 3583 3582 3624 casus
3616 3568 3759 3624 enim
3801 3579 3900 3638 pro

2328 3674 2455 3715 casu
2482 3663 2714 3730 ponitur.
2746 3662 2836 3717 Sic
2864 3663 3109 3732 Virgilius
3138 3680 3151 3716 :

2580 3754 2638 3803 Et
2658 3767 2837 3817 magno
2860 3768 2916 3804 se
2940 3768 3148 3817 corpore
3172 3756 3376 3803 miscet:

2332 3856 2427 3910 pro
2456 3842 2691 3910 corp0ri.

2402 3929 2590 4001 Legat]
2610 3924 2931 3985 'Prtetcreat.

2401 4020 2611 4093 Bootes]
2646 4022 3027 4092 Arctophylax.
3060 4022 3256 4076 Bootes
3285 4021 3456 4075 oritur
3487 4020 3643 4075 tertio
3671 4020 3785 4074 idus
3814 4018 3915 4075 Fe-

2330 4112 2591 4176 bruarias,
2628 4121 2687 4166 ut
2737 4113 2894 4167 docet
2940 4112 3161 4166 Ovidius
3209 4112 3262 4165 in
3315 4111 3507 4165 Fastis.
3558 4111 3914 4181 Arctophylax

2330 4215 2506 4260 autem
2540 4205 2923 4275 interpretatur
2955 4204 3079 4260 Ursi
3106 4214 3309 4260 custos.
3338 4202 3481 4257 Idem
3529 4204 3690 4259 etiam
3730 4202 3911 4273 appel-

2332 4296 2469 4350 latur
2498 4297 2712 4351 Bootes.
2744 4296 2967 4349 Manlius
2999 4310 3013 4348 :

2374 4407 2378 4411 <
2455 4388 2497 4437 A
2521 4394 2666 4448 tergo
2690 4389 2817 4435 nitet
2842 4386 3187 4448 Arctophylax,
3220 4384 3450 4447 idemque
3473 4384 3672 4433 Boo’es.

724 4446 1022 4521 Miseresce]
1048 4450 1316 4505 Miserere.
1342 4452 1625 4507 Miseresco
1653 4452 1936 4506 deductum
1970 4462 2046 4507 ρει
2071 4467 2098 4505 a
2130 4452 2229 4506 mi-

2338 4475 2403 4528 Et
2433 4446 2623 4527 Cicero
2651 4473 2717 4526 de
2744 4472 2940 4525 Natura
2962 4446 3184 4525 deorum
3206 4469 3353 4525 Arati
3376 4446 3593 4523 versum
3624 4468 3692 4519 ita
3715 4465 3909 4520 refert:

652 4530 825 4601 aereo,
851 4540 987 4607 quod
1015 4540 1154 4609 apud
1180 4550 1393 4596 veteres
1418 4542 1515 4595 fuit
1538 4544 1818 4610 personalc
1846 4543 2086 4598 verbum.
2124 4544 2232 4597 En-

656 4630 770 4683 nius
800 4630 936 4683 libro
960 4632 1247 4685 Annalium
1285 4634 1472 4701 quinto
1505 4649 1518 4685 :

771 4718 1022 4780 Cogebant
1044 4721 1229 4771 bosteis
1252 4719 1597 4785 lacrymantes,
1621 4731 1674 4773 ut
1696 4724 2015 4773 misererent.

1221 4803 1286 4857 IN
1327 4804 1599 4859 PROSAM
1646 4804 1706 4858 V.

722 4891 988 4946 llactenus
1005 4893 1254 4948 disseruit
1277 4896 1447 4948 malos
1464 4910 1650 4949 omnes
1675 4896 1900 4951 miseros
1916 4910 2036 4950 esse
2049 4902 2101 4948 et
2117 4896 2234 4946 aui-

658 4996 856 5034 morum
901 4984 1155 5051 qualitate
1176 4985 1504 5051 degenerare
1526 4986 1577 5038 in
1610 4985 1836 5043 belluas.
1863 4985 2033 5041 bonos
2055 4995 2231 5038 autem

659 5074 837 5129 Leatos
865 5085 919 5129 et
947 5076 1077 5130 deos
1118 5065 1367 5131 evadere.
1403 5076 1596 5131 Verum
1644 5076 1724 5131 his
1766 5077 2061 5132 Severinus
2099 5092 2232 5129 non-

658 5167 777 5221 tlum
810 5168 953 5221 omni
984 5183 1046 5221 ex
1096 5179 1246 5236 parte
1295 5168 1623 5232 consolatus,
1649 5168 1887 5236 pristina:
1919 5182 2029 5220 suae
2059 5166 2234 5235 digni-

658 5258 777 5309 tatis
806 5272 1034 5325 memor,
1067 5268 1120 5311 et
1152 5256 1394 5310 exsilium
1439 5267 1816 5326 acceptamque
1855 5258 2232 5311 contumeliam

659 5348 948 5402 etiamnum
1001 5364 1140 5417 mgre
1194 5348 1740 5419 ferens(quanquam
1774 5355 1897 5403 ante
1948 5348 2228 5416 probatum

661 5447 736 5493 rst
779 5440 1006 5495 fortunae
1062 5441 1197 5495 bona
1252 5458 1355 5495 non
1394 5456 1518 5495 esse
1568 5439 1731 5510 vera)
1764 5440 2031 5493 neminem
2061 5449 2237 5492 tamen

661 5528 745 5582 vcl
795 5532 1090 5599 sapientum
1144 5534 1324 5587 vivcre
1370 5532 1519 5599 dicit,
1553 5532 1640 5600 qui
1692 5546 1796 5584 non
1844 5528 2072 5583 fortuna:
2103 5528 2240 5581 bona

663 5620 1050 5677 calamitatibus
1077 5634 1133 5678 et
1173 5610 1444 5692 suppliciis
1467 5631 1776 5692 anteponat,
1803 5636 1920 5690 qua:
1949 5619 2141 5688 passim
2173 5620 2241 5672 ab

666 5713 1052 5784 Improbissimo
1082 5730 1291 5784 quoque
1327 5717 1520 5769 virtute
1555 5714 1793 5783 prmditis
1837 5712 2003 5780 inﬂigi
2036 5711 2238 5765 lamen-

647 5804 666 5839 α

2463 4564 2788 4627 ArctOphyIax
2819 4564 2965 4623 vulgo
2989 4564 3069 4627 qui
3092 4563 3269 4610 dicitur
3293 4574 3404 4609 esse
3427 4561 3609 4627 Bootes
3629 4573 3642 4607 :

2461 4629 2596 4685 Quod
2616 4617 2751 4689 quasi
2780 4617 2977 4675 temone
3001 4617 3271 4686 adjunctam
3294 4634 3392 4685 prae
3408 4634 3463 4670 se
3481 4621 3637 4682 quatit
3657 4617 3860 4668 Arcton.

2344 4713 2545 4766 Dicitur
2590 4711 2749 4766 etiam
2796 4708 3075 4772 Arctur'us,
3112 4718 3171 4761 ut
3215 4708 3374 4761 docet
3412 4702 3715 4759 Lactantius
3746 4715 3920 4768 gram-

2343 4806 2587 4858 maticns.
2638 4802 2855 4857 Servius
2913 4809 3089 4854 tamen
3134 4798 3321 4853 scribit
3374 4796 3657 4849 Arcturum
3711 4788 3919 4856 proprio

2342 4912 2464 4953 esse
2503 4897 2711 4951 stellam
2757 4895 2807 4949 in
2840 4894 2994 4961 signo
3025 4893 3208 4955 Boote,
3242 4889 3393 4958 cujus
3419 4899 3569 4940 ortus
3603 4893 3657 4938 et
3703 4892 3921 4934 orcasus

2341 4996 2686 5057 tempestates
2741 4983 3085 5054 gravissimas
3136 4980 3285 5034 facit.
3336 4979 3531 5032 Bootes
3578 4982 3759 5027 autem
3810 4983 3917 5021 non

2337 5077 2525 5136 oritur.
2557 5085 2647 5130 aut
2688 5073 2905 5136 occidit,
2940 5082 2997 5125 ut
3024 5072 3127 5124 alia
3170 5071 3341 5138 signa.
3373 5066 3480 5122 Sed
3523 5079 3642 5118 cum
3684 5062 3922 5131 plaustro

2340 5171 2610 5237 proximus
2631 5167 2720 5230 sit,
2740 5164 2883 5235 quod
2898 5163 3120 5217 vertitur
3133 5161 3274 5215 circa
3287 5158 3585 5219 cardinem,
3601 5155 3653 5207 in
3674 5156 3784 5222 ipsa
3799 5166 3924 5204 ver-

2345 5262 2507 5330 tigine
2521 5260 2729 5314 videtur
2751 5257 2996 5312 occidere
3012 5266 3088 5320 et,
3119 5269 3239 5309 cum
3270 5269 3330 5307 se
3359 5253 3549 5312 elevat,
3576 5246 3726 5301 oriri.
3756 5242 3924 5311 IIujus

2344 5364 2557 5404 manum
2590 5348 2864 5401 sinistram
2892 5345 3143 5415 (auctore
3173 5341 3402 5411 Higino)
3434 5339 3666 5392 circulus
3693 5333 3924 5386 arcticus

2343 5440 2599 5504 includit,
2633 5447 2692 5491 ut
2740 5451 2913 5506 neque
2950 5434 3233 5501 occidere,
3266 5444 3440 5501 neque
3483 5427 3612 5483 oriri
3660 5423 3923 5476 videatur.

2346 5532 2461 5599 Ipse
2490 5530 2632 5582 enim
2664 5528 2867 5595 positus
2896 5526 2963 5580 ab
2991 5525 3195 5579 arctico
3226 5523 3425 5576 circulo
3467 5518 3533 5573 ad
3564 5517 3808 5571 testivum
3831 5512 3926 5564 de-

2348 5620 2558 5681 linitur,
2588 5617 2874 5671 inclinatus
2902 5616 2954 5670 in
2996 5613 3379 5684 longitudinem
3410 5612 3599 5665 dextro
3630 5605 3787 5676 pede,
3820 5617 3925 5655 :es-

2346 5710 2452 5763 tivo
2481 5707 2682 5762 circulo
2711 5706 2892 5761 nixus.
2927 5706 3098 5775 Hujus
3139 5704 3401 5758 humeros
3421 5710 3476 5757 et
3508 5706 3691 5769 pectus
3730 5710 3761 5749 ι
3795 5691 3922 5748 reli-
