4190 6268
326 395 464 472 tos:

1514 370 2436 443 HURMELLHCQMHENTARIA.
2528 326 2542 337 ’

3442 352 3579 409 1054

321 524 430 579 quo
450 470 674 573 corpore
703 498 893 555 dividit
919 496 1177 557 circulus,
1206 495 1295 563 qui
1341 508 1436 561 per
1474 502 1726 559 utrosque
1750 487 1899 557 polos
1926 486 1979 546 Α
2007 481 2506 563 nonaginta-Capta
2558 475 2809 531 habuisse
2851 470 3013 536 canit,
3064 469 3275 579 Alcaeus
3317 465 3578 534 quinqua-

323 596 594 653 mtnsiens
623 590 797 659 tangit
826 589 1062 643 Arietem
1092 595 1146 640 et
1173 584 1388 639 Chelas.
1424 583 1522 636 llic
1543 580 1755 650 quidem
1779 592 1899 630 cum

321 687 524 750 Tauro,
555 681 828 745 Geminis,
871 689 924 733 et
961 679 1198 739 Cancro,
1229 685 1283 730 et
1314 674 1493 728 Leone
1535 670 1749 726 occidit.
1781 669 1903 722 Ideo

323 792 449 833 sero
477 775 724 829 «ccidero
756 774 980 839 dicitur,
1010 770 1148 838 quod
1186 769 1351 837 magis
1378 776 1589 820 erectus
1620 780 1649 816 a
1681 763 1902 830 pedibus

327 868 573 938 pervenit
601 866 667 918 ad
701 875 923 918 terram.
949 864 1013 915 At
1048 876 1126 914 ex:
1151 860 1297 913 riens
1323 858 1503 921 citius,
1536 870 1693 925 quam
1724 855 1902 908 Chela:

327 960 557 1012 videtur.
592 954 741 1010 Unde
783 968 812 1006 a
858 950 1029 1020 poetis
1081 951 1238 1003 modo
1293 948 1497 1009 tardus,
1556 945 1715 998 modo
1753 943 1905 1012 piger

328 1052 651 1121 appellatur.
685 1046 852 1114 Hujus
903 1045 1046 1098 enim
1103 1055 1330 1096 occasus
1371 1047 1606 1107 quatuor
1627 1040 1900 1105 signorum

329 1138 531 1195 ladiaci
560 1146 771 1205 tempus
798 1135 1059 1197 absumit,
1089 1144 1145 1186 ut
1169 1132 1420 1185 diximus.

400 1223 668 1295 Pulteant]
706 1227 862 1279 Deest
886 1226 929 1277 si
960 1225 1042 1278 vel
1073 1240 1178 1276 cur.

400 1313 672 1385 Patteant]
700 1315 1068 1368 Obscureutur
1100 1310 1357 1380 deliquio.

399 1406 634 1478 Infecta]
660 1408 975 1461 Obsmtrata.

403 1498 589 1569 Metis]
618 1497 864 1566 Objectu.

408 1590 591 1644 Noctis
618 1585 816 1659 οραεαε]
850 1598 1005 1641 teme
1047 1581 1400 1651 obscurantis.
1428 1576 1726 1647 Deliquium
1758 1571 1900 1627 enim

336 1678 476 1733 lunae
495 1679 552 1733 tit
577 1693 639 1732 ex
672 1677 1075 1746 interpositione
1095 1685 1250 1729 terra:
1274 1674 1411 1725 inter
1433 1670 1599 1724 solem
1617 1677 1669 1721 et
1697 1666 1898 1718 lunam.

407 1766 658 1837 Quaque]
689 1767 751 1819 Et
778 1783 915 1835 quae.

408 1856 654 1929 Fulgenti
675 1856 793 1926 ore]
822 1857 974 1911 Clara
1006 1855 1162 1910 facie.

404 1946 651 2018 Texerat]
679 1946 1015 2009 Occuluerat,
1049 1942 1378 2005 condiderat,
1403 1940 1775 1993 nl'fuseaverat.
1802 1937 1904 1990 Na-

336 2043 451 2093 tura
472 2037 613 2091 enim
642 2037 764 2100 fert,
796 2047 852 2090 ut
882 2035 1052 2104 majus
1075 2034 1252 2087 lumen
1284 2032 1506 2086 oﬂ‘uscet
1536 2033 1761 2083 minora.

405 2126 666 2199 Confusa]
699 2127 1006 2182 Defectione
1036 2125 1308 2179 laborans.
1530 2106 1541 2115 i

411 2218 650 2290 Detegat]
684 2217 981 2283 Splendere
1010 2217 1306 2285 permittat.

415 2309 726 2377 Lassantque
775 2309 961 2361 crebris
992 2306 1220 2375 pulsibus
1262 2302 1395 2377 trra]
1437 2302 1589 2371 Nam,
1623 2310 1680 2357 ut
1725 2299 1909 2377 scribit

344 2401 546 2457 Plinius
573 2401 708 2456 libro
732 2400 989 2463 secundo,
1012 2400 1185 2467 capite
1211 2374 1562 2451 duodecimo:
1602 2392 1708 2447 Viri
1732 2374 1910 2460 ingen-

344 2501 436 2557 tes,
460 2492 593 2544 inter
612 2506 737 2559 quos
780 2490 876 2559 fuit
910 2488 1253 2554 Stesichorus,
1286 2496 1329 2539 et
1376 2484 1652 2550 Pindarus,
1685 2482 1914 2536 credide-

344 2591 463 2634 runt
493 2582 667 2633 lunam
695 2580 925 2648 eclipsim
946 2589 993 2633 et
1016 2579 1161 2649 quasi
1202 2585 1411 2631 mortem
1437 2577 1543 2645 pati
1572 2590 1632 2628 ex
1659 2572 1910 2626 cantatio-

349 2672 541 2727 nibus:
582 2675 716 2724 unde
758 2688 820 2723 ne
867 2670 921 2723 id
972 2670 1093 2722 luna
1145 2676 1421 2736 pateretur,
1471 2668 1673 2718 dissono
1720 2663 1855 2731 crcp.’
1883 2677 1913 2712 u

348 2761 720 2815 succurrebant.
766 2760 897 2815 Hinc
923 2761 991 2814 de
1032 2759 1263 2813 clamosa
1296 2755 1518 2820 muliere
1558 2767 1733 2823 satyra
1766 2760 1912 2806 sexta

348 2853 661 2909 luveuahs:
740 2887 751 2893 -

718 2965 819 3014 Jam
846 2978 989 3014 nemo
1008 2967 1147 3014 tubas
1169 2972 1315 3027 atque
1338 2978 1432 3013 tera
1458 2964 1629 3024 fatiget
1654 2975 1667 3013 :

539 3028 637 3077 Una
661 3027 892 3076 laboranti
920 3029 1099 3089 poterit
1120 3040 1410 3076 succurrere
1430 3027 1577 3075 lunae.

348 3115 498 3164 Auct-
525 3127 582 3165 re
626 3111 927 3176 Plutarcho,
959 3112 1193 3180 Aganice
1222 3111 1468 3180 Agetoris
1499 3108 1741 3166 Thessali
1787 3110 1916 3176 tilia,

350 3203 489 3271 quod
523 3203 931 3271 pleniluuiorutn
961 3202 1266 3257 defectuum
1300 3211 1443 3257 esset
1471 3218 1656 3272 gnara,
1688 3213 1921 3271 tempus-
1946 3203 1994 3266 Ο

356 3308 461 3362 que
507 3303 889 3362 prmnosceret,
920 3309 1025 3362 quo
1049 3294 1226 3347 lunam
1256 3293 1323 3346 ab
1351 3293 1538 3347 umbra
1567 3304 1723 3348 terra:
1755 3293 1922 3346 inter-

355 3387 461 3454 cipi
520 3385 887 3453 contingeret,
942 3394 1177 3438 mentem
1235 3384 1513 3438 mulierum
1571 3385 1921 3452 exturbabat,

355 3479 572 3543 i‘listtne
598 3490 654 3530 se
690 3476 867 3530 lunam
903 3475 1167 3531 deducere
1193 3478 1567 3546 persuadebat.

423 3565 579 3638 Cori]
604 3567 714 3620 Ven
744 3567 781 3620 i.

426 3657 724 3731 Frementi]
758 3657 1000 3713 Graviter
1034 3676 1133 3714 res
1160 3660 1304 3714 nanti

429 3749 698 3823 Tuudcre]
734 3753 1044 3806 Percutere.

432 3843 657 3913 Solvier]
691 3844 855 3909 Soivi,
891 3842 1171 3912 liquefieri.

435 3933 699 4005 Latentes]
726 3932 1159 3987 Subaudiendum
1192 3947 1219 3985 c
1240 3948 1386 3985 -us:e.

438 4024 695 4096 Inscitiae]
728 4027 1037 4096 Ignorantia
1082 4027 1145 4078 Et
1170 4026 1695 4079 animadvertendum
1730 4028 1780 4080 in
1811 4043 1928 4080 vcr-

364 4132 455 4172 sus
482 4119 760 4172 scansione
801 4134 895 4187 per
932 4117 1228 4189 syneresim
1259 4132 1321 4170 ex
1374 4117 1712 4187 tetrasyllaba
1748 4118 1927 4189 ttisyl-

365 4211 537 4264 labam
575 4210 764 4265 factam
793 4209 1102 4271 dictionem,
1133 4208 1201 4261 ita
1234 4210 1325 4261 uti
1356 4209 1616 4277 posterior
1641 4209 1711 4262 sit
1738 4225 1931 4264 conso-

364 4317 518 4366 nans,
547 4308 602 4353 ut
629 4300 765 4368 apud
799 4301 1056 4354 Senecam
1090 4300 1344 4368 tragicum
1381 4301 1433 4354 in
1466 4300 1733 4371 Sapphico
1768 4318 1782 4354 :

549 4392 727 4441 Cuncta
752 4391 952 4439 divitias
967 4393 1243 4451 metuitque
1267 4404 1419 4440 casus.

895 4491 959 4546 IN
998 4487 1271 4547 PHOSAM
1317 4492 1399 4546 Vl.

433 4604 545 4659 Hac
584 4619 741 4670 prosa
773 4602 1107 4672 Philosophia
1148 4619 1335 4657 causas
1362 4619 1546 4657 eorum
1591 4602 1766 4657 reddit
1816 4620 1933 4673 qua:

347 4679 527 4762 Supra
554 4694 767 4747 Boetius
800 4695 987 4761 attigit,
1025 4694 1230 4761 sibique
1260 4709 1415 4762 supra
1456 4694 1668 4747 modum
1699 4693 1935 4748 miranda

372 4784 537 4839 videri
563 4785 714 4851 dixit,
746 4784 845 4839 nisi
877 4787 1011 4840 ratio
1034 4785 1480 4853 deprehendatur.
1508 4785 1595 4836 Ait
1624 4793 1796 4835 autem
1826 4784 1938 4838 Ita'c

370 4876 549 4929 omnia
580 4892 606 4928 a
638 4876 827 4930 divinae
872 4877 1236 4946 intelligentiae
1290 4874 1640 4945 providentia,
1688 4888 1780 4926 seu
1832 4873 1938 4927 fato

371 4980 685 5034 progressus
719 4980 842 5021 suos
862 4967 1062 5033 sortiti,
1095 4976 1147 5021 et
1176 4966 1301 5036 quid
1344 4967 1481 5020 inter
1520 4965 1609 5021 Dei
1657 4965 1939 5037 providen-

370 5057 519 5121 tiam,
551 5073 612 5112 ac
645 5057 806 5111 fatum
840 5059 1071 5126 intersit,
1106 5060 1283 5114 docet.

443 5145 541 5200 Tui
569 5147 826 5220 muneris]
849 5149 1019 5204 Uilicii
1062 5151 1155 5203 tui.

439 5236 712 5310 Evolvere]
739 5241 1018 5297 Excutere.

452 5331 685 5405 Velatas]
714 5337 1003 5391 ()bductas.

441 5422 701 5498 Caligine]
722 5428 979 5483 Tenebris
1010 5428 1340 5498 ignorautim.

443 5514 657 5587 Quaeso]
698 5533 848 5585 rogo.
878 5518 1017 5572 Petit
1060 5519 1160 5572 sibi
1210 5534 1397 5574 causas
1446 5518 1703 5588 explicari
1753 5534 1939 5575 eorum

376 5620 594 5674 quorum
625 5608 979 5663 admiratione
1004 5620 1237 5664 tenetur.

443 5696 725 5767 Ezhausti]
743 5698 1127 5753 exhaustionis.

445 5785 669 5859 Hydra]
701 5788 886 5845 Latine
934 5789 1129 5845 dicitur
1171 5798 1403 5855 excetra,
1438 5806 1592 5860 quam
1640 5789 1969 5847 Simonidch

1935 1842 1979 1901 Β

1960 4563 2009 4622 D

2002 574 2165 639 ginta,
2198 587 2265 626 ex
2296 558 2487 639 quibus
2526 567 2569 619 si
2601 564 2741 634 quod
2767 571 3159 633 amputaretur,
3190 558 3298 612 duo
3333 568 3578 609 renasce-

1995 663 2216 718 ‘bautur.
2266 662 2413 714 Hanc
2446 658 2701 712 Hercules
2741 655 2959 723 adjutus
2989 653 3058 707 ab
3099 651 3243 705 Iolao
3288 643 3579 713 superavit,

1984 756 2089 823 .qui
2122 754 2353 807 recisum
2383 749 2640 804 continuo
2667 756 2826 816 caput
2857 744 3115 814 subjectis
3148 741 3375 796 ﬂammis
3403 738 3578 790 inure-

2004 846 2094 899 bat
2136 844 2381 898 Herculis
2425 842 2601 909 jussu,
2633 850 2688 892 ut
2726 847 2809 891 est
2837 838 2975 906 apud
3020 833 3333 889 Hesiodum.
3370 829 3443 883 De
3484 826 3578 880 hac

2003 936 2247 990 meminit
2274 933 2529 988 Ovidiana
2575 929 2817 997 Dejauira
2848 947 2859 979 :

2127 1069 2246 1128 Quae
2266 1080 2346 1127 lue
2370 1063 2673 1128 redundabat
2697 1047 3125 1128 fecundovulnere
3152 1064 3360 1127 serpens

2190 1118 2407 1189 Fertilis,
2434 1136 2482 1176 et
2506 1125 2692 1173 damnis
2712 1123 2855 1171 dives
2881 1124 2941 1165 alt
2968 1122 3067 1180 ipa
3089 1118 3205 1165 suis.

2004 1258 2206 1314 Seneca
2235 1255 2493 1322 Tragicus
2519 1270 2530 1305 :

2128 1368 2255 1427 Quid
2278 1380 2401 1414 saeva
2429 1364 2601 1412 Lernae
2626 1368 2835 1427 monstra
2862 1365 3173 1427 numerosum
3202 1348 3397 1427 malum,

2192 1412 2434 1488 iibd'igne
2458 1427 2652 1473 demum
2680 1422 2815 1479 vicit,
2841 1425 2891 1467 et
2914 1417 3081 1465 doruit
3111 1412 3271 1461 mori?

2006 1532 2231 1599 Quidam
2257 1529 2498 1584 scribunt
2523 1526 2744 1595 hydram
2773 1524 2823 1575 itt
2850 1522 3018 1575 Lerna
3049 1517 3364 1585 Argivorum
3389 1507 3580 1578 palude

2006 1622 2295 1685 exstitisse,
2325 1634 2489 1688 aquas
2530 1625 2890 1679 evomentem,
2920 1625 3037 1680 qua:
3066 1605 3342 1661 vastabant
3380 1600 3580 1654 vicinas

2008 1715 2267 1774 civitates,
2315 1711 2366 1764 in
2394 1723 2494 1777 qua
2549 1722 2653 1760 uno
2700 1712 2875 1758 meatu
2906 1703 3106 1761 clauso,
3142 1694 3292 1750 multi
3334 1703 3581 1759 erumpe.

2010 1805 2155 1859 bant.
2188 1800 2336 1868 Quod
2371 1799 2630 1853 Hercules
2679 1795 2897 1856 videtis,
2930 1792 3044 1845 loca
3090 1790 3202 1857 ipsa
3252 1784 3488 1848 exussit,
3528 1790 3586 1834 et

2007 1895 2085 1950 sic
2136 1909 2286 1961 aqua:
2338 1900 2543 1944 meatus
2587 1887 2794 1940 clausit.
2848 1884 3095 1938 Socrates
3142 1880 3195 1931 in
3244 1873 3578 1943 Euthydemo

2008 1984 2322 2039 Platonico:
2358 1979 2587 2034 Hercule
2626 1976 2838 2046 quidem
2884 1974 3052 2027 multo
3075 1985 3191 2024 sum
3236 1965 3589 2028 imbecillior,-

2008 2080 2095 2148 qui
2124 2089 2360 2147 pugnare
2385 2073 2545 2127 simul
2590 2087 2694 2125 non
2724 2068 2889 2122 valuit
2924 2067 3183 2120 adversus
3229 2060 3449 2131 hydram
3495 2071 3581 2108 so-

2008 2146 2311 2238 phisticam,
2337 2164 2420 2218 cui
2451 2171 2667 2232 propter
2693 2157 3007 2227 sapientiam
3045 2168 3139 2221 pro
3180 2165 3286 2203 uno
3315 2146 3581 2201 sermonis

2017 2234 2194 2329 capite
2226 2263 2524 2324 amputato,
2559 2252 2717 2307 multa
2759 2246 3151 2317 repullulabant
3174 2257 3186 2291 :
3213 2254 3276 2292 ac
3304 2238 3463 2291 etiam
3494 2234 3583 2286 ad-

2012 2325 2197 2403 versus
2220 2344 2487 2415 Cancrum
2514 2341 2806 2409 sophistam
2835 2333 3114 2406 quemdam
3139 2346 3207 2384 ex
3235 2328 3364 2382 mari
3386 2325 3584 2379 adven-

2012 2448 2235 2501 tantem,
2258 2446 2311 2491 et
2343 2432 2623 2504 nuper(ut
2651 2429 2915 2497 arbitror)
2935 2426 3219 2480 advectum
3245 2419 3392 2485 navi,
3426 2431 3453 2469 a
3479 2429 3583 2485 quo

2012 2545 2133 2585 cum
2163 2525 2419 2582 Hercules
2441 2524 2505 2577 ad
2529 2522 2798 2578 sinistram
2824 2522 3126 2586 angeretur,
3142 2509 3426 2576 verbisque
3452 2504 3586 2558 acri-

2014 2632 2097 2679 ter
2122 2617 2480 2684 morderetur,
2510 2613 2721 2682 nepotis
2757 2610 2837 2664 sui
2884 2606 3012 2663 lolai
3043 2603 3299 2659 auxilium
3340 2598 3587 2667 implora-

2015 2713 2112 2778 vit,
2142 2711 2230 2781 qui
2254 2720 2592 2775 summopere
2623 2703 2694 2757 illi
2725 2698 3016 2755 succurrit.

2089 2802 2274 2855 Mentis
2321 2796 2468 2867 igne]
2492 2796 2795 2850 Intellectus
2816 2793 3017 2862 vigure.

2089 2890 2153 2945 In
2182 2889 2306 2960 hac]
2336 2889 2473 2942 litate
2507 2886 2577 2941 ia.

2096 2982 2170 3037 De
2191 2980 2517 3053 providentia:
2539 2973 2895 3044 simplicitate]
2912 2971 3154 3039 Quinque
3175 2962 3492 3034 quzestioues
3509 2971 3590 3011 re-

2020 3082 2223 3139 censet,
2254 3084 2453 3140 easque
2488 3066 2917 3129 obscurissimas,
2948 3073 3001 3116 et
3033 3076 3139 3114 nun
3162 3073 3299 3135 |uattt
3333 3054 3461 3107 satis
3497 3065 3590 3105 ex-

2025 3164 2244 3233 plica'as
2265 3202 2280 3225 ,
2305 3160 2369 3215 ad
2398 3158 2729 3229 propositam
2760 3153 3033 3208 materiam
3065 3148 3414 3219 pertinentes.

2097 3252 2201 3307 Sed
2228 3251 2465 3322 quoniam
2492 3249 2599 3301 tunc
2620 3242 2850 3316 quoque]
2873 3240 3138 3296 Promittit
3163 3231 3498 3311 Philosophia
3533 3241 3593 3282 se

2026 3341 2405 3411 explicaturum
2432 3337 2506 3392 rei
2538 3335 2717 3405 petitae
2748 3345 2959 3386 causas.

2100 3427 2278 3498 Septi]
2306 3424 2633 3481 Circumdati
2664 3432 2718 3476 tu
2749 3432 2796 3476 et
2830 3433 2952 3489 ego.

2100 3522 2340 3576 Omnium
2382 3518 2642 3590 generatio
2692 3511 2893 3584 rerum]
2937 3507 3252 3565 Acutissima
3305 3500 3501 3573 pariter
3547 3504 3596 3552 et

2022 3612 2409 3685 jucundissir‘na
2464 3609 2770 3664 dissertatio
2818 3604 2886 3658 de
2940 3602 3119 3657 divina
3170 3592 3500 3669 providentia
3549 3598 3598 3645 et

2026 3702 2160 3761 fato.

2098 3794 2423 3864 Stabilitate]
2451 3789 2787 3854 Constantia,
2816 3784 3271 3844 immutabilitate.

2100 3883 2357 3955 Sortitur]
2384 3881 2735 3937 Nanciscitur.

2105 3974 2261 4045 ch]
2293 3975 2477 4029 Divina
2511 3987 2684 4027 mens.

2112 4066 2177 4120 In
2206 4065 2357 4136 arce]
2384 4063 2722 4119 Summitate.

2103 4153 2383 4225 Gerendis]
2417 4145 2881 4212 Administrandis,
2917 4139 3245 4198 elticiendis.‘

2103 4246 2329 4316 Statuit]
2360 4243 2685 4301 Przescribit.

2103 4334 2368 4407 Puritate]
2399 4336 2773 4404 Simplicitate.

2104 4425 2456 4495 Conspicitur]
2486 4425 2888 4478 Consideratur.

2107 4518 2268 4588 Quas]
2301 4517 2691 4572 Providentiam
2724 4522 2780 4567 et
2808 4512 2991 4564 fatum.

2115 4587 2634 4680 Namiproqjdentia]
2682 4603 2944 4660 Describit
2998 4598 3143 4669 prius
3187 4587 3608 4665 providentiamI

2042 4705 2235 4761 deinde
2260 4711 2313 4756 et
2344 4702 2528 4755 fatum.

2116 4796 2303 4848 Fatum
2342 4810 2454 4847 vero
2507 4786 2793 4859 inhazrens]
2832 4788 2910 4842 Ex
2952 4779 3237 4855 Chrysippi
3276 4773 3440 4833 St’oici
3489 4785 3611 4826 sen«

2043 4886 2206 4943 tentia
2231 4929 2245 4953 ,
2294 4886 2455 4939 fatum
2500 4894 2582 4939 est
2610 4882 2934 4950 sempiterna
2966 4875 3209 4947 quatdam
3240 4880 3294 4925 et
3325 4863 3613 4921 indeclinao

2042 4981 2163 5035 bilis
2188 4979 2356 5033 series
2383 4993 2587 5043 rerum,
2618 4986 2673 5031 et
2699 4984 2882 5029 catena
2905 4972 3127 5027 volvens
3157 4961 3443 5028 semetipsa
3472 4969 3616 5017 sese,

2043 5080 2097 5125 et
2127 5069 2403 5139 implicans
2437 5083 2534 5139 per
2562 5076 2794 5121 aeternos
2836 5058 3233 5128 conseptentia:
3265 5054 3502 5115 ordines.
3548 5061 3616 5098 νι

2045 5162 2235 5231 quibus
2271 5171 2391 5229 apta
2424 5171 2769 5226 connexaque
2799 5163 2899 5207 est.
2926 5153 3001 5207 De
3024 5150 3130 5204 fato
3155 5147 3244 5217 qui
3279 5146 3427 5214 plura
3461 5151 3618 5192 nosse

2045 5228 2212 5323 cupit,
2245 5228 2382 5321 legat
2426 5250 2498 5305 Μ.
2541 5248 2773 5302 Tullium
2807 5254 2860 5300 et
2890 5242 3181 5298 Mareilium
3218 5236 3460 5290 Ficinum
3498 5228 3619 5281 Pla-

2045 5345 2309 5402 tonicum.
2356 5340 2650 5394 Landinum
2692 5338 2743 5391 in
2780 5344 2932 5390 sexto
2978 5330 3237 5387 Aineidos
3277 5327 3619 5380 Commenta-

1992 5490 1997 5493 _
2046 5436 2149 5499 rio,
2179 5431 2408 5487 Gellium
2449 5431 2583 5485 libro
2610 5438 2786 5493 sexto,
2811 5438 2865 5481 et
2894 5422 3178 5479 Eusebium
3207 5420 3342 5472 libro
3370 5423 3523 5466 sexto
3554 5408 3621 5463 de

2044 5523 2437 5589 Prteparatione
2467 5520 2791 5590 evangelica.

2118 5615 2447 5669 Providentia
2487 5610 2734 5682 namque]
2785 5608 3032 5665 Ostendit
3074 5604 3201 5677 quid
3241 5599 3450 5657 intersit
3485 5596 3623 5652 inter

2050 5703 2436 5775 providentiam
2491 5711 2544 5756 et
2594 5701 2777 5756 fatum.

2121 5794 2248 5859 Qua:
2278 5794 2388 5848 licet
2419 5792 2616 5846 diversa
2642 5791 2772 5859 sint,
2801 5791 3014 5843 alterum
3048 5798 3212 5842 tamen
3243 5783 3421 5856 pendet
3454 5799 3517 5837 ex
3544 5781 3627 5836 ab

3567 5937 3593 5946 .-
