4216 6256
348 379 488 436 1057

417 497 581 571 Pura]
615 498 1107 555 Perturbationihus
1138 511 1189 555 et
1219 501 1355 555 vitiis
1386 515 1628 571 purgata.

413 589 612 662 Solers]
654 591 996 662 Ingeniosus,
1041 595 1312 663 perspicax
1343 636 1358 660 ,
1392 604 1545 649 acuta
1592 600 1920 666 cotttett'tpla-

340 685 488 738 tione
518 692 696 738 utens.

411 773 644 845 Cernere]
681 774 895 828 Videre.

407 864 662 936 Culmina]
691 866 955 920 Sublimes
985 875 1178 936 partes.

407 953 552 1026 Illic]
583 956 637 1008 In
669 956 826 1010 caelo.

377 1103 386 1108 ,
415 1046 642 1103 Veterem
669 1049 860 1118 pacem]
895 1051 1174 1118 Antiquam
1201 1049 1561 1103 conco;tliatu.

405 1135 638 1206 Plztebes]
672 1138 854 1191 Lume.

400 1229 583 1300 Arcem]
614 1231 873 1294 Currum,
909 1233 1231 1286 vehiculum.

405 1322 620 1378 Summo
649 1323 850 1394 vertice]
892 1326 1044 1393 Apud
1085 1327 1262 1394 polum
1304 1327 1771 1395 septentrionalem
1802 1369 1814 1388 ,
1847 1328 1914 1382 de

329 1428 436 1483 quo
470 1423 620 1483 poeta
651 1432 663 1465 :

451 1506 541 1553 Hic
565 1518 735 1553 vertex
767 1507 905 1554 nobis
929 1521 1128 1567 semper
1152 1507 1390 1568 sublimis,
1420 1517 1465 1555 at
1504 1508 1633 1555 illum

448 1568 550 1616 Sub
574 1569 778 1628 pedibus
802 1569 920 1628 Styx
951 1580 1054 1616 atra
1083 1571 1234 1627 videt,
1263 1583 1528 1630 n‘tanesque
1548 1570 1789 1631 profundi.

402 1649 626 1716 Rapidus
664 1648 881 1720 meatus]
917 1649 1143 1705 V'cloces
1176 1661 1372 1706 motus.

401 1737 551 1809 Ursa]
574 1739 758 1794 Grrece
778 1738 1007 1812 Ἄρκτος.
1040 1740 1263 1810 lligiuus
1285 1743 1472 1797 scribit
1493 1741 1724 1812 efﬁgiem
1762 1745 1909 1797 llrsa:

1505 385 1880 441 nonnum."
1921 346 2436 448 COMMENTARIA.

3474 403 3612 466 1958

1953 511 1994 565 Α
2027 518 2149 560 Sunt
2179 509 2542 576 perfertidtcs.

2098 596 2204 652 Dis
2221 598 2356 671 epla]
2385 602 2661 670 Sepztrata.

2095 688 2204 742 Suo
2236 689 2392 761 fonte]
2423 693 2463 744 A
2497 692 2606 744 Deo
2640 691 2899 761 principio
2931 705 3048 747 suo.

2098 777 2385 850 Fatiscent]
2419 781 2805 835 DiSsolvantur.

2097 867 2216 921 Non
2244 868 2414 939 aliter]
2448 871 2560 925 Non
2593 872 2698 925 alio
2733 873 2910 926 modo.

2099 960 2364 1032 lie/luant]
2397 963 2554 1016 [levet
2573 973 2768 1018 tantur.

2092 1048 2293 1119 Causw]
2329 1052 2404 1104 Ad
2438 1067 2652 1106 causam
2685 1057 2932 1121 primam.

2091 1139 2238 1211 Esse]
2275 1144 2593 1198 Esscntiam.
2624 1147 2712 1200 Sic
2743 1156 2795 1202 ct
2825 1164 2982 1219 supra
3014 1151 3148 1203 libro
3184 1153 3337 1206 tertio
3368 1155 3602 1210 cecinit:

2268 1231 2518 1301 lleprtunt
2536 1239 2759 1296 proprios
2781 1253 2987 1301 qumque
3015 1255 3261 1298 recursus,

2267 1292 2544 1361 [ledituque
2570 1292 2659 1361 suo
2683 1292 2875 1358 singula
2901 1292 3133 1361 igatnlent,

2265 1355 2366 1420 δατ
2391 1370 2434 1402 tn
2453 1364 2552 1404 utet
2570 1358 2668 1420 ulli
2690 1355 3054 1420 traditus‘ortlo,

2265 1416 2300 1484 if
2313 1419 2366 1484 isi
2387 1419 2524 1484 quod
2552 1419 2632 1467 lini
2654 1419 2768 1484 junx
2780 1425 2874 1477 erit
2897 1416 3073 1484 ortuui,

2263 1478 2599 1540 Stabilemque
2623 1483 2694 1529 sui
2722 1482 2896 1532 fecerit
2919 1478 3110 1536 orbem.

2015 1557 2281 1612 Marsilius
2306 1560 2520 1615 Fit‘inus
2545 1564 2594 1615 in
2623 1567 3042 1632 Commentario,
3071 1573 3226 1623 orut't
3250 1569 3608 1643 nesecunda;

2013 1650 2184 1714 capite
2205 1649 2371 1716 primo
2385 1667 2398 1704 :
2412 1650 2711 1706 Trinitatem
2729 1655 3055 1726 Pythagorici
3069 1660 3287 1730 pltiloso;
3309 1662 3599 1720 hiomniunt

2011 1755 2303 1791 mensuram
2340 1758 2365 1792 e
2395 1757 2446 1793 se
2477 1744 2741 1796 uoluerunt
2765 1785 2779 1806 ,
2817 1746 2877 1797 ob
2906 1763 3018 1799 eam
3050 1750 3273 1802 arbitror
3311 1754 3593 1818 rationem,

325 1829 490 1884 stellis
509 1829 808 1898 figuratam,
833 1846 938 1884 non
959 1831 1236 1893 occidi-re.
1252 1831 1453 1900 Negant
1477 1834 1694 1904 (inquit)
1721 1834 1908 1888 Oceani
2017 1829 2154 1896 quod
2183 1829 2321 1882 Deus
2351 1833 2574 1885 ternario
2607 1851 2815 1888 numero
2843 1852 2924 1888 res
2951 1838 3228 1903 gubernat.
3268 1850 3416 1909 atque
3443 1847 3593 1896 el'am

324 1938 531 1976 uxorem
560 1922 614 1974 id
644 1923 1028 1991 rrcipere,~cunt
1051 1923 1244 1992 reliqua
1273 1924 1442 1977 sidera
1464 1941 1521 1976 eo
1543 1928 1835 1992 peruen’ant
1858 1927 1909 1978 in

324 2031 590 2081 occasum,
616 2016 753 2084 quod
787 2015 970 2086 Tethys
1000 2014 1221 2069 lunonis
1251 2018 1316 2070 sit
1349 2019 1554 2080 nutrix,
1597 2019 1678 2070 cui
1717 2019 1908 2071 (lalisio

324 2109 684 2173 succubuerat,
710 2116 765 2158 ut
793 2108 977 2176 pellex.
1005 2107 1146 2160 ldetn
1169 2109 1326 2160 etiam
1350 2107 1742 2162 docet-Ovidius
1771 2109 1908 2179 lih[o

324 2196 560 2252 secundo
587 2197 942 2266 Metamorph.
979 2199 1098 2252 Ideo
1125 2210 1301 2252 autem
1337 2214 1518 2253 revera
1553 2215 1654 2253 non
1685 2216 1780 2255 occ
1801 2201 1904 2262 dit,

324 2289 447 2357 quia
476 2303 594 2343 cum
628 2303 786 2357 supra
821 2304 919 2346 nos
947 2291 1010 2345 sit
1042 2291 1194 2360 polus
1223 2294 1475 2356 παίσῃς,
1511 2306 1723 2360 semper
1751 2309 1777 2344 a
1812 2309 1905 2346 no-

322 2379 405 2434 bis
427 2380 654 2435 videtur.
679 2381 768 2436 Sic
791 2383 937 2435 Maro
963 2401 974 2433 :

445 2473 618 2522 Arctos
639 2473 822 2522 Oceani
847 2480 1131 2522 metuen'es
1165 2489 1288 2536 sequi
1308 2488 1363 2523 re
1391 2476 1528 2535 tingi.

394 2553 594 2608 Oceano
625 2558 819 2625 tingere
843 2555 1098 2624 ﬂammas]
1128 2556 1401 2610 Occidere.

391 2643 682 2715 Astrigeris]
710 2644 1054 2698 CtL-lestibtts.

398 2727 624 2806 Viribus]
653 2736 754 2794 Per
786 2739 886 2789 v3c.
902 2749 947 2788 s.

391 2825 604 2897 Sidaut]
636 2828 893 2882 Deorsum
923 2834 1186 2896 vergant,
1216 2826 1599 2894 deprimantur.

391 2915 583 2971 Iisdem
612 2917 800 2987 causis]
836 2918 908 2971 Ex
941 2918 1126 2972 eadem
1162 2915 1346 2969 mundi
1377 2917 1682 2971 concordia.

391 3007 592 3077 Spirat]
621 3007 883 3076 Spirando
913 3007 1126 3061 etnitt't.

390 3094 640 3170 Florifer]
673 3100 856 3154 Florus
889 3100 1082 3154 ferens.

384 3189 582 3262 Annus]
616 3193 710 3246 llic
739 3191 1018 3259 aequaliter
1048 3190 1101 3244 in
1133 3200 1362 3260 quatuor
1391 3190 1645 3244 dividitur
1675 3201 1851 3259 partes
1879 3233 1890 3253 ,
1925 3221 1968 3282 ρ

320 3281 462 3350 iuxta
491 3282 618 3336 illud
648 3283 908 3352 poeticum
937 3300 949 3334 :

410 3373 830 3437 Temporibusque
855 3386 1020 3435 parem
1045 3373 1257 3422 diversis
1275 3381 1503 3435 quattuor
1525 3387 1725 3425 annum.

319 3454 455 3509 Sunt
495 3465 672 3510 autem
718 3471 829 3520 ver,
875 3465 1072 3518 restas,
1115 3465 1439 3518 autumnus,
1487 3457 1676 3509 hiems.
1727 3455 1895 3523 thue

321 3545 616 3600 Macrobius
655 3549 729 3600 ait
761 3547 896 3600 libro
935 3547 1198 3615 septimo:
1237 3546 1337 3599 l'er
1373 3544 1514 3599 Deus
1547 3550 1774 3600 omnium
1812 3551 1892 3615 [a-

321 3637 540 3690 brieator
567 3637 792 3690 calidum
820 3638 934 3706 fecit
968 3647 1011 3690 et
1039 3637 1358 3704 hutnectum;
1387 3639 1520 3691 sicca
1549 3649 1620 3692 est
1658 3649 1808 3691 testas
1849 3647 1894 3690 et

320 3726 508 3792 calida,
530 3737 800 3780 autumnus
827 3727 990 3780 siccus
1013 3727 1132 3797 [rigi
1152 3728 1252 3792 lus,
1277 3727 1435 3780 hiems
1461 3727 1673 3779 humida
1701 3732 1896 3798 pariter

321 3828 364 3872 et
379 3801 580 3890 frigidi
603 3829 693 3874 est.

323 3965 325 3967 .
393 3907 607 3981 Pomis]
633 3909 848 3966 Ovidius
877 3911 1009 3965 libro
1039 3912 1104 3966 de
1138 3912 1393 3965 Remedio
1420 3914 1614 3965 amoris
1647 3915 1814 3980 primu
1841 3932 1851 3964 :

411 3999 557 4047 Poma
577 3999 657 4048 dat
678 4009 950 4059 autumnus,
979 4003 1186 4050 formosa
1215 4009 1288 4050 est
1311 4017 1415 4050 mes
1445 4006 1553 4052 ibus
1576 4014 1733 4051 :cs'as.

475 4060 574 4109 Ver
594 4064 776 4121 p'rzebet
797 4063 961 4124 ﬂores,
1001 4065 1116 4126 igne
1142 4063 1332 4113 levatur
1352 4065 1528 4114 hiems.

387 4139 592 4211 Gravis]
625 4143 816 4200 Plenus
837 4191 850 4211 ,
883 4146 1183 4200 abundans.

389 4233 623 4306 Deﬂuus]
655 4229 913 4290 Deorsunt
945 4237 1134 4290 ﬂuens.

389 4323 516 4378 Haec
544 4325 830 4395 temperies]
869 4327 1161 4380 Moderatio
1189 4336 1242 4380 et
1273 4328 1576 4381 concordia.

395 4413 561 4466 Vitam
591 4413 776 4485 spirat]
811 4415 968 4467 Vivit.

390 4503 607 4577 Eadem]
639 4507 968 4576 Temperies.

385 4598 592 4667 Condit]
623 4600 933 4654 AbSCOndit.

389 4689 565 4761 Olitu]
595 4691 828 4756 Occasu,
863 4702 1056 4746 morte.

385 4780 643 4853 Hergens]
669 4785 933 4839 Obruens.

385 4871 656 4944 Conditor]
683 4877 925 4930 Creator.

386 4961 572 5035 Equi]
603 4963 909 5034 Equitatis.

383 5051 637 5124 Concitat]
671 5054 927 5123 Imperat,
958 5059 1118 5126 cogit.

386 5142 493 5214 Ire]
522 5146 742 5201 Moveri.

386 5235 557 5308 Sistit]
583 5232 736 5293 Stare
760 5242 931 5308 jubet.

384 5321 684 5399 Retraheus]
716 5333 794 5385 Ad
823 5347 881 5386 se
913 5347 1130 5388 Vocans.

388 5416 556 5490 Vaga]
588 5420 820 5475 Mobilia.

381 5509 605 5582 Firmat]
635 5512 867 5568 Stabilit.

383 5599 519 5673 ltus]
548 5603 740 5657 Motus.

380 5688 602 5764 Iterum]
633 5693 884 5748 Rursum.

383 5780 449 5836 In
481 5785 625 5839 orbes
651 5784 833 5856 ﬂexos]
875 5787 1044 5843 Motus
1073 5791 1384 5859 circulares,
1420 5794 1506 5862 qui
1541 5797 1704 5851 rectis
1735 5799 1888 5868 longe

2017 1933 2097 1970 res
2125 1919 2250 1988 ipsa:
2277 1926 2502 1975 ternario
2545 1941 2754 1977 numero
2785 1929 3145 1982 terminantur.
3191 1931 3323 1985 ll.nc
3365 1934 3596 1991 Maronis

2013 2006 2180 2061 ilfud:

2255 2101 2469 2150 Numero
2493 2105 2622 2152 Deus
2649 2107 2835 2167 impare
2865 2109 3067 2166 gaudet.

2013 2180 2220 2250 Nempe
2251 2201 2492 2240 summus
2523 2188 2608 2239 ille
2639 2202 2825 2242 auctor
2859 2193 3028 2258 primo
3057 2191 3262 2259 singula
3302 2205 3476 2261 creat,
3512 2211 3592 2263 se:

2006 2272 2179 2324 cuudo
2200 2274 2373 2340 capit,
2401 2277 2554 2330 tertio
2582 2277 2806 2348 perlicit.
2834 2279 3053 2348 Singula
3077 2296 3288 2351 quoque
3315 2285 3579 2353 imprimis

2005 2363 2190 2416 abillo
2221 2367 2443 2432 perenni
2485 2368 2629 2421 fonte
2668 2370 2926 2438 efﬂuunt,
2970 2372 3095 2425 dum
3139 2385 3466 2442 nascuntur;
3499 2380 3591 2433 de-

2009 2453 2133 2506 inde
2165 2453 2215 2507 in
2247 2457 2494 2510 eumdem
2528 2445 2759 2512 refluunt
2785 2501 2798 2524 ,
2827 2460 2953 2514 dum
2981 2476 3128 2516 suam
3156 2465 3297 2518 illam
3330 2468 3590 2536 originem

2006 2555 2285 2611 repetunt;
2319 2560 2592 2616 postremo
2625 2551 2992 2619 perficiuntur,
3035 2565 3314 2626 postquam
3349 2561 3396 2612 in
3431 2576 3584 2615 suum

2007 2637 2327 2705 principium
2364 2641 2554 2693 redier‘.
2581 2651 2656 2695 nt.

2555 2733 2616 2785 IN
2659 2734 2929 2789 PROSAM
2976 2737 3084 2790 VII.

2076 2813 2153 2866 Ex
2187 2817 2250 2869 iis
2279 2833 2395 2884 qua:
2423 2835 2585 2887 supra
2621 2823 2986 2876 eruditissime
3016 2840 3134 2878 cum
3168 2827 3234 2880 de
3259 2828 3434 2882 divina
3465 2839 3586 2898 pro-

2005 2904 2237 2958 videutia
2259 2950 2273 2973 ,
2304 2917 2411 2961 tum
2436 2910 2501 2963 de
2535 2909 2677 2964 fatali
2709 2915 2847 2967 srrie
2870 2916 3120 2970 disseruit
3141 2957 3156 2979 ,
3188 2919 3461 2984 pulchram
3489 2938 3587 2976 nec

2001 2994 2177 3046 minus
2224 3010 2405 3049 veram
2458 2999 2676 3053 deducit
2721 3002 3047 3070 illationem,
3104 3010 3298 3062 aiens:
3351 3010 3584 3065 Tametsi

2003 3082 2160 3151 vulgo
2187 3084 2343 3139 aliter
2383 3087 2642 3152 videatur,
2686 3106 2896 3145 onmem
2924 3095 3136 3161 quidem
3173 3098 3434 3154 fortunam
3466 3117 3585 3160 esse

2000 3173 2215 3240 bonam,
2241 3192 2359 3230 cum
2387 3179 2469 3232 vel
2499 3180 2640 3246 justa
2675 3182 2760 3242 sit,
2787 3183 2866 3236 vel
2902 3185 3064 3238 utilis.
3093 3187 3322 3243 Proinde
3357 3191 3472 3243 viro
3499 3209 3585 3247 sa-

2002 3268 2166 3346 pienti
2198 3285 2300 3324 non
2327 3284 2449 3325 esse
2472 3272 2706 3341 graviter
2735 3272 3044 3341 ferendum,
3074 3276 3116 3329 si
3141 3277 3191 3330 in
3219 3278 3444 3333 fortuna:
3469 3297 3584 3336 cer-

2002 3367 2179 3412 tamen
2223 3359 2536 3422 adducatur,
2579 3377 2685 3431 quo
2729 3362 2842 3430 ejus
2882 3365 3166 3420 exercitata
3209 3369 3375 3423 virtus
3418 3374 3584 3441 magis

2000 3460 2060 3497 ac
2093 3450 2260 3514 magis
2289 3450 2569 3505 enitescat.

2074 3536 2197 3609 Qui]
2227 3538 2527 3604 Quomodo.

2072 3629 2233 3702 Nixa]
2262 3631 2524 3701 Firmum,
2558 3641 2884 3701 sustentata,
2916 3639 3149 3709 sttﬂttlla.
3181 3621 3185 3628 .

2072 3719 2444 3793 lnopt’nnbiles]
2497 3719 2881 3792 lncre'dibi'es,
2943 3744 2971 3782 a
3017 3731 3157 3801 vulgi
3203 3735 3454 3803 opinione
3499 3756 3582 3794 se-

1997 3818 2194 3866 motas.
2224 3879 2232 3890 ‘

2074 3901 2240 3957 Paulo
2268 3904 2404 3976 ante]
2440 3905 2601 3962 Prosa
2629 3923 2816 3976 quarta
2849 3921 2902 3966 et
2928 3925 3076 3967 sexta
3111 3915 3265 3985 hujus
3298 3918 3439 3973 libri.

2074 3994 2196 4065 Qui]
2227 3997 2353 4062 Cur,
2388 4001 2679 4070 quomodo.

2073 4087 2163 4160 Ut]
2191 4088 2474 4156 Quomodo
2496 4133 2512 4155 ,
2543 4093 2700 4148 sicut.

2066 4180 2259 4234 Nonne
2281 4183 2438 4252 igitur
2467 4184 2654 4239 bonum
2686 4179 2881 4258 censes]
2926 4188 3278 4260 Syllogismus
3316 4205 3397 4250 est
3444 4199 3583 4255 ιρι-ιη

1995 4268 2184 4337 prima:
2213 4271 2395 4340 figura:
2425 4275 2591 4327 modi.
2622 4276 2886 4346 Quidquid
2925 4280 3180 4348 prodest,
3225 4283 3422 4339 bOuum
3453 4302 3529 4339 esu
3561 4306 3575 4340 :

1994 4359 2230 4414 Fortuna
2259 4373 2439 4417 autem
2470 4380 2730 4422 exercens
2763 4379 2854 4423 aut
2880 4371 3153 4439 corrigam
3174 4416 3189 4439 ,
3222 4376 3458 4442 prodest.
3496 4379 3582 4438 Est

1997 4449 2155 4517 igitur
2189 4452 2351 4507 bona.

2069 4538 2220 4612 Haec]
2253 4542 2515 4608 Fortuna,
2549 4561 2667 4613 quae
2698 4550 2779 4601 vel
2810 4560 3025 4602 exercet
3056 4553 3137 4604 vel
3169 4555 3403 4620 torrig‘t.

2070 4629 2416 4701 [napinabile]
2451 4635 2766 4690 Incredibile
2788 4647 2842 4691 et
2871 4639 3103 4692 alienum
3137 4641 3204 4693 ah
3229 4643 3478 4707 Opinione
3502 4661 3581 4697 sa-
3635 4648 3642 4655 '

1998 4721 2259 4786 pientum'.

2069 4809 2240 4873 Quare
2271 4812 2451 4884 inquit]
2499 4815 2569 4868 Ex
2615 4815 2724 4885 jam
2766 4818 2923 4872 dictis
2965 4819 3156 4887 infert,
3203 4823 3316 4877 viro
3355 4829 3582 4894 sapienti

1994 4900 2211 4953 minimc
2245 4903 2276 4954 d
2303 4903 2532 4960 dentium
2555 4946 2570 4972 ,
2596 4923 2714 4962 cum
2748 4909 3008 4966 adversus
3035 4928 3278 4982 asperam
3312 4917 3578 4973 fortunam

1993 5003 2205 5047 certare
2233 4996 2462 5063 cogitur,
2486 5000 2563 5054 sic
2584 5003 2727 5054 enim
2751 5003 2920 5057 virtus
2945 5016 2997 5059 et
3026 5009 3302 5076 probatur,
3332 5020 3384 5065 et
3414 5014 3580 5082 magis

1968 5147 1972 5152 _
1997 5085 2268 5138 elucescit.
2303 5086 2453 5142 Unde
2478 5089 2732 5156 Ovidius:

2089 5171 2207 5250 Qufe
2230 5174 2367 5250 latet,
2394 5183 2544 5250 inque
2567 5181 2892 5250 boniscessat
2918 5191 3230 5250 non_cognita
3251 5191 3423 5250 rebus,

2149 5238 2362 5300 Apparet
2390 5241 2572 5310 virtus,
2595 5246 2916 5306 arguiturque
2939 5247 3094 5297 malis.

1997 5320 2059 5374 Et
2085 5321 2244 5376 Silius
2278 5325 2482 5379 Italicus
2510 5327 2647 5381 libro
2673 5338 2862 5396 quarto
2887 5328 2954 5384 de
2983 5329 3235 5412 Romanis
3261 5350 3276 5389 :

2497 5438 2642 5488 Juvat
2668 5440 2741 5495 ire
2765 5440 2964 5500 periclis

2093 5493 2162 5564 {id
2186 5495 2429 5564 der-usum
2447 5498 2621 5548 dextra
2649 5493 3012 5564 memorandum
3037 5503 3253 5551 condere
3275 5518 3472 5564 nomen,

2095 5554 2247 5610 Quale
2272 5559 2407 5608 dedit
2435 5573 2677 5623 nunquam
2701 5563 2856 5610 rebus
2876 5562 3067 5611 fortuna
3086 5566 3334 5615 secundis.

2002 5654 2284 5728 llursns‘in
2315 5661 2503 5714 eodem
2532 5678 2543 5714 :

2128 5748 2378 5816 [.vplnrant
2401 5751 2601 5816 adversa
2626 5754 2772 5815 vicos,
2803 5766 2989 5816 perque
3017 5768 3190 5816 aspera
3213 5757 3338 5808 duro

2122 5809 2295 5861 Nititur
2321 5816 2376 5860 ad
2405 5814 2595 5864 laudem
2621 5809 2776 5865 virtus
2794 5809 3024 5868 interrita
3040 5809 3186 5869 clivo.
