4216 6256
1623 223 1651 241 ο

618 446 619 449 γ
663 356 801 421 roso

730 469 924 526 Gloria
964 466 1189 537 propria]
1223 467 1447 519 Faustus
1481 466 1838 543 Andrclinus:

782 560 943 608 Fortia
967 560 1188 609 tlilliciles
1206 562 1482 619 snperautia
1510 569 1706 617 pectora
1729 572 1886 614 casns,

846 620 1020 681 Inclyta
1048 628 1299 680 perpetuae
1321 624 1509 668 nomina
1529 621 1688 669 laudis
1712 622 1908 668 habent.

739 703 911 756 Virtus
938 700 1170 769 vocatur]
1200 702 1351 756 Unde
1377 705 1545 757 virtus
1576 703 1838 771 appellata
1867 705 1935 755 sit
1965 701 2235 766 ostendit,

658 794 797 863 quod
830 794 939 847 suis
971 795 1178 848 scilicet
1213 796 1415 848 viribus
1452 797 1657 858 nitens,
1692 810 1797 847 non
1829 807 2109 862 superetur
2140 794 2236 846 ad-

657 886 845 940 versis.
893 883 959 937 Μ.
1004 884 1192 937 Cicero
1231 884 1367 937 libro
1407 885 1826 938 Tusculanarum
1872 883 2237 950 chstinnnm

655 977 893 1032 secundo
920 994 931 1027 :
968 978 1240 1044 Appellata
1267 987 1337 1029 est
1361 978 1489 1029 enim
1513 993 1574 1029 ea:
1596 978 1699 1029 viro
1723 978 1898 1029 virtus.
1934 975 2041 1026 Viri
2072 986 2240 1026 autem

659 1068 872 1134 propria
899 1067 1121 1118 maxime
1147 1075 1221 1118 est
1253 1067 1503 1135 fortitudo
1526 1106 1541 1130 ,
1572 1068 1718 1134 cujus
1750 1083 1961 1117 munera
1992 1067 2093 1115 duo
2133 1080 2239 1115 ma-

656 1158 796 1211 xima
827 1166 973 1222 sunt,
1002 1157 1180 1208 mortis
1206 1155 1498 1226 dolorisque
1530 1157 1852 1234 contemptio.
1890 1154 2143 1207 Utendum
2169 1162 2243 1206 est

655 1248 812 1317 igitur
842 1246 955 1310 his,
983 1247 1025 1297 si
1058 1247 1258 1299 virtutis
1289 1256 1543 1317 compotes
1564 1289 1578 1313 ,
1614 1248 1688 1299 rel
1720 1247 1887 1311 potius
1918 1247 1962 1297 si
1986 1245 2077 1296 viri
2103 1244 2244 1295 volu-

656 1354 765 1389 mus
805 1353 942 1399 esse,
971 1339 1209 1404 quatiam
1238 1352 1269 1388 a
1297 1337 1418 1389 viris
1464 1340 1623 1390 virtus
1665 1352 1845 1389 nomen
1877 1346 1947 1387 est
1987 1342 2242 1386 mutuum.

656 1429 962 1482 Lactantius
1002 1428 1136 1482 libro
1176 1429 1242 1482 de
1271 1429 1534 1497 Opiliciu:
1567 1428 1678 1492 Vir,
1713 1428 1916 1497 inquit,
1947 1428 2245 1479 nominatus

657 1528 761 1583 cst,
790 1520 924 1587 quod
949 1520 1003 1573 in
1026 1537 1082 1573 eo
1112 1521 1281 1590 major
1303 1522 1381 1573 vis
1408 1530 1482 1574 est
1511 1536 1662 1590 quam
1695 1521 1745 1572 in
1787 1520 1999 1589 femina.
2033 1516 2096 1569 Et
2130 1517 2247 1568 hinc

658 1612 814 1665 virtus
846 1628 1034 1681 nomen
1055 1614 1272 1680 accepit.

1178 1702 1243 1756 IN
1285 1702 1574 1757 METRUM
1618 1702 1727 1756 \‘ll.

1302 354 1634 413 APPENDIX
1676 356 1765 410 AD
1805 353 2046 409 LIBROS
2088 353 2173 406 UE
2214 351 2730 407 CONSOIATIONE
2773 351 3273 410 PHILUSOPHUE.

2260 466 2310 525 A

3766 347 3911 407 1060

2457 464 2667 524 Reatque
2695 474 2786 525 pat'
2804 479 2881 514 em
2905 469 3037 523 vicit,
3066 475 3348 527 castumque
3364 464 3535 513 datura
3556 476 3785 516 cruorem

2462 527 2718 575 flentibus
2739 536 2851 575 ante
2874 542 3002 575 aram
3020 535 3155 577 stetit
3181 527 3426 589 Iphigenia
3452 529 3700 575 ministris.

2416 608 2669 679 l"oederat]
2703 608 2927 663 Fwdere
2958 610 3097 664 facto
3128 609 3313 663 lllCldll
3340 617 3390 663 et
3418 617 3635 663 mactat.

2414 699 2591 770 Na’w]
2626 701 2928 767 Iphigenian

2411 790 2642 861 Itur/tus]
2676 793 2912 862 Ulysses.

2414 884 2656 955 Sodales]
2687 885 2897 939 Socios.
2933 885 3277 954 Propertius:

2472 974 2702 1024 Paulatim
2726 980 2910 1026 socium
2930 978 3162 1037 iacturam
3186 978 3321 1027 ﬂevit
3347 977 3564 1040 Ulysses.

2418 1056 2600 1129 Ferus]
2632 1059 3017 1122 Truculentns,
3049 1063 3115 1112 ab
3148 1058 3477 1114 humanitate
3508 1061 3667 1113 ninus
3690 1062 3916 1117 alienus.

2418 1148 2617 1219 Mersit]
2646 1149 2922 1217 Absorpsit
2946 1191 2960 1213 ,
2996 1152 3313 1207 recondidit.

2417 1240 2786 1312 Polyphemus]
2812 1242 2909 1296 Hic
2935 1242 3031 1295 fuit
3056 1244 3279 1312 Neptuni
3314 1244 3453 1298 illius
3476 1260 3539 1298 ex
3564 1244 3709 1297 Thoa
3728 1245 3920 1300 Phorci

2348 1332 2484 1391 lilia.
2513 1334 2576 1387 ad
2603 1350 2758 1402 quem
2786 1349 2904 1388 cum
2931 1335 3147 1405 Ulysses
3170 1338 3219 1388 in
3248 1337 3479 1391 Siciliam
3508 1337 3775 1404 profectus
3800 1354 3921 1392 cum

2346 1424 2625 1478 duodecim
2658 1427 2940 1479 comitibus
2983 1428 3344 1495 pertenissel,
3387 1436 3495 1482 tres
3536 1430 3699 1483 cados
3733 1431 3919 1497 optimi

2351 1515 2454 1567 vini
2485 1531 2664 1569 secum
2691 1524 2925 1583 portans,
2947 1518 3240 1571 admiratus
3258 1526 3339 1571 est
3359 1519 3798 1587 magnitudinem,
3819 1517 3923 1571 inr-

2349 1624 2594 1675 ntamque
2623 1608 2853 1662 hominis
2887 1611 3099 1665 unicum
3128 1612 3338 1665 oeulum
3369 1613 3421 1665 in
3455 1614 3627 1666 fronte
3654 1613 3918 1677 habentis,

2349 1704 2436 1769 qui
2468 1704 2610 1757 solus
2637 1705 2735 1758 sub
2765 1715 2920 1757 antro
2951 1706 3174 1759 tollebat
3200 1705 3430 1775 lapidem
3452 1746 3467 1770 ,
3497 1706 3707 1774 qualem
3739 1706 3918 1774 viginti

726 1796 910 1851 Trium
945 1795 1363 1850 fortissimorum
1397 1796 1659 1865 exemplis
1699 1794 1963 1857 ostendit,
2002 1809 2106 1847 non
2145 1784 2245 1845 nisi
2274 1828 2321 1888 Β
2351 1795 2509 1847 boum
2538 1796 2662 1865 juga
2692 1796 2779 1849 vix
2813 1811 3029 1851 movere
3057 1800 3374 1866 potuissent.
3417 1798 3499 1852 Ab
3526 1813 3592 1852 eo
3635 1798 3800 1868 igitur
3826 1799 3923 1854 sei-

656 1904 752 1958 pcr
793 1888 1032 1943 difﬁcilia
1072 1898 1125 1943 et
1164 1889 1332 1943 ardua
1373 1888 1476 1943 iter
1514 1902 1634 1941 esse
1674 1887 1737 1940 ad
1769 1887 2021 1941 virttttetn
2051 1894 2106 1939 et
2131 1884 2247 1953 glo—

658 1984 816 2036 riam.
856 1981 970 2034 Non
1011 1982 1171 2049 igitur
1210 1982 1627 2035 detrectandum
1665 1988 1746 2034 est
1784 1989 2056 2034 certamen
2083 2017 2098 2041 ,
2139 1992 2244 2030 non

660 2073 988 2125 recusandus
1034 2073 1203 2134 labor,
1255 2087 1362 2139 quo
1409 2072 1627 2125 virtutis
1670 2080 1726 2125 et
1771 2072 2046 2139 sapientia:
2092 2069 2248 2123 nobis

660 2162 884 2214 materia
914 2158 1247 2227 suggeritur,
1268 2148 1433 2228 juxta
1456 2161 1695 2228 poeticos
1725 2160 1845 2212 illos
1875 2171 2098 2213 versus:

785 2251 1015 2311 Quisquis
1040 2253 1167 2298 enim
1193 2253 1341 2298 duros
1357 2265 1496 2300 casus
1526 2252 1718 2299 virtutis
1740 2265 1908 2298 amore

790 2313 994 2367 Viceril,
1022 2312 1104 2360 ille
1132 2315 1224 2361 sibi
1247 2312 1540 2373 laudemque.
1558 2316 1809 2372 decusque
1838 2312 2045 2369 parabit.

787 2373 850 2435 ᾼι
872 2375 954 2435 qui
974 2373 1230 2431 desidiam,
1258 2373 1523 2434 luxumqne
1548 2382 1785 2435 sequetur
1808 2376 2038 2435 inertem,

785 2433 911 2482 Dum
938 2437 1062 2495 l‘ugit
1086 2437 1331 2495 Oppositos
1355 2433 1544 2495 incauta
1570 2445 1735 2495 mente
1760 2433 1967 2488 labores,

783 2496 977 2556 Turpis,
1000 2494 1242 2556 inopsque
1267 2494 1406 2543 simul
1434 2499 1497 2544 uti
1526 2494 1715 2542 erable
1737 2497 1958 2554 transigit
1978 2505 2152 2540 aevum.

733 2577 821 2630 Bis
848 2577 1037 2647 quinis]
1074 2578 1287 2630 Decem.

739 2666 910 2735 Ultor]
946 2666 1147 2720 Vindex
1174 2708 1187 2730 ,
1218 2675 1402 2733 raptor
1435 2665 1673 2718 llelenm.

739 2756 973 2828 Atrides]
993 2761 1357 2827 Agamemnon
1381 2757 1525 2808 Atrei
1553 2756 1709 2807 lilius.
1732 2753 1979 2807 llnratius
2004 2755 2052 2807 in
2076 2754 2244 2823 Epist.

1155 2847 1331 2895 Nestor
1359 2858 1653 2904 componere
1677 2843 1790 2891 lites

847 2909 983 2958 Inter
1008 2908 1212 2957 Peliden
1237 2907 1431 2956 festinat
1450 2916 1501 2955 et
1525 2908 1654 2955 inter
1680 2906 1903 2959 Atriden.

733 2990 999 3061 Pht‘ygia’]
1030 2990 1228 3058 Trojze.

734 3082 941 3153 Ruinis]
976 3082 1221 3135 Excidio.

730 3174 958 3244 Fratris]
990 3173 1239 3229 Mene'ai.

732 3268 957 3319 Amissos
1004 3261 1275 3334 thalamos]
1327 3263 1577 3330 Ereplatn
1625 3259 2238 3332 cenjugetnllelettatn,

659 3360 941 3418 mulierum
974 3358 1133 3427 longe
1164 3357 1602 3426 pulcherrimam.

731 3448 919 3517 Piavit]
952 3448 1221 3516 Purgavit.
1252 3448 1438 3501 Maro:

847 3538 907 3586 Et
931 3538 1118 3598 culpam
1142 3538 1431 3585 miserorum
1456 3544 1610 3586 morte
1636 3537 1850 3597 piabunt.

659 3626 862 3680 Sensus
892 3632 972 3674 est
1000 3662 1012 3685 ,
1049 3621 1274 3689 Ilaptnm
1308 3620 1520 3675 Helenae
1552 3636 1710 3695 qpem
1743 3620 2061 3673 libidinosus
2093 3621 2240 3673 Paris

668 3712 1019 3785 perpetravit,
1047 3714 1411 3781 Agamemnon
1438 3711 1652 3764 vindice
1680 3710 1819 3770 bello
1840 3719 1894 3763 et
1921 3709 2093 3777 Trojte
2116 3710 2245 3762 sub-

662 3808 907 3862 versione
950 3805 1216 3874 purgavit.
1258 3803 1471 3858 Scelera
1514 3803 1655 3856 enim
1688 3802 1919 3856 vindicta
1953 3811 2243 3870 purgantur

662 3899 1107 3964 emoliunturque.
1839 3963 1847 3971 ι

730 3986 1264 4055 ΙίιεῙΑεειιηεηιηοη.
1300 3983 1398 4038 Hic
1424 3983 1488 4037 ad
1522 3982 1720 4037 bellum
1753 3981 2043 4050 Troianum
2076 3981 2237 4049 proli-

659 4084 897 4146 cisceus,
933 4093 1054 4133 cum
1088 4078 1227 4143 apud
1253 4075 1495 4129 Aulidem
1527 4074 1762 4144 reliquos
1791 4072 2011 4128 Graecia:
2042 4072 2239 4141 princi-

661 4187 755 4242 pes
793 4176 1164 4239 exspectaret,
1209 4165 1520 4233 imprudens
1551 4166 1731 4217 Diana:
1773 4178 1985 4217 cervam
2024 4164 2238 4218 occidit.

660 4266 834 4332 Quare
862 4262 960 4317 dea
993 4262 1125 4313 irata
1146 4298 1161 4324 ,
1194 4258 1244 4310 in
1280 4265 1476 4308 tantam
1512 4262 1880 4323 tempestatem
1922 4269 2067 4308 mare
2094 4254 2239 4307 exti-

662 4356 823 4423 tavit,
856 4362 913 4407 ut
939 4351 1247 4406 Graecorum
1278 4344 1462 4399 classis
1500 4343 1624 4396 inde
1661 4337 1938 4397 discedere
1976 4358 2079 4396 non
2117 4358 2241 4412 pos-

662 4458 759 4504 set.
803 4448 932 4502 Cum
972 4453 1150 4496 autem
1189 4438 1347 4493 etiam
1388 4446 1536 4513 peste
1577 4434 1920 4502 laborarent,
1963 4436 2238 4489 consultus

661 4545 919 4609 Calchas,
960 4538 1272 4607 respondit:
1307 4533 1486 4588 Diana:
1517 4532 1645 4584 iram
1686 4531 2077 4600 Agamemnonio
2117 4547 2233 4583 san-

661 4641 807 4711 guine
843 4652 947 4690 esse
987 4630 1315 4701 placandam.
1350 4624 1584 4678 Tandem
1630 4623 1790 4694 igitur
1821 4622 2236 4710 Agamemnonis

661 4743 869 4801 quoque
899 4738 1163 4779 consensu
1190 4716 1417 4773 adducta
1457 4716 1765 4785 lpbigenia,
1800 4724 1854 4770 et
1881 4724 2106 4768 mactata
2136 4722 2234 4767 cst.

663 4818 850 4889 Virgil.
884 4813 1144 4871 IEneidos
1172 4810 1307 4864 libro
1335 4808 1571 4861 secundo
1600 4823 1613 4858 :

787 4909 1035 4969 Sanguine.
1066 4902 1288 4969 placastis
1311 4906 1483 4969 ventos
1500 4906 1559 4968 ιρι
1580 4898 1773 4969 virgine
1795 4909 1917 4969 cassa
1940 4934 1952 4952 ,

782 4959 916 5020 Cum”
939 4959 1144 5029 primum
1172 4964 1342 5011 Iliacas
1361 4961 1509 5008 Danai
1530 4959 1737 5008 venistis
1758 4959 1816 5006 ad
1837 4971 1961 5007 oras.

662 5055 761 5110 Alii
786 5050 997 5105 tradunt
1021 5043 1348 5115 Iphigeniam
1378 5056 1404 5091 a
1438 5040 1600 5093 Diana
1632 5040 1795 5117 fuisse
1816 5038 2079 5091 sacerdoti
2107 5036 2237 5092 sult-

663 5154 862 5213 reptam
884 5182 899 5206 ,
928 5153 989 5191 ac
1019 5136 1161 5190 illius
1192 5134 1309 5186 loco
1338 5145 1551 5183 cervam
1582 5129 1933 5198 suppositam.

731 5234 900 5289 Graia
928 5225 1099 5297 classi]
1127 5222 1434 5279 Graacorum
1464 5219 1707 5275 navibus.

735 5318 979 5390 Redemit]
1012 5318 1170 5372 Emit.
1596 5332 1599 5335 '

739 5412 943 5484 Ventos]
981 5408 1209 5465 Subaudi
1239 5420 1524 5477 prosperos.

730 5502 941 5575 Cruore]
967 5500 1236 5570 Sanguine
1266 5496 1387 5554 tiliae
1414 5512 1526 5553 sum

679 5584 687 5595 ”
732 5594 913 5665 Exuit]
946 5592 1216 5661 Deposuit.

731 5682 959 5752 Patrem]
996 5683 1275 5736 Paternam
1301 5680 1574 5749 pietatem.
1612 5679 1701 5734 Sic
1736 5678 1873 5733 Naso
1902 5697 1912 5709 '

846 5774 1104 5829 Postquam
1129 5771 1364 5828 pietatem
1386 5784 1398 5829 ι
1415 5769 1574 5817 ubllca
1592 5782 1733 5818 causa

2347 1887 2571 1940 scitatus
2597 1895 2680 1941 est
2702 1887 2917 1957 lilysses
2943 1889 3085 1956 quod
3111 1904 3278 1959 genus
3303 1889 3599 1957 hominum,
3628 1892 3717 1959 qui
3746 1907 3923 1947 mem

2347 1986 2558 2041 essent,
2588 1988 2643 2033 et
2688 1994 2781 2047 per
2819 1978 3003 2034 Jovem
3032 1982 3337 2036 obsecravit
3362 1992 3422 2036 ut
3451 1982 3639 2038 liceret
3667 1984 3768 2039 sbi
3814 1994 3923 2040 tute

2346 2069 2515 2143 abire.
2534 2070 2621 2122 Ille
2634 2064 2718 2122 vei
2731 2084 2765 2122 ο
2781 2070 3009 2138 superbe
3028 2071 3360 2138 respondens
3379 2116 3390 2135 ,
3411 2089 3514 2127 non
3530 2074 3717 2129 timere
3729 2075 3919 2130 Jovem

2348 2160 2523 2223 dixit,
2557 2159 2801 2228 duosque
2831 2176 2899 2215 ex
2932 2163 3215 2217 comitibus
3247 2163 3453 2233 Ulys~is
3478 2165 3920 2232 apprehendens,

2347 2251 2450 2303 ritu
2492 2249 2603 2304 fere
2635 2254 2937 2307 immaniter
2963 2252 3274 2321 devoravit,
3308 2255 3636 2324 totidemque
3668 2258 3921 2323 postridie

2345 2340 2638 2409 absumpsit
2688 2344 2855 2409 prima
2903 2343 3062 2397 luce:
3110 2345 3247 2399 idem
3293 2347 3451 2400 etiam
3507 2350 3722 2415 vesperi
3773 2349 3919 2403 fecit.

2347 2431 2704 2496 Quamobrem
2735 2432 2955 2503 Ulysses
2984 2434 3084 2488 sibi
3116 2437 3218 2505 iam
3243 2446 3300 2491 et
3328 2439 3546 2506 reliquis
3576 2442 3770 2494 timens
3790 2479 3807 2505 ,
3835 2456 3920 2494 ca-

2348 2525 2471 2575 dum
2520 2525 2706 2593 optimi
2760 2526 2903 2593 viui,
2951 2526 3092 2594 quod
3137 2542 3317 2581 secum
3363 2530 3555 2583 tulerat
3595 2530 3922 2600 Polyphemo

2346 2613 2573 2677 obtulit,
2608 2612 2758 2668 et'ut
2798 2616 2898 2669 sibi
2930 2632 2993 2670 ac
3019 2617 3229 2673 cmteris
3274 2632 3546 2685 parceret,
3597 2622 3920 2676 obsecrarit.

2347 2704 2497 2770 Quod
2526 2703 2754 2775 Cyclops
2795 2723 2853 2761 se
2894 2708 3156 2764 facturum
3187 2713 3463 2781 premisit,
3509 2714 3550 2765 si
3598 2728 3783 2765 rursus
3821 2714 3921 2768 sibi

2347 2795 2526 2849 viuum
2573 2796 2812 2851 otl‘erret.
2861 2801 3272 2870 Oblatoitaque
3314 2806 3470 2857 tertio
3514 2805 3695 2873 poenio
3736 2814 3922 2857 mente

2347 2888 2644 2956 alienatus,
2689 2891 2739 2943 in
2784 2893 2962 2957 medio
3008 2904 3163 2949 antro
3213 2896 3443 2949 immane
3483 2911 3677 2965 corpus
3720 2896 3922 2949 dormi-

2351 2992 2498 3036 turus
2539 2984 2803 3037 extendit.
2849 2986 2998 3039 llunc
3038 2987 3197 3055 igitur
3229 2987 3448 3057 Ulysscs
3476 2991 3595 3042 vino
3628 3004 3919 3054 somnoque

2347 3074 2611 3143 sepultum
2652 3076 3119 3144 animadvertetis,
3174 3080 3319 3132 immi
3353 3095 3413 3132 so
3455 3079 3506 3133 iu
3559 3081 3783 3132 oculum
3817 3080 3918 3133 ti-lo

2275 3179 2320 3242 ρ
2351 3168 2655 3220 cxcmcavit.
2689 3167 2791 3220 Sed
2822 3184 2885 3221 ex
2919 3184 3114 3237 urgens
3140 3172 3347 3225 tandem
3372 3169 3600 3241 Cyclops
3621 3211 3634 3232 ,
3657 3184 3777 3223 cum
3806 3183 3920 3236 ape-

2348 3257 2612 3312 riieantri
2636 3260 2830 3311 ostium
2861 3260 3108 3327 gregibus
3134 3272 3436 3328 cogeretur,
3462 3261 3751 3315 immanem
3775 3264 3919 3314 exin-

2346 3351 2413 3404 de
2444 3349 2668 3418 lapidem
2714 3352 2947 3416 amovit,
2995 3362 3358 3404 verumtamen
3396 3362 3653 3405 exeuntes
3693 3350 3917 3419 pecudes

2346 3441 2592 3495 manibus
2620 3441 2884 3510 palpabat.
2912 3441 3061 3507 Quod
3089 3456 3209 3494 cum
3241 3441 3460 3512 Ulysses
3488 3456 3610 3495 cum
3640 3441 3919 3496 comitibus

2345 3532 2840 3596 animadvertisset,
2869 3533 3035 3586 induti
3062 3532 3319 3600 pecudum
3347 3522 3529 3599 pelles,
3555 3530 3783 3600 Cyel0ps
3812 3544 3920 3584 ma-

2344 3638 2444 3675 nus
2472 3622 2725 3692 eﬂ'ngere.
2757 3623 2896 3691 Lege
2918 3623 3203 3678 Homerum
3229 3624 3365 3677 libro
3386 3622 3639 3693 Odyssea;
3666 3638 3830 3676 nono.

2418 3733 2714 3805 Herrulem]
2747 3735 3003 3789 Hercules
3030 3737 3177 3790 Jovis
3216 3744 3271 3789 et
3300 3737 3566 3791 Alcmena:
3606 3735 3742 3787 ﬁlius
3780 3734 3916 3799 fuit,

2345 3828 2433 3897 qui
2465 3828 2657 3881 robore
2703 3843 2765 3881 ac
2811 3828 3122 3881 fortitudine
3164 3827 3375 3895 caneris
3418 3827 3719 3880 hominibus
3759 3835 3916 3894 supra

2343 3936 2501 3989 quam
2528 3920 2779 3974 credibile
2801 3929 2881 3972 est
2902 3960 2914 3981 ,
2942 3916 3207 3986 pr.rs’itit.
3246 3919 3412 3985 llujns
3441 3920 3595 3971 varia:
3635 3932 3719 3970 res
3756 3926 3915 3984 gestat

2346 4011 2626 4065 traduntur
2653 4026 2682 4064 a
2714 4010 2943 4065 Diodoro
2973 4010 3172 4075 Siculo,
3204 4011 3412 4074 Uvidio,
3440 4009 3643 4065 Seneca
3670 4006 3916 4076 Tragico,

2344 4103 2563 4157 Nieolao
2599 4106 2809 4158 l'erotto
2840 4106 2889 4158 in
2919 4104 3302 4172 Cornue0pia2,
3334 4116 3385 4158 et
3415 4105 3648 4158 caneris.

2380 4205 2389 4213 ‘
2418 4194 2548 4248 Duri
2577 4194 2794 4264 labores]
2828 4195 3069 4249 llercnlei
3104 4196 3313 4249 labores
3341 4192 3745 4263 proverbialiter
3770 4191 3916 4245 cele-

2344 4286 2585 4350 brantur,
2618 4286 2686 4340 de
2714 4302 2820 4354 quo
2849 4297 3028 4339 noster
3059 4286 3309 4340 Erasmus
3337 4285 3547 4338 abunde
3593 4283 3914 4353 Adagiorum

2343 4378 2573 4432 chiliade
2604 4378 2757 4430 tertia
2782 4417 2796 4441 ,
2830 4378 3112 4444 proverbio
3143 4378 3334 4443 primo.

2416 4470 2716 4542 Centauros]
2759 4471 2820 4525 lli
2860 4471 3073 4524 fuerunt
3101 4470 3339 4525 Thessali
3370 4485 3431 4524 ex
3466 4468 3722 4533 anteriori
3769 4478 3914 4538 parte

2262 4544 2312 4604 θ
2343 4565 2480 4631 viri,
2512 4580 2577 4619 ex
2610 4562 2895 4632 posteriori
2934 4562 3074 4630 equi.
3110 4561 3361 4615 Hercules
3397 4561 3615 4628 aptabat
3643 4572 3737 4613 eos
3762 4573 3794 4612 e
3823 4558 3916 4612 Pe.

2341 4658 2424 4711 leo
2453 4665 2630 4710 monte
2658 4654 2959 4721 depellere,
2992 4653 3083 4705 sed
3117 4653 3229 4721 ipse
3260 4650 3402 4719 prior
3433 4650 3684 4719 injustam
3716 4648 3915 4702 bellum

2342 4747 2554 4801 nolebat
2604 4744 2823 4799 inferre.
2883 4742 3101 4797 Curavit
3144 4742 3304 4811 igitur
3349 4756 3378 4795 a
3426 4741 3592 4794 l’lto!o
3633 4752 3916 4807 susceptus

2341 4841 2595 4908 hospitio,
2631 4849 2685 4894 ut
2728 4838 3158 4906 praastantissimi
3198 4837 3306 4891 vini
3349 4837 3514 4891 cadus
3560 4845 3913 4904 promeretur.

2342 4932 2517 4986 Odore
2560 4931 2711 4983 tracti
2750 4928 3043 4994 Centauri,
3088 4929 3267 4982 vinum
3317 4942 3503 4995 rapere
3551 4932 3912 4980 teutaverunt.

2340 5024 2598 5078 llercules
2625 5022 2963 5075 occasionem
2997 5029 3215 5083 nactus,
3258 5032 3447 5072 omnes
3478 5027 3568 5071 aut
3598 5016 3913 5077 interemit,

2337 5123 2427 5167 aut
2456 5112 2577 5167 inde
2604 5111 2822 5179 fugavit.

2410 5202 2672 5275 Spolium]
2704 5202 2903 5256 Pellem
2924 5243 2939 5268 ,
2970 5218 3071 5272 qua
3103 5216 3199 5271 pro
3228 5211 3380 5256 scuto
3407 5213 3532 5254 usus
3561 5203 3665 5275 cst.

2411 5292 2591 5364 Leoni]
2624 5293 2812 5346 Vastus
2843 5293 2928 5347 hic
2959 5302 3017 5347 et
3050 5294 3298 5347 immanis
3334 5292 3416 5347 leo
3444 5289 3579 5348 fuit.
3611 5297 3667 5343 et
3698 5284 3787 5355 qui
3823 5300 3913 5338 ar-

2337 5386 2440 5440 mis
2461 5383 2662 5437 domari
2688 5399 2792 5437 non
2822 5393 3046 5452 poterat.
3071 5383 3326 5437 Hercules
3345 5381 3630 5436 observato
3650 5377 3911 5447 spelunca

2338 5474 2519 5537 aditu,
2563 5476 2923 5541 egredientem
2963 5470 3406 5543 comprehendit,
3449 5480 3505 5526 et
3545 5464 3910 5537 strangulavit.

2409 5567 2577 5637 Fixit]
2606 5566 2858 5645 Trajecit.

2409 5656 2592 5727 Certis]
2624 5656 3040 5711 lnevitabilibus.

2424 5750 2681 5817 l’olucres]
2711 5749 3126 5818 Stymphalides.
3155 5746 3480 5802 Claudianus
3505 5760 3522 5800 :
