4216 6256
328 408 460 463 ίοδι

441 519 862 632 iuluslAmazonlo
885 521 1076 570 cinctus
1092 519 1446 582 Stymphalidas
1465 530 1580 566 arcu

488 596 583 632 uue
610 596 668 631 is.

487 596 668 645 ppeus.

322 688 586 744 Hercules
612 686 1018 758 Stymphalides
1044 699 1170 739 aves
1197 685 1264 737 ab
1293 686 1422 755 ipsis
1452 685 1683 740 nubibus
1708 685 1913 753 sagittis

231 822 233 824 -
323 780 509 847 ιειίἰῑ,
544 787 868 847 enectasque
894 776 1109 844 dejeeit.
1160 777 1322 829 Erant
1362 787 1537 829 autem
1584 792 1712 831 aves
1753 791 1915 842 aqua-

325 871 445 923 tica:
475 871 526 922 in
557 868 875 939 Stymphalo
927 867 1121 935 palude
1152 866 1395 920 Arcadiae
1415 909 1428 931 ,
1459 875 1621 921 tanta:
1651 866 1916 935 magnitu-

239 1006 243 1009 .
324 960 461 1013 diuis
481 1000 496 1026 ,
531 968 587 1013 ut
614 959 746 1018 solis
774 957 952 1012 radios
985 956 1312 1011 obumbrare
1338 956 1662 1011 dicerentur.

397 1050 580 1120 Poma]
612 1050 868 1105 Hercules
899 1050 1038 1103 mala
1072 1065 1233 1105 aurea
1263 1066 1326 1103 ex
1357 1051 1526 1104 hortis
1559 1049 1911 1119 llesperidum

325 1146 477 1208 tulit,
502 1147 731 1198 dracone
754 1183 770 1207 ,
819 1143 909 1210 qui
942 1157 1003 1197 ea
1033 1143 1122 1197 die
1162 1150 1430 1212 noctuque
1472 1144 1695 1213 pervigil
1735 1151 1914 1198 custo-

334 1238 511 1292 diebat
529 1278 544 1302 ,
570 1236 913 1304 interempto.

402 1327 658 1398 Cernenti]
685 1327 954 1395 Vigilanti.

399 1419 571 1490 vaa]
601 1420 832 1473 Sinistra
864 1434 1051 1472 manu.

395 1512 685 1583 Cerberum]
715 1511 970 1566 Hercules
1003 1512 1227 1568 audiens
1266 1514 1565 1569 Pirithoum
1609 1529 1636 1568 a
1678 1511 1915 1567 Cerbero

330 1604 579 1659 infernali
610 1617 742 1657 caue
781 1602 1107 1657 exstinctum
1132 1645 1147 1667 ,
1189 1614 1244 1658 et
1288 1604 1495 1681 Thesea
1538 1604 1675 1673 apud
1718 1605 1914 1656 inferos

338 1697 615 1750 detentum
640 1736 654 1759 ,
685 1708 752 1747 eo
781 1695 1125 1762 properavit,
1157 1705 1204 1748 et
1253 1704 1413 1763 capto
1442 1695 1674 1749 Cerbero
1695 1735 1708 1757 ,
1742 1694 1914 1760 tripli-
1992 1716 2003 1722 -

332 1787 492 1855 rique
532 1777 710 1853 (quod
765 1784 863 1837 tria
907 1784 1080 1852 capita
1115 1782 1376 1855 haberet)
1405 1794 1595 1839 catena
1629 1784 1909 1847 devincto,

337 1876 546 1931 Thesea
584 1875 848 1930 liberavit.

406 1966 581 2020 Victor
626 1964 890 2037 immitem]
924 1965 1234 2021 Diemedem
1265 1966 1515 2021 Thraciae
1544 1982 1725 2036 regem
1750 2008 1766 2033 ,
1823 1966 1912 2035 qui

331 2069 495 2126 equos
521 2070 649 2110 suos
675 2056 1000 2110 advenarum
1032 2071 1196 2110 carne
1226 2057 1479 2126 pascebat
1507 2057 1737 2111 occidit:
1767 2072 1917 2111 eum-

335 2162 435 2216 que
459 2146 718 2216 jumentis
749 2144 1133 2200 comedendum
1164 2146 1383 2216 objeeit.

409 2236 614 2309 Hydra]
646 2238 720 2294 De
748 2239 849 2293 hac
874 2238 1104 2293 diximus
1134 2254 1292 2308 supra
1323 2257 1336 2293 :
1369 2247 1422 2293 et
1452 2238 1774 2294 Claudianus
1800 2254 1813 2290 :

364 2368 379 2383 .
424 2330 530 2379 Non
555 2328 734 2378 cadere
754 2328 945 2387 Antaeo,
972 2341 1063 2376 non
1088 2340 1317 2377 crescere
1339 2327 1517 2389 profuit
1538 2326 1733 2388 Hydrte.
1766 2365 1769 2369 .

408 2409 622 2481 Fronte]
650 2411 780 2465 Cum
814 2411 1067 2465 llercules
1095 2420 1149 2464 et
1192 2411 1456 2465 Achelous
1506 2418 1722 2477 prepter
1761 2406 1917 2475 Deja-

342 2502 511 2555 niram
555 2510 865 2566 certarent,
908 2502 1280 2571 Aehelousque
1318 2516 1377 2556 se
1413 2502 1463 2555 in
1498 2504 1675 2554 varias
1712 2499 1914 2553 formas

339 2596 763 2654 transmutaret,
812 2589 1023 2643 tandem
1075 2606 1196 2643 cum
1251 2592 1301 2644 in
1354 2600 1563 2645 taurum
1612 2592 1808 2645 frustra
1858 2605 1917 2644 se

337 2679 809 2744 transformasset,
857 2678 1031 2732 victus
1072 2678 1377 2745 Achelous,
1421 2681 1699 2750 alteroque
1747 2695 1915 2733 cornu

342 2769 614 2822 mutilatas
637 2809 651 2833 ,
681 2768 884 2837 pudore
915 2783 973 2822 se
1006 2769 1056 2821 in
1088 2784 1242 2822 suum
1277 2768 1491 2823 [luvium
1521 2771 1768 2840 conjecit.
1800 2770 1919 2823 Sta-

340 2859 443 2913 tius
468 2858 603 2912 libro
629 2858 931 2913 Thebaidos
959 2867 1149 2926 quarto
1174 2876 1187 2911 :

522 2947 581 2996 Et
597 2947 841 2997 Hercules
865 2954 1086 3009 turpatus
1108 2948 1345 3009 gymnade
1370 2948 1531 2997 vultus

431 3007 617 3067 Amas,
642 3010 796 3058 adhuc
819 3012 927 3058 imis
947 3007 1030 3058 vix
1058 3007 1274 3058 truncam
1303 3010 1526 3058 attollere
1552 3009 1761 3058 frontem

433 3072 594 3118 Ausus
615 3073 765 3131 aquis,
791 3070 1059 3131 glaucoque
1087 3078 1233 3131 caput
1255 3073 1535 3119 submersus
1556 3072 1602 3118 in
1628 3077 1764 3120 antro

434 3131 627 3193 Moeret,
658 3131 944 3180 anhelantes
966 3139 1241 3191 aegrescunt
1258 3132 1362 3194 puli
1375 3146 1462 3181 ere
1488 3135 1621 3193 ripas.

1514 391 1884 462 blURttElJJl
1926 406 2438 462 COMMENTARIA.

3400 388 3413 399 ’
3458 412 3597 467 toea

1938 524 1982 583 Α
2014 549 2242 607 stratus,
2286 555 2315 594 a
2347 550 2483 595 terra
2533 550 2702 595 matre
2747 541 2879 595 vites
2922 541 3251 611 accipiebat,
3287 550 3343 595 et
3383 542 3596 611 quidttn

2016 630 2270 699 majores.
2301 629 2376 683 Ea
2407 646 2466 685 re
2496 633 2740 700 cognita,
2774 649 2801 686 a
2834 643 2974 687 terra
3015 634 3269 688 abstinuit
3309 632 3590 700 Hercules,

2015 731 2067 774 et
2098 721 2331 775 sublime
2361 723 2589 777 domuit.
2618 725 2876 783 Desctibit
2903 725 3004 779 hoc
3031 737 3299 782 certamen
3327 728 3599 798 eleganter

2016 811 2266 865 Lucanus
2295 810 2433 864 libro
2468 812 2757 866 Pharsalia:
2786 825 2997 882 quarto.

2088 900 2273 971 Cacus]
2304 901 2399 954 llic
2427 903 2720 955 secundum
2755 902 3012 956 Fabulam
3047 904 3269 957 Vulcani
3301 902 3439 958 illius
3470 902 3597 969 fuit,

2016 1005 2111 1044 ore
2142 989 2319 1058 ignem
2352 1006 2415 1045 ac
2448 993 2648 1045 fumum
2682 1009 2943 1059 vomens,
2974 994 3060 1062 qui
3094 995 3265 1047 vicina
3297 998 3471 1048 omu'a
3508 1012 3597 1063 νος·

2017 1083 2316 1149 pulabatur.
2363 1084 2571 1139 Veritas
2621 1096 2795 1141 tamen
2847 1088 3137 1141 secundum
3193 1088 3489 1157 philologos
3526 1102 3592 1144 et

2019 1172 2304 1226 historicos
2334 1172 2439 1227 hoc
2465 1175 2659 1241 habet,
2690 1177 2831 1230 hunc
2864 1177 3025 1231 fuisse
3063 1179 3291 1231 Evandri
3337 1181 3598 1249 nequissi-

2024 1276 2167 1314 mum
2197 1274 2409 1315 servum
2440 1278 2505 1318 ac
2533 1266 2726 1319 furem.
2754 1267 2891 1320 Sunt
2921 1268 3007 1333 qui
3038 1268 3218 1321 dicunt
3247 1283 3367 1321 cum
3390 1309 3405 1332 ,
3437 1285 3513 1324 oc.
3535 1286 3597 1323 u-

2030 1362 2153 1418 pato
2196 1350 2342 1405 circa
2389 1353 2707 1410 Vulturnum
2750 1368 2803 1411 et
2844 1356 3187 1425 Campaniam
3236 1373 3429 1428 regno,
3471 1361 3596 1414 dum

2019 1449 2211 1497 tractat
2238 1444 2401 1497 etiam
2431 1458 2495 1499 ea
2522 1462 2639 1515 qure
2669 1456 3051 1502 concesserant
3090 1448 3143 1501 in
3176 1448 3403 1503 Evandri
3433 1453 3598 1504 Arca-

2017 1535 2144 1591 dum
2174 1540 2317 1609 regis
2344 1539 2485 1605 jura.
2519 1538 2653 1592 duce
2684 1538 2911 1592 Hercule
2932 1580 2947 1604 ,
2976 1540 3060 1605 qui
3092 1549 3202 1593 tum
3231 1539 3367 1594 forte
3391 1541 3597 1608 aderat,

2017 1641 2334 1696 oppressum
2370 1629 2552 1683 fuisse.
2588 1628 2663 1683 De
2694 1629 2793 1683 hoc
2823 1629 3077 1699 Virgilius
3118 1630 3252 1683 libro
3278 1638 3487 1683 octavo.

2097 1719 2319 1791 Setiger]
2352 1720 2516 1789 Aper.
2562 1720 2982 1791 Erytuantheum
3023 1723 3216 1789 aprum‘
3248 1722 3419 1775 vivum
3458 1726 3597 1791 cepit

2024 1809 2282 1864 Hercules
2329 1820 2484 1876 astu,
2535 1812 2677 1878 quod
2716 1820 2899 1865 narrat
2941 1812 3227 1882 Polyenus.
3275 1812 3598 1869 Versabatur

1940 1883 1986 1940 Β
2018 1900 2233 1967 (inquit)
2267 1899 2661 1969 Erymantheus
2690 1914 2819 1969 aper
2848 1900 2899 1953 in
2928 1901 3160 1968 quadam
3208 1902 3348 1957 valle
3388 1904 3596 1957 nivibus

2017 1990 2231 2057 oppleta
2259 2004 2273 2045 :
2306 1989 2446 2058 quod
2477 1990 2565 2042 ubi
2604 1990 2981 2046 animadvertit
3022 1991 3274 2047 Hercules
3303 2008 3369 2047 ex
3395 2009 3461 2048 eo
3491 1996 3600 2047 val-

2020 2080 2086 2133 lis
2134 2081 2462 2148 supercilio,
2492 2096 2606 2149 qua
2653 2082 2825 2150 major
2869 2082 3071 2136 nivium
3113 2084 3193 2138 vis
3233 2093 3386 2148 erat,
3432 2085 3597 2140 feram

2010 2169 2169 2239 jactis
2196 2169 2459 2239 lapidibus
2487 2172 2825 2234 incessebat:
2858 2174 2927 2226 ita
2958 2173 3164 2228 irritata
3187 2219 3202 2242 ,
3235 2176 3358 2228 dum
3390 2178 3439 2229 in
3469 2178 3601 2233 Her-

2017 2261 2190 2315 culem
2221 2268 2446 2315 c0natur
2477 2261 2681 2315 irruere
2707 2305 2720 2328 ,
2756 2262 2997 2317 incidens
3033 2263 3087 2317 in
3131 2264 3468 2320 altitudinem
3512 2271 3594 2320 ni-

2018 2352 2198 2419 vium,
2230 2353 2583 2418 demersaque
2624 2354 2770 2407 nullo
2811 2355 3027 2422 negotio
3065 2355 3131 2409 ab
3177 2356 3407 2412 llercule
3446 2371 3600 2429 capta

2017 2454 2133 2509 est,
2181 2457 2339 2511 quam
2394 2452 2541 2511 tergo
2584 2443 2886 2511 impositam
2932 2445 3177 2514 Mycenas
3208 2446 3431 2515 detulit,
3466 2462 3517 2503 et
3551 2454 3601 2503 in

2025 2532 2198 2586 media
2229 2532 2489 2587 concione
2518 2530 2753 2597 dimisit,
2788 2548 2908 2587 cum
2937 2550 3143 2589 summa
3172 2539 3407 2592 omnium
3439 2544 3603 2609 trepi-

2018 2621 2236 2676 datione
2270 2621 2351 2691 (ut
2379 2622 2523 2676 canit
2544 2612 2888 2693 Apollonius)
2915 2638 2966 2679 et
2998 2626 3049 2680 in
3081 2628 3266 2695 primis
3293 2628 3600 2701 Eurysthei,

2018 2715 2107 2785 qui
2136 2728 2195 2769 se
2223 2714 2519 2783 conjecisse
2546 2716 2740 2769 dicitur
2768 2718 2816 2770 in
2850 2732 2941 2771 vas
2970 2734 3199 2775 aeneum.

2100 2803 2330 2858 Ultimus
2362 2802 2563 2875 malum]
2594 2805 2847 2859 llerculcs
2878 2822 2977 2873 pro
3019 2808 3233 2864 Atlante
3268 2810 3463 2865 caelum
3502 2811 3601 2866 hu-

2023 2894 2188 2949 meris
2218 2895 2536 2949 sustinuisse
2566 2895 2783 2950 dicitur.
2816 2896 3135 2951 Claudianus
3163 2916 3177 2951 :

2633 2988 2703 3037 'l'e
2730 2992 2964 3037 maximus
2984 2989 3119 3039 Atlas

2203 3048 2422 3108 Horruit,
2447 3049 2667 3111 imposito
2683 3064 2789 3107 cuiu
2816 3065 3106 3111 premerere
3130 3052 3255 3115 polo.

2025 3118 2412 3183 Ad'Atlautem
2444 3131 2713 3198 prolectus
2745 3142 2827 3184 est
2858 3131 3113 3186 Hercules
3134 3176 3147 3197 ,
3182 3148 3301 3187 cum
3331 3133 3606 3189 didic'ssct

413 3211 669 3283 Anticum]
714 3213 809 3266 llic
847 3212 1075 3280 Neptuni
1125 3214 1264 3267 ﬁlius
1304 3229 1371 3267 ex
1418 3222 1557 3267 terra
1599 3223 1916 3282 susceptus,
1950 3242 1996 3302 ρ
2029 3233 2058 3272 a
2088 3217 2263 3273 Nereo
2294 3233 2353 3272 se
2380 3218 2536 3271 malis
2576 3218 2929 3285 Hesperidum
2976 3222 3131 3289 potiri
3160 3237 3263 3274 non
3310 3237 3464 3288 posse
3493 3225 3606 3278 sine

353 3304 629 3371 sexaginta
673 3303 869 3357 cubitis
909 3303 1186 3366 adolevit,
1231 3314 1285 3357 ut
1320 3314 1511 3358 auctor
1548 3316 1629 3359 est
1663 3305 1928 3376 Pherecy-

344 3394 459 3446 des.
490 3393 546 3447 ld
571 3393 661 3448 ditt
688 3394 985 3449 fabulosum
1015 3394 1187 3448 visum
1215 3406 1295 3449 est
1319 3435 1333 3458 ,
1364 3387 1648 3463 antequam
1675 3409 1925 3462 sulirema

346 3479 461 3545 ejus
491 3496 614 3535 ossa
643 3481 947 3550 Olympiam
980 3482 1140 3536 allata
1171 3481 1432 3535 miraculo
1471 3481 1625 3535 ﬁdem
1658 3482 1925 3537 fecissent.

351 3573 672 3628 Plutarchus
703 3576 781 3628 ait
815 3574 1177 3628 Romanorum
1217 3574 1405 3629 ducem
1446 3574 1742 3629 Sertorium
1785 3574 1925 3642 apud

347 3662 638 3732 Tigennam
669 3664 921 3733 oppidum
954 3663 1133 3731 Libyae
1159 3706 1175 3731 ,
1219 3663 1413 3717 cil'osso
1443 3664 1688 3732 sepulcro
1714 3701 1729 3726 ,
1784 3663 1925 3731 quod

353 3752 549 3807 incol-.e
590 3754 763 3809 Λιιιωί
806 3753 1475 3817 ἀὶειίιθὺίιηιγὴωηίιηυηι
1508 3754 1735 3807 cadaver
1767 3754 1925 3807 inusi-

340 3849 476 3895 tatae
505 3842 660 3897 molis
687 3843 979 3897 invenisse.
1034 3847 1253 3897 Antreus
1288 3843 1389 3913 (ιιι
1419 3843 1756 3914 fabu'autur)
1807 3860 1927 3913 pro-

2028 3308 2171 3362 illius
2217 3322 2338 3376 ope.
2381 3308 2485 3361 Sed
2532 3308 2741 3361 interim
2782 3308 2907 3361 dum
2953 3311 3101 3363 Atlas
3145 3309 3355 3364 llerculi
3388 3320 3605 3380 operam

2030 3405 2188 3450 navat
2211 3436 2226 3461 ,
2258 3397 2374 3465 ipse
2403 3396 2596 3450 cmlum
2630 3397 2791 3449 subiit
2819 3416 2831 3450 :
2882 3413 3111 3467 cumque
3150 3400 3256 3466 jam
3298 3413 3607 3470 recepturus

2030 3486 2179 3538 Atlas
2209 3500 2310 3538 non
2343 3485 2638 3552 videretur,
2674 3486 2915 3541 Herculis
2945 3496 3063 3541 astu
3094 3490 3403 3545 elusus‘est.
3440 3492 3608 3557 Impe-

2036 3583 2178 3639 trat,
2206 3584 2266 3629 ut
2307 3575 2397 3629 ille
2429 3576 2609 3629 tandiu
2652 3577 2793 3631 caelo
2830 3580 3115 3645 succedat,
3175 3597 3279 3651 quo
3340 3583 3608 3640 all’crendo

2033 3667 2183 3719 oneri
2213 3666 2488 3734 pulvillum
2520 3666 2617 3720 sibi
2647 3677 2825 3736 aptet,
2858 3678 3017 3741 atque
3044 3670 3114 3724 ita
3145 3673 3404 3743 correptis
3433 3677 3606 3741 malis,

2033 3771 2148 3825 qua:
2182 3756 2326 3811 humi
2355 3757 2640 3825 jacebant,
2673 3762 2927 3831 evestigio
2954 3762 3124 3818 victor
3145 3764 3293 3819 abiit.

2107 3845 2359 3918 Pretium]
2393 3846 2696 3906 Prazmium.

376 3957 3222 3985 —'—-—'_-_—'-—-—_‘_-_—‘————————————__

1568 4066 1858 4152 LIBER
1906 4061 2395 4158 QUINTUS.

3229 3974 3600 3994 -ψ

778 4258 843 4313 ΙΝ
886 4261 1159 4319 PROSAM
1205 4266 1412 4322 PRIMA
1424 4268 1494 4323 Μ.

423 4349 673 4405 Proximo
696 4352 965 4409 volumine
997 4356 1250 4412 disseruit
1277 4358 1622 4430 Philosophia
1645 4360 1788 4414 solos
1809 4362 1928 4429 qui-

352 4439 473 4494 dem
498 4443 662 4495 bonos
692 4451 934 4511 potentes
960 4461 1099 4510 esse,
1126 4448 1294 4502 malos
1320 4458 1497 4504 autem
1539 4465 1725 4503 omnes
1757 4451 1929 4504 imbe-

2024 4269 2150 4323 tiam
2186 4285 2291 4325 non
2325 4275 2699 4340 promeruerit.
2732 4275 2869 4331 Toto
2903 4278 3060 4346 igitur
3091 4280 3190 4336 hoc
3218 4281 3356 4337 libro
3386 4285 3453 4341 de
3479 4264 3602 4342 casu

2035 4360 2311 4430 liberoque
2351 4362 2582 4415 hominis
2623 4364 2844 4419 arbitrio
2882 4369 3202 4436 disputatur.
3243 4371 3476 4429 Primum
3515 4393 3608 4431 au-

2042 4459 2148 4506 tem
2177 4453 2301 4521 quid
2324 4454 2392 4507 sit
2413 4469 2567 4509 casus
2594 4459 2896 4525 exponitur,
2932 4461 3091 4531 idque
3113 4463 3254 4517 hunc
3284 4468 3334 4519 in
3363 4469 3604 4521 modum:

352 4532 519 4599 eilles,
554 4532 748 4587 malum
791 4537 915 4589 item
961 4540 1092 4592 nihil
1132 4556 1429 4595 esse:cum
1481 4544 1666 4607 Optimi
1710 4544 1926 4596 maximi
1956 4563 2007 4623 ι)
2034 4541 2201 4596 Casus
2239 4553 2319 4597 est
2348 4544 2653 4615 inopinatus
2700 4562 2766 4601 ex
2814 4550 3205 4607 conﬂuentibus
3240 4555 3413 4609 causis
3444 4558 3496 4610 in
3528 4558 3609 4614 his

351 4623 492 4690 regis
531 4624 881 4691 providentia,
916 4637 970 4681 et
1008 4629 1185 4685 fatalis
1217 4632 1549 4687 necessitatis
1586 4635 1725 4687 serie
1758 4637 1807 4688 in
1835 4635 1929 4689 bo-

354 4730 477 4767 num
508 4715 588 4786 (ut
618 4716 668 4767 in
699 4716 855 4769 linem
880 4719 1055 4790 suum)
1082 4722 1259 4775 omnia
1290 4722 1605 4791 dirigantur.
1638 4724 1714 4777 Ex
1741 4740 1847 4793 quo
1874 4725 1930 4780 lit

353 4804 495 4873 quod
519 4805 618 4874 (uti
642 4806 823 4861 Boetio
840 4824 1120 4877 perperam
1145 4812 1451 4885 videbatur)
1476 4814 1636 4870 bouis
1660 4831 1928 4886 nunquam

355 4892 492 4945 mala
525 4895 784 4959 accidant,
828 4899 966 4966 quod
1000 4900 1295 4957 adversitas
1335 4904 1782 4973 eis.potissimum
1826 4909 1932 4962 vir-

355 4987 481 5036 tutis
502 4986 814 5039 exercendae
843 4992 1061 5043 materia
1095 5000 1176 5046 est
1199 4993 1349 5062 juxta
1381 4997 1699 5053 Ovidianum
1731 5017 1746 5053 :

474 5094 914 5168 Scilicetadversis
928 5101 1150 5168 probitas
1174 5092 1395 5168 exercita
1421 5108 1589 5168 rebus,

464 5183 468 5187 ι
538 5156 789 5205 Materiam
816 5161 938 5208 tristi
965 5172 1186 5223 tempore
1211 5165 1364 5215 laudis
1390 5167 1559 5218 habet.

356 5238 551 5293 Verum
593 5255 715 5295 cum
761 5258 918 5311 supra
972 5245 1170 5300 dictum
1210 5248 1278 5302 sit
1326 5249 1489 5305 fatum
1536 5252 1604 5306 ab
1646 5252 1930 5309 immobilis

358 5329 702 5396 providentia:
746 5335 979 5387 exordiis
1018 5336 1310 5404 proﬁcisci,
1350 5351 1401 5395 et
1444 5346 1516 5396 ita
1549 5343 1692 5413 ipsas
1719 5362 1930 5414 quoque

357 5420 543 5473 fata'es
568 5424 928 5479 conuexiones
952 5426 1248 5484 immobiles
1268 5444 1387 5486 esse
1409 5444 1680 5501 oportere,
1711 5437 1928 5491 dubium

357 5511 439 5577 ﬁt,
482 5514 749 5582 quomodo
787 5528 931 5573 stare
973 5522 1142 5586 possit
1184 5522 1402 5579 humani
1451 5526 1669 5582 libertas
1703 5530 1931 5595 arbitrii,

357 5619 481 5677 cum
515 5605 799 5662 inevitabili
843 5610 1037 5665 divina}
1077 5616 1427 5683 providentiae
1458 5621 1655 5689 fatique
1696 5627 1931 5679 necessi-

362 5702 494 5748 tate.
538 5695 752 5785 Frustra
781 5716 990 5771 quoque
1016 5705 1165 5759 credi
1195 5708 1425 5773 videtur,
1450 5725 1630 5764 casum
1661 5714 1929 5781 quidpiam

359 5796 483 5839 esse
510 5803 520 5836 :
547 5801 667 5839 cum
711 5788 837 5843 nihil
881 5791 1075 5847 cadere
1105 5796 1291 5863 possit,
1319 5799 1461 5866 quod
1507 5799 1602 5854 Dei
1646 5804 1929 5868 providen-

484 5942 519 5957 Α.

2033 4647 2150 4701 q'vaa
2173 4634 2241 4688 oh
2266 4635 2410 4688 aliud
2444 4648 2704 4704 geruntur
2728 4649 2972 4693 eventus.

2105 4723 2210 4776 Sed
2231 4724 2368 4791 quod
2397 4736 2451 4778 tu
2478 4729 2671 4780 dudum
2700 4730 2763 4782 de
2794 4728 3120 4786 Providentia
3144 4734 3342 4800 dixisti,
3374 4753 3430 4790 re
3455 4754 3608 4805 expe-

2034 4810 2163 4883 rior]
2194 4812 2267 4866 lta
2313 4824 2397 4868 est
2428 4816 2605 4886 legere
2643 4820 2694 4873 in
2723 4821 2997 4875 codicibus
3026 4824 3275 4891 antiquis.
3312 4827 3398 4881 Est
3431 4841 3606 4883 autem

2037 4919 2253 4969 sensus,
2294 4905 2399 4961 Sed
2442 4910 2690 4977 experior
2722 4927 2802 4977 re,
2836 4914 2885 4966 id
2928 4922 3030 4981 est,
3071 4916 3396 4983 experientia
3428 4934 3608 4973 verum

2035 5008 2300 5064 cognosco
2336 4997 2387 5051 id
2423 5000 2565 5069 quod
2595 5010 2647 5054 tu
2687 5003 2867 5057 dixisti
2911 5004 3107 5059 dudum
3147 5007 3214 5060 de
3250 5007 3611 5073 Providentia,

2037 5096 2161 5155 puta
2195 5089 2355 5144 talem
2399 5105 2520 5145 esse
2550 5096 2854 5160 materiam,
2896 5107 2953 5153 ut
2987 5113 3087 5151 una
3117 5098 3455 5153 dubitatione
3492 5115 3614 5155 suc-

2035 5180 2143 5232 cisa
2174 5178 2591 5238 innumerabiles
2620 5186 2757 5252 alite,
2802 5191 2945 5245 velut
2977 5191 3160 5261 hydrae
3195 5194 3369 5259 capita
3402 5208 3614 5247 sur-cre-

2035 5278 2206 5324 scant.
2230 5271 2286 5327 ln
2312 5272 2431 5328 aliis
2458 5278 2871 5345 exemplaribus,
2903 5281 3100 5335 additis
3122 5282 3465 5350 quibusdam,
3499 5284 3612 5338 btec

2037 5361 2306 5429 leguntur.
2344 5364 2448 5420 Sed
2478 5367 2619 5435 quod
2656 5376 2710 5421 ιιι
2749 5370 2947 5424 dudum
2990 5371 3057 5426 de
3097 5372 3434 5428 Providentia
3464 5388 3608 5441 quat-

2035 5450 2261 5503 stionem
2296 5452 2532 5519 pluribus
2556 5457 2678 5511 aliis
2710 5459 3033 5527 implicatam
3059 5477 3181 5517 esse
3204 5462 3405 5533 d'xisti,
3438 5478 3496 5517 re
3518 5479 3611 5517 ex-

2042 5553 2239 5608 pertor.

2113 5627 2258 5705 ch]
2290 5630 2365 5683 An
2396 5646 2550 5687 casus
2575 5635 2774 5705 aliquid
2805 5639 2895 5704 sit,
2924 5648 2978 5695 et
2996 5641 3123 5710 quid
3153 5643 3243 5698 sit.

2108 5716 2351 5790 Tramite]
2380 5722 2652 5790 Methodo,
2687 5728 2767 5782 via
2798 5730 3203 5799 compendiosa.

2109 5807 2360 5874 Decerne]
2407 5812 2494 5869 Sta
2504 5823 2614 5869 tuo.
