4216 6256
594 357 729 414 1067

1206 341 1547 401 APPENDIX
1587 340 1679 397 AD
1716 338 1961 394 LIBROS
1998 336 2087 393 DE
2125 328 2647 393 CONSOLATIONE
2688 325 3189 387 PHILOSOPHIIE.

3705 322 3841 379 1068

569 469 795 527 condidit
825 468 981 535 Deus,
1006 484 1097 522 nec
1121 467 1189 519 ad
1209 467 1435 529 virtutes,
1463 480 1552 518 nec
1592 464 1661 516 ad
1702 461 1824 515 vitia
1858 442 2153 515 necessitate
2181 459 2241 524 Δ
2259 454 2532 511 Boetianm
2570 450 2893 507 dubitationi
2913 462 2975 504 se
3000 445 3252 515 accingit,
3279 457 3399 514 qua
3427 452 3532 508 est,
3564 455 3631 496 an
3661 440 3730 496 de
3755 439 3843 495 in-

569 561 848 617 trahimur.
881 560 1121 628 Alioquin
1166 557 1251 611 ubi
1286 557 1556 612 necessitas
1592 563 1693 619 est,
1742 568 1832 606 nec
1872 552 2152 615 damnatio,

568 670 663 707 nec
690 668 877 707 corona
908 662 1003 707 est.
1053 650 1198 705 Sicut
1256 649 1309 701 in
1351 647 1493 703 bonis
1528 646 1760 717 operibus
1792 644 2040 715 perfector
2082 650 2159 696 est

568 741 709 799 Deus
737 742 862 814 (non
888 750 958 794 est
989 740 1122 793 enim
1143 739 1373 803 volemis,
1408 753 1569 805 neque
1595 735 1864 801 currentis,
1884 733 1973 789 sed
2000 734 2153 788 mise-

570 845 728 905 reat“
748 847 794 888 et
823 833 1113 903 adjuvantis
1139 827 1232 886 Déi
1255 830 1429 903 [‘Ront.
1466 827 1541 900 ix]
1572 829 1590 899 )
1616 839 1669 882 ut
1699 828 1956 898 pervenire
1988 828 2159 881 valea-

572 946 679 977 υνηης
736 925 804 976 ad
846 924 1054 988 calcent,
1095 924 1167 976 sic
1214 923 1269 976 in
1316 922 1462 976 malis
1516 932 1665 991 atque
1700 922 1919 991 peccatis
1963 922 2163 975 semina

571 1028 746 1070 nostra
770 1027 887 1070 sunt
918 1017 1189 1081 incentiva,
1241 1026 1286 1069 et
1309 1015 1554 1086 perfectio
1580 1014 1790 1081 diaboli,
1820 1030 1936 1068 cum
1979 1014 2160 1068 viderit

572 1124 666 1161 nos
724 1122 876 1176 super
933 1106 1322 1175 fundamentum
1386 1104 1573 1158 Christi
1637 1105 1892 1174 adiﬁcare
1950 1108 2156 1174 fenum,

574 1199 733 1269 ligna,
756 1197 999 1268 stipulam
1024 1196 1089 1268 (I
1120 1195 1352 1251 Corinth.
1388 1212 1444 1252 ιιι
1468 1195 1513 1266 ξε,
1554 1206 1674 1251 tunc
1696 1197 1941 1267 supponit
1989 1197 2160 1251 incen-

576 1292 737 1343 dium.

652 1382 799 1447 Quod
815 1390 887 1434 ita
897 1377 1119 1451 demum]
1132 1379 1282 1447 Quod
1299 1379 1514 1434 Boetius
1534 1380 1757 1435 liberum
1774 1378 2053 1435 arbitrium
2068 1392 2167 1447 per

578 1470 974 1525 Providentiam
993 1469 1148 1523 nobis
1163 1468 1360 1524 auierri
1382 1469 1773 1541 suspicabatur.
1795 1468 2062 1539 ejusmodi
2082 1485 2168 1524 ra-
2195 1498 2205 1511 -

578 1568 723 1622 tione
752 1567 991 1637 colligit:
1024 1566 1292 1636 Quidquid
1321 1575 1406 1622 est
1436 1568 1693 1631 futurum,
1726 1574 1819 1619 aut
1858 1565 2199 1619 necessario'

580 1669 665 1713 cst
692 1658 945 1721 futurum.
967 1669 1058 1712 aut
1079 1659 1474 1728 contingenter.
1502 1658 1557 1714 Si
1582 1659 1913 1724 necessario,
1938 1657 2076 1727 perit
2104 1657 2170 1712 li-

580 1753 759 1807 bertas
784 1752 1011 1806 arbitrii.
1046 1751 1101 1807 Si
1123 1753 1518 1821 contingenter,
1542 1751 1631 1821 qui
1677 1758 1853 1820 potest
1878 1764 1999 1807 esse
2030 1765 2169 1819 pra:-

2259 549 2420 605 certis
2449 546 2555 601 ulla
2586 545 2753 615 possit
2772 557 2893 599 csse
2916 538 3277 612 prmscientia,
3298 552 3420 594 cum
3461 536 3685 592 scientia
3707 534 3843 591 nihil

2260 639 2368 694 nisi
2391 646 2597 693 certum
2620 633 3130 705 comprehendatur.
3160 629 3391 685 Proinde
3428 629 3476 684 si
3515 630 3717 684 incerta
3746 643 3847 697 pro

2259 731 2420 786 certis
2448 728 2840 797 praevideantur
2860 770 2872 792 ,
2908 725 2959 780 id
2993 739 3096 780 non
3128 737 3250 778 esse
3301 720 3718 791 praescientiam,
3752 719 3845 775 sed

2261 821 2529 890 opinionis
2555 818 2839 886 caliginem
2893 824 3059 886 putat.
3094 813 3315 870 Diluens
3345 822 3523 868 autem
3555 813 3671 867 haec
3698 812 3846 877 obje.

2262 922 2367 978 cta,
2399 910 2739 980 PhiIOSOpbia
2766 910 2895 964 dicit
2917 908 3069 978 hujus
3098 907 3300 963 erroris
3320 920 3536 961 causam
3560 918 3683 960 esse
3706 904 3847 973 quod

2263 1005 2547 1075 opinamur
2594 1002 2776 1058 omnia
2805 1016 2927 1070 quae
2969 1007 3389 1070 cognoscuntur,
3418 1005 3608 1066 suapte
3634 1006 3844 1060 natura,

2265 1111 2373 1151 non
2410 1095 2463 1149 vi
2521 1104 2612 1149 aut
2642 1094 2895 1149 facultate
2920 1090 3386 1161 cognoscentium,
3436 1086 3849 1157 comprehendi,

2266 1187 2407 1256 quod
2440 1186 2635 1261 falsum
2666 1193 2769 1239 est.
2819 1182 2876 1237 Si
2904 1182 3047 1237 enim
3093 1181 3329 1251 cognitio
3366 1180 3443 1235 rei
3482 1179 3697 1249 quidem
3732 1193 3853 1248 quas

2266 1277 2631 1349 cognoscitur,
2660 1293 2769 1332 non
2800 1285 2979 1332 autem
3008 1273 3387 1346 cognoscentis
3427 1273 3737 1329 facultatem
3770 1287 3851 1326 se-

2268 1380 2544 1441 queretur,
2561 1384 2647 1425 res
2668 1370 2736 1423 ab
2755 1369 3007 1427 omnibus
3032 1383 3139 1423 uno
3159 1367 3463 1437 eodemque
3482 1366 3645 1420 modo
3658 1378 3846 1433 cognita

2268 1474 2571 1529 scereutur,
2593 1478 2766 1534 neque
2790 1462 2930 1518 foret
2948 1461 3146 1516 divinas
3170 1460 3527 1529 humanaque
3557 1457 3855 1527 intelligen-

2271 1558 2359 1611 tiae
2387 1556 2677 1611 discrimen
2708 1555 2897 1623 ullum,
2946 1552 3088 1625 quod
3103 1568 3262 1623 quam
3290 1552 3360 1608 sit
3385 1551 3578 1608 falsum
3603 1552 3725 1621 quis
3750 1566 3855 1606 non

2269 1647 2453 1702 videt?

2342 1738 2465 1812 Ille]
2499 1738 2677 1795 Visus.

580 1843 1468 1912 scientia,cumdecontingentibus
1485 1842 2040 1910 nousitscientia,sed
2054 1856 2168 1897 ma-
2194 1838 2244 1900 Β
2341 1830 2593 1905 Eminus]
2624 1833 2666 1887 Ε
2696 1833 3008 1906 longinquo.

582 1935 661 2003 gis
707 1936 1049 2003 conjectura?
1098 1935 1338 1991 Primum
1392 1934 1551 2005 igitur
1593 1933 1779 2003 incipit
1821 1934 2170 2003 Philosophia

583 2026 865 2080 ostendere
887 2027 1272 2093 pra-scientiam
1292 2026 1483 2080 futuris
1496 2026 1658 2081 rebus
1674 2026 2046 2081 necessitatem
2061 2040 2168 2079 non

584 2118 881 2183 imponere,
906 2116 1102 2172 deinde
1125 2119 1315 2187 probat
1330 2117 1399 2173 de
1422 2118 1857 2187 contingentibus
1882 2118 2173 2174 etincertis

586 2215 785 2262 certam
818 2209 954 2274 apud
986 2208 1147 2262 Deum
1167 2223 1287 2263 esse
1310 2223 1465 2277 posse
1496 2208 1904 2279 praescientiam.

663 2301 848 2365 Quwro
874 2298 1167 2371 euimllloc
1201 2302 1316 2355 loco
1367 2300 1711 2369 PhilosOphia
1767 2310 1944 2357 tuetur
1988 2302 2175 2373 aliquo

586 2393 747 2447 modo
768 2393 1031 2447 rationem
1063 2409 1180 2448 eam
1212 2409 1373 2465 quam
1404 2409 1565 2465 supra
1592 2394 1809 2449 Boetius
1837 2394 2058 2449 omnino
2080 2376 2175 2451 im-

586 2485 854 2552 probavit,
881 2500 983 2538 non
1011 2500 1077 2539 eo
1103 2488 1273 2539 l'utura
1296 2486 1511 2541 evenire
1540 2485 1683 2556 quod
1714 2485 1855 2542 Deus
1884 2502 1945 2542 ea
1978 2488 2175 2556 prtevi-

587 2574 683 2637 dit,
719 2575 810 2629 sed
825 2576 948 2645 quia
975 2574 1151 2629 futura
1172 2586 1316 2642 sunt,
1348 2577 1515 2632 Deum
1535 2576 1867 2645 preuvidisse.
1893 2577 2020 2633 Haec
2041 2580 2177 2634 ratio

591 2664 725 2718 bona
750 2676 832 2719 e~t
864 2667 913 2719 in
946 2683 1010 2720 eo
1040 2667 1181 2737 quod
1225 2669 1450 2723 liberum
1491 2668 1772 2723 arbitrium
1802 2685 1831 2721 a
1858 2672 2177 2726 necessitate

586 2755 838 2823 vindicat;
874 2775 1059 2814 verum
1084 2761 1135 2815 in
1165 2760 1264 2816 hoc
1293 2761 1445 2829 falsa,
1466 2762 1607 2831 quod
1632 2762 1809 2818 futura
1824 2764 2179 2831 prmscientitc

587 2863 803 2903 causam
832 2851 998 2919 ponit.
1216 2912 1221 2915 Α

663 2939 790 3005 Qua:
816 2942 934 3011 quia
962 2941 1366 3016 prwscientiam]
1396 2945 1599 3009 Sensus
1627 2956 1743 3013 est,
1777 2946 1972 3014 Quaero
2001 2962 2068 3003 ex
2106 2958 2179 3015 te,

586 3034 865 3100 Severine,
896 3054 991 3091 cur
1017 3037 1157 3091 illam
1184 3039 1506 3095 solventium
1522 3042 1785 3097 rationem
1806 3043 1984 3096 minus
1998 3040 2184 3097 efﬁca-

588 3143 704 3209 cem
740 3141 890 3198 putes
910 3170 923 3195 ,
952 3146 1019 3184 an
1053 3130 1171 3186 ideo
1200 3132 1342 3201 quod
1375 3136 1770 3202 praiscientiam
1804 3135 1994 3191 futuris
2020 3135 2181 3191 rebus

2344 1928 2374 1981 J
2382 1925 2530 1999 actis]
2551 1928 2793 1982 Emissis.
2816 1926 2926 1983 Hoc
2956 1927 3077 1982 ι.»οο
3092 1925 3330 1983 Platonis
3352 1925 3663 1998 opinionem
3682 1925 3855 1996 sequi.

2275 2031 2382 2087 tur,
2404 2021 2489 2076 cui
2518 2020 2774 2076 reclamat
2821 2019 3138 2075 Aristoteles
3163 2044 3176 2072 ε
3205 2034 3369 2083 quem
3398 2016 3860 2089 impudentissima

2275 2113 2717 2183 theologistarum
2757 2112 2908 2167 turba
2953 2122 3139 2168 contra
3171 2123 3412 2167 veterum
3444 2109 3864 2180 eorumdemque

2274 2206 2706 2261 doctissimorum
2750 2204 3116 2277 theologorum
3158 2204 3477 2261 sententiam
3522 2204 3653 2259 nihil
3698 2205 3863 2260 verita

2276 2308 2359 2354 est
2388 2300 2439 2353 in
2464 2299 2660 2354 coelum
2694 2300 2955 2369 recipere.
2984 2298 3091 2355 Sed
3115 2314 3275 2368 supra
3308 2298 3411 2354 hoc
3448 2297 3573 2352 afibi
3622 2312 3863 2352 comnio-

2276 2391 2421 2455 dius.
2453 2391 2623 2446 Stoici
2653 2406 2844 2446 causas
2874 2406 2994 2447 esse
3019 2392 3232 2448 videndi
3263 2391 3468 2458 dicunt,
3498 2392 3771 2446 radiorum
3799 2405 3863 2447 ex

2279 2479 2450 2534 oculis
2479 2479 2531 2533 in
2554 2494 2615 2533 ea
2647 2494 2765 2548 qua:
2789 2478 2960 2534 videri
2987 2487 3188 2549 queunt
3222 2478 3589 2544 emissionem,
3624 2478 3866 2547 aerisque

2280 2571 2439 2626 simul
2467 2571 2841 2626 intentionem.
2881 2569 3216 2626 Democritus
3231 2578 3283 2624 et
3305 2569 3563 2639 Epicurus
3584 2570 3866 2639 apinautur

2281 2679 2377 2734 per
2390 2664 2678 2733 imaginum
2696 2665 2927 2719 insertus
2938 2664 3195 2718 visualem
3210 2662 3501 2733 potentiam
3514 2662 3772 2727 accidere,
3792 2676 3868 2715 ra~

2282 2756 2506 2825 diosque
2534 2755 2793 2825 quosdam
2814 2756 2882 2810 ab
2910 2755 3081 2811 oculis
3100 2764 3334 2820 exertos,
3365 2754 3521 2810 simul
3554 2764 3709 2823 atque
3734 2754 3869 2807 sub-

2279 2847 2437 2918 jecue
2466 2850 2543 2903 rei
2574 2847 2888 2912 institerint,
2909 2862 3093 2902 rursus
3112 2847 3166 2901 in
3188 2845 3405 2901 eosdem
3448 2844 3617 2901 redire
3644 2844 3872 2898 inserta-

2284 2941 2455 3012 rique.
2485 2943 2803 2998 Aristoteles
2828 2940 3141 2997 acutissimo
3165 2940 3244 2994 vir
3270 2937 3509 3010 ingenio,
3532 2937 3627 2994 sed
3654 2937 3872 2993 Platone

2286 3032 2529 3101 inferior,
2559 3033 2833 3087 exiszimat
2877 3031 3140 3087 visionem
3165 3028 3283 3085 fieri
3304 3028 3382 3085 rei
3426 3027 3646 3085 visibilis
3667 3027 3873 3098 specie-

2285 3140 2403 3179 rum
2437 3125 2575 3179 intra
2623 3124 2809 3179 oculos
2858 3133 3098 3193 receptu.
3154 3120 3511 3191 Empedocles
3560 3119 3875 3185 imaginibus

588 3236 805 3277 causam
844 3225 1179 3278 necessitatis
1215 3240 1335 3279 esse
1374 3241 1481 3281 non
1524 3228 1801 3283 existimes
1834 3242 2058 3284 merum
2083 3240 2182 3296 age
2208 3216 2257 3282 ο
2289 3215 2797 3280 radiosimmiscnit,
2817 3211 3575 3287 idquecoujunctimimaginis
3596 3209 3875 3265 radiosvm

590 3312 752 3394 modo
783 3315 826 3365 si
866 3316 1169 3369 necessario
1209 3331 1296 3370 res
1337 3315 1539 3385 futuras
1575 3320 1775 3385 sentis,
1823 3320 1967 3375 unde
2016 3317 2185 3373 trahis

590 3398 747 3457 Istius
777 3419 990 3457 causam
1003 3406 1362 3471 necessitatis,
1389 3409 1492 3463 nisi
1510 3424 1576 3464 ex
1608 3409 1984 3480 prmscientia?
2005 3409 2185 3479 Siigi—

591 3504 680 3547 tur
718 3493 814 3546 tibi
852 3493 1292 3550 demonstravi-ro
1334 3500 1471 3553 banc
1516 3502 1909 3569 praenationem
1950 3500 2185 3558 divinam

590 3598 695 3638 non
751 3584 1027 3651 imponete
1079 3586 1272 3641 futuris
1324 3593 1734 3659 necessitatem,
1780 3593 1923 3663 quod
1969 3602 2025 3649 et
2074 3604 2186 3653 tute

590 3676 751 3746 paulo
779 3686 903 3731 ante
936 3676 1210 3743 fatebaris,
1246 3678 1379 3733 nihil
1400 3682 1502 3735 erit
1522 3696 1628 3752 quo
1656 3683 1884 3740 liberum
1905 3684 2185 3742 arbitrium

594 3767 847 3839 impediri
870 3777 1046 3839 putes.

668 3860 933 3926 Quantum
960 3864 1029 3916 ad
1050 3862 1145 3918 hoc
1171 3861 1372 3937 attinet]
1402 3864 1458 3920 Id
1491 3876 1574 3923 est
1610 3867 1678 3922 ad
1720 3868 1858 3926 hanc
1883 3872 2186 3929 conclusio-

593 3971 715 4011 nem
727 4001 740 4023 ,
762 3974 879 4026 qum
892 3960 965 4011 ait
989 3959 1381 4027 praiscientiam
1394 3974 1514 4017 esse
1538 3961 1869 4021 necessitatis
1884 3962 2183 4022 futurorum

596 4060 833 4101 causam.

665 4138 770 4194 Sed
800 4140 1139 4211 prwscientia,
1163 4145 1385 4219 inquies]
1412 4146 1610 4203 Tacitae
1622 4148 1904 4219 quaestioni
1927 4149 2182 4205 occurrit.

594 4228 655 4285 Si
682 4227 819 4283 forte
850 4229 1140 4285 Severinus
1162 4232 1457 4301 objecisset
1497 4237 1637 4291 hunc
1670 4238 1721 4291 in
1764 4239 1980 4294 modum
2010 4258 2023 4291 :
2056 4239 2185 4296 Esto

594 4328 651 4374 ut
681 4320 821 4373 nulla
844 4320 914 4373 sit
941 4320 1128 4376 futuris
1155 4338 1219 4378 ex
1264 4326 1607 4394 prxscientia
1651 4330 1965 4398 necessitas,
1997 4340 2080 4385 est
2108 4338 2187 4384 ta-

595 4427 719 4469 men
748 4415 957 4483 signum
991 4428 1054 4469 ea
1086 4416 1392 4473 necessario
1431 4433 1556 4475 esse
1609 4420 1810 4475 futura.
1840 4420 1976 4477 Huic
2006 4422 2188 4477 Pltilo-

595 4506 781 4576 sophia
822 4507 901 4561 sic
943 4510 1251 4578 respondet.
1298 4508 1417 4566 Pari
1470 4513 1679 4569 ratione
1722 4516 1887 4569 etiam
1940 4516 1983 4570 si
2042 4516 2186 4570 nulla

2292 3310 2458 3362 cavit.
2488 3306 2829 3378 Hipparchus
2851 3310 3096 3362 autumat
3120 3305 3189 3360 ab
3212 3312 3438 3374 utroque
3465 3301 3622 3358 oculo
3653 3302 3721 3357 ad
3760 3315 3877 3355 cor-

2293 3414 2483 3471 porum
2524 3400 2852 3456 lineamenta
2881 3404 3251 3468 exporrectos,
3303 3393 3530 3465 perinde
3568 3402 3730 3463 atque
3772 3407 3874 3447 ma-

2293 3507 2455 3546 nuum
2497 3491 2715 3548 admotu
2742 3504 2968 3560 corpora
2998 3504 3207 3544 summa
3257 3493 3647 3557 pertrectante,
3690 3498 3872 3553 appre-

2292 3584 2609 3641 hensionem
2635 3597 2823 3640 eorum
2849 3581 2916 3637 ad
2945 3580 3204 3637 visualem
3226 3579 3331 3635 vim
3361 3577 3581 3634 referre.
3618 3576 3766 3631 Plato
3790 3590 3876 3643 pet

2290 3678 2708 3736 corradiantiam
2724 3676 2902 3732 visum
2930 3674 3046 3729 ﬁeri
3073 3672 3370 3740 existimat,
3402 3669 3601 3725 lumine
3620 3668 3699 3743 ab
3719 3667 3881 3723 oculis

2290 3771 2505 3842 quidem
2528 3777 2716 3827 exerto
2732 3768 2799 3825 ad
2824 3767 3153 3838 aliquantum
3184 3762 3447 3819 intervalli
3477 3777 3574 3831 per
3597 3770 3881 3831 cognatum

2289 3863 2392 3919 sibi
2419 3878 2600 3919 aerem
2631 3861 2904 3927 emuente,
2936 3874 2966 3913 a
2988 3857 3306 3927 corporibus
3336 3871 3464 3912 vero
3495 3855 3648 3910 illato
3697 3868 3882 3909 occur-

2292 3962 2447 4011 sante
2470 3953 2569 4021 illi,
2588 3966 2879 4022 aeremque
2900 3949 3277 4006 intermedium
3292 3947 3540 4003 diliusum
3557 3947 3880 4013 amoluuquo

2291 4044 2503 4100 facilem
2526 4059 2647 4099 cum
2664 4043 2854 4098 visuali
2879 4042 3000 4112 igne
3021 4039 3357 4097 intendente.
3380 4038 3507 4094 llaec
3525 4036 3665 4093 enim
3687 4035 3880 4091 dcitur

2291 4135 2647 4192 corradiautia
2681 4133 2974 4190 Platonica.

2366 4228 2411 4283 11
2419 4227 2485 4302 ic]
2508 4228 2723 4283 Tactus.

2367 4320 2514 4394 Urbi]
2544 4319 2769 4395 Corpori
2798 4320 3047 4375 rotundo.

2369 4410 2733 4483 Intelligentia]
2768 4410 3073 4466 Intellectus
3123 4408 3473 4478 incorporeus
3516 4414 3572 4461 et
3602 4421 3632 4460 a
3663 4405 3884 4462 materia

2293 4505 2588 4573 sejunctus.
2620 4503 2898 4571 Exemplis
2920 4500 3157 4557 ostendit
3202 4501 3253 4555 iu
3304 4498 3680 4570 cognoscendo
3706 4499 3887 4552 omnia

596 4600 729 4653 forct
758 4598 1043 4667 praenotio,
1070 4602 1409 4657 necessarius
1441 4602 1603 4659 futuri
1636 4615 1910 4661 constaret
1938 4615 2182 4662 eventus.
2211 4602 2269 4666 D
2292 4605 2481 4667 soapte
2510 4597 2685 4666 potius
2714 4594 2972 4651 facultate
3000 4608 3161 4665 quam
3184 4607 3371 4648 eorum
3393 4606 3513 4662 quae
3555 4604 3888 4660 cognoscun.

596 4689 757 4760 Cujus
782 4693 861 4747 rei
902 4694 1039 4748 ratio
1067 4692 1182 4749 haec
1211 4706 1313 4751 est.
1342 4695 1563 4766 Signum
1595 4714 1700 4753 non
1729 4699 1895 4755 efficit
1914 4714 2027 4754 rem
2058 4715 2179 4756 eam

597 4782 747 4851 cujus
776 4792 858 4838 est
882 4784 1112 4853 siguum,
1136 4789 1228 4840 sed
1262 4794 1466 4842 tantum
1499 4791 1624 4858 quid
1656 4792 2185 4849 sitostettdit.Vetl)i

596 4878 792 4945 gratia:
815 4877 1020 4932 lledera
1034 4889 1159 4933 ante
1172 4895 1468 4948 cauponam
1498 4897 1757 4951 suspensa
1781 4884 1968 4939 vinum
1996 4885 2186 4941 venale

597 4968 882 5035 signiﬁcat,
920 4984 1023 5021 non
1045 4968 1213 5023 efﬁcit
1245 4970 1365 5025 utid
1394 4971 1497 5025 sibi
1528 4973 1717 5027 venale
1745 4974 2026 5030 habeatur.

670 5058 832 5122 Quasi
846 5054 983 5128 vero]
1014 5060 1212 5112 Sensus
1238 5071 1338 5126 est,
1358 5061 1473 5116 Non
1496 5060 1803 5119 laboramus
1833 5079 1900 5121 an
1923 5075 2187 5123 eventura

600 5149 706 5204 siut
730 5164 847 5219 qua:
872 5150 1246 5218 prtesciuntur,
1291 5152 1384 5208 sed
1414 5169 1479 5207 an
1515 5162 1705 5224 suapte
1738 5167 1926 5212 natura
1974 5166 2031 5214 ut
2057 5173 2188 5215 eve-

600 5242 749 5294 niant
772 5242 1103 5296 necessitatis
1125 5242 1321 5312 aliquid
1341 5245 1628 5313 patiantur.

671 5332 776 5388 Sed
805 5336 923 5400 hoc,
946 5331 1165 5405 inquies]
1184 5335 1351 5390 Solvit
1375 5352 1493 5393 eam
1519 5338 1906 5395 dubitationem
1938 5339 2190 5398 Philoso-

599 5425 720 5494 phia
752 5440 908 5492 quam
947 5424 1239 5481 Severinus
1276 5441 1437 5497 supra
1469 5426 1555 5483 his
1588 5430 1763 5486 verbis
1795 5434 2096 5502 proposuit.
2127 5432 2187 5490 Si

599 5517 722 5585 quid
768 5517 836 5570 ita
877 5517 1112 5571 futurum
1150 5526 1261 5587 est,
1294 5528 1350 5574 ut
1394 5519 1510 5591 ejus
1547 5530 1728 5578 certus
1756 5537 1820 5578 ac
1850 5526 2189 5585 necessarius

599 5625 703 5665 non
736 5612 805 5666 sit
822 5621 1064 5680 eventus,
1099 5611 1151 5667 id
1173 5624 1490 5671 eventurum
1520 5630 1642 5673 esse
1668 5617 1905 5687 praasciri
1928 5619 2015 5691 qui
2030 5630 2188 5691 pote-

600 5705 701 5757 rit?

671 5792 830 5860 Cujus
845 5796 1029 5848 erroris
1050 5794 1227 5869 causa]
1238 5795 1387 5857 Nunc
1402 5796 1746 5870 Philosophia
1756 5798 2007 5858 tollenda:
2021 5804 2184 5862 alteri
2226 5790 2474 5893 ‘gagere,
2514 5822 2617 5860 non
2650 5805 2779 5873 pati.

2295 4703 2383 4748 tur
2403 4693 2498 4748 uti.

2840 4824 2905 4880 lN
2936 4808 3228 4881 uernum
3271 4823 3327 4879 v.

2368 4968 2481 5024 Hoc
2505 4964 2744 5023 carmine
2792 4963 3081 5036 Glyconico
3127 4964 3338 5020 Stoicos
3387 4962 3586 5017 erroris
3606 4961 3714 5031 jam
3756 4958 3889 5020 dicti

2295 5062 2672 5126 scmiuatores,
2694 5069 2817 5133 puta
2839 5057 2983 5129 quod
3013 5072 3097 5113 res
3120 5072 3186 5113 ex
3198 5070 3293 5111 sua
3313 5054 3487 5122 potius
3513 5063 3701 5109 natura
3727 5064 3887 5121 quam

2296 5151 2731 5221 cognoscentium
2780 5149 3031 5205 facultate
3077 5145 3641 5216 comprehendantur,
3688 5142 3886 5195 acriter

2297 5247 2521 5303 incessit
2540 5243 2909 5315 Philosophia,
2935 5256 3231 5310 eorumque
3264 5238 3572 5309 Opinionem
3624 5234 3884 5291 eonfutat.

2297 5340 2527 5395 Aiebant
2546 5338 2583 5394 ii
2597 5337 2957 5408 cognitionem
2972 5335 3148 5392 solum
3164 5332 3234 5388 ab
3252 5333 3579 5389 exteriorum
3600 5338 3887 5396 corporum

2298 5433 2739 5491 similitudinibus
2764 5432 2944 5488 animo
2958 5430 3233 5500 impressis
3247 5427 3451 5499 perlici.
3466 5424 3620 5493 Quod
3634 5425 3681 5479 si
3703 5436 3889 5478 verum

2296 5530 2460 5595 foret,
2490 5543 2643 5582 mens
2672 5535 2947 5596 pateretur
2969 5525 3035 5579 ab
3056 5522 3293 5580 extemis
3323 5521 3504 5581 rebus.
3536 5516 3633 5574 sed
3657 5517 3711 5570 in
3757 5527 3893 5577 eone

2294 5618 2441 5677 fesso
2464 5628 2548 5676 est
2571 5616 2712 5688 apud
2740 5633 2928 5675 omnes
2958 5617 3050 5689 qui
3071 5625 3218 5673 recte
3235 5611 3701 5684 philosophantur,
3726 5603 3888 5661 intel-

2295 5716 2490 5769 lectum
2512 5728 2632 5769 esse
2652 5713 2908 5778 activum,
2959 5720 3326 5781 mentemque,
3358 5703 3576 5778 quando
3608 5698 3864 5769 intelligit
