4216 6256
589 376 721 434 i071

961 380 1305 441 APPENDIX
1334 386 1427 442 AD
1464 385 1715 443 LIBROS.
1746 386 1835 444 DE
1874 385 2387 444 CONSOLATIONE
2426 387 2923 447 PHILOSOPBIE.
2972 389 3479 447 COMMENTARIA.

3700 391 3726 444 1
3738 392 3845 448 072

581 494 652 546 ad
677 494 892 563 feminas
915 496 1164 563 voluptati
1188 510 1281 568 est,
1304 501 1510 556 delectet
1532 503 1584 555 in
1609 504 1751 573 freno
1786 503 2026 558 maxillas
2051 514 2162 559 tuas
2184 503 2241 566 Δ
2265 506 2354 573 cit,
2387 506 2475 559 sed
2497 506 2599 560 alio
2640 507 2793 561 modo
2838 508 3061 579 quodam
3087 526 3119 561 a
3141 516 3430 562 nostrarum
3473 508 3845 577 cogitationum

580 587 858 657 chamoque
886 590 1182 661 constringi.
1203 591 1264 647 Si
1291 593 1595 649 crudelitate
1641 598 1882 665 pasceris,
1909 596 2159 666 ferurunt-

578 692 676 746 que
699 674 809 730 liceo
831 678 995 733 rabies
1032 689 1125 746 est,
1156 697 1271 750 qua:
1290 693 1497 754 propter
1524 687 1767 739 steritiam
1812 688 2156 753 trucidantur,

576 768 688 821 vide
731 784 791 824 ne
824 768 879 825 in
907 779 954 824 te
990 786 1189 842 quoque
1232 775 1550 831 crudelitatis
1580 787 1681 832 tua:
1721 788 1945 833 vertatur
1974 780 2157 831 imma-

576 861 725 919 nitas.

1130 956 1196 1013 IN
1224 957 1492 1034 euasisti
1524 961 1610 1015 v1.

648 1044 757 1100 Hac
777 1045 962 1101 ultima
1003 1046 1159 1117 hujus
1189 1049 1533 1105 eruditissimi
1566 1051 1954 1122 cultissimique
1980 1053 2157 1122 operis

576 1151 753 1205 prosa,
788 1138 945 1193 docet
987 1153 1052 1193 ex
1089 1140 1179 1194 Dei
1206 1140 1536 1209 providentia
1588 1143 1827 1198 consiliis
1881 1144 2155 1198 hominum

571 1228 975 1299 actionibusque
1024 1231 1157 1285 nihil
1204 1234 1540 1289 necessitatis
1584 1235 1805 1305 imponi,
1857 1237 2014 1304 idque
2072 1237 2155 1291 vel

571 1317 902 1387 potissimum
936 1321 1033 1374 hac
1089 1322 1312 1376 ratione.
1349 1323 1513 1379 Deum
1557 1336 1815 1380 aeternum
1861 1342 1997 1391 esse,
2027 1342 2158 1382 cun-

536 1418 775 1485 ‘ctorum
815 1411 1025 1467 ratione
1074 1413 1380 1482 degentium
1428 1430 1709 1471 commune
1749 1426 1831 1472 est
1872 1418 2150 1485 judicium.

568 1504 865 1562 lEternitas
892 1514 1072 1560 autem
1103 1517 1185 1562 est
1238 1508 1645 1563 interminabilis
1672 1510 1797 1563 vitae
1840 1519 1947 1563 tota
1995 1510 2154 1564 simul

567 1606 621 1653 et
642 1598 873 1667 perfecta
900 1600 1202 1668 possessio:
1228 1601 1280 1655 in
1303 1616 1405 1671 qua
1426 1602 1639 1671 quidem
1668 1603 1800 1656 nihil
1830 1613 1913 1657 est
1936 1612 2154 1671 prseter-
2216 1596 2219 1599 ’

564 1690 728 1745 itum.
762 1688 893 1743 nihil
926 1690 1184 1755 futurum,
1219 1708 1400 1747 verum
1454 1695 1735 1762 prwsentia
1781 1705 1905 1749 sunt
1949 1696 2148 1749 omnia.

564 1777 806 1848 Cognitio
835 1797 963 1837 vero
992 1785 1071 1852 (ut
1094 1784 1250 1851 paulo
1290 1792 1415 1839 ante
1443 1784 1772 1856 disputatum
1801 1784 1903 1855 est)
1936 1787 2150 1839 modum

2264 599 2627 652 consuetudine
2650 600 2796 670 longe
2822 601 3018 669 lateque
3059 601 3275 655 diverso.
3316 598 3419 655 Ille
3445 600 3628 671 quippe
3650 616 3753 654 non
3781 615 3847 654 ex

2264 690 2355 742 hoc
2384 693 2437 744 in
2463 692 2594 745 illud
2620 693 2921 762 cogitatione
2949 702 3140 747 mutata
3170 733 3186 760 ,
3217 692 3305 748 sed
3329 693 3533 748 omnino
3557 692 3845 746 incommu—

2263 783 2483 837 tabiliter
2531 784 2685 851 videt,
2734 786 2805 838 ita
2856 796 2911 839 ut
2964 788 3056 841 illa
3096 787 3302 857 quidem
3332 801 3448 857 qua:
3491 786 3843 855 temporaliter

2264 877 2414 945 fiunt,
2446 888 2494 932 et
2520 880 2694 947 futura
2721 881 2947 934 nondum
2988 883 3111 949 sint,
3154 890 3201 937 et
3221 883 3491 953 praesentia
3511 884 3625 954 jam
3652 884 3771 948 sint,
3794 891 3843 937 et

2262 967 2524 1035 praeterita
2545 970 2659 1039 jam
2682 985 2781 1023 non
2811 973 2909 1025 sint
2936 986 2955 1024 :
2982 972 3091 1040 ipse
3114 987 3229 1025 vero
3263 972 3370 1026 [rrec
3401 973 3571 1025 omnia
3586 972 3757 1026 stabili
3782 989 3843 1027 ac

2260 1060 2566 1128 sempiterna
2593 1062 2910 1129 prtescientia
2938 1066 3350 1133 comprehendat,
3384 1081 3475 1120 nec
3491 1066 3637 1119 aliter
3659 1066 3841 1130 oculis,

2260 1152 2409 1205 aliter
2428 1163 2612 1226 mente.
2639 1153 2761 1207 Non
2784 1156 2919 1208 enim
2948 1172 3010 1210 ea:
3026 1157 3196 1210 animo
3218 1167 3413 1212 constat
3440 1168 3486 1212 et
3506 1174 3843 1229 corpore,ncc

2260 1243 2410 1297 aliter
2441 1262 2596 1313 nunc,
2630 1248 2783 1311 aliter,
2820 1258 2987 1313 antea,
3038 1249 3188 1302 aliter
3219 1260 3395 1318 postea
3423 1251 3703 1320 :quoniam
3740 1268 3838 1305 non

2259 1338 2389 1391 sicut
2416 1348 2607 1404 nostra,
2638 1340 2707 1393 ita
2743 1344 2851 1411 ejus
2879 1358 3077 1413 quoque
3105 1328 3317 1396 scientia
3338 1344 3490 1397 trium
3538 1354 3836 1414 temporum,

2259 1432 2519 1499 praesentis
2541 1432 2766 1487 videlicet
2788 1442 2834 1486 et
2862 1434 3102 1503 praeteriti
3123 1435 3197 1489 vel
3217 1436 3381 1505 futuri
3404 1436 3643 1489 varietate
3670 1447 3838 1490 muta-

2260 1530 2361 1589 tur,
2388 1525 2529 1594 apud
2565 1541 2708 1593 quem
2735 1542 2835 1579 non
2862 1536 2932 1580 est
2952 1528 3257 1594 immutatio,
3284 1545 3374 1583 nec
3404 1531 3643 1584 momenti
3667 1530 3837 1583 obuma

2260 1611 2442 1668 bratio.
2466 1613 2577 1669 Nec
2593 1618 2728 1669 enim
2748 1621 2857 1686 ejus
2884 1619 3095 1673 intentio
3136 1620 3199 1673 de
3227 1622 3530 1692 cogitatione
3559 1624 3611 1676 in
3644 1626 3834 1695 cegitaa

2258 1707 2443 1762 tionem
2470 1711 2678 1777 transit,
2722 1711 2773 1763 in
2800 1715 2946 1784 cujus
2973 1712 3277 1783 incorporeo
3305 1716 3535 1768 contuitu
3565 1716 3720 1769 simul
3746 1718 3837 1769 ad-

2257 1810 2373 1855 sunt
2396 1813 2576 1856 cuncta
2606 1820 2719 1872 qua:
2740 1806 2875 1858 novit
2893 1822 2911 1859 :
2930 1808 3173 1875 quoniam
3218 1818 3444 1875 tempora
3470 1812 3541 1864 ita
3565 1813 3700 1864 novit
3724 1811 3839 1865 nul-

565 1875 805 1943 sequitur
832 1884 886 1930 et
913 1885 1157 1932 naturam
1189 1878 1583 1948 cognoscentis;
1616 1887 1672 1933 at
1722 1878 1911 1934 modus
1956 1894 2148 1948 cogno-

2257 1893 2321 1947 lis
2339 1897 2445 1949 suis
2474 1896 2833 1963 temporalibus
2860 1898 3171 1967 nationibus,
3200 1902 3626 1969 quemadmodum
3649 1911 3837 1976 tempo~

562 1965 744 2021 scendi
773 1968 826 2020 in
857 1966 967 2022 Deo
1014 1978 1097 2023 est
1128 1979 1236 2023 tum
1287 1979 1541 2038 aeternus,
1587 1979 1698 2024 tum
1752 1972 2148 2040 praesentarius.

563 2055 752 2110 Omnia
796 2057 956 2127 igitur
983 2068 1232 2128 tanquam
1268 2061 1552 2129 prasentia
1582 2062 1684 2115 scit
1734 2062 1905 2115 Deus:
1933 2062 2072 2117 unde
2098 2071 2153 2118 et

562 2146 896 2215 providentia
928 2150 1102 2217 potius
1155 2166 1315 2219 quam
1359 2152 1706 2221 praevidentia
1755 2153 1968 2217 dicitur,
2000 2153 2150 2222 quasi

562 2236 632 2290 ab
662 2238 876 2293 excelso
910 2253 1089 2293 rerum
1119 2241 1352 2295 culmine
1386 2243 1566 2295 infima
1595 2257 1818 2311 quaeque
1843 2242 2147 2311 prospiciat.

560 2327 814 2399 Sedqquze
843 2331 1124 2398 praesentia
1150 2330 1419 2401 videntur,
1455 2333 1653 2387 nullam
1682 2333 1748 2387 ab
1780 2332 1863 2387 his
1904 2348 1934 2386 a
1956 2333 2148 2402 quibus

560 2407 964 2490 conspiciuntur
1020 2424 1395 2479 necessitatem
1461 2426 1779 2494 accipiunt,
1841 2440 1962 2480 cum
2014 2426 2148 2480 nihil

559 2514 746 2579 rebus,
787 2515 911 2569 dum
952 2525 1232 2585 geruntur,
1262 2516 1600 2571 necessitatis
1631 2518 1869 2587 imponat
1901 2518 2141 2573 intuitus.

560 2604 792 2663 Proinde
844 2608 1020 2663 divina
1060 2611 1399 2679 providentia
1454 2626 1543 2666 res
1588 2609 1819 2678 futuras,
1846 2628 1977 2682 quas
2007 2623 2145 2668 tam-

496 2720 501 2729 ν
558 2712 716 2769 quam
746 2710 1038 2768 praesentes
1068 2700 1351 2771 conSpicit,
1382 2701 1531 2755 nulla
1585 2703 1904 2757 necessitate
1952 2704 2146 2759 astrin-

557 2790 654 2859 git.
690 2789 774 2845 Uti
805 2792 945 2844 enim
996 2806 1094 2846 nos
1137 2792 1461 2860 temporario
1500 2792 1602 2847 hoc
1657 2801 1844 2847 nostro
1895 2794 2146 2861 praesenti

556 2882 797 2952 quaedam
842 2884 961 2939 sine
1007 2884 1329 2938 necessitate
1357 2885 1622 2949 videmus,
1656 2885 1728 2939 ita
1776 2886 1917 2940 Deus
1965 2888 2145 2941 omnia

554 2977 713 3032 simul
732 2991 831 3032 suo
861 2984 1380 3045 aeternocontuetur,
1412 2991 1511 3032 nec
1540 2978 1609 3032 ob
1639 2977 1692 3031 id
1716 2980 1801 3033 vel
1829 2994 2009 3033 rerum
2044 2994 2143 3033 na-

557 3078 732 3124 turam
760 3069 1246 3138 proprietatemque
1268 3078 1455 3134 mutat,
1488 3069 1572 3124 vel
1596 3068 1795 3138 judicia
1843 3069 2141 3125 confundit.

556 3159 728 3214 Divus
759 3159 1047 3231 Gregorius
1078 3162 1214 3215 libro
1245 3160 1522 3215 Moralium
1570 3177 1600 3214 χ
1627 3177 1642 3213 :
1667 3161 1918 3216 Prcescire
1956 3163 2143 3216 dicitur

2236 1985 2387 2058 ralia
2402 1994 2561 2039 movet
2588 1987 2740 2041 nullis
2768 1988 2871 2042 suis
2895 1991 3248 2059 temporalibus
3277 1994 3518 2048 motibus.

2329 2074 2434 2129 Hic
2459 2079 2500 2131 si
2521 2076 2686 2149 dicas]
2734 2078 2949 2149 Repetit
3000 2081 3356 2151 objectionem
3405 2100 3565 2154 supra
3614 2097 3833 2155 motam,

2254 2183 2479 2239 eamque
2505 2170 2659 2225 diluit
2683 2171 2948 2239 ejusmodi
2994 2176 3217 2243 ratione,
3264 2191 3420 2244 quam
3444 2192 3603 2234 nemo
3629 2180 3733 2234 nisi
3758 2180 3835 2235 di~

2252 2259 2495 2315 vitiorum
2515 2263 2815 2331 speculator
2841 2263 3124 2334 intelligat.
3758 2282 3763 2287 ‘

2325 2350 2454 2406 Duae
2483 2364 2599 2406 sunt
2625 2356 2805 2408 etenim
2856 2357 3195 2430 necessitates]
3250 2359 3571 2416 Diluttonem
3616 2363 3830 2435 objeCti,

2232 2450 2363 2515 tum
2398 2443 2576 2508 latius,
2613 2454 2723 2499 tum
2755 2446 2964 2514 planius
2984 2452 3233 2517 exponit,
3266 2451 3554 2506 ostendens
3582 2453 3688 2509 duo
3711 2470 3829 2509 esse

2253 2536 2584 2591 necessitatis
2631 2553 2849 2607 genera,
2902 2540 3122 2595 alteram
3175 2542 3388 2611 quidem
3436 2545 3732 2614 simplicem
3779 2554 3832 2602 et

2250 2627 2569 2691 absolutam,
2594 2628 2812 2683 alteram
2841 2645 2967 2685 vero
2984 2635 3357 2689 necessitatem
3379 2635 3718 2692 conditionis.

2325 2717 2459 2782 Quia
2476 2719 2635 2789 igitur
2664 2721 2837 2793 refert]
2868 2721 2920 2775 Id
2944 2732 3026 2779 est
3051 2723 3287 2782 interest.

2322 2810 2437 2864 Hoc
2460 2810 2672 2869 scilicet]
2709 2811 2943 2870 Subaudi
2972 2814 3156 2886 refert,
3184 2825 3238 2871 et
3266 2816 3422 2873 diluit
3443 2827 3635 2875 motam
3665 2817 3823 2875 dubi-

2230 2975 2235 2978 .
2251 2903 2535 2960 tationem.

2319 2998 2425 3051 Sed
2454 3000 2497 3051 si
2533 3001 2584 3053 in
2615 3016 2740 3064 mea,
2784 2998 3002 3073 inquies]
3032 3001 3204 3057 Aliam
3244 3002 3400 3058 all‘ert
3442 3003 3826 3074 objectionem,

2246 3103 2404 3159 quam
2438 3105 2533 3160 pro
2581 3091 2820 3147 materiae
2852 3091 3109 3162 qualitate
3150 3102 3236 3149 sat
3277 3093 3552 3151 luculento
3575 3110 3824 3151 sermone

2248 3181 2419 3236 diluit.
2630 3208 2635 3221 ι
2986 3200 2989 3203 ‘

551 3253 641 3323 qui
662 3269 1065 3321 unamquamque
1112 3269 1218 3307 rem
1266 3264 1538 3322 antequam
1580 3252 1945 3354 veniat‘ridet,
1994 3264 2065 3354 et.
2086 3254 2141 3307 id
2170 3266 2217 3331 ο
2320 3258 2457 3339 Quid
2482 3276 2660 3347 igitur,
2687 3275 2905 3347 inquies]
2934 3279 3139 3337 Rursus
3166 3281 3321 3336 aliam
3350 3284 3601 3354 ρι-οροηίι
3620 3285 3825 3342 ἀηδία.

554 3348 686 3413 quod
716 3347 941 3415 futurum
988 3356 1061 3401 est
1091 3348 1231 3414 prius
1273 3359 1427 3416 quam
1465 3362 1686 3416 prwsens
1745 3347 1837 3415 ﬁat
1873 3347 2137 3415 praevidet.

553 3435 823 3501 Quomodo
843 3436 983 3490 Deus
1008 3446 1078 3491 est
1108 3438 1383 3507 praescius,
1416 3439 1539 3492 dum
1566 3438 1732 3503 nulla,
1778 3440 1878 3493 nisi
1918 3457 2031 3510 qute
2051 3442 2138 3511 fu-

553 3534 674 3579 tura
714 3538 852 3595 sunt,
912 3528 1281 3596 praesciantur?
1308 3529 1375 3582 Et
1406 3532 1591 3586 scimus
1618 3532 1739 3602 quia
1770 3530 1876 3586 Deo
1908 3534 2139 3601 futurum

553 3618 682 3671 nihil
707 3628 800 3684 est,
855 3627 971 3672 ante
1009 3622 1157 3687 cujus
1186 3621 1359 3675 oculos
1389 3626 1647 3690 praterita
1692 3640 1795 3679 non
1850 3636 2131 3695 transeunt,

554 3710 727 3776 futura
770 3723 871 3763 non
894 3710 1117 3774 veniunt,
1162 3711 1347 3781 quippe
1374 3714 1495 3782 quia
1522 3730 1667 3769 omne
1704 3717 1841 3786 quod
1873 3717 2014 3770 nobis
2042 3719 2141 3787 fuit

553 3802 721 3878 et_erit
755 3804 808 3856 in
840 3804 949 3872 ejus
980 3814 1247 3873 prospectu
1278 3814 1464 3875 praesto
1481 3816 1574 3873 est,
1620 3817 1666 3862 et
1687 3824 1830 3862 omne
1852 3810 1988 3877 quod
2009 3825 2141 3878 prte—

553 3876 666 3948 seits
695 3902 767 3948 est
803 3896 932 3949 scire
954 3904 1115 3963 potest
1160 3895 1330 3966 potius
1358 3912 1509 3967 quam
1539 3899 1792 3967 praescire.
1821 3876 1888 3951 Et
1915 3876 2036 3968 quia
2059 3917 2135 3968 ea,

552 4000 667 4053 quae
694 3986 834 4039 nobis
863 3987 1038 4053 futura
1071 3998 1190 4042 sunt
1228 3989 1383 4054 videt,
1430 4003 1544 4058 qute
1593 3998 1759 4040 tamen
1791 3989 1907 4058 'ipsi
1945 4005 2141 4060 semper

552 4086 740 4144 prazsto
769 4084 905 4140 sunt,
934 4080 1176 4147 praescius
1200 4080 1389 4132 dicitur
1411 4080 1671 4148 :quamvis
1714 4095 2029 4149 nequaquam
2057 4084 2142 4151 fu-

553 4176 723 4223 turum
757 4169 1017 4236 prtevidet,
1043 4172 1175 4239 quod
1220 4188 1441 4239 praesens
1473 4173 1625 4227 uidet.
1662 4171 1802 4226 Nam
1828 4184 1876 4227 et
1902 4190 2139 4245 qutecun-

551 4276 648 4330 que
676 4269 814 4325 sunt,
850 4278 951 4315 non
997 4261 1049 4313 in
1085 4262 1361 4315 wternitate
1399 4264 1508 4331 ejus
1558 4263 1673 4317 ideo
1722 4266 1972 4329 videntur,
2020 4267 2143 4335 quia

550 4364 690 4416 sunt;
720 4355 808 4407 sed
851 4353 963 4406 ideo
990 4363 1128 4417 sunt,
1181 4353 1301 4419 quia
1345 4354 1592 4407 videntur.
1635 4353 1698 4409 In
1738 4357 1830 4409 illo
1878 4357 2010 4409 enim
2050 4371 2139 4410 nec

550 4445 831 4515 prmterita,
858 4461 949 4499 nec
978 4446 1153 4515 futura
1180 4446 1390 4515 reperiri
1417 4454 1629 4517 queunt,
1670 4451 1758 4502 sed
1793 4459 1970 4503 cuncta
2017 4465 2140 4501 mu-
2220 4460 2223 4461 '

552 4536 728 4590 tabilia
754 4536 1135 4591 immutabiliter
1178 4539 1390 4603 durant;
1430 4548 1479 4593 et
1520 4536 1717 4609 quaziin
1768 4541 1943 4612 seipsis
1984 4541 2141 4595 simul

550 4628 764 4681 existere
793 4645 894 4682 non
918 4638 1150 4696 possunt,
1182 4629 1265 4683 illi
1283 4630 1437 4684 simul
1472 4633 1644 4685 omnia
1679 4636 1943 4701 assistunt,
1978 4632 2136 4688 nihil-

547 4810 658 4877 cjus
680 4812 830 4865 modo
852 4814 1071 4882 quodam
1106 4814 1604 4883 incomprehensibili
1657 4827 1839 4871 cuncta
1869 4820 2131 4875 volumina

545 4899 850 4955 saeculorum
901 4905 1217 4959 transenntia
1266 4916 1490 4973 manent,
1519 4910 1771 4962 currentia
1815 4920 1969 4966 stant.
2002 4914 2129 4968 Haec

544 5003 611 5045 ex
640 4992 881 5062 Gregorii
910 4994 1198 5050 Moralibus
1218 4999 1438 5066 carptim
1470 4999 1750 5070 desumpta
1790 5004 2121 5075 collegimus,

541 5096 608 5138 eo
636 5086 775 5153 quod
798 5086 864 5140 ad
895 5086 1035 5142 hunc
1060 5088 1232 5143 locum
1258 5106 1363 5146 non
1388 5092 1516 5147 nihil
1545 5093 1723 5151 facere
1751 5095 2083 5155 videbantur.

612 5175 778 5230 Deum
806 5179 1009 5247 quidem
1036 5180 1299 5254 internum]
1344 5182 1603 5241 Dill‘erunt
1635 5197 1892 5243 aeternum
1924 5198 1979 5245 et
2005 5207 2125 5261 per-

538 5275 781 5336 petuum.
814 5269 1094 5326 [Eternum
1121 5272 1263 5326 enim
1290 5272 1508 5330 dicitur
1530 5276 1670 5346 quod
1715 5277 2123 5337 interminabilis

539 5359 664 5414 vita:
698 5359 1078 5428 plenitudinem
1122 5362 1282 5417 simul
1322 5365 1692 5435 complectitur
1733 5372 2117 5439 permanendo.
2214 5360 2217 5361 ⁷

536 5448 882 5521 Perpetuam,
904 5454 1046 5524 quod
1074 5456 1236 5510 vitam
1264 5457 1441 5513 eundo
1465 5461 1759 5517 continuat.

609 5544 839 5600 Scientia
858 5564 1055 5619 quoque
1074 5548 1205 5622 ejus]
1238 5550 1368 5607 Divo
1389 5552 1607 5609 Aurelio
1626 5567 1862 5624 auctore,
1889 5559 2025 5615 libro
2045 5557 2113 5618 de

535 5635 763 5693 Civitate
790 5640 881 5696 Dei
902 5642 1208 5709 undecimo,
1239 5648 1411 5715 capite
1442 5648 1697 5717 vigesimo
1731 5652 1902 5719 primo
1932 5673 1944 5708 :
1980 5656 2116 5711 Deus

531 5738 638 5778 non
692 5744 830 5781 more
874 5743 1046 5788 nostra
1072 5738 1148 5789 vel
1186 5740 1323 5804 quod
1350 5741 1584 5808 futurum
1627 5753 1700 5796 est
1741 5750 2004 5814 prospicit,
2038 5752 2119 5804 vel

531 5813 671 5882 quod
704 5830 924 5882 prtesens
948 5832 1020 5876 est
1046 5827 1255 5893 aspicit,“
1273 5828 1352 5881 vel
1377 5831 1512 5896 quod
1530 5834 1840 5897 praeteritum
1856 5846 1928 5890 est
1954 5842 2116 5894 resei-

2246 3363 2463 3434 tionem,
2496 3382 2655 3435 quam
2686 3377 2741 3423 et
2768 3383 2892 3423 mox
2915 3380 3170 3435 removet,
3192 3381 3247 3427 et
3274 3372 3490 3429 refellit.

2315 3457 2441 3521 Qute
2484 3473 2599 3511 cum
2636 3460 2707 3513 ita
2760 3459 2881 3532 sint]
2927 3461 3210 3518 Concludit
3256 3464 3474 3519 humani
3524 3466 3823 3523 libertatem

2241 3547 2443 3602 arbitrii
2467 3548 2765 3604 etdivinam
2782 3554 3167 3620 praescientiam
3190 3555 3348 3610 simul
3370 3557 3665 3614 consistere
3696 3576 3709 3611 :
3741 3572 3822 3613 ευρ

2241 3653 2339 3708 per
2365 3655 2469 3709 qua
2502 3656 2559 3695 re
2586 3641 2746 3697 latius
2774 3641 2889 3712 lege
2918 3653 2973 3697 et
3017 3645 3198 3716 relege
3246 3647 3521 3717 Dialogum
3551 3648 3820 3707 Laurentii

2243 3731 2429 3799 Vallm,
2470 3733 2558 3802 qui
2581 3733 2725 3803 juste
2777 3750 2843 3789 ne
2883 3744 3029 3791 taxet
3055 3737 3368 3794 Severinum
3410 3752 3671 3807 nostrum,
3704 3757 3819 3797 me-

2242 3824 2451 3892 liusque
2478 3842 2542 3880 eo
2596 3826 2735 3882 hanc
2772 3829 3048 3884 materiam
3099 3833 3370 3901 expediat,
3402 3848 3469 3889 an
3518 3836 3818 3905 sophisticis

2241 3917 2449 3972 cavillis
2470 3928 2611 3989 agat,
2644 3922 2960 3977 etoratoriis
2979 3922 3111 3979 fucis
3135 3924 3365 3980 obducat
3386 3928 3683 3993 veritatem,
3713 3943 3818 3984 non

2240 4019 2485 4064 estnunc
2515 4026 2648 4066 meae
2678 4012 2944 4069 facultatis
2965 4015 3225 4084 judicare.
3258 4016 3455 4074 Verum
3482 4020 3535 4074 id
3580 4034 3815 4076 censura:

2242 4099 2570 4158 doctioribus
2592 4104 2855 4174 relinquo.
2920 4099 2937 4123 ‘

2316 4191 2611 4263 Spectator]
2662 4192 2914 4249 Salomon
2972 4196 3382 4254 Prorerbiorum
3416 4216 3553 4270 cap.
3606 4218 3669 4256 xv
3705 4220 3717 4254 :
3752 4202 3813 4255 In

2240 4285 2379 4337 omni
2400 4284 2509 4338 loco
2541 4285 2674 4337 oculi
2721 4283 2930 4340 Domini
2950 4291 3355 4359 contemplantur
3385 4292 3540 4347 bonos
3565 4304 3611 4346 et
3637 4293 3813 4349 malos.

2242 4373 2599 4447 Hiemnymus
2630 4376 2683 4430 in
2706 4378 2935 4445 quadam
2959 4381 3186 4450 epistola
3220 4400 3230 4433 :
3266 4382 3503 4437 Omnium
3532 4386 3816 4453 speculato~

2239 4482 2345 4521 rem
2376 4467 2542 4523 Deum
2564 4469 2731 4536 crede,
2760 4478 2808 4524 et
2838 4486 2954 4526 cure
2995 4488 3058 4527 ne
3092 4472 3217 4543 quid
3250 4474 3385 4542 quod
3425 4475 3608 4530 divinis
3655 4476 3815 4529 oculis

2238 4562 2511 4635 indignum
2532 4566 2618 4630 sit,
2633 4575 2724 4618 aut
2746 4568 2988 4635 opereris,
3014 4579 3102 4621 aut
3124 4569 3334 4637 cogites.

2160 4634 2214 4697 Ῑ)
2310 4634 2471 4710 Bonis
2501 4655 2734 4727 prwmia]
2766 4634 2999 4728 Baptista
3028 4634 3345 4714 Mantuanus
3371 4678 3385 4714 :

548 4732 644 4785 que
671 4718 723 4770 in
770 4720 861 4773 illo
893 4721 1140 4787 praeterit,
1195 4722 1331 4790 quod
1384 4722 1567 4776 transit
1608 4724 1727 4792 quia
1756 4725 1809 4778 in
1855 4726 2132 4780 cterriitaté
2224 4740 2225 4743 ‘

2364 4746 2426 4797 Et
2448 4746 2609 4797 scelus
2625 4760 2651 4796 a
2668 4748 2879 4809 superis,
2908 4757 2959 4798 et
2980 4749 3129 4800 habet
3151 4764 3235 4799 sua
3257 4753 3455 4812 praemia
3474 4752 3634 4799 virtus.

2309 4828 2646 4901 Aversamini]
2678 4831 3043 4887 Pulcherrima
3090 4833 3394 4889 adhortatio
3419 4834 3484 4888 ad
3528 4832 3806 4903 pulcherri~

2238 4936 2355 4978 mas
2380 4922 2607 4979 virtutes
2634 4924 2732 4979 sub
2761 4923 2918 4994 hujus
2939 4926 3117 4994 operis
3144 4926 3486 4995 pulcherrimi
3510 4925 3688 4980 tinem.

2231 5015 2234 5018 ’
2306 5012 2505 5069 Iudicis
2522 5023 2702 5070 cuncta
2713 5014 2979 5087 cernentis]
2992 5017 3239 5074 Aurelius
3260 5017 3579 5075 Prudentius
3592 5017 3642 5073 in
3654 5016 3792 5088 Hytn

2232 5118 2427 5164 norum
2450 5107 2618 5165 libro:

2542 5291 2627 5357 §ic
2646 5297 2749 5357 tota
2773 5292 3001 5357 decurrat
3032 5293 3160 5357 dies,

2544 5352 2621 5418 Ne
2645 5354 2809 5418 lingua
2832 5356 3066 5418 mendax,
3086 5352 3171 5406 aut
3194 5368 3383 5417 manus,

2545 5415 2748 5478 chlive
2777 5423 2982 5478 peccent
3009 5415 3182 5468 lubrici
3213 5435 3224 5468 :

2539 5475 2614 5541 ῌε
2633 5490 2724 5541 n03;
2737 5475 2966 5539 ia'corpus
2984 5480 3224 5541 inquinet.

2540 5537 2834 5602 Speculator
2857 5537 2981 5589 astat
3004 5537 3236 5602 desuper,

2544 5599 2637 5657 Qui
2657 5613 2744 5648 nos
2767 5600 2942 5649 diebus
2959 5599 3181 5652 omnibus

2547 5663 2806 5727 actusque
2820 5671 3008 5711 nostro:
3034 5668 3261 5727 prospicit

2542 5722 2890 5789 Aluce’prima
2915 5728 2961 5772 in
2981 5722 3257 5789 vesperum.

2544 5783 2636 5832 Hic
2661 5783 2817 5845 testis,
2847 5786 2922 5834 hic
2944 5793 3019 5834 est
3038 5783 3242 5839 arbiter.

2542 5845 2634 5898 Hic
2651 5847 2869 5898 intuetur
2886 5848 3115 5909 quidquid
