4216 6256
516 411 653 472 I075

1745 389 1851 445 ΑΝ.
1897 384 2104 443 MANL.
2142 379 2296 440 SEV.
2342 372 2566 433 BOETll

516 448 653 472 ιυιυ

1087 662 1355 766 ΑΝ.
1512 649 1998 758 MANL.
2078 584 2083 586 ἡ
2157 620 2583 745 snv-
2668 611 3195 724 BOETII

1213 870 1455 1000 DE
1560 848 2317 991 UNITATE
2402 842 2607 966 ET
2691 824 3121 961 UNO.

593 1100 781 1158 Unitas
823 1101 905 1149 est
944 1104 1046 1162 qua
1076 1094 1410 1153 unaquaeque
1450 1091 1535 1131 res
1572 1073 1766 1128 dicitur
1797 1081 1918 1124 esse
1945 1077 2052 1161 una
2085 1079 2097 1114 :
2131 1062 2184 1120 Α
2207 1071 2278 1111 un

521 1200 635 1251 sive
681 1192 824 1248 enim
870 1187 940 1241 sit
983 1180 1249 1249 simplex,
1290 1174 1404 1229 sive
1442 1166 1769 1239 composita,
1801 1164 1915 1217 sive
1946 1149 2108 1228 'spiri-

525 1291 683 1347 tualis
705 1332 719 1356 ,
750 1289 863 1341 sive
893 1292 1180 1349 corporea,
1216 1288 1304 1328 res
1332 1271 1538 1325 unitate
1578 1279 1682 1319 una
1723 1270 1842 1325 est,
1871 1272 1972 1313 nec
2011 1270 2105 1325 po-

527 1393 632 1441 test
660 1346 784 1437 esse
827 1388 931 1430 una
978 1346 1078 1424 nisi
1111 1368 1341 1426 unitate,
1374 1362 1510 1416 sicut
1547 1357 1663 1410 alba
1696 1354 1795 1408 nisi
1835 1346 2112 1408 albedine,

526 1491 632 1533 nec
658 1480 853 1544 quanta
884 1466 985 1533 nisi
1018 1461 1330 1533 quantitate.
1363 1455 1477 1509 Non
1503 1450 1675 1505 solum
1706 1454 1884 1500 autem
1913 1440 2116 1494 unitate

529 1531 635 1624 una
673 1531 788 1628 est,
821 1558 915 1615 sed
946 1531 1106 1612 etiam
1132 1550 1316 1606 tandiu
1344 1555 1427 1601 est
1453 1539 1709 1614 quidquid
1741 1536 1791 1593 id
1822 1531 1967 1604 quod
2003 1537 2118 1595 est,

531 1654 767 1728 quandiu
805 1652 859 1705 in
900 1664 959 1704 se
1000 1646 1175 1701 unitas
1214 1651 1317 1696 est.
1356 1638 1489 1692 Cum
1530 1641 1710 1689 autem
1756 1627 1956 1684 desinit
2002 1635 2121 1677 esse

532 1714 721 1813 tinum,
753 1742 951 1801 desinit
981 1752 1100 1793 esse
1122 1734 1173 1790 id
1203 1731 1342 1803 quod
1368 1739 1477 1794 est;
1508 1725 1651 1781 unde
1678 1730 1763 1778 est
1791 1722 1892 1775 hoc
1917 1735 1931 1771 :
1955 1714 2122 1783 Quid-

533 1841 661 1911 quid
698 1812 782 1894 est
808 1878 823 1900 ,
863 1834 986 1890 ideo
1028 1839 1112 1886 est
1138 1826 1280 1899 quod
1309 1837 1472 1879 unum
1505 1824 1623 1884 est,
1656 1814 1799 1887 quod
1829 1812 1909 1867 sic
1941 1818 2123 1865 osten-

535 1936 701 1991 ditur.
726 1930 899 1987 Omne
927 1926 1070 1980 enim
1097 1935 1220 1977 esse
1240 1935 1307 1974 ex
1333 1918 1501 1971 lorma
1528 1920 1611 1968 est
1637 1912 1690 1964 in
1719 1908 1879 1963 rebus
1907 1902 2123 1970 creatis,

536 2026 633 2083 sed
666 2024 869 2079 nullum
891 2032 1010 2076 esse
1038 2032 1102 2071 ex
1133 2014 1305 2068 forma
1333 2020 1446 2075 est,
1474 2008 1577 2062 nisi
1608 2019 1731 2058 cum
1763 2000 1932 2055 forma
1960 2004 2129 2052 mate—

537 2123 636 2178 riae
663 2117 809 2171 unita
830 2121 931 2170 est.
961 2112 1092 2166 Esse
1116 2107 1259 2162 enim
1288 2121 1393 2159 non
1425 2111 1508 2157 est
1530 2099 1631 2153 nisi
1654 2112 1723 2151 ex
1747 2091 2128 2163 conjunctione

540 2212 732 2267 formae
760 2221 881 2262 cum
902 2200 1149 2259 materia.
1178 2197 1330 2254 Unde
1355 2189 1654 2262 philosophi
1680 2188 1863 2241 dicunt
1886 2182 2016 2239 illud
2038 2179 2131 2235 de-

541 2304 843 2359 scribentes
877 2316 890 2351 :
924 2297 1059 2351 Esse
1101 2301 1183 2349 est
1231 2287 1513 2344 existentia
1560 2284 1745 2338 formae
1789 2280 1839 2332 in
1886 2274 2131 2330 materia.

542 2393 677 2449 Cum
718 2402 893 2448 autem
936 2387 1107 2443 forma
1142 2381 1380 2439 materia:
1416 2379 1618 2439 unitur,
1652 2388 1719 2429 ex
1750 2366 2129 2439 conjunctione

542 2490 824 2555 utriusque
855 2477 1162 2536 necessario
1205 2470 1404 2543 aliquid
1448 2482 1615 2523 unum
1662 2461 2026 2520 constituitur.
2072 2458 2128 2512 In

545 2596 651 2652 qua
697 2572 1080 2632 constitutione
1122 2565 1253 2622 illud
1301 2578 1464 2619 unum
1511 2576 1619 2614 non
1660 2561 1975 2628 permanet,
2026 2550 2131 2606 nisi

547 2641 786 2742 quandiu
832 2664 1008 2720 unitas
1038 2661 1263 2715 formam
1294 2669 1415 2709 eum
1460 2649 1682 2705 materia
1709 2654 1873 2701 tenet.
1906 2642 2010 2699 Sed
2038 2641 2131 2697 de-

546 2735 774 2818 structio
802 2754 881 2811 rei
923 2767 1028 2807 non
1077 2759 1159 2804 est
1198 2744 1345 2801 aliud
1390 2756 1547 2814 quam
1591 2736 1856 2807 separatio
1888 2735 2133 2801 formata

548 2850 808 2913 materia;
841 2845 935 2901 sed
965 2840 1236 2913 separatio
1266 2846 1323 2893 et
1348 2836 1517 2891 unitio
1545 2831 1810 2889 contraria
1850 2838 2007 2894 sunt,
2038 2826 2138 2897 igi-

548 2958 641 3003 tur
662 2942 1003 3014 separatione
1027 2938 1070 2992 si
1099 2949 1188 2991 res
1214 2931 1528 2994 deStruitur,
1556 2927 1798 2998 profecto
1819 2925 1873 2979 in
1893 2937 1993 2978 suo
2018 2934 2140 2978 esse

550 3054 660 3095 non
695 3034 798 3091 nisi
842 3032 1045 3087 unitate
1082 3031 1450 3083 conservatur.
1486 3020 1667 3077 Unitio
1713 3026 1892 3073 autem
1935 3030 2039 3070 non
2082 3014 2142 3070 lit

552 3127 657 3183 nisi
683 3126 752 3179 ab
783 3123 986 3178 unitate
1008 3133 1111 3189 qua
1138 3124 1255 3180 est,
1300 3114 1367 3168 ab
1391 3111 1632 3167 unitione
1658 3109 1799 3179 quod
1825 3116 1942 3162 erat
1972 3120 2136 3160 unum

554 3215 884 3275 dissolvitur.
910 3212 1095 3269 Soluta
1127 3218 1303 3264 autem
1328 3207 1552 3269 unione,
1585 3200 1878 3256 destruitur
1904 3199 2136 3254 essentia

554 3310 670 3379 ejus
694 3349 709 3373 ,
742 3304 882 3375 quod
911 3319 976 3357 ex
1002 3315 1185 3357 earum
1218 3297 1459 3353 unitione
1485 3300 1837 3365 provenerat,
1866 3277 1920 3347 et
1951 3290 2008 3345 lit
2035 3305 2139 3346 non

554 3413 743 3455 unum.
774 3398 1110 3464 QuaprOpter
1137 3392 1275 3445 sicut
1305 3391 1506 3443 unitate
1537 3401 1621 3441 res
1658 3386 1723 3439 ad
1759 3399 1880 3439 esse
1909 3384 2141 3447 ducitur,

560 3496 641 3551 sic
670 3503 723 3546 et
756 3492 808 3544 in
856 3489 948 3542 illo
974 3501 1095 3541 esse
1122 3483 1442 3538 custoditur.
1487 3481 1660 3535 Unum
1708 3492 1828 3532 esse
1885 3486 1937 3531 et
1979 3490 2144 3530 unum

557 3579 988 3655 inseparabiliter
1020 3576 1344 3631 comitantur
1377 3588 1468 3640 se,
1510 3579 1565 3626 et
1594 3570 1840 3624 videntur
1866 3568 2023 3621 simul
2056 3581 2149 3620 na-

559 3690 681 3734 tura
708 3719 723 3744 ,
755 3676 877 3746 quia
907 3672 1050 3728 enim
1093 3678 1306 3725 creator
1334 3681 1474 3722 unus
1511 3674 1592 3719 est
1613 3705 1628 3727 ,
1659 3664 1782 3718 ideo
1812 3663 1975 3717 rebus
2016 3676 2149 3729 quas

559 3770 799 3829 condidit
812 3750 983 3823 hocin
1000 3778 1221 3821 munere
1232 3761 1400 3825 dedit,
1416 3770 1474 3813 ut
1488 3772 1745 3828 unaqqu
1755 3770 1820 3810 ue
1833 3754 2146 3810 essetetiam

560 3882 689 3925 una.
716 3866 795 3922 Ac
817 3878 911 3933 per
932 3861 1036 3916 hoc
1058 3874 1121 3915 ex
1146 3871 1255 3928 quo
1279 3870 1365 3911 res
1394 3854 1554 3907 habet
1572 3867 1719 3917 esse,
1750 3863 1851 3903 una
1876 3857 1957 3902 est
1983 3864 1995 3899 :
2028 3847 2150 3902 ideo

561 3970 741 4017 motus
766 3955 1185 4013 substantiarum
1208 3959 1292 4007 est
1312 3949 1378 4003 ad
1404 3962 1565 4002 unum
1585 3988 1600 4013 ,
1630 3954 1683 3999 et
1711 3951 1929 4013 propter
1959 3956 2145 4008 unum,

562 4064 620 4108 et
662 4050 796 4106 nillil
840 4060 1024 4102 eerum
1069 4059 1187 4115 quae
1233 4053 1360 4097 sunt
1402 4039 1605 4110 appetit
1642 4051 1791 4103 esse,
1840 4037 1931 4089 sed
1969 4033 2148 4087 omnia

563 4144 707 4199 sicut
730 4142 1002 4210 appetunt.
1047 4135 1256 4189 Habere
1284 4144 1463 4187 autem
1495 4146 1614 4185 esse
1645 4145 1750 4184 non
1789 4136 2013 4196 possunt
2043 4123 2151 4180 nisi

565 4248 756 4295 unum,
785 4231 905 4286 ideo
925 4228 1104 4284 omnia
1127 4226 1195 4280 ad
1222 4241 1385 4281 unum
1411 4223 1655 4279 tendunt.
1680 4220 1868 4275 Unitas
1897 4219 2039 4273 enim
2068 4227 2150 4272 est
2206 4250 2207 4253 η

566 4340 687 4395 qua:
720 4325 836 4377 uhit
864 4320 1074 4384 omnia,
1104 4326 1160 4372 et
1195 4324 1342 4371 tenet
1379 4310 1557 4370 omnia
1598 4312 1789 4367 diﬂ‘usa
1820 4313 1874 4365 in
1905 4309 2155 4363 omnibus

551 4433 690 4488 qua:
720 4422 865 4470 sunt.
901 4414 1240 4482 Quapropter
1267 4408 1389 4480 quia
1422 4407 1644 4461 materia
1691 4419 1796 4459 non
1836 4403 1997 4458 habet
2038 4417 2158 4458 esse

568 4510 675 4565 nisi
710 4523 803 4578 per
834 4507 1086 4562 unionem
1124 4502 1206 4558 sui
1260 4516 1381 4556 cum
1414 4500 1608 4564 forma,
1636 4498 1805 4553 lorma
1837 4506 2015 4552 autem
2050 4512 2157 4551 non

570 4607 721 4656 tenet
771 4599 1026 4652 unitatem
1071 4608 1194 4649 cum
1239 4591 1494 4654 materia,
1545 4590 1643 4643 nisi
1684 4589 1863 4644 unitas
1902 4587 2005 4651 sit,
2040 4587 2160 4641 ideo

571 4693 798 4750 materia
824 4700 941 4761 eget
962 4689 1163 4745 unitate
1183 4686 1248 4741 ad
1273 4684 1565 4740 uniendum
1590 4698 1670 4748 se,
1695 4692 1747 4737 et
1765 4682 1832 4736 de
1856 4691 2041 4734 natura
2064 4693 2158 4734 sua

572 4785 737 4841 habet
767 4782 1127 4850 multiplicari,
1160 4777 1324 4833 dividi
1367 4786 1421 4832 et
1447 4774 1644 4844 spargi.
1702 4771 1887 4828 Unitas
1917 4787 2047 4827 vero
2077 4786 2162 4826 re-

575 4878 745 4943 tinet,
773 4876 888 4930 unit
911 4884 965 4929 et
996 4872 1226 4941 colligit,
1251 4884 1313 4923 ac
1344 4884 1438 4938 per
1466 4869 1580 4921 haec
1609 4880 1675 4919 ne
1709 4865 1932 4919 materia
1957 4862 2163 4918 divida-

576 4980 664 5025 tur
694 4980 747 5023 ει
777 4975 1077 5037 spargatur,
1102 4976 1324 5018 necesse
1344 4968 1429 5016 est
1452 4968 1508 5013 ut
1528 4959 1595 5012 ab
1620 4957 1823 5012 unitate
1845 4957 2160 5011 retineatur.

577 5060 843 5129 Onidquid
887 5067 1061 5112 autem
1106 5069 1201 5123 per
1241 5066 1301 5105 se
1346 5066 1452 5104 non
1492 5048 1704 5113 nnitur,
1749 5062 1843 5116 per
1877 5061 1936 5101 se
1976 5045 2163 5115 utique

576 5152 868 5223 spargitur,
899 5148 1021 5217 quia
1052 5144 1227 5199 omnis
1249 5158 1367 5212 quae
1401 5141 1523 5195 facit
1545 5140 1774 5210 aliquam
1802 5152 1917 5192 rem
1946 5145 2163 5191 contra-

577 5250 712 5302 riam
731 5244 932 5316 agenti,
950 5239 1084 5296 l‘acit
1111 5237 1443 5294 contrariam
1462 5235 1613 5290 facta“:
1636 5233 1735 5289 rei.
1759 5230 2165 5286 Contrariorum

578 5342 721 5395 enim
754 5334 1009 5392 contrarii
1033 5339 1157 5399 sunt
1183 5330 1401 5385 ellectus
1431 5347 1444 5383 :
1469 5329 1591 5399 quia
1626 5328 1802 5381 unitas
1827 5322 1951 5379 facit
1976 5337 2165 5390 unum,

578 5430 824 5501 profecto
857 5426 1083 5483 materia
1106 5422 1230 5479 facit
1258 5422 1607 5487 divisionem,
1634 5434 1697 5474 ac
1728 5432 1825 5488 per
1855 5416 1957 5472 hoc
1988 5417 2166 5472 unitas

581 5540 680 5593 per
699 5539 759 5580 se
781 5521 978 5579 retinet
998 5518 1301 5575 materiam.
1325 5513 1437 5573 Sed
1453 5512 1711 5582 quidquid
1741 5525 1837 5581 per
1856 5523 1918 5566 se
1939 5508 2164 5575 retinet,

582 5634 692 5673 non
714 5626 891 5687 potest
911 5614 1090 5671 lacere
1117 5611 1532 5682 separationem.
1556 5606 1751 5661 Forma
1780 5618 1910 5675 ergo
1930 5603 2169 5659 existens

586 5708 638 5758 in
665 5707 886 5759 materia
917 5714 999 5760 est
1027 5720 1145 5773 quae
1175 5700 1385 5771 perlicit
1412 5710 1465 5755 et
1494 5698 1729 5755 custodit
1763 5695 2052 5751 essentiam
2076 5706 2169 5748 cu-

586 5794 809 5855 juslibet
848 5795 948 5847 rei.
982 5792 1167 5845 Unitas
1204 5802 1289 5844 est
1322 5789 1654 5843 descendens
1690 5802 1718 5838 a
1755 5786 1928 5853 prima
1966 5783 2169 5838 unitate

590 5894 709 5953 quae
739 5880 941 5931 creavit
969 5892 1110 5933 eam.
1135 5880 1312 5933 Prima
1339 5877 1485 5932 enim
1504 5886 1559 5931 et
1585 5890 1687 5929 una
1718 5863 1923 5941 unitas,
1948 5860 2067 5941 quae
2087 5879 2171 5928 est

2284 1055 2385 1109 itas
2418 1046 2628 1117 sibiipsi
2647 1085 2661 1108 ,
2701 1038 2910 1098 creavit
2937 1036 3100 1091 aliam
3128 1030 3391 1088 unitatem
3417 1040 3539 1097 qua
3562 1030 3643 1082 est
3680 1022 3812 1078 infra

2224 1162 2365 1203 eam.
2392 1141 2498 1200 Sed
2514 1140 2637 1210 quia
2651 1148 2816 1192 omne
2833 1138 3072 1187 creatum
3091 1126 3367 1181 diversum
3390 1128 3472 1176 est
3491 1132 3523 1173 a
3541 1131 3651 1189 quo
3670 1130 3817 1170 crea-

2226 1249 2339 1293 tum
2362 1278 2377 1303 ,
2403 1208 2644 1304 prolecto
2662 1234 2843 1284 creata
2866 1222 3043 1278 unitas
3070 1234 3100 1273 a
3122 1223 3345 1273 creante
3361 1211 3579 1267 omnino
3605 1208 3813 1264 diversa

2224 1344 2349 1387 esse
2365 1299 2571 1390 debuit,
2592 1330 2646 1375 et
2661 1318 2811 1390 quasi
2830 1312 3094 1385 opposita.
3117 1307 3223 1364 Sed
3246 1305 3369 1378 quia
3391 1301 3622 1358 creatrix
3644 1299 3818 1353 unitas

2231 1436 2341 1476 non
2373 1417 2533 1473 habet
2554 1396 2876 1483 principium
2904 1417 3080 1474 neque
3111 1402 3269 1456 linem
3290 1439 3305 1464 ,
3336 1412 3434 1453 nec
3459 1391 3819 1465 permutatio-

2233 1528 2355 1569 nem
2378 1552 2393 1578 ,
2434 1523 2535 1563 nec
2558 1482 2968 1561 diversitatem,
3002 1495 3124 1551 ideo
3161 1502 3355 1548 creatae
3397 1486 3590 1543 unitati
3629 1482 3821 1538 accidit

2233 1572 2638 1673 multiplicitas,
2687 1592 3002 1656 diversitas,
3056 1593 3112 1641 et
3152 1580 3507 1645 mutabilitas,
3551 1577 3623 1631 ita
3669 1584 3731 1628 ut
3768 1572 3823 1628 in

2232 1669 2463 1770 quadam
2496 1688 2718 1748 materia
2738 1685 2809 1740 sit
2828 1682 3031 1737 habens
3058 1675 3403 1749 principium,
3431 1678 3491 1724 ut
3516 1669 3568 1723 in
3598 1679 3824 1737 genera-

2233 1758 2335 1857 tis,
2367 1798 2421 1844 et
2452 1787 2613 1841 linetn
2636 1824 2652 1849 ,
2688 1779 2740 1834 in
2774 1774 3005 1847 quodam
3046 1784 3178 1826 vero
3207 1777 3265 1822 ut
3299 1768 3350 1820 in
3392 1763 3586 1819 creatis
3624 1758 3825 1829 princi-

2235 1853 2383 1955 pium
2414 1886 2471 1935 et
2496 1877 2688 1936 linem,
2732 1866 2859 1939 quia
2902 1865 2958 1919 in
3000 1858 3317 1933 quibusdam
3347 1853 3585 1923 subjaeet
3613 1862 3825 1919 permu-

2236 1940 2426 2033 lationi
2471 1979 2526 2026 et
2566 1960 2919 2034 corruptioui.
2962 1956 3019 2011 ln
3064 1950 3382 2024 quibusdam
3422 1946 3565 2001 enim
3607 1940 3825 1998 materia

2236 2076 2320 2124 est
2349 2061 2594 2127 subtilis,
2626 2055 2885 2124 simplex,
2922 2054 3127 2104 remota
3166 2059 3195 2097 a
3222 2038 3603 2097 contrarietate
3641 2042 3699 2089 et
3744 2046 3827 2087 se-

2236 2158 2548 2232 paratione,
2583 2147 2860 2219 perlicitur
2887 2136 3065 2195 autem
3095 2137 3143 2192 ei
3178 2135 3352 2189 unitas
3390 2140 3444 2185 et
3475 2128 3655 2182 unitur
3708 2138 3829 2179 cum

2241 2218 2304 2308 ea
2328 2250 2467 2304 sicut
2488 2218 2603 2300 haac
2625 2250 2680 2296 et
2702 2239 2814 2294 illa.
2840 2235 2994 2293 Sicut
3017 2246 3124 2286 non
3154 2225 3417 2296 divisihile
3437 2223 3488 2277 in
3510 2230 3632 2275 actu
3651 2262 3667 2287 ,
3694 2218 3829 2274 sicut

2241 2346 2297 2400 in
2324 2338 2633 2397 caelestibus
2655 2329 2994 2400 corporibus,
3024 2325 3077 2379 in
3109 2318 3427 2393 quibusdam
3457 2315 3635 2369 unitas
3662 2327 3694 2367 a
3721 2326 3828 2367 ma-

2244 2434 2378 2491 teria
2411 2424 2790 2499 inseparabilis
2815 2429 2928 2485 est,
2958 2427 3015 2475 et
3036 2416 3157 2472 ideo
3182 2422 3370 2470 carent
3399 2411 3536 2473 line,
3566 2407 3693 2478 quia
3714 2419 3829 2474 per-

2243 2536 2402 2598 petua
2447 2498 2592 2576 sunt.
2636 2518 2691 2573 In
2734 2512 2932 2585 quibus
2974 2524 3105 2566 vero
3148 2503 3371 2560 materia
3417 2499 3580 2556 fuerit
3622 2498 3827 2568 spissa,

2244 2590 2438 2673 debilis
2467 2628 2575 2668 non
2610 2610 2923 2678 adsequatur
2954 2604 3035 2658 eis
3072 2600 3280 2661 unitas,
3315 2594 3410 2651 sed
3443 2592 3752 2648 debilitatur
3778 2590 3830 2645 in

2247 2704 2484 2765 uniendo
2514 2718 2702 2760 eorum
2734 2695 3023 2755 essentiam
3044 2735 3061 2761 ,
3093 2701 3147 2747 et
3178 2691 3247 2745 ob
3282 2688 3383 2743 hoc
3412 2684 3722 2742 dissolvitur
3748 2696 3832 2737 ειη

2251 2799 2423 2857 sentia
2457 2810 2643 2852 eorum
2661 2837 2675 2861 ,
2704 2790 2829 2861 quia
2855 2800 2961 2842 non
2992 2783 3257 2840 retinetur
3284 2779 3351 2832 ab
3383 2777 3584 2830 unitate
3610 2776 3746 2828 sicut
3775 2770 3830 2828 in

2250 2891 2524 2965 generatis
2563 2901 2681 2957 qua
2713 2883 2912 2937 habent
2951 2873 3269 2947 principium
3308 2877 3363 2925 et
3402 2867 3582 2923 linem.
3619 2864 3832 2933 Quanto

2250 2988 2395 3043 enim
2427 2954 2758 3051 unaquaeque
2790 2972 2968 3027 unitas
3002 2963 3350 3039 propinquior
3381 2959 3539 3014 luerit
3572 2954 3757 3025 prima:
3780 2960 3835 3008 et

2251 3094 2394 3136 verae
2434 3044 2846 3139 unitati,'tanto
2876 3061 3103 3121 materia
3143 3058 3367 3111 formata
3408 3066 3504 3122 per
3545 3048 3694 3104 illam
3737 3044 3836 3101 erit

2253 3170 2425 3241 magis
2454 3179 2557 3222 una
2583 3172 2640 3220 et
2676 3157 2933 3229 simplex;
2968 3162 3024 3209 et
3051 3166 3082 3207 e
3109 3160 3400 3211 converso,
3425 3149 3627 3213 quanto
3656 3151 3833 3194 remo-

2252 3232 2373 3322 tiorv
2390 3260 2551 3316 luerit
2583 3273 2611 3310 a
2639 3253 2810 3326 prima
2836 3248 3069 3311 unitate,
3104 3249 3253 3298 tanto
3278 3241 3388 3295 erit
3415 3232 3760 3303 multiplicior
3786 3236 3836 3286 et

2253 3350 2621 3424 compositior,
2654 3356 2705 3401 et
2728 3342 2799 3398 ob
2825 3339 2931 3395 hoc
2958 3337 3138 3392 unitas
3162 3347 3281 3403 qua:
3308 3327 3460 3384 duxit
3486 3326 3550 3380 ad
3581 3338 3704 3379 esse
3730 3335 3839 3375 ma.

2256 3416 2447 3501 teriam
2480 3433 2842 3507 intelligentia:
2881 3437 2965 3485 est
3003 3426 3171 3496 magis
3208 3437 3342 3487 una,
3382 3428 3438 3474 et
3481 3416 3743 3486 simplex,
3788 3422 3839 3471 et

2257 3552 2364 3591 non
2397 3532 2705 3603 multiplex,
2747 3542 2848 3583 nec
2891 3521 3177 3580 dlvisibilis
3223 3513 3615 3575 essentialiter;
3659 3508 3755 3565 sed
3798 3506 3841 3564 si

2255 3625 2542 3681 divisibilis
2554 3600 2664 3688 est,
2687 3621 2790 3685 hoc
2814 3614 3077 3687 siquidem
3102 3607 3501 3666 accidentaliter
3518 3611 3622 3670 est,
3647 3611 3702 3656 et
3722 3600 3840 3655 ideo

2257 3720 2373 3774 han:
2397 3720 2573 3773 unitas
2598 3713 2916 3783 simplicior,
2939 3716 2996 3764 et
3023 3705 3191 3775 magis
3214 3715 3314 3757 una
3338 3706 3422 3754 est
3445 3694 3693 3752 omnibus
3724 3692 3840 3748 uni-

2255 3810 2457 3864 tatibus
2493 3823 2613 3878 quae
2650 3805 2853 3859 ducunt
2883 3798 2951 3854 ad
2978 3812 3103 3853 esse
3128 3802 3351 3849 caeteras
3379 3786 3707 3844 substantias
3726 3826 3741 3851 ,
3777 3797 3842 3840 eo

2257 3903 2399 3972 quod
2445 3896 2754 3979 immediate
2793 3893 3031 3949 adhazret
3061 3889 3247 3959 primae
3278 3883 3471 3939 unitati
3495 3897 3614 3951 quae
3644 3879 3841 3935 creavit

2259 4010 2399 4050 eam.
2447 3972 2714 4061 Sed‘quia
2756 3986 2935 4043 unitas
2979 3983 3277 4039 subsistens
3312 3980 3365 4033 in
3396 3974 3619 4032 materia
3649 3972 3842 4029 intelli-

2260 4088 2452 4158 gentiae
2488 4094 2572 4140 est
2622 4082 2799 4138 unitas
2830 4076 3188 4143 simplicitatis
3208 4114 3221 4138 ,
3250 4073 3370 4127 ideo
3397 4068 3704 4125 necessario
3726 4064 3842 4121 uni-

2262 4189 2344 4235 tas
2376 4177 2675 4231 subsistens
2695 4174 2749 4227 in
2780 4168 3003 4224 materia
3024 4167 3253 4230 animae,
3284 4163 3404 4231 quia
3428 4159 3563 4215 inlra
3588 4174 3704 4213 eam
3731 4167 3841 4220 est,

2264 4270 2461 4325 crescit
2495 4274 2550 4321 et
2578 4265 2985 4334 multiplicatur,
3028 4270 3082 4316 et
3107 4258 3299 4314 accidit
3336 4257 3386 4311 ei
3427 4254 3649 4310 mutatio
3681 4262 3734 4306 et
3768 4248 3846 4304 di-

2263 4359 2521 4425 versitas,
2548 4367 2603 4412 et
2627 4357 2707 4411 sic
2730 4353 2980 4426 paulatim
3005 4348 3384 4407 descendendo
3404 4361 3435 4401 a
3463 4341 3729 4414 superiori
3752 4356 3846 4411 per

2264 4468 2430 4509 unum
2447 4452 2671 4522 gradum
2694 4446 2932 4503 materia:
2955 4442 3177 4498 inferior
3200 4440 3374 4495 unitas
3395 4444 3619 4505 augetur
3637 4444 3693 4488 et
3712 4431 3851 4485 mul-

2268 4548 2540 4616 tiplicatur
2579 4553 2859 4614 quousque
2905 4534 3245 4606 pervenietur
3289 4530 3354 4584 ad
3405 4526 3680 4581 materiam
3729 4535 3849 4591 qua:

2270 4614 2500 4691 sustinet
2542 4631 2932 4704 quantitatem,
2975 4625 3209 4691 scilicet,
3256 4618 3607 4677 substantiam
3654 4614 3849 4683 hujus,

2188 4717 2243 4778 D
2268 4742 2388 4796 qua}
2415 4724 2539 4795 quia
2559 4738 2587 4777 a
2616 4722 2783 4793 prima
2806 4718 3009 4773 unitate
3032 4712 3388 4768 remetissima
3417 4716 3527 4773 est,
3551 4715 3606 4761 et
3629 4711 3852 4773 propter

2260 4795 2665 4888 spissitudinem
2710 4808 3069 4868 crassitudine
3113 4821 3211 4862 sua
3255 4802 3501 4873 opposita
3536 4795 3851 4853 substantiae

2262 4884 2529 4976 superiori
2559 4920 2679 4976 qua!
2708 4912 2792 4957 est
2820 4897 3030 4955 subtilis
3060 4907 3113 4951 et
3156 4894 3383 4962 simplex
3404 4931 3419 4955 ,
3464 4885 3715 4960 quoniam
3759 4884 3849 4939 illa

2263 5006 2347 5053 est
2384 4998 2680 5066 subjectum
2715 4989 2961 5063 principii
2989 4997 3043 5043 et
3082 4987 3220 5041 initii
3257 4983 3494 5039 unitatis.
3545 4978 3694 5034 Finis
3723 4990 3852 5031 vero

2266 5092 2492 5145 multum
2519 5088 2682 5143 distat
2706 5101 2736 5139 a
2767 5082 3063 5151 principio,
3095 5078 3349 5149 quoniam
3380 5074 3503 5129 ﬁnis
3531 5086 3638 5126 non
3667 5081 3750 5125 est
3771 5069 3852 5123 di-

2268 5192 2388 5240 ctus
2412 5184 2513 5237 nisi
2539 5180 2779 5236 delectus
2803 5174 3017 5230 virtutis
3039 5169 3285 5242 principii
3313 5178 3367 5224 et
3392 5165 3657 5222 terminus
3673 5205 3687 5227 ,
3713 5161 3854 5215 unde

2270 5273 2564 5329 secundum
2592 5271 2909 5325 descensum
2938 5263 3158 5320 unitatis
3183 5279 3212 5317 a
3236 5262 3516 5332 superiore
3537 5258 3603 5313 ad
3634 5256 3855 5312 inferius

2272 5364 2332 5418 ﬁt
2351 5361 2693 5433 degeneratio
2709 5399 2723 5423 .
2755 5358 2869 5413 sive
2891 5354 3250 5424 simplicitatis
3271 5362 3327 5409 et
3351 5349 3723 5408 minorationis
3743 5359 3857 5402 sua

2270 5462 2500 5527 virtutis,
2533 5460 2596 5514 ad
2626 5456 3026 5513 similitudinem
3045 5470 3198 5526 aqua:
3224 5468 3344 5523 quae
3371 5452 3425 5507 in
3456 5460 3578 5507 ortu
3604 5462 3704 5503 suo
3733 5445 3858 5501 sub-

2272 5567 2382 5623 tilis
2412 5575 2466 5619 et
2498 5564 2641 5619 clara
2672 5561 2936 5626 nascitur,
2970 5558 3063 5616 sed
3109 5558 3361 5629 paulatim
3394 5556 3644 5611 deorsum
3688 5550 3860 5606 ﬂuens

2272 5670 2329 5725 in
2357 5665 2639 5739 paludibus
2664 5674 2714 5718 et
2741 5665 2942 5735 stagnis
2972 5664 3289 5734 inspissatur
3316 5668 3372 5715 et
3398 5659 3753 5714 obscuratur:
3782 5655 3862 5717 sic

2276 5768 2530 5842 paulatim
2559 5765 2794 5820 variatur
2824 5764 3000 5820 unitas
3031 5773 3249 5834 propter
3273 5761 3588 5815 varietatem
3618 5755 3861 5811 materia:

2277 5884 2396 5940 quae
2438 5867 2667 5924 sustinet
2703 5879 2859 5934 eam;
2901 5878 3024 5922 nam
3064 5864 3189 5935 quia
3224 5861 3432 5933 aliquid
3467 5854 3551 5917 est
3587 5850 3859 5926 materie,
