4216 6256
344 404 481 464 1677

1492 390 1695 451 LIBER
1732 388 1821 446 ns
1858 349 2175 446 uutrttrn'
2196 390 2283 449 ET
2323 384 2482 453 ouo.

3502 384 3645 445 1078

346 520 622 592 spirituale
660 528 713 576 et
760 517 959 590 aliquid
988 515 1272 586 corporale
1292 557 1307 581 ,
1336 522 1421 572 est
1450 513 1656 584 aliquid
1692 510 1809 581 ejus
1841 524 1941 580 pu-
1972 505 2030 569 Δ
2051 522 2217 565 unum
2237 555 2252 579 ,
2283 522 2339 567 ut
2362 514 2538 579 Deus;
2572 512 2714 569 aliud
2752 510 3073 583 simplicium
3105 508 3412 582 cognitione
3442 494 3641 573 unum,

348 633 468 673 rum
513 627 567 670 et
606 613 841 668 lucidum
879 622 934 685 et
972 609 1170 680 aliquid
1212 609 1332 680 ejus
1366 608 1601 680 spissum
1660 616 1716 663 et
1745 608 1945 664 obscu-

349 722 466 763 rum
490 747 503 769 ,
532 687 587 760 et
616 704 717 758 hoc
756 710 975 773 propter
1000 700 1353 771 quantitatem
1372 740 1389 766 ,
1416 699 1534 771 ejus
1561 707 1741 770 partes
1769 698 1820 753 in
1853 698 1949 753 ali-

351 800 546 872 quibus
584 808 711 853 sunt
747 799 1013 864 rariores,
1053 796 1191 851 utin
1233 810 1391 861 aere;
1425 797 1481 851 in
1515 794 1784 867 aliquibus
1818 810 1949 853 vero

352 893 691 956 strictiores,
727 899 784 944 ut
816 890 867 944 in
897 888 1093 959 lapide.
1130 886 1256 944 Ideo
1292 902 1628 959 unaquaeque
1655 901 1744 943 res
1771 896 1946 942 mate-

354 984 469 1051 τίω,
504 980 796 1038 secundum
842 978 1065 1050 gradum
1113 994 1225 1035 sure
1268 980 1657 1051 elongationis,
1699 994 1730 1033 a
1776 982 1948 1049 prima

356 1074 572 1129 unitatis
594 1070 801 1141 origine
833 1070 1027 1139 recipit
1054 1070 1318 1125 unitatem
1344 1115 1358 1137 ,
1391 1086 1510 1139 qua:
1536 1070 1749 1142 dignior
1771 1080 1857 1126 est
1881 1085 1950 1126 ex

356 1180 450 1219 sua
486 1162 779 1233 aptitudine
815 1180 828 1215 :
861 1162 987 1217 inde
1027 1171 1112 1218 est
1150 1163 1291 1233 quod
1322 1162 1567 1223 videmus
1598 1171 1778 1236 partes
1813 1164 1950 1233 ignis
1992 1206 1997 1212 .

356 1254 517 1309 nimis
544 1253 748 1318 unitas,
783 1253 1057 1325 simplices
1091 1264 1145 1309 et
1171 1254 1402 1325 aequales
1438 1255 1605 1319 adeo,
1664 1256 1805 1326 quod
1845 1254 1951 1310 for-

356 1360 443 1400 ma
479 1346 593 1414 ejus
618 1342 829 1398 videtur
862 1347 991 1410 una,
1024 1336 1127 1399 non
1167 1347 1372 1413 habens
1400 1345 1450 1401 in
1476 1361 1534 1401 se
1561 1345 1949 1402 diversitatem.

358 1438 546 1497 Partes
576 1451 702 1492 vero
730 1437 872 1494 aeris
902 1446 957 1492 et
986 1453 1139 1509 aquze
1181 1438 1484 1493 invenimus
1515 1440 1682 1509 magis
1721 1432 1950 1494 diversi;

363 1534 544 1589 ficatas
572 1543 626 1590 et
652 1542 961 1603 separatas,
993 1534 1128 1588 adeo
1160 1534 1301 1603 quod
1325 1544 1504 1604 partes
1534 1549 1720 1590 eorum
1748 1542 1803 1589 et
1830 1535 1953 1601 uni-3

364 1635 502 1681 tates
534 1627 764 1682 discerni
797 1634 1043 1696 possunt.
1076 1624 1132 1679 In
1169 1624 1319 1681 duris
1349 1633 1527 1681 autem
1556 1625 1877 1696 corporibus
1902 1635 1958 1681 et

362 1720 551 1788 spissis
573 1719 791 1775 unitatis
808 1719 920 1791 jam
950 1720 1124 1789 major
1146 1718 1431 1775 diversitas
1452 1727 1508 1776 et
1530 1720 1829 1776 obscuritas
1850 1731 1949 1777 est.

363 1812 493 1882 Quia
536 1813 694 1885 igitur
733 1813 956 1869 materia
990 1811 1042 1868 in
1075 1814 1340 1883 supremis
1386 1812 1615 1871 formata
1646 1823 1731 1872 est
1760 1816 1958 1871 intelli-

2056 615 2115 661 ut
2139 608 2358 677 angelus
2384 617 2438 663 et
2462 610 2660 674 anima,
2686 623 2913 680 quorum
2943 606 3358 676 unumquodque
3375 613 3461 662 est
3478 622 3646 661 unum

2016 698 2022 707 '
2057 694 2439 769 conjunctione
2467 701 2707 757 materia:
2742 688 3043 756 et’formae.
3090 698 3246 754 Aliud
3274 708 3358 755 est
3385 699 3650 754 continui-

2040 799 2165 847 tate
2192 807 2380 858 unum,
2410 801 2466 847 ut
2487 793 2647 848 arbor
2670 802 2726 848 et
2754 802 2926 864 petra.
2960 790 3118 846 Aliud
3150 800 3234 847 est
3260 792 3651 861 compositione

2057 896 2221 937 unum
2243 926 2260 951 ,
2292 892 2351 939 ut
2383 898 2449 939 ex
2488 884 2672 940 multis
2701 882 2899 941 tabulis
2928 899 3033 938 una
3064 899 3187 938 arca
3209 928 3225 954 ,
3256 885 3343 941 vel
3371 899 3439 940 ex
3467 885 3651 939 multis
3723 944 3733 962 ί

2056 975 2350 1049 parietibus
2380 992 2484 1031 una
2514 976 2725 1032 domus.
2766 977 2883 1032 Alia
2913 976 3166 1033 dicuntur
3202 993 3367 1033 unum
3398 993 3651 1048 aggrega-
3722 999 3727 1009 ·

2055 1069 2234 1134 tione,
2278 1079 2336 1123 ut
2384 1069 2649 1140 pupulus,
2700 1084 2871 1139 grex,
2914 1068 3200 1139 congeries
3247 1069 3518 1139 lapidum,
3566 1070 3651 1125 vel

2055 1176 2279 1217 acervus
2316 1161 2499 1217 tritici.
2540 1161 2655 1217 Alia
2700 1162 2953 1216 dicuntur
2984 1161 3363 1231 praepositione
3389 1176 3553 1217 unum
3592 1171 3651 1217 ut

2058 1262 2240 1308 rector
2270 1254 2452 1320 navis,
2482 1262 2537 1308 et
2564 1253 2891 1322 gubernator
2914 1251 3145 1307 civitatis
3176 1252 3426 1309 dicuntur
3453 1269 3615 1309 unum
3634 1294 3651 1320 ,

2058 1345 2410 1401 similitudine
2453 1343 2636 1399 ofﬁcii.
2679 1343 2797 1399 Alia
2836 1342 3091 1398 dicuntur
3132 1357 3293 1399 unum
3335 1342 3653 1417 accidente,

2058 1448 2120 1494 ut
2147 1438 2361 1494 diversa
2387 1436 2627 1508 subjeCIa
2651 1436 2893 1508 ejusdem
2918 1438 3188 1509 qualitatis
3208 1438 3458 1495 dicuntur
3484 1455 3651 1495 unum

2060 1534 2113 1587 in
2143 1549 2206 1589 ea
2232 1532 2521 1603 qualitate,
2551 1534 2688 1589 sicut
2722 1532 2816 1587 nix
2845 1542 2901 1589 et
2926 1547 3127 1606 cygnus
3159 1550 3319 1589 unum
3347 1543 3474 1589 sunt
3506 1535 3651 1590 albe-

2061 1625 2208 1687 dine‘.
2249 1626 2365 1689 Alia
2397 1625 2649 1681 dicuntur
2678 1641 2845 1680 unum
2876 1640 3133 1693 numero,
3166 1635 3224 1680 ut
3257 1625 3471 1681 diversa
3507 1625 3654 1681 acci-

2062 1718 2241 1775 dentia
2278 1734 2399 1789 quae
2451 1719 2626 1776 eidem
2684 1721 2927 1792 subjecto
2974 1721 3157 1776 insunt
3195 1720 3445 1776 dicuntur
3487 1738 3654 1780 unum

2066 1828 2292 1869 numero
2311 1854 2325 1878 ,
2359 1812 2412 1868 id
2442 1821 2528 1869 est
2556 1814 2608 1870 in
2635 1814 2971 1871 numerando
2991 1857 3005 1882 ,
3034 1822 3093 1870 ut
3123 1814 3226 1870 hoc
3253 1814 3440 1883 dulce,
3472 1824 3524 1869 et
3554 1813 3655 1868 hoc

363 1908 560 1977 gentia
606 1906 806 1972 forma,
855 1916 910 1963 et
953 1906 1120 1962 forma
1173 1907 1454 1962 rationalis
1496 1909 1722 1975 animae,
1760 1909 1957 1966 deinde
1987 1896 2038 1958 B
2064 1906 2370 1972 ceruleum,
2404 1907 2487 1965 vel
2521 1906 2624 1963 hoc
2668 1908 2914 1978 longum,
2958 1909 3041 1963 vel
3071 1908 3173 1963 hoc
3211 1907 3399 1963 latum.
3432 1906 3547 1962 Alia
3576 1905 3656 1959 di-

366 2008 552 2070 postea
579 1998 747 2053 forma
778 1999 969 2053 animae
1001 1998 1271 2055 sensibilis
1292 2040 1307 2064 ,
1335 1998 1533 2055 deinde
1561 1999 1730 2056 forma
1761 2001 1957 2056 anima:

366 2092 699 2159 vegetabilis,
723 2090 919 2147 deinde
948 2091 1117 2146 forma
1148 2102 1375 2158 naturae,
1408 2092 1475 2147 ad
1508 2094 1751 2149 ultimum
1779 2105 1957 2153 autem

369 2180 491 2235 linis
532 2192 615 2237 est
655 2182 824 2237 forma
853 2183 1121 2253 corporis,
1155 2182 1242 2239 hic
1282 2200 1388 2241 non
1420 2185 1612 2241 accidit
1636 2201 1705 2242 ex
1732 2188 1959 2243 diversi-

371 2282 481 2330 tate
506 2277 721 2331 virtutis
741 2278 968 2346 agentis,
994 2276 1089 2332 sed
1119 2292 1183 2332 ex
1210 2276 1507 2347 aptitudine
1531 2280 1769 2335 materia:
1792 2282 1963 2336 susci-

374 2367 588 2436 pientis.
629 2366 822 2422 Forma
850 2369 993 2423 enim
1023 2377 1105 2423 est
1127 2368 1277 2439 quasi
1308 2368 1485 2425 lumen
1504 2414 1519 2439 ,
1552 2384 1620 2425 eo
1655 2372 1797 2441 quod
1826 2371 1963 2427 sicut

373 2472 468 2528 per
510 2458 691 2513 lumen
738 2473 825 2513 res
867 2459 1106 2524 videtur,
1147 2460 1226 2515 sic
1257 2474 1352 2530 per
1390 2459 1618 2515 formam
1649 2461 1880 2531 cognitio
1910 2471 1965 2517 et

369 2548 589 2608 scientia
610 2551 686 2606 rei
706 2550 949 2618 habetur,
970 2567 1075 2607 non
1096 2567 1191 2622 per
1209 2553 1517 2619 materiam;
1553 2552 1647 2608 sed
1666 2552 1767 2609 hoc
1784 2554 1965 2610 lumen

372 2640 427 2700 in
472 2642 794 2715 quibusdam
823 2653 907 2699 est
945 2644 1178 2713 clarius,
1214 2643 1265 2698 in
1296 2644 1613 2714 quibusdam
1652 2646 1963 2711 obscurius,

381 2748 536 2809 prout
584 2739 807 2793 materia
854 2739 936 2794 cui
989 2737 1292 2792 infunditur
1334 2736 1503 2794 forma
1547 2746 1629 2794 est
1675 2738 1870 2795 clarior
1914 2747 1970 2795 et

375 2829 674 2903 obscurbr.
726 2831 843 2898 Quo
889 2832 1033 2907 enim
1087 2832 1307 2886 materia
1359 2830 1517 2886 fuerit
1563 2831 1863 2898 sublimior,
1912 2834 1972 2887 fit

375 2919 621 2976 Subtilior
665 2929 720 2976 et
760 2931 1073 2991 penetratur
1122 2928 1230 2975 tota
1280 2936 1310 2974 a
1343 2921 1577 2991 lumine,
1614 2931 1669 2976 et
1696 2922 1815 2978 ideo
1845 2923 1972 2978 sub—

378 3016 569 3070 stantia
601 3015 711 3087 ipsa
744 3017 1042 3087 sapientior
1072 3026 1127 3073 et
1158 3017 1471 3086 perfectior,
1504 3017 1645 3073 sicut
1671 3018 1970 3089 intelligen-

378 3110 451 3165 tia
489 3120 543 3167 et
580 3111 858 3167 rationalis
897 3111 1096 3165 anima.
1133 3110 1199 3166 Et
1240 3125 1272 3167 e
1312 3125 1580 3167 converso
1609 3127 1715 3180 quo
1747 3112 1972 3168 materia

378 3202 537 3257 luerit
578 3202 822 3268 inferior,
854 3202 911 3257 fit
954 3202 1199 3273 Spissior,
1228 3212 1281 3257 ct
1310 3202 1618 3271 obscurior,
1648 3212 1703 3258 et
1741 3219 1846 3259 non
1896 3205 1969 3259 ita

380 3304 691 3366 penetratur
731 3311 759 3350 a
792 3267 1029 3361 lumine,
1060 3310 1167 3366 quo
1186 3267 1417 3351 materia
1447 3267 1616 3364 magis
1656 3296 1965 3362 descendit,
1994 3267 2047 3336 (ἶ

379 3390 513 3447 sicut
529 3392 639 3460 jam
662 3404 821 3458 supra
843 3390 1043 3445 dictum
1066 3396 1168 3455 est,
1198 3389 1600 3459 constringitur,
1629 3398 1683 3445 et
1705 3389 1969 3458 spissatur

378 3491 431 3536 et
455 3482 883 3554 corpulentatur,
913 3491 969 3538 et
996 3492 1187 3557 partes.
1205 3482 1323 3551 ejus
1358 3481 1549 3537 mediae
1577 3482 1862 3551 prohibent
1888 3481 1968 3536 ul-

381 3574 537 3630 timas
569 3576 803 3644 perfecte
828 3575 1097 3646 penetrari
1122 3574 1395 3630 alumine.
1424 3574 1540 3629 Non
1563 3574 1704 3630 enim
1731 3582 1816 3631 est
1846 3590 1967 3645 pos-

379 3668 539 3723 sibile
571 3677 627 3722 ut
658 3675 862 3722 tantum
892 3667 1109 3723 luminis
1150 3676 1397 3737 penetret
1438 3667 1761 3734 secundam,
1801 3684 1970 3739 quan-

382 3768 493 3815 tum
531 3758 791 3827 primam,
822 3774 922 3814 nec
952 3759 1017 3814 ad
1049 3760 1259 3815 tertiam
1289 3769 1493 3817 tantum
1532 3762 1747 3817 luminis
1778 3777 1968 3833 perve-

384 3851 498 3905 niat
536 3860 793 3920 quantum
847 3852 911 3904 ad
960 3852 1221 3917 mediam,
1272 3864 1326 3908 et
1372 3854 1452 3909 sic
1500 3854 1752 3921 paulatim
1802 3853 1974 3908 donec

385 3942 732 4016 pervenietur
758 3958 924 4014 usque
950 3944 1016 3998 ad
1030 3954 1247 4015 partem
1275 3947 1517 4003 materia:
1549 3946 1810 4002 infimam.
1843 3947 1973 4016 Quae

384 4036 509 4106 quia
541 4036 899 4093 remotissima
934 4047 1019 4095 est
1046 4054 1077 4094 a
1109 4039 1254 4094 fonte
1283 4040 1533 4110 luminis,
1566 4042 1747 4098 lumen
1776 4042 1973 4097 debili-

384 4142 526 4188 tatur
552 4132 606 4188 in
630 4132 742 4201 illa,
767 4149 865 4189 nec
892 4145 1069 4190 tamen
1094 4135 1216 4202 hoc,
1240 4136 1379 4190 sicut
1396 4136 1597 4192 dictum
1617 4146 1723 4203 est,
1752 4143 1969 4207 propter

385 4226 566 4282 lumen
594 4226 648 4280 in
687 4241 779 4291 se,
810 4226 905 4282 sed
937 4238 1155 4297 propter
1181 4229 1400 4283 multam
1427 4229 1766 4285 debilitatem
1796 4240 1852 4289 et
1877 4230 1974 4285 ob-

384 4318 693 4374 sc‘uritatem
750 4321 991 4373 materiae
1048 4319 1102 4373 in
1150 4333 1229 4374 se.
1282 4320 1742 4387 Quemadmodum
1792 4321 1975 4377 lumen

388 4409 547 4474 so'is,
576 4425 697 4464 cum
728 4408 1054 4462 admiscetur
1086 4410 1374 4465 tenebroso
1405 4412 1550 4478 aeri,
1582 4426 1689 4467 non
1718 4421 1803 4467 est
1830 4412 1976 4468 illius

390 4499 597 4554 virtutis
622 4499 775 4569 cujus
807 4507 886 4554 est
916 4498 1205 4553 adtnistum
1235 4500 1383 4556 claro
1428 4503 1575 4566 aeri;
1609 4504 1693 4558 vel
1719 4503 1977 4573 quemad—

388 4594 607 4648 modum
657 4609 864 4662 pannus
902 4594 1055 4649 albus
1106 4594 1449 4650 tenuissimus
1492 4612 1613 4652 cum
1664 4598 1903 4653 induitur
1946 4614 1976 4652 a

2063 2008 2259 2054 cuntur
2302 2014 2465 2054 unum
2512 2000 2755 2065 ratione,
2796 1999 2893 2055 sed
2926 2000 3025 2055 hoc
3056 2000 3268 2055 duobus
3295 1999 3501 2063 modis,
3531 1998 3656 2067 quia

2064 2092 2275 2147 ratione
2304 2092 2599 2158 consortii,
2631 2100 2690 2147 ut
2717 2094 2856 2157 ens',
2890 2091 3195 2147 intellectus
3221 2102 3276 2147 et
3305 2105 3393 2146 res
3412 2128 3428 2158 ,
3460 2088 3659 2158 aliquid

2064 2195 2119 2239 et
2150 2184 2471 2238 vocabulum
2504 2199 2666 2238 unum
2715 2199 2919 2253 genus;
2945 2184 3029 2240 vel
3063 2185 3272 2239 ratione
3304 2182 3461 2236 unius
3482 2195 3660 2235 sacra-

2066 2275 2264 2340 menti,
2298 2283 2356 2328 ut
2392 2274 2635 2344 spiritus,
2682 2290 2817 2344 aqua
2862 2285 2915 2330 et
2944 2274 3163 2344 sanguis
3192 2274 3444 2329 dicuntur
3472 2287 3657 2326 unum.

2068 2368 2187 2422 Alia
2216 2366 2469 2423 dicuntur
2499 2377 2685 2423 natura
2715 2382 2877 2422 unum
2899 2411 2916 2435 ,
2942 2375 3001 2423 ut
3027 2366 3437 2436 particlpatione
3463 2364 3663 2436 speciei

2068 2461 2249 2533 plures
2289 2460 2532 2517 homines
2574 2476 2729 2517 unus.
2778 2459 2895 2515 Alia
2939 2459 3193 2515 dicuntur
3233 2473 3400 2514 unum
3445 2458 3664 2517 natione

2068 2555 2153 2610 vel
2195 2554 2409 2625 lingua,
2449 2562 2506 2608 ut
2535 2553 2688 2609 multi
2730 2552 2976 2608 homines
3006 2551 3258 2608 dicuntur
3290 2566 3397 2606 una
3423 2565 3554 2622 gens
3576 2550 3666 2610 vel

2070 2662 2174 2702 una
2205 2647 2398 2702 tribus.
2429 2644 2545 2700 Alia
2575 2646 2828 2703 dicuntur
2854 2660 3017 2700 unum
3048 2658 3231 2713 more,
3259 2644 3353 2699 sed
3391 2644 3495 2699 hoc
3530 2642 3663 2699 duo-

2070 2740 2171 2796 bus
2210 2738 2414 2805 modis,
2459 2737 2545 2793 vel
2582 2738 2704 2807 quia
2746 2736 3041 2793 secundum
3094 2750 3419 2792 consensum
3455 2736 3665 2792 virtutis

2073 2842 2127 2887 et
2156 2830 2496 2895 dilectionis,
2528 2839 2587 2885 ut
2627 2828 2986 2886 multitudinis
3028 2829 3362 2883 credentium
3410 2837 3527 2883 erat
3569 2842 3664 2884 cor

2074 2938 2239 2977 unum
2269 2933 2323 2978 et
2350 2922 2549 2978 anima.
2581 2920 2679 2977 Vel
2732 2919 3028 2976 secundum
3060 2934 3383 2975 consensum
3422 2916 3666 2988 ejusdem

2076 3016 2190 3069 vitii
2224 3016 2404 3085 plures
2429 3015 2680 3069 homines
2710 3014 2965 3068 dicuntur
2993 3028 3156 3067 unum
3178 3055 3193 3080 ,
3226 3021 3284 3067 ut
3306 3012 3397 3083 qui
3423 3011 3665 3071 adhaeret

2079 3108 2348 3163 meretrici
2375 3122 2536 3162 unum
2567 3120 2763 3177 corpus
2794 3104 3046 3161 efﬁcitur.
3081 3104 3172 3160 Sic
3197 3104 3373 3159 omnia
3401 3105 3663 3161 unitatem

2078 3210 2374 3271 appetunt,
2412 3209 2468 3254 ttt
2509 3200 2670 3259 etiam
2716 3213 2777 3253 ea
2815 3196 2981 3252 multa
3021 3205 3145 3251 sunt
3183 3210 3301 3265 quae
3347 3211 3511 3253 unum
3553 3196 3663 3254 dici

2075 3294 2282 3350 volunt.
2316 3291 2664 3360 Quaecunque
2713 3290 2856 3344 enim
2902 3302 3027 3347 sunt
3076 3291 3215 3346 idem
3256 3288 3396 3361 quod
3441 3298 3564 3344 sunt
3606 3297 3666 3345 ut

2073 3401 2203 3441 vera
2247 3385 2448 3439 unitate
2478 3397 2600 3439 esse
2630 3391 2895 3447 nituntur,
2927 3391 2986 3438 ut
3008 3397 3127 3439 eam
3155 3381 3459 3438 simulando
3488 3379 3665 3436 nitun—

2076 3485 2184 3530 tur.
2235 3472 2502 3543 Quidquid
2555 3473 2701 3529 enim
2749 3472 2831 3527 vel
2883 3482 2967 3529 est
3014 3488 3211 3538 unum,
3255 3471 3341 3528 vel
3377 3480 3461 3527 est
3490 3470 3664 3541 plura.

2076 3556 2363 3622 Pluralitas
2402 3576 2581 3621 autem
2612 3580 2718 3621 non
2748 3574 2831 3621 est
2856 3565 2959 3621 nisi
2990 3580 3058 3621 ex
3082 3565 3457 3636 aggregatione
3487 3564 3665 3618 unita-

2077 3669 2190 3717 tum
2219 3676 2235 3718 :
2264 3675 2384 3730 qua:
2413 3659 2649 3715 unitates
2671 3658 2718 3714 si
2747 3668 2873 3714 sunt
2910 3660 3253 3730 disgregatae,
3290 3657 3494 3713 faciunt
3523 3656 3665 3713 mul-

2079 3751 2391 3817 titudinem;
2432 3752 2513 3806 sin
2564 3765 2692 3806 vero
2734 3749 2933 3806 fuerint
2971 3750 3242 3805 continuat
3292 3749 3345 3803 in
3396 3747 3662 3811 materia,

2079 3848 2285 3903 faciunt
2342 3844 2784 3915 magnitudinem.
2857 3844 3193 3914 Quapmpter
3250 3842 3390 3897 inter
3440 3842 3670 3896 unitates

2079 3939 2395 4011 quantitatis
2429 3939 2676 3993 discretae
2707 3946 2761 3992 et
2802 3936 3032 3991 unitates
3061 3933 3375 4005 quantitatis
3402 3932 3671 3988 continua:

2079 4031 2423 4088 subsistentis
2458 4030 2511 4085 in
2552 4028 2773 4084 materia
2804 4027 2937 4081 nihil
2974 4025 3225 4093 interest,
3266 4023 3392 4095 quia
3423 4022 3528 4079 illae
3557 4023 3669 4078 dis-

2079 4133 2313 4195 gregataa
2333 4131 2459 4178 sunt
2477 4130 2535 4178 et
2561 4122 2667 4176 illa:
2695 4121 2984 4177 continua.
3018 4120 3341 4175 Continuam
3363 4132 3540 4189 genus
3564 4130 3673 4172 non

2077 4226 2162 4273 est
2205 4217 2304 4272 nisi
2352 4231 2417 4271 ex
2459 4215 2726 4280 discreto,
2772 4212 2896 4284 quia
2946 4211 3254 4267 intellectus
3302 4208 3675 4265 continuitatis

2078 4326 2185 4366 non
2215 4319 2299 4366 est
2328 4312 2379 4365 in
2407 4310 2693 4377 continuo,
2723 4308 2824 4363 nisi
2853 4306 3187 4363 continuatio
3220 4303 3672 4377 disgregatorum.

2080 4404 2151 4457 At
2174 4411 2393 4472 propter
2426 4401 2530 4457 hoc
2556 4415 2781 4457 necesse
2802 4408 2887 4456 est
2917 4408 2975 4453 ut
2998 4398 3253 4454 continua
3274 4396 3545 4465 quantitas
3571 4407 3677 4449 non

2082 4494 2335 4549 adveniat
2382 4492 2436 4547 in
2488 4492 2784 4547 substantia
2835 4490 2937 4543 nisi
2983 4504 3048 4543 ex
3100 4486 3412 4541 unitatibus.
3455 4484 3679 4551 Quando

2083 4588 2227 4642 enim
2259 4583 2799 4657 partetnjquantitatis
2825 4578 3148 4649 signaveris,
3178 4590 3400 4632 necesse
3426 4582 3509 4629 est
3538 4582 3594 4628 ut
3614 4574 3681 4636 sit

391 4701 620 4756 corpore
658 4650 814 4756 bigro
845 4688 1142 4743 occultatur
1168 4686 1373 4743 candor
1400 4650 1516 4758 ejus
1557 4650 1979 4759 propter-“apii...
2003 4650 2063 4712 υ
2092 4650 2368 4731 unum—vel
2401 4650 2571 4742 plura.
2601 4670 2707 4726 Sed
2735 4668 2910 4722 omnis
2937 4666 3215 4759 pluralitas
3242 4664 3321 4759 (ut
3344 4664 3545 4759 dictum
3570 4661 3677 4759 estj

391 4780 625 4833 dantiatn
668 4780 992 4851 nigredinis;
1028 4782 1109 4837 vel
1156 4784 1605 4854 quemadmodum
1650 4784 1695 4838 si
1746 4793 1852 4841 tres
1897 4787 2009 4851 vel

394 4872 577 4943 plures
619 4875 863 4929 fenestrae
899 4874 1081 4930 vitreae
1114 4891 1214 4930 una
1263 4886 1381 4944 post
1417 4875 1577 4931 aliam
1608 4886 1756 4933 recte
1793 4886 1981 4934 contra

393 4966 600 5019 radium
632 4966 762 5021 solis
804 4966 1159 5037 diSponantur
1206 4968 1258 5022 in
1307 4968 1528 5037 ordine,
1570 4978 1781 5026 constat
1818 4970 1983 5042 siqui-

395 5062 516 5118 dem
540 5064 680 5134 qttod
703 5065 936 5120 secunda
958 5065 1134 5120 minus
1158 5066 1351 5137 recipit
1370 5067 1586 5122 luminis
1604 5082 1762 5137 quam
1785 5068 1979 5136 prima,

396 5162 451 5208 et
472 5154 625 5209 tertia
655 5155 832 5209 minus
862 5172 1019 5225 quam
1057 5156 1289 5213 secunda
1315 5176 1329 5223 ;
1360 5167 1413 5214 et
1438 5158 1517 5213 sic
1549 5173 1717 5230 usque
1748 5159 1814 5214 ad
1856 5161 1983 5215 ulti-

398 5264 538 5303 mam
573 5250 629 5305 lit
660 5250 900 5307 defectus
938 5250 1157 5306 luminis
1186 5268 1291 5306 non
1333 5261 1551 5322 propter
1594 5253 1773 5308 lumen
1810 5254 1861 5309 in
1890 5269 1983 5323 se,

398 5343 491 5397 sed
520 5356 735 5414 propter
762 5343 1155 5414 elongationem
1190 5343 1440 5402 fenestra:
1471 5345 1659 5403 vitreas
1689 5363 1719 5403 a
1754 5348 1983 5405 lumine:

398 5432 469 5488 ita
500 5445 554 5488 ut
582 5434 758 5488 lumen
788 5433 979 5489 formae
1016 5435 1238 5491 unitatis
1261 5434 1404 5505 quod
1434 5434 1667 5490 infusum
1711 5447 1793 5493 est
1820 5450 1989 5494 mate-

395 5526 491 5581 riae
513 5525 890 5583 descendendo
915 5527 1007 5582 fiat
1029 5526 1208 5585 debile
1233 5534 1289 5585 et
1312 5527 1627 5597 obscurum,
1660 5529 1731 5585 ita
1759 5529 1991 5600 primum

397 5617 512 5685 ejus
537 5617 762 5673 multum
783 5620 1053 5690 discrepet
1072 5637 1099 5674 a
1127 5620 1326 5687 medio,
1355 5630 1408 5676 et
1428 5621 1664 5678 medium
1689 5621 1756 5675 ab
1778 5622 1991 5687 ultimo,

398 5715 454 5762 et
496 5718 715 5780 propter
764 5712 901 5767 hanc
940 5710 1306 5767 diversitatem
1358 5712 1546 5766 formae
1594 5712 1848 5777 unitatis,
1886 5727 1991 5767 non

400 5803 508 5843 uno
540 5792 728 5855 modo,
764 5792 858 5846 sed
900 5792 1167 5862 pluribus,
1192 5793 1389 5849 dicitur
1433 5794 1631 5865 aliquid
1680 5793 1745 5847 ab
1792 5792 1993 5850 unitate

402 5892 589 5937 unum.
636 5882 810 5940 Unum
860 5882 1005 5939 enim
1046 5884 1189 5943 aliud
1236 5892 1320 5940 est
1363 5886 1613 5939 essentia:
1654 5883 1993 5955 simplicitate

2091 4786 2155 4823 ex
2201 4765 2495 4821 unitatibus
2535 4774 2639 4818 est.
2673 4761 2826 4817 Unde
2857 4768 3043 4829 aperte
3087 4758 3243 4813 datur
3274 4756 3491 4827 intelligi
3536 4754 3681 4825 quod

2089 4863 2336 4918 discreta:
2371 4867 2426 4915 et
2468 4857 2736 4913 continua:
2779 4851 3093 4922 quantitatis
3136 4850 3291 4907 radix
3335 4864 3436 4904 una
3474 4857 3582 4914 est,
3615 4862 3681 4904 eo

2090 4963 2235 5037 quod
2267 4960 2566 5031 composita
2614 4966 2741 5013 sunt
2784 4971 2850 5013 ex
2881 4970 2982 5011 una
3024 4970 3114 5022 re,
3144 4963 3199 5010 et
3238 4952 3577 5010 resolvuntur
3614 4952 3683 5009 ad

2094 5080 2283 5123 unum.
2316 5064 2384 5119 Et
2414 5062 2572 5117 etiam
2604 5061 2729 5132 quia
2758 5058 3003 5129 corporis
3035 5066 3215 5129 partes
3241 5070 3349 5126 quo
3377 5054 3545 5126 magis
3571 5053 3683 5109 fue-

2100 5172 2210 5226 rint
2238 5169 2339 5224 sibi
2368 5165 2669 5236 conjuncta:
2700 5173 2754 5219 et
2780 5162 3117 5229 constrictae,
3149 5160 3324 5231 ipsum
3359 5172 3554 5227 corpus
3583 5156 3685 5215 erit

2098 5272 2325 5344 spissius
2347 5278 2403 5324 et
2428 5266 2598 5337 magis
2623 5272 2899 5337 quantum,
2938 5271 2996 5317 ut
3031 5261 3254 5333 lapidis;
3281 5270 3335 5315 et
3354 5274 3385 5315 e
3424 5273 3685 5315 converso

2093 5390 2201 5446 quo
2228 5372 2399 5442 magis
2428 5369 2629 5425 fuerint
2654 5376 2837 5438 partes
2863 5366 3107 5435 corporis
3136 5364 3413 5420 dissolutae
3440 5370 3497 5416 et
3531 5361 3687 5427 latas,

2094 5475 2273 5545 ipsum
2303 5472 2407 5529 erit
2450 5469 2701 5526 subtilius
2740 5476 2795 5524 et
2824 5466 2995 5523 levius
3026 5475 3082 5522 et
3108 5466 3283 5520 minus
3314 5471 3591 5535 quantum,
3625 5469 3685 5517 ut

2098 5592 2215 5632 aer.
2259 5574 2456 5631 Verum
2497 5579 2581 5628 est
2615 5570 2775 5640 igitur
2809 5566 2958 5638 quod
2997 5568 3250 5622 continua
3276 5564 3545 5635 quantitas
3578 5575 3687 5621 non

2099 5678 2252 5735 venit
2281 5676 2335 5732 in
2367 5675 2754 5740 substantiam,
2782 5672 2884 5727 nisi
2926 5684 2991 5726 ex
3034 5669 3411 5739 conjunctione
3458 5675 3513 5723 et
3557 5680 3688 5725 con.

2100 5781 2393 5838 structione
2444 5779 2705 5836 unitatum
2759 5776 2814 5831 in
2862 5774 2971 5830 illa.
3024 5771 3213 5830 Unitas
3253 5772 3415 5843 igitur
3458 5780 3538 5827 est
3582 5784 3689 5845 qua

2096 5896 2427 5955 unaquaeque
2458 5894 2545 5937 res
2572 5892 2676 5935 una
2700 5885 2815 5945 est,
2845 5883 2901 5931 et
2926 5882 3009 5930 est
3038 5873 3092 5929 id
3122 5874 3263 5945 quod
3293 5882 3375 5929 est
