4202 6250
585 363 727 424 1079

1425 465 1804 512 M

689 495 1298 508 mm

1152 596 1425 702 AN.
1561 594 2055 697 MANL.

1804 354 1917 411 AN.
1959 330 2167 413 MA'NL.
2204 353 2354 412 sev.
2399 350 2623 409 somn
2714 380 2719 393 κ

2198 587 2549 694 SEV.

3725 346 3887 407 1080

2623 461 3883 513 W

2686 586 3229 695 ΒΟΕΤΙΙ

1427 808 1667 930 DE
1758 800 3024 931 ARITHMETICA

1955 1019 2221 1099 LIBRI
2252 1020 2495 1113 DUO,

1187 1174 1579 1236 PREFATIO.

652 1272 722 1328 In
742 1272 930 1327 dandis
951 1270 1366 1343 accipiendisque
1391 1270 1706 1339 muneribus,
1735 1272 1807 1325 ita
1833 1277 1967 1326 recte
1988 1271 2170 1341 ofﬁcia,

581 1366 839 1434 vracipue
881 1365 1016 1418 inter
1047 1380 1134 1419 eos
1161 1366 1251 1433 qui
1277 1380 1383 1417 sese
1413 1363 1802 1435 magnifaciunt,
1833 1364 2172 1431 aestimantur,

579 1459 626 1513 si
669 1458 863 1528 liquido
902 1456 1171 1522 constabit,
1218 1473 1307 1510 nec
1335 1456 1397 1509 ab
1427 1455 1525 1510 hoc
1560 1456 1706 1509 aliud
1731 1458 1867 1527 quod
1914 1456 2175 1511 liberalius

579 1549 789 1617 afferret
812 1552 1089 1622 inventum,
1111 1565 1201 1603 nec
1229 1549 1292 1601 ab
1321 1547 1413 1601 illo
1443 1564 1689 1618 unquam,
1713 1550 1851 1619 quod
1886 1549 2174 1629 jucundius

580 1642 924 1697 benevolentia
955 1642 1369 1712 complecteretur
1398 1651 1678 1711 acceptum.
1708 1640 1836 1695 Παίς
1865 1641 1975 1709 ipse
2002 1642 2171 1695 consi-

580 1736 787 1799 derans,
822 1732 971 1787 attuli
992 1749 1093 1786 non
1120 1732 1303 1803 ignava
1332 1748 1484 1801 apum
1516 1732 1768 1803 pondera,
1798 1732 1979 1801 quibus
2004 1732 2073 1785 ad
2092 1736 2175 1802 fa-

579 1829 725 1882 cinus
753 1826 882 1881 nihil
908 1827 1207 1880 instructius
1232 1834 1326 1893 est,
1359 1841 1474 1879 cum
1500 1825 1719 1879 habendi
1744 1825 1855 1879 sitis
1882 1825 2169 1879 incanduit.

578 1922 661 1977 Ad
689 1922 925 1975 meritum
950 1919 1082 1973 nihil
1109 1919 1282 1985 vilius,
1314 1935 1430 1973 cum
1458 1934 1517 1973 ea
1546 1918 1645 1971 sibi
1668 1919 1826 1972 victor
1848 1918 2047 1971 animus
2068 1918 2174 1971 cal-

578 2023 696 2067 cata
723 2013 957 2083 subjecit,
981 2012 1069 2065 sed
1096 2028 1156 2065 ea
1183 2028 1297 2082 qute
1321 2028 1384 2065 ea;
1413 2010 1711 2065 Grascarum
1742 2009 2004 2081 apulentia
2034 2011 2172 2064 litte-

578 2105 843 2171 rarum,in
868 2103 1114 2159 Romanae
1135 2106 1380 2158 orationis
1402 2106 1701 2159 thesaurum
1721 2113 1923 2174 sumpta
1942 2105 2176 2157 convexi-

579 2214 713 2251 mus.
739 2196 825 2252 Ita
855 2199 989 2250 enim
1016 2198 1113 2251 mei
1140 2212 1335 2265 quoque
1362 2198 1531 2261 operis
1556 2196 1681 2249 mihi
1692 2197 1821 2249 ratio
1844 2196 2175 2260 constabit,si

580 2306 696 2359 qua:
724 2306 788 2344 ex
812 2290 1076 2361 sapientia:
1104 2289 1351 2341 doctrinis
1382 2288 1555 2350 elicui,
1586 2288 1949 2358 sapientissimi
1970 2287 2173 2360 judicio

580 2381 994 2451 comprobentur.
1037 2378 1189 2433 Vides
1221 2379 1379 2450 igitur
1406 2387 1461 2432 ut
1490 2388 1594 2431 tam
1617 2380 1791 2449 magni
1826 2379 2016 2435 laboris
2045 2378 2171 2446 effe-

579 2480 713 2539 ctus,
741 2484 884 2526 tuum
914 2482 1111 2526 tantum
1134 2480 1389 2541 εωδρεσεει
1407 2486 1644 2536 examen,
1676 2486 1765 2524 nec
1795 2471 1847 2523 in
1877 2487 2027 2525 aures
2054 2488 2173 2539 pro-

2199 1176 2257 1239 Α
2280 1181 2414 1232 enim
2455 1177 2549 1229 hoc
2579 1174 2839 1244 judicium
2870 1174 3046 1229 multis
3080 1174 3273 1228 artibus
3308 1174 3545 1246 probetur
3585 1178 3879 1247 excultum,

2278 1290 2381 1329 uno
2422 1282 2591 1327 tamen
2632 1272 2920 1326 cumulatur
2953 1270 3203 1325 examine.
3244 1270 3526 1340 Experiere
3555 1271 3713 1341 igitur
3757 1274 3881 1326 licet

2277 1376 2527 1437 quantum
2556 1364 2697 1419 nobis
2725 1364 2777 1417 in
2809 1364 2902 1417 hoc
2942 1364 3116 1417 studio
3148 1362 3314 1434 longis
3353 1370 3545 1416 tractus
3574 1364 3691 1415 otiis
3728 1363 3880 1418 labor

2276 1460 2547 1532 adjecerit.
2573 1459 2651 1511 An
2682 1474 2857 1511 rerum
2884 1456 3144 1511 subtiliunt
3182 1457 3333 1527 fugas
3367 1458 3660 1511 exercitata:
3690 1461 3879 1513 mentis

2276 1552 2512 1606 velocitas
2534 1548 2954 1620 comprehendat?
2974 1547 3155 1602 Utrum
3170 1549 3369 1618 jejuna:
3392 1549 3576 1601 macies
3598 1550 3880 1618 orationis,

2277 1644 2347 1697 ad
2373 1660 2434 1697 ea
2462 1658 2577 1712 qua:
2606 1649 2722 1695 sunt
2749 1640 3090 1711 caligantibus
3125 1639 3371 1709 impedita
3400 1640 3685 1703 sententiis,
3718 1656 3881 1710 τινες

2277 1736 2464 1789 dienda
2491 1735 2747 1804 sufficiat?
2779 1734 2895 1799 Qua
2924 1735 2975 1787 in
3012 1750 3069 1787 re
3102 1732 3225 1786 mihi
3259 1731 3419 1786 alieni
3444 1749 3644 1803 quoque
3678 1734 3878 1804 judicii

2277 1829 2422 1882 lucra
2452 1834 2773 1895 quazruntur,
2808 1841 2923 1878 cum
2963 1833 3041 1889 tu,
3066 1832 3395 1892 utrarumth
3422 1824 3760 1891 peritissimus
3792 1824 3880 1875 lit.

2278 1926 2526 1985 terarum,
2552 1917 2717 1986 possis
2739 1915 2917 1969 Graia:
2943 1915 3190 1969 orationis
3212 1915 3520 1984 expertibus,
3543 1924 3797 1985 quantum
3818 1916 3880 1969 de

2277 2013 2420 2066 nobis
2452 2012 2693 2085 judicare
2743 2010 3000 2074 audeant,
3053 2010 3165 2062 sola
3215 2017 3411 2061 tantum
3457 2009 3880 2078 pronuntiatione

2276 2104 2621 2173 prtescribere.
2650 2104 2713 2157 At
2740 2119 2845 2156 non
2873 2102 3081 2156 alterius
3112 2101 3359 2155 obnoxius
3389 2102 3661 2167 institutis,
3693 2104 3878 2157 arctis-

2275 2198 2405 2252 sima
2433 2197 2726 2260 memetipse
2756 2195 3108 2249 translationis
3140 2195 3248 2263 lege
3277 2194 3589 2269 constringo,
3628 2195 3716 2247 sed
3750 2211 3879 2263 pau-

2277 2291 2442 2345 lulum
2470 2290 2673 2344 liberius
2700 2295 2958 2358 evagatus,
2988 2286 3155 2340 alieno
3185 2286 3375 2349 itineri,
3407 2302 3507 2339 non
3544 2286 3771 2358 vestigiis
3798 2288 3879 2341 in-

2278 2386 2424 2439 sisto.
2454 2384 2592 2436 Nam
2619 2392 2665 2436 et
2692 2399 2751 2436 ea
2771 2399 2882 2449 qua:
2905 2382 2967 2435 de
2988 2382 3211 2435 numeris
3236 2398 3265 2433 a
3293 2379 3609 2435 Nicomacho
3630 2380 3877 2448 diffusius

2278 2478 2538 2549 disputata
2559 2485 2697 2542 sunt,
2714 2477 2979 2528 moderata
3006 2474 3248 2527 brevitate
3273 2471 3475 2544 collegi.
3499 2471 3565 2525 Et
3581 2480 3879 2541 quwtrans-

580 2566 693 2619 dire
718 2565 970 2635 publicas,
992 2566 1090 2617 nisi
1112 2566 1275 2617 doctte
1294 2564 1555 2617 sententia:
1574 2563 1935 2633 astipulatione
1955 2564 2173 2620 nitatur.
2201 2555 2251 2617 Β
2279 2586 2427 2625 cursu
2484 2568 2710 2621 velocius
2759 2569 3105 2639 angustiorem
3163 2565 3514 2637 intelligentiae
3564 2565 3878 2633 prwstabant

580 2657 650 2713 In
676 2675 780 2729 quo
810 2658 940 2712 nihil
979 2657 1166 2710 mirum
1205 2657 1367 2710 videri
1406 2655 1571 2721 debet,
1614 2671 1730 2709 cum
1772 2656 1828 2709 id
1868 2671 1996 2724 opus
2036 2656 2173 2725 quod

580 2749 847 2821 sapientiae
886 2749 1089 2802 inventa
1118 2748 1460 2818 persequitur,
1499 2762 1603 2800 non
1639 2748 1860 2801 auctoris
1890 2747 1978 2800 sed
2004 2746 2175 2801 alieno

480 2852 483 2853 '
580 2842 829 2896 incumbit
858 2841 1089 2895 arbitrio.
1124 2841 1248 2895 Suis
1275 2842 1462 2911 quippe
1484 2843 1833 2895 instrumentis
1855 2857 1933 2894 res
1960 2841 2176 2896 rationis

580 2935 914 3005 expenditur,
940 2950 1056 2988 cum
1076 2934 1335 3006 judicium
1356 2933 1555 3003 cogitur
1574 2934 1741 2987 subire
1763 2934 2047 3004 prudentis.
2070 2931 2176 2988 Sed

580 3026 701 3080 huic
724 3026 1053 3092 munusculo,
1086 3042 1187 3079 non
1213 3026 1389 3079 eadem
1410 3042 1524 3095 qua:
1544 3026 1738 3079 caeteris
1764 3027 2025 3079 imminent
2051 3026 2177 3079 arti-

581 3118 676 3173 bus
715 3119 1031 3173 munimenta
1070 3118 1341 3172 constituo.
1395 3116 1572 3187 Neque
1612 3117 1743 3170 enim
1787 3118 1892 3188 fere
1928 3116 2056 3182 ulla,
2103 3118 2176 3170 sic

582 3210 779 3267 cunctis
808 3210 1047 3266 absoluta
1088 3212 1338 3281 partibus,
1373 3210 1568 3265 nullius
1596 3212 1797 3282 indiga,
1831 3212 1936 3265 suis
1976 3221 2177 3263 tantum

581 3314 657 3360 est
697 3305 913 3359 scientia
951 3305 1074 3358 nixa
1118 3305 1396 3374 priesidiis,
1430 3316 1486 3358 ut
1516 3320 1615 3357 non
1653 3315 1952 3358 cwterarum
1981 3319 2177 3373 quoque

582 3398 776 3451 artium
813 3396 1121 3466 adjumenta
1149 3396 1423 3449 desideret.
1463 3394 1603 3447 Nam
1632 3396 1684 3448 in
1728 3395 2009 3464 effigiandis
2040 3409 2176 3446 utar-

582 3502 726 3540 more
750 3486 960 3549 statuis,
982 3484 1116 3537 alius
1144 3485 1435 3537 excidenda:
1463 3486 1610 3538 molis
1640 3484 1783 3538 labor
1811 3496 1903 3550 est,
1935 3485 2041 3538 alia
2072 3485 2178 3553 for-

584 3577 788 3629 manda:
827 3574 1069 3643 imaginis
1103 3575 1255 3627 ratio.
1306 3573 1419 3627 Nec
1457 3576 1688 3639 eiusdem
1731 3575 1944 3643 artificis
1973 3570 2173 3641 manus,

584 3668 737 3738 politi
776 3666 944 3737 operis
975 3666 1109 3720 nitor
1136 3676 1413 3735 exspectat.
1462 3670 1532 3721 Ac
1573 3668 1907 3739 depingendte
1944 3672 2179 3727 manibus

586 3762 776 3817 tabula:
805 3760 1089 3815 commissa:
1117 3760 1402 3827 fabrorum,
1436 3778 1581 3815 θωνα»
1611 3764 1804 3816 rustica
1834 3764 2180 3820 observatione

586 3856 859 3925 decerptus,
891 3851 1121 3907 colorum
1153 3855 1260 3921 fuci
1283 3863 1621 3908 mercatorum
1649 3854 1859 3908 solertia
1891 3857 2175 3924 perquisiti,

587 3950 745 4004 lintea
767 3953 992 4020 Operosis
1012 3951 1273 4007 elaborata
1294 3949 1544 4014 textrinis,
1562 3948 1895 4016 multiplicem
1917 3949 2179 4007 materiam

545 4046 555 4057 '
586 4049 854 4110 pra'stant.
895 4040 1083 4095 Nonne
1122 4043 1257 4095 idem
1290 4056 1490 4113 quoque
1516 4041 1570 4094 in
1613 4039 1859 4093 bellorum
1889 4040 2066 4107 visitur
2094 4040 2177 4091 iu-

587 4130 923 4186 strumentis?
962 4130 1066 4184 Hic
1102 4132 1300 4201 spicula
1335 4132 1535 4202 sagittis
1580 4131 1813 4197 exacuit,
1859 4131 1937 4184 illi
1978 4130 2177 4183 validus

588 4223 775 4277 thorax
816 4221 963 4291 nigra
1004 4222 1156 4290 gemit
1193 4220 1399 4275 incude.
1446 4222 1533 4275 Ast
1572 4222 1706 4275 alius
1752 4221 1899 4274 crudi
1942 4219 2176 4273 umbonis

588 4314 832 4384 tegmina,
863 4312 1058 4383 praprii
1090 4311 1281 4366 laboris
1319 4312 1427 4365 orbi
1466 4311 1728 4381 infigenda
1769 4321 2037 4376 mercatur,
2072 4320 2173 4363 tam

588 4405 761 4459 multis
800 4406 995 4461 artibus
1040 4422 1126 4461 ars
1170 4422 1273 4460 una
1318 4404 1599 4473 perﬁcitur.
1650 4405 1738 4457 Ast
1791 4406 1949 4458 nostri
1988 4404 2176 4458 laboris

589 4498 842 4553 absolutio
872 4499 1019 4571 longe
1044 4499 1111 4552 ad
1152 4497 1434 4569 faciliorem
1465 4498 1623 4550 currit
1653 4505 1901 4551 eventum.
1932 4494 2013 4549 Tu
2042 4496 2175 4549 enim

590 4590 731 4643 solus
760 4606 969 4645 manum
998 4605 1233 4661 supremo
1264 4589 1405 4660 aperi
1432 4590 1677 4658 impones,
1717 4589 1771 4641 in
1804 4604 1901 4657 quo
1944 4586 2079 4640 nihil
2116 4587 2179 4640 de

593 4681 971 4737 decernentium
1000 4699 1200 4737 necesse
1229 4691 1302 4755 est
1333 4683 1568 4735 laborare
1596 4697 1862 4736 consensu.
1894 4679 2179 4745 Quamlibet

2276 2665 2498 2728 aditum,
2541 2661 2787 2716 mediocri
2816 2661 3104 2734 adfectione
3134 2660 3374 2728 reseravi,
3415 2668 3471 2712 ut
3497 2659 3779 2729 aliquando
3808 2659 3878 2713 ad

2277 2756 2579 2810 evidentiam
2608 2768 2801 2822 rerum,
2835 2753 3022 2807 nostris
3045 2752 3197 2805 etiam
3228 2752 3464 2821 formulis
3490 2768 3551 2804 ac
3572 2753 3877 2821 descriptio-

2276 2849 2423 2903 nibus
2466 2856 2745 2901 uteremur.
2790 2844 2940 2910 Quod
2978 2844 3123 2897 nobis
3152 2843 3354 2912 quantis
3383 2843 3571 2915 vigiliis
3600 2859 3655 2896 ac
3681 2844 3878 2899 sudore

2277 2940 2591 3000 constiterit,
2625 2935 2780 3006 facile
2820 2936 3020 2990 sobrius
3050 2936 3209 2988 lector
3248 2944 3507 3005 agnoscet.
3556 2935 3681 2989 Cum
3710 2936 3873 3007 igitur

2276 3041 2491 3102 quatuor
2516 3031 2798 3083 matheseos
2828 3026 3246 3097 disciplinarum,
3291 3027 3353 3079 de
3379 3025 3719 3093 arithmetica,
3753 3043 3870 3097 qua:

2278 3132 2351 3177 est
2383 3124 2568 3193 prima,
2603 3119 2981 3188 prwscriberem
3004 3159 3020 3186 ,
3054 3129 3108 3171 tu
3137 3126 3337 3174 tantum
3367 3118 3551 3189 dignus
3578 3132 3638 3171 eo
3670 3134 3876 3172 munere

2278 3213 2534 3275 videbare,
2564 3227 2721 3281 eoque
2754 3210 2916 3281 magis
2944 3210 2998 3262 in
3023 3218 3192 3262 errato
3219 3223 3345 3278 Opus
3372 3224 3481 3261 esse
3504 3206 3869 3277 intelligebam.

2281 3304 2421 3359 Nam
2460 3305 2555 3358 etsi
2590 3304 2727 3375 apud
2772 3311 2821 3356 te
2848 3299 3018 3372 facilis
3045 3300 3213 3353 venire
3238 3300 3381 3353 locus
3412 3308 3558 3363 esset,
3593 3300 3874 3366 aliquando

2280 3408 2447 3450 tamen
2473 3397 2641 3464 ipsam
2678 3391 2993 3461 formidabat
3020 3390 3313 3461 facilitatem
3341 3399 3571 3459 suspecta
3599 3392 3875 3448 securitas.

2280 3487 2583 3541 Arbitrabar
2631 3486 2765 3540 enim
2810 3482 2943 3538 nihil
2989 3489 3145 3535 tautae
3195 3483 3487 3536 reverentia?
3535 3481 3762 3534 oblatum
3810 3482 3876 3534 iri

2282 3588 2535 3650 oportere,
2573 3578 2707 3647 quod
2737 3593 2838 3632 non
2861 3575 3173 3630 elaboratum
3204 3574 3433 3644 ingenio,
3463 3575 3739 3644 perfectum
3765 3583 3877 3627 stu-

2282 3677 2387 3740 dio,
2435 3676 2649 3746 dignum
2676 3682 2929 3738 postremo
2958 3679 3098 3725 tanto
3121 3670 3224 3724 otio
3252 3670 3529 3725 videretur.
3566 3670 3689 3725 Non
3719 3672 3876 3742 igitur

2282 3768 2485 3838 ambigo
2514 3768 2633 3837 quin
2663 3783 2757 3838 pro
2780 3775 2865 3819 tua
2891 3766 2946 3819 in
2976 3780 3056 3818 me
3081 3763 3423 3818 benevolentia
3453 3781 3765 3834 supervacua
3787 3782 3874 3819 re-

2284 3874 2449 3923 seces,
2485 3857 2683 3911 hiantia
2707 3856 2974 3927 suppleas,
3004 3863 3174 3910 errata
3200 3855 3543 3924 reprehendas
3562 3898 3576 3922 ,
3610 3860 3875 3912 commode

2206 3926 2253 3991 δ
2286 3951 2443 4017 dicta,
2470 3950 2601 4002 mira
2630 3949 2792 4001 animi
2819 3948 3087 4001 alacritate
3115 3947 3386 4014 suscipias.
3413 3946 3542 4013 Quae
3568 3962 3648 4001 res
3672 3948 3874 4017 impulit

2288 4044 2489 4113 pigram
2518 4042 2718 4094 consilii
2741 4055 2958 4095 moram.
2992 4038 3198 4093 Nimios
3225 4040 3360 4093 enim
3388 4039 3513 4093 mihi
3543 4044 3738 4109 fructus
3760 4040 3873 4111 pla-

2284 4136 2449 4188 citura
2474 4133 2758 4186 restituent.
2798 4130 2935 4185 Novi
2964 4131 3152 4201 quippe
3181 4140 3369 4200 quanto
3399 4132 3680 4186 studiosius
3700 4142 3873 4188 nostra

2284 4241 2435 4293 quant
2464 4232 2761 4278 ctrterorum
2793 4222 2924 4277 bona
2961 4223 3254 4292 diligamus.
3293 4223 3443 4277 Recte
3463 4241 3584 4296 ergo
3610 4226 3757 4292 quasi
3776 4242 3873 4279 au-

2280 4332 2391 4371 reos
2418 4315 2590 4371 Cereri
2620 4315 2837 4382 culmos,
2862 4324 2909 4369 et
2937 4323 3165 4369 maturos
3194 4314 3397 4369 Baccho
3421 4316 3679 4386 palmites,
3712 4320 3784 4372 sic
3803 4319 3873 4371 ad

2284 4420 2331 4462 te
2372 4408 2662 4462 rudimenta
2707 4407 2824 4461 novi
2872 4406 3036 4477 aperis
3078 4407 3359 4461 transmisi.
3402 4404 3483 4459 Tu
3534 4416 3733 4461 tantum
3780 4424 3871 4478 pa.

2285 4510 2427 4555 terna
2469 4500 2637 4571 gratia
2676 4507 2905 4553 nostrum
2948 4497 3194 4569 prove/ias
3236 4514 3440 4562 munus,
3482 4497 3555 4551 ita
3599 4507 3645 4551 et
3684 4498 3873 4555 laboris

2282 4591 2382 4643 mei
2419 4589 2671 4661 primitias
2711 4589 3006 4643 doctissimo
3045 4587 3253 4659 judicio
3300 4587 3636 4654 consecrabis,
3684 4599 3730 4644 et
3770 4608 3873 4646 non

2284 4686 2480 4756 majore
2508 4684 2790 4740 censebitur
2818 4691 2995 4737 auctor
3022 4684 3202 4738 merito
3228 4699 3378 4753 quam
3402 4683 3660 4756 probator.

611 4816 3813 4843 -—-———————————————_i-———_

1751 4917 2129 5018 LIBER
2191 4919 2715 5024 PRIMUS.

1109 5088 1334 5155 CAPUT
1376 5088 1655 5145 PRIMUM.

1082 5182 1276 5238 Divisio
1300 5183 1689 5237 mathematica’.

660 5274 802 5331 inter
839 5287 1027 5330 omnes
1067 5276 1259 5346 priscae
1295 5276 1630 5333 auctoritatis
1657 5275 1799 5329 viros
1830 5273 1941 5344 qui,
1977 5271 2179 5343 Pytha-

586 5383 713 5437 gora
758 5368 915 5434 duce,
957 5366 1175 5437 puriore
1212 5368 1408 5423 mentis
1448 5366 1657 5422 ratione
1700 5364 2006 5434 viguerunt,
2053 5378 2180 5419 con-

586 5470 728 5515 stare
746 5460 1087 5516 manifestum
1120 5470 1202 5516 est
1233 5460 1374 5515 haud
1396 5474 1715 5530 quemquam
1749 5459 1803 5512 in
1834 5456 2184 5528 pltilOSOphias

587 5551 889 5620 disciplinis
918 5552 984 5607 ad
1015 5535 1285 5608 cumulum
1317 5552 1662 5622 perfectionis
1691 5551 1942 5617 evadere,
1972 5550 2071 5605 nisi
2094 5551 2181 5606 cui

588 5644 710 5697 talis
743 5645 1042 5713 prudentiae
1065 5645 1315 5701 nobilitas
1343 5645 1572 5716 quodam
1602 5644 1749 5714 quasi
1782 5644 2063 5715 quadrivio
2090 5658 2183 5698 ve-

590 5738 840 5805 stigator,
875 5737 1018 5807 quod
1050 5747 1197 5794 recte
1223 5737 1500 5792 solertiam
1543 5736 1801 5791 intuentis
1841 5750 1948 5791 non
1978 5734 2181 5789 latebit.

589 5827 686 5890 Est
706 5827 847 5882 enim
880 5830 1142 5886 sapientia
1171 5843 1348 5887 rerum
1398 5843 1518 5907 quae
1551 5837 1677 5885 sunt
1705 5828 1893 5901 suique
1936 5830 2185 5886 immuta-

2292 5089 2451 5145 bilem
2488 5090 2837 5147 substantiam
2860 5091 3160 5148 sortiuntur
3178 5092 3587 5163 comprehensio
3606 5092 3870 5149 veritatis.

2294 5183 2427 5240 Esse
2473 5192 2650 5239 autem
2696 5184 2787 5239 illa
2823 5185 3069 5251 dicimus,
3105 5200 3225 5255 qua:
3266 5201 3367 5241 nec
3415 5184 3704 5240 intentione
3748 5200 3873 5240 cre-

2294 5283 2470 5342 scunt,
2503 5291 2602 5331 nec
2629 5276 2951 5332 retractione
2993 5277 3325 5343 minuuntur,
3360 5292 3458 5333 nec
3487 5275 3875 5331 variationibus

2292 5376 2682 5438 permutantur,
2699 5367 2793 5424 sed
2815 5369 2868 5424 in
2890 5368 3105 5438 propria
3127 5380 3339 5437 semper
3360 5368 3430 5433 vi,
3458 5382 3569 5422 sua:
3590 5380 3649 5423 se
3671 5378 3876 5421 natura:

2291 5459 2544 5514 subsidiis
2568 5460 2694 5513 nixa
2720 5458 3045 5515 custodiunt.
3074 5457 3197 5513 Περ
3218 5465 3395 5513 autem
3420 5466 3545 5512 sunt
3567 5456 3874 5527 qualitates,

2291 5550 2636 5619 quantitates,
2671 5550 2882 5617 formae,
2913 5549 3323 5619 magnitudines,
3353 5549 3664 5619 parvitates,
3697 5562 3877 5618 aequa-

2291 5644 2490 5709 litates,
2522 5641 2887 5709 habitudines,
2922 5650 3093 5710 actus,
3124 5641 3528 5717 dispositiones,
3575 5641 3716 5706 loca,
3746 5650 3877 5695 tem-

2292 5749 2441 5805 pora,
2471 5741 2526 5790 et
2551 5733 2807 5804 quidquid
2831 5733 3117 5789 adunatum
3140 5731 3537 5802 quodammodo
3563 5731 3876 5802 corporibus

2296 5826 2583 5884 invenitur.
2626 5825 2756 5895 Quae
2784 5825 2898 5897 ipsa
2925 5823 3137 5896 quidem
3164 5832 3355 5884 natura
3384 5823 3704 5896 incorporea
3729 5828 3873 5886 sunt,
