4216 6256
250 345 382 403 1081

1461 319 1549 377 DE
1587 315 2057 377 ARITHMETICA
2097 316 2225 373 LIB.
2265 316 2309 372 Ι,

3381 317 3522 375 1082

250 464 305 510 ει
332 444 687 506 ίηηηιιιαὶῄιῐε
703 437 1017 499 substantiae
1044 434 1251 492 ratione
1272 432 1529 503 vigentia,
1551 430 1837 501 participa-
1866 427 1922 488 Α
1944 410 2019 481 ait
2047 425 2220 497 Plato)
2251 426 2429 482 multis
2455 428 2623 484 oculis
2643 431 3010 499 corporalibus
3027 432 3223 493 salvari
3244 440 3523 495 constitui-

252 550 400 604 tione
430 559 562 599 vero
592 522 832 607 corporis
872 538 1263 606 permutantur,
1295 535 1349 581 et
1389 533 1533 580 tactu
1568 522 1838 577 variabilis

249 643 353 709 rei,
371 643 424 695 in
446 635 752 693 vertihilem
775 625 1186 685 inconstantiam
1212 628 1509 685 transeunt.
1535 616 1840 709 Haecigitur

254 707 535 808 (quoniam
558 735 617 782 ut
637 726 835 781 dictum
858 730 960 785 est,
976 727 1161 774 natura
1186 711 1571 768 immutabilem
1595 707 1842 808 substan-

249 803 380 888 tiam
406 832 624 900 vimque
644 825 832 881 sortita
855 818 999 890 sunt)
1024 830 1156 872 vere
1179 811 1501 883 proprieque
1520 820 1642 863 esse
1662 803 1842 858 dicun-

251 935 359 980 tur.
386 924 589 978 Horum
620 919 809 990 igitur,
833 913 886 969 id
910 919 993 968 est
1014 951 1032 976 ,
1058 923 1177 977 quae
1202 914 1335 997 sunt
1356 901 1590 997 proprie,
1618 908 1843 997 quaeque

248 1031 350 1073 suo
372 1013 593 1070 nomine
614 988 863 1065 essentia:
880 1000 1244 1061 nominantur,
1262 994 1562 1057 scientiam,
1583 988 1844 1058 sapientia

248 1107 557 1179 proﬁtetur.
600 1098 864 1156 Essentiae
893 1101 1071 1149 autem
1102 1088 1330 1160 geminae
1361 1089 1705 1181 partes-sunt,
1728 1091 1845 1181 una

250 1170 527 1259 continua,
572 1200 627 1248 et
664 1189 776 1245 suis
820 1184 1062 1257 partibus
1104 1181 1307 1250 juncta,
1351 1190 1451 1230 nec
1490 1172 1613 1227 ullis
1653 1170 1847 1224 ﬁnibus

252 1290 569 1354 distributa,
597 1292 657 1339 ut
683 1290 767 1338 est
794 1279 974 1344 arbor,
1001 1277 1158 1348 lapis,
1183 1283 1239 1330 et
1267 1271 1445 1326 omnia
1476 1266 1661 1325 mttndi
1692 1264 1847 1354 hujus

253 1396 503 1454 corpora,
530 1392 650 1449 qua:
678 1373 896 1446 proprie
919 1367 1314 1440 magnitudines
1344 1361 1698 1457 appellantur.
1731 1353 1847 1457 Alia

257 1489 391 1530 vero
420 1471 684 1540 disiuncta
712 1481 740 1519 a
766 1480 846 1530 se,
870 1471 927 1518 et
951 1460 1308 1517 determinata
1339 1454 1600 1525 partibus,
1624 1457 1679 1505 et
1696 1454 1850 1519 quasi

257 1567 550 1626 acervatim
576 1564 630 1618 in
656 1576 817 1615 unum
838 1557 1056 1614 redacta
1080 1553 1390 1617 concilium,
1415 1556 1473 1603 ut
1497 1561 1647 1618 grex,
1677 1556 1847 1611 popu-

259 1667 364 1727 lus,
392 1661 609 1724 chorus,
635 1668 879 1718 acervus,
903 1660 958 1706 et
979 1647 1233 1719 quidquid
1258 1659 1443 1701 eorum
1472 1654 1699 1711 quorum
1726 1651 1851 1706 par-

259 1764 340 1811 tes
362 1750 594 1823 propriis
616 1741 1045 1803 extremitatibus
1071 1738 1445 1800 terminantur,
1468 1733 1610 1788 etab
1630 1729 1850 1823 alterius

1941 532 2046 588 que
2070 519 2139 572 sit
2171 518 2401 587 dignior,
2430 521 2569 590 quod
2602 537 2667 577 eo
2696 523 2811 577 solo
2836 525 3036 581 lumine
3061 529 3313 599 vestigari
3339 531 3421 585 vel
3446 532 3526 586 itt-

1942 609 2073 679 apici
2108 611 2305 666 veritas
2334 623 2513 681 queat.
2551 614 2717 683 Hunc,
2773 616 3008 686 inquam,
3051 621 3264 675 oculum
3310 623 3523 678 demer-

1945 715 2089 769 sum,
2122 702 2475 773 orbatumque
2511 707 2787 775 corporeis
2816 710 3082 774 sensibus,
3113 710 3196 765 ha:
3235 712 3528 782 disciplina:

1948 810 2163 850 rursum
2192 796 2516 852 illuminent.
2543 798 2672 867 Quae
2701 800 2860 870 igitur
2884 817 2949 856 ex
2980 803 3061 857 his
3090 804 3254 873 prima
3279 806 3529 861 discenda

1953 894 2054 953 est,
2086 886 2190 941 nisi
2220 902 2282 942 ea
2311 902 2430 957 qua:
2462 890 2784 959 principium
2812 893 3100 964 matrisque
3140 894 3533 965 quodammodo

1951 977 2017 1032 ad
2045 989 2270 1034 cceteras
2300 980 2505 1036 obtinet
2536 983 2872 1051 portionem?
2901 984 3025 1040 Haec
3054 995 3234 1040 autem
3263 996 3341 1041 est
3369 989 3532 1042 arith-

1949 1072 2166 1125 metica.
2200 1072 2325 1126 Hmc
2356 1073 2496 1127 enim
2529 1077 2735 1129 cunctis
2766 1076 2911 1145 prior
2935 1087 3034 1141 est,
3068 1093 3171 1132 non
3203 1079 3363 1134 modo
3393 1082 3532 1150 quod

1948 1162 2085 1216 hanc
2126 1163 2216 1218 ille
2246 1162 2405 1234 hujus
2447 1167 2730 1222 mundana:
2762 1168 2917 1223 molis
2955 1169 3202 1224 conditor
3229 1170 3387 1240 Deus,
3422 1172 3559 1241 pri-.

1951 1268 2092 1308 mam
2117 1270 2227 1309 sua:
2253 1257 2436 1312 habuit
2467 1260 2893 1333 ratiocinationis
2919 1262 3211 1331 exemplar,
3231 1273 3283 1316 et
3303 1263 3369 1317 ad
3400 1264 3534 1320 hanc

1951 1354 2144 1399 cuncta
2178 1346 2477 1411 constituit,
2510 1364 2841 1420 qumcunque
2868 1350 3158 1406 fabricante
3184 1355 3411 1420 ratione,
3441 1369 3535 1424 per

1951 1452 2205 1493 numeros
2237 1439 2492 1509 assignati
2523 1442 2729 1497 ordinis
2755 1444 3007 1500 invenere
3036 1448 3409 1515 concordiam;
3443 1448 3535 1506 sed

1952 1527 2055 1582 hoc
2083 1543 2293 1598 quoque
2320 1531 2467 1599 prior
2492 1531 2824 1588 arithmetica
2854 1534 3179 1602 declaratur,
3213 1537 3353 1605 quod
3392 1553 3536 1609 quies

1954 1636 2168 1692 cunque
2196 1630 2377 1676 natura
2412 1624 2587 1692 priora
2628 1638 2770 1690 sunt,
2809 1626 2890 1680 his
2919 1628 3143 1683 sublatis
3168 1629 3329 1684 simul
3361 1640 3536 1699 poste-

1954 1716 2096 1770 riora
2131 1718 2407 1773 tolluntur.
2442 1719 2592 1787 Quod
2624 1721 2667 1775 si
2702 1723 2993 1791 posteriora
3038 1734 3276 1792 pereant,
3315 1725 3444 1781 nihil
3473 1726 3536 1786 de

260 1801 652 1899 ξῐξθτξιξξέιξξιῴ
693 1843 837 1890 sum.
866 1831 982 1895 “is,
1010 1829 1287 1898 proprium
1330 1838 1524 1879 nomen
1555 1830 1637 1877 es;
1668 1818 1849 1874 multi-
1875 1801 1926 1863 B
1954 1817 2093 1863 statu
2125 1811 2319 1878 prioris
2355 1812 2668 1868 substantia:
2703 1824 3053 1885 permutatur,
3087 1826 3144 1871 ut
3174 1819 3368 1874 animal
3396 1820 3537 1889 prius

260 1934 413 1990 tudo.
443 1932 649 1987 Rursus
679 1924 1039 1982 multitudinis
1060 1922 1163 1976 alia
1186 1928 1309 1975 sunt
1333 1933 1427 1989 per
1449 1932 1527 1983 se,
1556 1924 1613 1971 ut
1638 1924 1745 1968 tres
1766 1911 1850 1966 vel

262 2033 512 2097 quatuor,
537 2021 626 2076 vel
653 2027 977 2087 tetragonus,
1000 2013 1085 2068 vel
1109 2010 1328 2081 quilibet.
1356 2020 1631 2073 numerus,
1662 2004 1776 2075 qui,
1795 2012 1855 2057 ut

262 2122 353 2185 sit,
388 2117 535 2173 nullo
564 2113 786 2183 indiget.
817 2110 933 2164 Alia
966 2120 1095 2161 vero
1121 2119 1218 2175 per
1243 2103 1415 2171 Seipsa
1446 2116 1550 2154 non
1583 2101 1849 2163 constant,

262 2208 359 2266 sed
389 2208 456 2262 ad
481 2203 732 2276 quiddam
756 2198 899 2255 aliud
927 2197 1250 2261 referuntur,
1275 2201 1333 2247 nt
1354 2191 1592 2261 duplum,
1620 2197 1675 2243 ιιι
1695 2186 1852 2241 dimi—

264 2301 437 2367 dium,
472 2305 531 2351 ut
557 2292 997 2363 sesquialterum,
1030 2288 1114 2343 vel
1145 2284 1545 2355 sesquitertium
1566 2323 1580 2347 ,
1617 2287 1672 2334 et
1697 2276 1853 2348 quid-

265 2393 393 2465 quid
431 2390 539 2445 tale
569 2396 671 2453 est,
702 2383 973 2455 quodnisi
1012 2381 1236 2435 relatum
1278 2380 1348 2431 sit
1376 2374 1443 2429 ad
1468 2373 1610 2428 aliud
1632 2414 1646 2439 ,
1678 2371 1852 2441 ipsum

267 2499 386 2541 esse
413 2498 520 2537 non
549 2480 735 2550 possit.
770 2473 1146 2546 Magnitudinis
1174 2485 1324 2538 vero,
1352 2469 1452 2525 alia
1478 2476 1605 2524 sunt
1635 2480 1856 2523 manen-

269 2578 363 2642 tia,
396 2585 654 2643 motuque
680 2569 940 2633 carentia,
969 2567 1075 2621 alia
1104 2580 1255 2631 vero,
1283 2579 1398 2634 quae
1427 2561 1611 2616 mobili
1644 2573 1858 2629 semper

269 2666 536 2724 rotatione
550 2668 855 2727 vertuntur,
871 2672 971 2713 nec
992 2657 1113 2711 ullis
1138 2655 1467 2724 temporibus
1487 2652 1857 2723 acquiescunt.

273 2760 475 2816 llurum
528 2768 676 2824 ergo,
726 2752 869 2805 illam
918 2746 1309 2803 multitudinem
1354 2759 1474 2814 quae
1512 2758 1609 2813 per
1652 2758 1713 2798 se
1754 2748 1855 2809 est,

274 2845 612 2905 arithmetica
643 2841 947 2911 speculatur
978 2837 1272 2906 integritas.
1296 2834 1445 2888 lllam
1472 2848 1622 2898 vero,
1652 2848 1771 2903 quae
1794 2830 1858 2886 ad

270 2938 493 3008 aliquid,
542 2932 731 2989 musici
773 2927 1149 2985 modulaminis
1192 2932 1612 2994 temperamenta
1659 2938 1859 2993 perno—

272 3038 446 3084 scunt.
482 3023 776 3081 lmmobilis
802 3036 932 3077 vero
955 3017 1351 3089 magnitudinis,
1382 3016 1702 3087 geometrica
1726 3015 1864 3071 noti-

273 3121 398 3175 tiam
424 3119 725 3188 pollicetur.
751 3112 961 3168 Mobilis
983 3109 1285 3173 scientiam,
1312 3107 1685 3163 astronomica:
1707 3107 1866 3162 disci-

1954 1910 2033 1956 est
2062 1901 2296 1958 homine.
2322 1904 2453 1959 Nam
2481 1906 2526 1960 si
2552 1907 2707 1962 tollas
2736 1910 2955 1976 animal,
2991 1913 3167 1966 statim
3195 1929 3406 1984 quoque
3443 1915 3538 1970 lto-

1955 1994 2114 2048 minis
2139 2005 2327 2049 natura
2372 1995 2544 2052 deleta
2577 1999 2666 2054 sit.
2700 1999 2755 2054 Si
2790 2000 3061 2056 hominem
3086 2004 3395 2071 sustuleris,
3422 2007 3539 2061 ani~

1955 2085 2062 2139 mal
2094 2100 2197 2140 non
2233 2087 2443 2157 peribit.
2482 2089 2544 2142 Et
2575 2093 2882 2146 econtrario
2909 2107 2969 2147 ea
3002 2107 3216 2164 semper
3244 2098 3539 2165 posteriora

1956 2186 2079 2231 sunt
2106 2193 2225 2246 qua:
2267 2193 2449 2233 secum
2481 2180 2623 2234 aliud
2656 2183 2931 2251 quodlibet
2973 2161 3331 2253 infernum—ea
3362 2188 3540 2257 priora
3628 2161 3643 2181 ’

1957 2281 2096 2336 quas,
2134 2281 2256 2322 cum
2297 2268 2439 2323 dicta
2478 2280 2624 2339 sunt,
2667 2271 2795 2326 nihil
2829 2288 3010 2329 secum
3052 2275 3119 2331 de
3161 2278 3542 2347 posterioribus

1960 2359 2195 2426 trahunt,
2227 2369 2283 2415 ut
2310 2361 2363 2415 in
2394 2363 2583 2418 eodem
2614 2380 2825 2436 qttoque
2858 2367 3096 2424 homine.
3130 2369 3259 2424 Nam
3292 2371 3336 2425 si
3366 2370 3542 2427 homi-

1958 2464 2080 2504 nem
2111 2450 2331 2520 dixeris,
2371 2453 2530 2508 simul
2562 2470 2776 2526 qttoque
2807 2458 3003 2513 animal
3044 2461 3367 2517 nominabis.
3398 2462 3543 2519 idem

1960 2553 2042 2597 est
2068 2544 2213 2599 enim
2246 2544 2404 2600 homo
2432 2547 2576 2617 quod
2610 2549 2828 2606 animal.
2859 2551 2913 2606 Si
2957 2551 3152 2607 animal
3188 2551 3408 2621 dixeris,
3440 2569 3543 2610 non

1961 2635 2198 2704 speciem
2230 2636 2385 2690 simul
2416 2637 2647 2693 hominis
2679 2640 2924 2695 intulisﬁ.
2976 2641 3089 2697 Non
3119 2652 3203 2699 est
3231 2648 3373 2702 enim
3407 2647 3543 2705 idem

1964 2727 2163 2781 animal
2205 2728 2348 2798 quod
2382 2729 2563 2783 homo.
2613 2730 2725 2786 lloe
2762 2732 2901 2787 idem
2935 2733 2987 2786 in
3024 2737 3347 2803 geometrica
3379 2740 3461 2792 vel
3495 2740 3544 2796 in

1965 2821 2303 2875 arithmetica
2337 2821 2549 2877 videtur
2580 2822 2874 2878 incurrere.
2905 2825 2963 2880 Si
2991 2826 3133 2880 enim
3164 2843 3415 2883 numeros
3445 2831 3544 2886 tol-

1968 2912 2070 2978 las,
2098 2912 2241 2967 unde
2271 2912 2597 2983 triangulum
2628 2914 2713 2969 vel
2745 2915 3081 2985 quadratum,
3111 2918 3193 2973 vel
3220 2919 3473 2991 quidquid
3498 2923 3544 2977 in

1967 3002 2264 3074 geometria
2313 3005 2598 3057 versatur?
2639 3020 2759 3074 quae
2789 3007 2968 3062 omnia
3004 3022 3347 3065 numerorum
3387 3010 3545 3068 deno-

1969 3098 2224 3153 minativa
2255 3105 2400 3151 sunt.
2432 3099 2499 3152 At
2523 3112 2672 3165 vero,
2701 3098 2744 3152 si
2775 3100 3090 3169 quadratum
3124 3102 3546 3177 triangulumquc

274 3172 441 3284 ptime.
463 3207 649 3279 peritia
682 3204 988 3260 vindicavit.
1021 3199 1230 3267 Quibus
1271 3209 1501 3269 quatuor
1540 3199 1781 3269 partibus
1817 3197 1862 3253 si

1970 3186 2279 3257 sustuleris,
2310 3188 2592 3256 omnisque
2620 3190 2943 3261 geometrica
2973 3172 3288 3262 consumpta
3321 3196 3412 3262 sit,
3445 3172 3547 3253 tres

276 3309 460 3358 careat
488 3299 790 3371 inquisitor,
824 3310 1010 3351 verum
1042 3294 1291 3349 invenire
1320 3309 1426 3347 non
1454 3294 1645 3363 possit,
1669 3308 1730 3348 ac
1752 3294 1868 3348 sine

274 3392 378 3449 hac
405 3391 619 3462 quidem
651 3387 1022 3459 speculatione
1050 3384 1294 3440 veritatis
1317 3385 1446 3439 nulli
1478 3394 1623 3441 recte
1650 3386 1868 3456 sapien-

276 3484 402 3537 dum
435 3496 536 3538 est.
572 3481 666 3537 Est
694 3479 835 3535 enim
869 3477 1133 3548 sapientia
1164 3491 1347 3531 earum
1381 3493 1560 3533 rerum
1594 3493 1714 3549 qum
1742 3492 1869 3533 vere

277 3576 422 3643 Sunt,
475 3577 709 3649 cognitio
748 3584 803 3630 et
847 3574 1054 3645 integra
1101 3572 1533 3643 comprehensio.
1560 3572 1710 3641 Quod
1755 3571 1870 3626 haec

279 3676 367 3746 qui
400 3672 626 3743 spernit,
661 3671 713 3725 id
744 3676 848 3733 est,
879 3670 980 3722 has
1000 3667 1221 3722 semitas
1251 3664 1549 3733 sapientiae,
1586 3664 1633 3719 ei
1664 3663 1870 3718 denun-

280 3770 356 3822 tio
391 3780 498 3820 non
521 3773 668 3818 recte
688 3758 1195 3832 philosophandum.
1228 3757 1501 3827 Siquidem
1531 3754 1869 3827 philosophia

278 3868 368 3915 est
409 3869 562 3910 amor
599 3853 908 3921 sapientiae,
955 3863 1111 3920 quam
1160 3849 1211 3903 in
1258 3849 1343 3903 his
1386 3846 1703 3917 spernendis
1746 3854 1871 3900 ante

278 3942 686 4015 contempserit.
736 3940 869 3997 lllud
899 3953 1111 4011 quoque
1138 3937 1441 3993 addendum
1470 3935 1702 3991 arbitror
1729 3932 1869 4004 quod

279 4049 473 4097 cuncta
499 4038 579 4092 vis
610 4033 964 4091 multitudinis
988 4033 1055 4088 ab
1084 4048 1192 4089 uno
1215 4046 1495 4103 progressa
1523 4030 1771 4099 termino,
1804 4029 1868 4083 ad

281 4131 489 4188 inﬁnita
535 4127 931 4200 progressionis
967 4134 1251 4197 augmenta
1298 4124 1620 4180 concrescit.
1666 4122 1870 4192 Magni-

283 4225 414 4279 tudo
455 4237 603 4288 vero,
649 4236 679 4275 a
716 4220 863 4274 ﬁnita
904 4218 1166 4274 inchoans
1202 4217 1518 4287 quantitate,
1560 4215 1777 4270 modum
1818 4215 1873 4269 in

286 4314 547 4369 divisione
578 4326 686 4366 non
716 4309 928 4377 recipit.
986 4307 1379 4362 lnﬁnitissimas
1408 4307 1547 4362 enim
1574 4307 1654 4361 sui
1681 4320 1874 4376 corpo-

270 4394 366 4461 ris
388 4405 606 4473 suscipit
630 4403 921 4459 sectiones.
946 4398 1095 4453 lianc
1122 4398 1281 4468 igitur
1303 4408 1505 4454 naturae
1529 4399 1870 4467 inﬁnitatem,

286 4495 865 4563 indeterminatamque
943 4490 1233 4559 potentiam
1300 4488 1634 4559 philosophia
1683 4499 1874 4559 sponte

1924 3296 1929 3327 :
1970 3292 2022 3339 et
2052 3292 2301 3353 quatuor,
2324 3281 2660 3350 aliorumque
2680 3296 3022 3339 numerorum
3056 3298 3158 3340 non
3183 3287 3433 3357 peribunt
3462 3305 3547 3346 vo-

1971 3376 2179 3432 cabula.
2224 3375 2457 3429 Rursum
2492 3390 2613 3430 cum
2650 3376 2878 3447 aliquam
2919 3380 3299 3447 geometricam
3330 3382 3548 3441 formam

1971 3470 2179 3534 dixero,
2208 3478 2291 3523 est
2320 3467 2399 3523 illi
2430 3468 2588 3523 simul
2625 3484 2967 3526 numerorum
2996 3487 3189 3529 nomen
3222 3475 3549 3546 implicitum.

1970 3561 2102 3616 Cum
2134 3574 2386 3615 numeros
2409 3560 2616 3630 dixero,
2642 3561 2875 3616 nondum
2900 3562 3062 3619 ullam
3091 3562 3314 3620 formant
3342 3582 3548 3637 geome.

1975 3657 2161 3711 tricam
2196 3655 2487 3710 nominavi.
2523 3654 2721 3710 Musica
2751 3671 2880 3712 vero
2907 3672 3065 3727 quam
3098 3659 3245 3728 prior
3273 3660 3343 3714 sit
3371 3675 3549 3723 nume

1972 3760 2153 3801 rerum
2192 3747 2294 3811 vis,
2339 3745 2465 3800 hinc
2506 3745 2741 3801 maxime
2784 3746 2999 3817 probari
3040 3757 3234 3819 potest,
3278 3754 3425 3823 quod
3458 3772 3552 3814 nor

1974 3838 2136 3894 modo
2176 3837 2265 3892 illa
2298 3845 2485 3891 natura
2531 3836 2706 3906 priora
2736 3848 2881 3907 sunt,
2915 3853 3033 3908 qute
3066 3854 3163 3910 per
3200 3854 3265 3899 se
3291 3854 3553 3914 constantl

1972 3944 2132 4002 quam
2172 3929 2261 3984 illa
2292 3944 2413 3998 qua:
2453 3930 2519 3984 ad
2562 3928 2761 3999 aliquid
2802 3930 3131 4008 referuntur,
3171 3935 3267 3992 sed
3298 3938 3456 3993 etiam
3501 3954 3553 3995 ea

1930 4070 1943 4085 .
1976 4027 2089 4096 ipsa
2113 4026 2315 4080 musica
2345 4024 2641 4079 modulatio
2684 4039 3028 4080 numerorum
3058 4031 3369 4087 nominibus
3397 4031 3556 4087 adno.

1975 4126 2135 4174 tatur.
2166 4119 2229 4174 Et
2257 4120 2395 4175 idem
2430 4121 2484 4175 in
2515 4121 2615 4176 hac
2641 4121 2857 4176 evenire
2886 4130 3066 4191 potest
3091 4126 3314 4201 quodin
3343 4140 3557 4198 geome-

1976 4213 2106 4266 trica
2138 4212 2450 4282 praedictum
2477 4222 2580 4270 est.
2611 4214 2953 4273 Diatessaron
2986 4219 3127 4274 enim
3158 4228 3212 4274 et
3235 4218 3483 4290 diapente
3513 4229 3558 4275 et

1975 4304 2231 4375 diapason
2262 4306 2331 4361 ab
2377 4308 2742 4365 antecedentis
2782 4313 2995 4368 numeri
3025 4312 3329 4369 nominibus
3357 4330 3558 4369 nuncu-

1976 4407 2189 4467 pantur.
2212 4398 2453 4468 Ipsorum
2475 4417 2689 4471 quoque
2709 4416 2966 4460 sonorum
2988 4407 3244 4460 adversus
3264 4420 3323 4459 se
3346 4422 3558 4476 propor~

1979 4489 2075 4554 tio,
2120 4489 2251 4545 solis
2291 4506 2463 4561 neque
2502 4491 2621 4545 aliis
2659 4497 2900 4550 numeris
2938 4496 3226 4550 invenitur.
3274 4496 3371 4562 Qui
3419 4501 3559 4555 enim

256 4578 259 4579 ⁷
287 4587 558 4658 repudiat.
602 4585 745 4640 Nihil
776 4558 918 4640 enim
946 4558 1088 4651 quod
1122 4581 1386 4635 inﬁnitum
1427 4558 1622 4637 estvel
1653 4558 1874 4637 scientia
1900 4558 1954 4619 Β
1980 4595 2146 4635 εοηιιε
2172 4580 2224 4633 in
2249 4558 2505 4648 diapason
2536 4581 2860 4651 symphonia
2891 4592 2972 4636 est
2992 4622 3008 4648 ,
3042 4582 3180 4635 idem
3211 4558 3437 4650 duplicis
3466 4564 3575 4639 nu-h

286 4688 466 4750 potest
487 4675 687 4746 colligi,
716 4674 794 4728 vel
818 4681 997 4729 mente
1023 4672 1424 4742 comprehendi.
1454 4671 1558 4727 Sed
1588 4671 1710 4727 hinc
1731 4686 1875 4725 sum-
1926 4710 1931 4713 τ

285 4771 394 4842 psit
434 4769 535 4823 sibi
574 4768 689 4837 ipsa
738 4765 893 4829 ratio,
940 4765 993 4820 in
1042 4765 1235 4835 quibus
1277 4764 1443 4834 possit
1491 4764 1872 4835 indagatricem

286 4861 533 4917 veritatis
562 4873 816 4915 exercere
843 4857 1137 4913 solertiam.
1168 4857 1374 4927 Delegit
1399 4857 1541 4912 enim
1565 4856 1631 4911 de
1656 4858 1873 4911 inﬁnitae

286 4950 645 5006 multitudinis
675 4948 1003 5019 pluralitate,
1035 4947 1198 5003 ﬁnitze
1222 4949 1509 5003 terminum
1537 4948 1871 5018 quantitatis,

286 5052 343 5098 ct
380 5041 796 5098 interminabilis
837 5040 1218 5111 magnitudinis
1249 5042 1491 5096 sectione
1522 5041 1745 5110 rejecta,
1782 5040 1878 5095 de-

292 5134 441 5188 ﬁnita
473 5133 576 5188 sibi
608 5133 671 5186 ad
704 5131 1061 5202 cognitionem
1089 5132 1257 5201 spatia
1290 5132 1623 5203 dep0poscit.
1656 5130 1878 5187 Constat

286 5227 450 5296 igitur
489 5226 727 5296 quisquis
772 5225 886 5279 haec
924 5225 1349 5301 pragtermiserit,
1383 5239 1597 5279 omnem
1646 5226 1877 5293 philoso-

287 5320 432 5388 phia:
461 5317 751 5387 perdidisse
776 5316 1097 5371 doctrinam.
1150 5317 1262 5371 Hoc
1297 5317 1456 5389 igitur
1500 5318 1632 5372 illud
1662 5318 1878 5388 quadri-

286 5410 430 5462 vium
475 5417 576 5474 est,
609 5424 715 5477 quo
759 5408 825 5462 iis
865 5408 1116 5463 viandum
1164 5413 1255 5476 sit,
1298 5412 1490 5480 quibus
1534 5413 1878 5469 excellentior

284 5502 496 5557 animus
528 5517 555 5554 a
600 5501 877 5555 nobiscum
927 5502 1223 5571 procreatis
1262 5504 1529 5569 sensibus,
1569 5504 1633 5557 ad
1685 5506 1879 5561 intelli-

287 5599 481 5670 gentia:
508 5597 738 5653 certiora
766 5596 1098 5666 perducitur.
1118 5598 1255 5653 Sunt
1281 5601 1421 5654 enim
1444 5600 1658 5670 quidam
1681 5602 1877 5670 gradus

289 5701 561 5762 certasque
586 5690 1019 5761 progressionum
1042 5692 1428 5759 dimensiones,
1446 5695 1639 5763 quibus
1663 5696 1876 5750 ascendi

283 5787 640 5862 progredique
682 5784 872 5856 possit,
915 5793 975 5839 ut
1011 5785 1177 5840 animi
1218 5787 1367 5842 illum
1414 5789 1648 5856 oculum,
1679 5788 1769 5859 qui
1799 5788 1880 5858 (ut

1982 4671 2113 4725 meri
2139 4668 2483 4739 proportione
2506 4669 2799 4740 colligitur.
2828 4672 2956 4738 Qua:
2981 4670 3311 4727 diatessaron
3342 4684 3425 4730 est
3448 4689 3563 4731 mo-

1980 4761 2202 4828 dulatio,
2226 4760 2440 4829 epitrita
2458 4758 2750 4819 collatione
2770 4762 3303 4833 componitur.Quam
3321 4765 3561 4838 diapente

1978 4856 2352 4930 symphbniam
2379 4868 2599 4926 vocant,
2625 4858 2872 4913 hemiolia
2900 4858 3183 4914 medietate
3210 4862 3562 4933 coniungitur.

1981 4948 2083 5018 Qui
2117 4950 2169 5002 in
2215 4947 2455 5005 numeris
2480 4949 2752 5020 epogdous
2773 4958 2875 5015 est,
2905 4948 3042 5005 idem
3075 4958 3229 5007 tonus
3259 4952 3313 5007 in
3344 4954 3563 5011 musica.

1984 5040 2055 5097 Et
2079 5056 2147 5096 ne
2179 5039 2389 5113 singula
2413 5043 2659 5113 persequi
2682 5041 2943 5111 laborem,
2970 5042 3124 5113 huius
3146 5044 3325 5115 operis
3346 5061 3564 5118 sequen-

1984 5134 2079 5201 tia,
2112 5141 2313 5204 quattto
2340 5134 2490 5205 prior
2511 5135 2579 5189 sit
2600 5133 2956 5202 arithmetica,
2976 5136 3092 5190 sine
3114 5135 3219 5191 ulla
3242 5136 3563 5195 dubitatione

1984 5229 2380 5284 monstrabunt.
2434 5227 2762 5297 Sphmricam
2802 5242 2931 5283 vero
2960 5237 3118 5297 atque
3159 5229 3564 5287 astronomieam

1985 5331 2135 5376 tanto
2160 5321 2420 5392 precedit
2443 5367 2457 5390 ,
2489 5329 2691 5391 quanto
2720 5320 2841 5375 dum
2867 5321 3084 5393 reliqua:
3112 5321 3405 5393 disciplina:
3436 5323 3565 5381 hanc

1986 5419 2200 5474 tertiam
2234 5426 2425 5472 natura
2456 5415 2785 5487 prmcedunt.
2815 5415 2870 5470 ln
2900 5418 3256 5472 astronomica
3279 5418 3444 5485 enim,
3468 5418 3565 5473 circ

1990 5510 2120 5577 culi,
2162 5510 2399 5581 sphaera,
2433 5519 2702 5578 centrum,
2732 5508 3078 5580 parallelique
3104 5509 3312 5577 circuli,
3341 5511 3566 5566 medius~

1987 5616 2093 5674 que
2119 5605 2234 5659 axis
2258 5615 2363 5671 est,
2394 5622 2513 5677 qua.I
2540 5607 2717 5662 omnia
2746 5606 3086 5677 geometrica:
3114 5606 3411 5677 disciplinae
3430 5623 3566 5668 cura

1987 5707 2133 5755 sunt.
2179 5698 2355 5764 Quare
2393 5708 2475 5754 est
2513 5700 2673 5754 etiam
2724 5713 2793 5752 ex
2838 5699 2940 5753 hoc
2986 5698 3266 5753 ostendere
3304 5701 3566 5755 seniorem

1993 5791 2333 5864 geometrica:
2354 5790 2484 5860 vim,
2513 5792 2652 5865 quod
2677 5792 2854 5849 omnis
2873 5799 3049 5848 motus
3073 5799 3156 5848 est
3176 5800 3294 5865 post
3312 5793 3563 5863 quietem,
