4216 6256
671 393 819 457 1083

1902 382 2013 438 ΑΝ.
2054 377 2258 436 MANL.
2301 373 2456 432 SEV.
2498 371 2717 428 ΒΟΕΊΙΙ

3828 377 3961 443 1084

675 522 732 571 et
778 519 967 569 natura
1016 522 1228 576 semper
1268 507 1429 565 statio
1475 505 1623 577 prior
1666 511 1767 559 est.
1820 499 2091 555 Mobilium
2140 508 2267 550 vero
2294 490 2344 556 Δ
2372 500 2551 563 potest
2578 492 2628 546 in
2659 490 2891 546 maxima
2922 489 3345 563 parvissimaque
3374 490 3561 549 dividi.
3588 493 3820 552 Maxima
3842 513 3961 569 spe.

679 602 1059 666 astronomica,
1100 594 1829 667 immobilium'gcometrica
1874 591 2116 645 doctrina
2157 596 2260 652 est,

676 699 762 754 vel
793 696 935 767 quod
976 693 1297 749 harmonicis
1328 688 1779 746 modulationibus
1812 695 1986 740 motus
2017 684 2131 753 ipse
2172 697 2264 737 ce-

675 786 915 842 lebratur
958 794 1247 839 astrorum.
1297 781 1474 849 Quare
1524 790 1733 835 constat
1780 791 1992 847 quoque
2046 775 2263 830 musicae

675 879 809 943 vim,
851 885 1116 930 astrorum
1159 888 1347 930 cursus
1378 872 1694 943 antiquitate
1736 869 2059 940 prmcedere,
2104 880 2261 937 quam

677 984 930 1039 superare
958 978 1147 1023 natura
1187 964 1575 1021 arithmeticam
1609 963 1827 1019 dubium
1861 977 1965 1016 non
2007 968 2110 1024 est,
2141 973 2262 1013 cum

674 1062 963 1134 prioribus,
994 1075 1153 1131 quam
1183 1058 1275 1112 illa
1300 1068 1381 1113 est
1402 1098 1418 1123 ,
1446 1056 1714 1126 antiquior
1743 1054 2007 1109 videatur.
2041 1049 2263 1118 Proprie

677 1165 854 1210 tamen
880 1154 992 1224 ipsa
1023 1166 1368 1207 numerorum
1402 1159 1611 1215 natura,
1640 1147 1815 1203 omnis
1844 1153 2108 1199 astrorum
2141 1157 2265 1196 cur-

675 1260 788 1310 sus,
835 1243 1118 1313 omnisque
1147 1242 1507 1297 astronomica
1548 1241 1685 1294 ratio
1722 1238 2006 1293 constituta
2036 1245 2137 1289 est.
2173 1234 2265 1287 Sic

675 1339 818 1397 enim
843 1348 995 1393 ortus
1023 1348 1353 1403 occasusque
1381 1332 1701 1401 colligimus,
1721 1330 1798 1386 sic
1820 1328 2097 1383 tarditates
2120 1326 2265 1380 velo-

677 1436 972 1505 citatesque
1010 1431 1303 1488 errantium
1336 1430 1569 1485 siderum
1612 1428 1962 1493 custodimus,
2000 1427 2074 1479 sic
2119 1423 2266 1478 defr—

678 1535 798 1583 ctus
814 1536 865 1582 et
883 1522 1204 1593 multiplices
1226 1521 1367 1576 lunae
1381 1520 1705 1574 variationes
1721 1515 2267 1587 agnoscimus.Quare

678 1620 929 1694 quoniam
963 1619 1126 1688 prior,
1159 1623 1217 1671 ut
1259 1614 1471 1679 claruit,
1506 1612 1856 1668 arithmetica:
1882 1610 1964 1666 vis
2006 1616 2108 1672 est,
2141 1606 2268 1660 hinc

679 1710 1052 1782 disputationis
1076 1718 1348 1763 sumamus
1378 1704 1678 1758 exordium.

1314 1814 1541 1871 CAPUT
1582 1813 1647 1869 Il.

1155 1907 1229 1963 De
1256 1907 1538 1962 substantia
1569 1903 1787 1958 numeri.

751 2008 939 2066 Omnia
968 2017 1301 2076 quascunque
1340 2016 1370 2054 a
1400 1999 1653 2069 primaeva
1696 2008 1878 2059 rerum
1922 2001 2107 2047 natura
2139 2003 2270 2045 con-

681 2107 881 2156 structa
922 2103 1067 2171 sunt,
1112 2105 1457 2148 numerorum
1486 2088 1737 2143 videntur
1777 2085 1987 2139 ratione
2016 2082 2266 2136 formata.

598 2191 606 2199 ’
682 2191 796 2247 Hoc
823 2188 963 2244 enim
1004 2185 1103 2240 fuit
1135 2182 1428 2254 principale
1460 2181 1511 2234 in
1542 2179 1721 2233 animo
1756 2174 2269 2243 conditorisexem-

682 2283 818 2355 plar.
841 2281 976 2336 Hinc
1002 2278 1145 2333 enim
1173 2286 1403 2347 quatuor
1430 2274 1817 2330 elementorum
1846 2267 2133 2324 multitudo
2154 2282 2273 2320 mu-

686 2386 829 2433 tuata
850 2373 1095 2438 est,hinc
1122 2380 1423 2441 temporum
1449 2367 1613 2430 vices,
1632 2364 1759 2418 hinc
1786 2371 1961 2416 motus
1980 2368 2269 2425 astrorum,

684 2470 915 2540 malique
975 2466 1281 2523 conversio.
1346 2464 1476 2530 Quae
1539 2473 1660 2515 cum
1716 2457 1789 2510 ita
1846 2456 1986 2517 sint,
2041 2466 2272 2521 cumque

685 2565 920 2623 omnium
996 2569 1165 2616 status
1217 2567 1565 2613 numerorum
1610 2548 1953 2619 colligatione
2000 2546 2269 2615 iungatur,

685 2672 813 2716 eum
840 2668 1054 2725 quoque
1080 2661 1366 2706 numerum
1395 2657 1618 2700 necesse
1652 2651 1734 2697 est
1758 2682 1772 2700 .
1803 2640 1856 2693 in
1888 2637 2101 2707 propria
2129 2649 2273 2691 sem-

686 2763 781 2819 per
810 2761 931 2803 sese
959 2736 1256 2799 habentem
1274 2736 1552 2808 aequaliter
1578 2731 1899 2798 substantia,
1933 2742 2271 2799 permanere,

686 2854 917 2909 eumque
937 2834 1291 2907 compositum
1317 2846 1425 2888 non
1448 2844 1514 2885 ex
1544 2826 1793 2883 diversis.
1838 2822 1977 2890 Quid
2002 2823 2144 2877 enim
2176 2837 2276 2876 nu-

688 2932 821 2991 meri
851 2928 1205 2986 substantiam
1233 2924 1607 2995 coniungeret,
1630 2934 1753 2973 cum
1779 2916 1945 2986 ipsius
1969 2913 2274 2983 exemplum

688 3034 877 3081 cuncta
898 3019 1207 3093 iunxisset?
1236 3017 1330 3074 sed
1360 3032 1427 3072 ex
1466 3014 1646 3083 seipso
1672 3010 1886 3066 videtur
1910 3022 2030 3064 esse
2054 3019 2276 3075 compo-

688 3123 845 3176 situs.
876 3116 1046 3171 Porro
1075 3122 1252 3167 autem
1282 3109 1415 3166 nihil
1445 3122 1513 3162 ex
1544 3103 1811 3160 similibus
1838 3098 2087 3170 componi
2126 3096 2277 3153 vide-

689 3221 796 3278 tur,
849 3224 949 3265 nec
975 3223 1043 3264 ex
1078 3206 1160 3261 his
1184 3218 1303 3275 quae
1330 3201 1475 3257 nulla
1525 3197 1749 3254 rationis
1778 3195 2129 3264 proportione
2152 3192 2277 3260 iun-

689 3312 908 3374 guntur,
951 3309 1003 3355 et
1033 3317 1064 3355 a
1106 3313 1165 3354 se
1197 3296 1344 3352 omni
1383 3292 1682 3349 substantia
1713 3300 2008 3355 naturaque
2047 3285 2279 3339 discreta
2306 3286 2354 3352 c

691 3404 834 3453 sunt.
863 3392 1086 3448 Constat
1109 3403 1238 3458 ergo
1256 3386 1512 3458 quoniam
1543 3382 1867 3452 coniunctus
1895 3387 1979 3434 est
2000 3390 2276 3444 numerus,

692 3502 864 3557 neque
902 3499 972 3540 ex
1003 3482 1267 3538 similibus
1303 3492 1424 3535 esse
1465 3476 1833 3546 coniunctum,
1882 3484 2055 3540 neque
2084 3484 2151 3524 ex
2199 3467 2280 3523 his

693 3594 811 3650 quas
832 3579 898 3633 ad
923 3592 981 3632 se
1004 3574 1232 3632 invicem
1264 3572 1409 3628 nulla
1431 3570 1638 3626 ratione
1665 3565 2029 3638 proportionis
2052 3566 2280 3619 haerent.

694 3676 867 3733 Erunt
885 3687 1036 3744 ergo,
1057 3684 1334 3736 numeros,
1354 3669 1525 3739 prima
1549 3682 1669 3737 quae
1692 3666 2041 3735 coniungant,
2071 3660 2136 3715 ad
2158 3661 2284 3716 sub-
2348 3710 2353 3716 .

695 3769 943 3827 stantiam
972 3764 1185 3836 quidem
1216 3777 1336 3833 qua:
1361 3767 1645 3825 constent,
1689 3769 2014 3827 semperque
2056 3768 2283 3822 perma-

695 3872 877 3920 neant.
914 3858 1095 3928 Neque
1123 3855 1264 3911 enim
1304 3869 1369 3911 ex
1412 3867 1517 3908 non
1562 3849 1912 3907 existentibus
1954 3846 2094 3901 el’tici
2131 3844 2283 3916 quid-

693 3970 855 4027 quam
887 3958 1082 4022 potest,
1115 3958 1169 4005 et
1193 3956 1318 4003 sunt
1353 3947 1462 4016 ipsa
1495 3944 1771 4000 dissimilia
1793 3950 1846 3997 et
1872 3941 2111 4011 potentia
2134 3954 2285 3996 com-

698 4044 951 4117 ponendi.
993 4042 1118 4097 Haec
1154 4048 1331 4095 autem
1375 4044 1499 4092 sunt
1536 4034 1728 4106 quibus
1765 4044 2022 4087 numerus
2052 4038 2281 4095 constat,

697 4151 796 4208 par
830 4145 990 4205 atque
1030 4136 1221 4200 impar.
1263 4130 1395 4198 Qua:
1423 4128 1601 4184 divina
1631 4124 1860 4196 quadam
1898 4122 2133 4192 potentia
2162 4135 2283 4177 cum

696 4225 931 4297 diSparia
978 4224 1086 4280 sint
1129 4220 1521 4289 contrariaque,
1554 4227 1731 4273 tamen
1777 4230 1845 4270 ex
1894 4229 1997 4269 una
2038 4212 2286 4283 genitura

699 4318 991 4391 proﬂuunt,
1022 4324 1076 4371 et
1096 4316 1149 4369 in
1182 4328 1340 4369 unam
1365 4309 1811 4381 compositionem
1838 4306 2287 4363 modulationem-

700 4424 807 4482 que
827 4407 1139 4480 junguntur.

1312 4494 1538 4552 CAPUT
1577 4493 1661 4548 III.

701 4595 778 4651 De
816 4592 1118 4665 (li/finitione
1144 4598 1190 4646 et
1220 4589 1463 4670 divisione
1498 4586 1717 4669 numeri,
1748 4596 1794 4639 et
1820 4584 2120 4654 (ii/ﬁnitione
2147 4582 2286 4652 paris

1338 4671 1383 4714 et
1416 4676 1647 4731 tmpam.

772 4778 837 4832 Et
863 4775 1090 4846 primum
1112 4773 1239 4844 quid
1264 4773 1335 4828 sit
1363 4785 1617 4827 numerus
1644 4766 2015 4824 dil'tiniendum
2045 4771 2147 4820 est.
2180 4762 2289 4817 Nu-

699 4882 881 4924 merus
910 4874 994 4922 est
1021 4866 1284 4920 unitatum
1313 4861 1581 4925 collectio,
1613 4862 1693 4914 vel
1725 4859 2036 4929 quantitatis
2064 4869 2290 4911 acervus

699 4973 763 5015 ex
788 4957 1077 5012 unitatibus
1098 4954 1367 5025 profusus.
1397 4953 1561 5021 lluius
1584 4952 1743 5021 igitur
1769 4950 1937 5019 prima
1965 4948 2157 5003 divisio
2205 4957 2289 5002 est

699 5054 755 5110 in
776 5051 1033 5107 imparem
1063 5048 1223 5117 atque
1244 5059 1447 5115 parem.
1480 5043 1547 5099 Et
1574 5058 1669 5113 par
1697 5043 1909 5114 quidem
1943 5049 2044 5107 est,
2073 5040 2162 5111 qui
2192 5053 2287 5108 po-

699 5153 804 5200 test
833 5143 887 5198 in
914 5138 1139 5211 aequalia
1167 5138 1275 5193 duo
1320 5137 1507 5204 dividi,
1560 5151 1669 5191 uno
1707 5136 1887 5191 medio
1926 5150 2030 5190 non
2070 5132 2289 5189 interci-

695 5240 880 5296 dente.
925 5235 1100 5305 Impar
1144 5248 1272 5288 vero
1311 5247 1472 5301 quem
1513 5231 1690 5286 nullus
1722 5231 1772 5284 in
1820 5228 2043 5299 aequalia
2076 5226 2285 5294 dividit,

696 5335 825 5405 quin
872 5332 924 5387 in
972 5327 1150 5384 medio
1204 5326 1492 5397 praedictus
1538 5339 1677 5380 unus
1717 5322 2020 5378 intercidat.
2064 5321 2128 5376 Et
2169 5319 2282 5375 haec

697 5426 911 5499 quidem
942 5421 1245 5495 huiusmodi
1272 5420 1522 5477 difﬁnitio
1549 5421 1781 5491 vulgaris
1809 5426 1892 5474 est
1919 5426 1974 5473 et
2002 5427 2145 5472 nota.

1314 5532 1542 5591 CAPUT
1585 5532 1669 5587 IV.

701 5630 947 5702 Diﬂint’tio
996 5629 1195 5684 numeri
1235 5613 1376 5697 poris
1414 5637 1460 5680 et
1506 5625 1717 5696 imparis
1765 5624 2041 5679 secundum
2084 5619 2281 5691 Pytha-

1391 5713 1587 5770 goram.

782 5790 872 5842 Ilia
921 5801 1098 5843 autem
1149 5788 1443 5842 secundum
1496 5785 1898 5856 Pythagoricam
1954 5782 2285 5851 disciplinam

707 5877 809 5935 alis
837 5888 941 5929 est.
975 5879 1079 5930 Par
1116 5891 1368 5930 numerus
1404 5886 1517 5942 est,
1563 5879 1654 5944 qui
1682 5877 1782 5929 sub
1812 5876 1995 5930 eadem
2027 5873 2290 5928 divisione
2336 5910 2343 5920 ο

2372 584 2465 649 tio,
2494 582 2807 654 parvissima
2827 583 3143 653 quantitate,
3163 584 3456 639 secundum
3478 585 3707 642 diturum
3735 589 3959 647 istorum

2366 693 2623 749 generum
2666 677 2962 732 contrarias
2986 672 3285 746 passiones.
3333 676 3509 747 Impar
3545 694 3675 736 vero
3707 697 3960 741 numerus

2367 780 2469 833 est,
2502 770 2587 825 cui
2620 770 2721 824 hoc
2747 768 2965 840 quidem
2994 768 3236 824 accidere
3279 785 3389 825 non
3432 779 3631 841 potest,
3676 773 3772 829 sed
3812 777 3961 847 cujus

2369 865 2422 919 in
2460 864 2591 919 duas
2620 864 2915 934 inaequales
2949 877 3190 918 summas
3231 866 3487 921 naturalis
3514 874 3598 921 est
3623 867 3816 926 sectio.
3855 870 3963 929 Hoc

2369 968 2450 1014 est
2482 968 2657 1011 autem
2689 955 2984 1026 exemplar.
3030 954 3096 1011 Ut
3128 956 3172 1010 si
3213 958 3430 1026 qtti‘ilwt
3468 962 3621 1013 -'atus
3649 975 3747 1029 par
3779 981 3960 1021 nunc-

2368 1066 2459 1105 rus
2489 1050 2778 1116 dividatur,
2814 1047 2989 1119 major
3012 1047 3230 1119 quidem
3277 1048 3555 1121 (quantum
3586 1053 3653 1105 ad
3681 1050 3960 1108 divisionis

2368 1144 2536 1214 spatia
2568 1143 2822 1213 pertinet)
2850 1157 2953 1195 non
2986 1141 3292 1196 invenietur
3317 1157 3477 1211 quam
3509 1141 3739 1198 discreta
3763 1145 3965 1202 medie-

2370 1246 2481 1299 tas;
2512 1236 2810 1305 quantitate
2832 1247 2959 1287 vero
2990 1233 3134 1287 nulla
3158 1232 3342 1287 minor
3364 1234 3453 1300 sit,
3480 1249 3636 1303 quam
3662 1238 3718 1289 in
3749 1239 3961 1306 gemina

2370 1326 2506 1381 facta
2539 1326 2777 1396 partitio,
2803 1333 2860 1379 ut
2888 1324 2932 1379 si
2976 1341 3071 1394 par
3094 1340 3354 1380 numerus
3382 1327 3470 1395 qui
3502 1337 3584 1381 est
3605 1328 3662 1394 8,
3694 1327 3965 1385 dividatur

2371 1422 2423 1475 in
2454 1421 2487 1475 4
2517 1428 2678 1491 atque
2707 1421 2843 1474 alios
2872 1422 2926 1486 4,
2958 1420 3101 1474 nulla
3135 1421 3237 1474 erit
3267 1421 3367 1475 alia
3397 1421 3613 1490 divisio,
3647 1439 3769 1494 quae
3798 1429 3962 1495 maio-

2371 1531 2459 1571 res
2491 1526 2668 1585 partes
2694 1515 2915 1571 efﬁciat.
2959 1515 3126 1571 Porro
3156 1526 3336 1570 autem
3378 1517 3519 1571 nulla
3558 1520 3661 1573 erit
3692 1519 3799 1575 alia
3832 1522 3961 1576 divi:

2370 1606 2452 1661 sio
2504 1622 2622 1676 qua:
2657 1616 2826 1660 totum
2859 1621 3140 1661 numerum
3168 1606 3374 1661 minore
3402 1607 3598 1662 dividat
3642 1613 3957 1679 quantitate.

2372 1697 2428 1752 In
2460 1697 2593 1751 duas
2622 1700 2765 1752 enim
2797 1707 2973 1766 partes
3004 1697 3288 1763 divisione,
3324 1699 3451 1754 nihil
3488 1700 3666 1755 minus
3699 1712 3806 1757 est.
3836 1703 3959 1760 Cum

2372 1791 2514 1845 enim
2542 1797 2712 1845 totum
2744 1791 2864 1861 quis
2892 1790 3053 1846 fuerit
3082 1789 3219 1845 trina
3247 1790 3508 1853 divisione
3535 1794 3788 1862 partitus,
3815 1810 3875 1866 sp
3893 1795 3960 1850 -tii

2295 1889 2346 1951 Β
2372 1882 2586 1954 quidem
2618 1896 2825 1936 summa
2849 1880 3128 1948 minuitur,
3159 1881 3251 1935 sed
3281 1897 3534 1936 numerus
3564 1883 3849 1938 divisionis
3877 1901 3961 1938 an.

2373 1982 2547 2044 getur.
2596 1971 2746 2040 Quod
2786 1982 2963 2027 autem
3006 1971 3205 2026 dictum
3244 1980 3349 2038 est,
3392 1974 3689 2028 secundum
3740 1974 3961 2029 duorum

2373 2080 2630 2141 generum
2655 2064 2950 2119 contrarias
2978 2064 3275 2134 passiones,
3295 2062 3602 2134 huiusmodi
3625 2075 3726 2120 est.
3759 2065 3965 2121 Praedo-

2374 2158 2585 2213 cuimus
2636 2156 2780 2212 cnim
2836 2157 3195 2227 quantitatem
3251 2157 3303 2211 in
3352 2158 3585 2212 inﬁnitas
3638 2158 3967 2225 pluralitates

2375 2263 2707 2318 accrescere,
2733 2247 2905 2317 spatia
2938 2262 3086 2312 vero,
3136 2246 3187 2301 id
3218 2257 3298 2302 est
3325 2248 3743 2319 magnitudines,
3772 2252 3823 2303 in
3852 2250 3968 2303 inii:

2376 2341 2673 2395 nitissimas
2720 2339 2887 2394 minui
2928 2339 3239 2408 parvitates,
3290 2350 3449 2407 atque
3492 2338 3612 2395 ideo
3658 2339 3747 2395 hic
3788 2352 3971 2396 contra

2377 2433 2578 2499 evenit;
2606 2434 2721 2488 hare
2744 2448 2973 2502 namque
3001 2433 3147 2500 paris
3174 2431 3384 2499 divisio,
3415 2432 3589 2503 spatio
3615 2442 3701 2490 est
3718 2433 3973 2500 maxima,

2379 2527 2694 2597 parvissima
2722 2529 3041 2596 quantitate.

2998 2658 3225 2715 CAPUT
3270 2658 3332 2713 V.

2380 2774 2500 2829 Alia
2528 2776 2806 2830 secundum
2850 2774 3189 2844 antiquiorem
3226 2774 3437 2828 modum
3476 2773 3702 2843 diﬁnitt'a
3728 2788 3874 2844 pars!
3916 2782 3980 2851 ιι

3064 2866 3297 2937 imparis.

2450 2981 2756 3042 Secundum
2793 2977 3147 3049 antiquiorem
3182 2992 3311 3033 vero
3354 2977 3569 3034 modum
3590 3018 3605 3042 ,
3636 2977 3740 3032 alia
3769 2988 3852 3033 est
3880 2991 3977 3048 pa—

2382 3082 2457 3137 ris
2492 3076 2699 3134 numcri
2732 3072 2996 3129 deﬁnitio.
3046 3071 3152 3126 Par
3200 3086 3453 3126 numerus
3496 3083 3577 3126 est
3620 3070 3711 3139 qui
3763 3068 3816 3122 in
3869 3068 3977 3125 duo

2382 3173 2628 3246 aequalia,
2654 3179 2709 3225 et
2737 3170 2788 3223 in
2819 3167 2926 3221 duo
2957 3164 3237 3235 inaequalia
3272 3163 3612 3233 partitionem
3644 3160 3857 3231 recipit,
3883 3158 3976 3215 sed

2384 3270 2515 3325 utin
2546 3273 2736 3321 neutra
2764 3260 3062 3326 divisione,
3095 3257 3180 3311 vel
3204 3254 3494 3327 imparitati
3526 3255 3662 3325 parit
3683 3254 3755 3318 ιέ,
3787 3253 3870 3307 vel
3896 3266 3977 3320 pa-

2385 3362 2528 3417 rilati
2562 3356 2837 3428 itnparitas
2893 3353 3178 3408 misceatur
3208 3390 3222 3414 ,
3270 3358 3465 3419 printer
3512 3348 3687 3402 solum
3737 3342 3975 3414 paritatis

2387 3455 2679 3526 principem
2714 3448 2979 3504 binarium
3027 3458 3348 3503 numerum,
3392 3440 3481 3511 qui
3522 3438 3843 3510 inzequalem
3874 3452 3977 3491 non

2386 3546 2576 3616 recipit
2594 3543 2889 3599 sectionem
2909 3580 2924 3607 ,
2954 3546 3234 3609 propterea
3265 3534 3406 3605 quod
3442 3549 3505 3589 ex
3531 3533 3739 3588 duabus
3767 3530 3978 3585 unitati-

2387 3638 2486 3694 bus
2517 3644 2749 3701 constat,
2783 3642 2835 3688 et
2870 3647 2935 3687 ex
2966 3631 3134 3700 prima
3161 3628 3387 3682 duorum
3419 3622 3817 3695 quodammodo
3844 3621 3979 3693 pari-

2389 3741 2516 3786 tate.
2539 3727 2695 3796 Quod
2723 3732 2901 3780 autem
2924 3722 3067 3787 dico,
3095 3719 3199 3773 tale
3220 3729 3303 3773 est
3331 3734 3345 3771 :
3380 3716 3424 3771 si
3464 3714 3606 3771 enim
3637 3721 3868 3783 ponatur
3891 3726 3980 3780 par

2388 3834 2667 3884 numerus,
2698 3823 2878 3888 potest
2908 3815 2959 3869 in
2990 3811 3099 3867 duo
3133 3808 3360 3881 aequalia
3393 3805 3577 3872 dividi,
3627 3814 3685 3859 ut
3732 3802 3981 3859 denarius

2387 3914 2645 3971 dividitur
2676 3914 2729 3965 in
2752 3910 2966 3980 quinos.
2994 3904 3168 3960 Porro
3188 3911 3365 3956 autem
3395 3908 3450 3955 et
3479 3914 3572 3968 per
3595 3894 3898 3968 intequalia,
3927 3900 3982 3948 ut

2390 4008 2532 4064 idem
2551 4003 2799 4060 denarius
2824 4002 2877 4056 in
2908 4000 2941 4054 5
2971 4007 3027 4055 et
3049 3998 3100 4051 in
3120 3997 3173 4049 7.
3202 3993 3306 4052 Sed
3328 3992 3429 4048 hoc
3451 3991 3633 4058 modo,
3658 3999 3715 4043 ut
3736 4003 3856 4042 cum
3881 4002 3983 4043 una

2393 4116 2518 4174 pars
2558 4098 2720 4154 fuerit
2751 4092 3033 4151 divisionis
3065 4105 3193 4160 par,
3229 4088 3331 4142 alia
3360 4100 3576 4157 quoque
3621 4098 3711 4153 par
3739 4079 3985 4135 invenia-

2396 4206 2503 4262 tur,
2536 4192 2657 4249 etsi
2685 4204 2789 4246 una
2816 4188 3011 4259 impar,
3052 4185 3254 4254 reliqua
3297 4180 3364 4236 ab
3403 4179 3521 4251 eius
3551 4178 3853 4248 imparitate
3879 4190 3986 4230 non

2393 4288 2682 4355 discrepet,
2708 4290 2767 4337 ut
2790 4281 2843 4336 in
2869 4278 3056 4336 eodem
3079 4290 3305 4331 numero
3330 4272 3421 4344 qui
3451 4282 3534 4327 est
3556 4269 3825 4326 denarius.
3853 4266 3988 4323 Cum

2390 4381 2533 4439 enim
2558 4379 2760 4435 divisus
2781 4387 2864 4431 est
2896 4374 2948 4429 in
2974 4372 3186 4442 quinos,
3213 4368 3295 4422 vel
3316 4382 3433 4421 cum
3461 4364 3513 4418 in
3541 4364 3574 4418 5
3602 4372 3658 4417 et
3688 4364 3739 4416 in
3773 4362 3804 4414 7
3830 4369 3988 4414 utras.

2392 4491 2498 4547 que
2521 4475 2574 4529 in
2610 4483 2836 4542 utraque
2866 4467 3109 4540 portione
3140 4473 3316 4532 partes
3336 4502 3351 4529 ,
3382 4461 3612 4528 impares
3641 4454 3990 4511 exstiterunt.

2393 4574 2451 4633 Si
2500 4579 2676 4625 autem
2728 4569 2845 4639 ipse
2887 4564 2970 4618 vel
3017 4562 3156 4617 alius
3201 4571 3456 4615 numerus
3499 4569 3591 4623 par
3637 4549 3902 4605 dividatur
3939 4547 3991 4604 in

2308 4673 2365 4736 Ι)
2394 4664 2660 4735 mquales,
2685 4668 2746 4715 ut
2789 4655 3095 4714 octonarius
3130 4655 3183 4709 in
3213 4652 3247 4707 4
3275 4660 3331 4706 et
3367 4649 3419 4704 in
3447 4649 3479 4702 ι
3499 4690 3513 4715 ,
3543 4656 3595 4700 ει
3626 4645 3750 4726 item
3784 4656 3884 4709 per
3914 4640 3991 4692 in.

2396 4733 2656 4829 tequales,
2684 4765 2742 4810 ut
2764 4752 2903 4808 idem
2937 4747 3243 4805 octonarius
3274 4747 3325 4799 in
3360 4744 3393 4797 5
3427 4753 3480 4796 ct
3503 4741 3554 4794 in
3576 4737 3630 4802 5,
3664 4735 3716 4788 in
3745 4733 3839 4787 illa
3868 4733 3994 4801 qui-

2396 4854 2518 4907 dem
2552 4848 2817 4904 divisione
2850 4854 3091 4913 utrazque
3138 4850 3316 4911 partes
3361 4849 3517 4907 pares
3549 4834 3700 4885 iactae
3742 4837 3885 4889 sunt,
3938 4831 3992 4881 et

2398 4947 2450 5000 in
2481 4944 2580 4999 hac
2612 4954 2852 5011 utraeque
2888 4938 3122 5006 impares
3160 4933 3498 4987 exstiterunt.
3542 4923 3725 4994 Neque
3754 4932 3991 4988 unquam

2400 5037 2514 5092 ﬁeri
2568 5043 2763 5105 potest,
2812 5041 2870 5086 ut
2898 5044 3018 5084 cum
3065 5041 3167 5081 una
3216 5038 3339 5095 pars
3382 5018 3658 5077 divisionis
3686 5028 3783 5085 par
3807 5012 3989 5075 fuerit,

2390 5131 2494 5187 alia
2526 5130 2696 5199 impar
2726 5125 2952 5183 inveniri
2994 5131 3174 5194 queat,
3204 5132 3294 5175 aut
3342 5133 3463 5174 cum
3518 5129 3620 5168 una
3675 5114 3848 5179 impar
3892 5109 3986 5172 sit,

2390 5225 2489 5279 alia
2521 5238 2617 5295 par
2652 5220 2826 5291 possit
2857 5216 3100 5285 intelligi.
3132 5215 3308 5282 Impar
3334 5224 3464 5265 vero
3504 5220 3758 5262 numerus
3785 5210 3868 5255 est
3897 5200 3991 5268 qui

2393 5317 2458 5370 ad
2481 5291 2780 5384 quamlibet
2810 5309 2955 5365 illam
2984 5291 3323 5368 divisionem,
3354 5317 3450 5372 per
3472 5296 3750 5368 iamqualia
3774 5308 3906 5358 senti
3929 5306 3990 5346 er

2392 5407 2649 5462 dividitur
2668 5446 2683 5472 ,
2722 5412 2781 5459 ut
2806 5410 3061 5470 utrasque
3087 5396 3294 5467 species
3322 5391 3529 5449 numeri
3566 5400 3779 5458 semper
3804 5393 3992 5436 oSIen-

2391 5500 2503 5566 dat,
2538 5512 2637 5553 nec
2673 5509 2906 5563 unquam
2937 5493 3102 5548 altera
3131 5489 3248 5544 sine
3272 5487 3441 5541 altera
3471 5483 3571 5549 sit,
3602 5479 3695 5535 sed
3728 5491 3830 5529 una
3865 5487 3994 5541 pars

2392 5582 2647 5663 paritati,
2680 5586 2967 5657 imparitati
2995 5583 3098 5639 alia
3127 5582 3433 5652 deputatur,
3476 5586 3532 5631 ut
3563 5575 3593 5629 7
3628 5572 3671 5626 si
3703 5568 3911 5623 dividas
3938 5566 3993 5620 in

2392 5660 2501 5741 get
2529 5683 2581 5738 in
2612 5680 2669 5750 4,
2701 5679 2866 5735 altera
2908 5677 3081 5749 portio
3110 5690 3223 5745 par,
3248 5673 3416 5728 altera
3451 5670 3622 5738 impar
3652 5674 3755 5719 est.
3790 5660 3861 5715 Et
3888 5660 3994 5713 hoc

2396 5779 2539 5834 idem
2565 5776 2618 5830 in
2646 5774 2852 5830 cunctis
2886 5769 3176 5841 imparibus
3204 5767 3441 5823 numeris
3472 5759 3762 5819 invenitur.
3802 5755 3996 5823 Neque

2415 5886 2646 5939 unquam
2669 5871 2722 5923 in
2753 5866 2973 5936 imparis
2995 5863 3279 5925 divisione,
3305 5870 3501 5930 praeter
3529 5870 3589 5911 se
3613 5865 3734 5909 esse
3759 5848 3996 5920 possunt
