4216 6256
271 372 411 430 1085

1488 371 1579 429 DE
1618 371 2088 429 ΑΒΙΤΗΜΕΉΟΑ
2126 370 2258 429 LIB.
2298 372 2338 429 Ι.

3426 381 3565 442 1086

268 493 352 549 lia:
404 506 635 564 gemmae
685 494 913 565 species,
962 507 1081 566 qua:
1125 491 1441 549 naturaliter
1486 493 1596 549 vim
1653 488 2094 555 numeriAcum
2127 491 2347 547 nomine
2403 507 2521 563 ipso
2570 493 2933 563 vocabuloqne
2962 495 3159 565 pariter
3186 509 3286 568 par
3325 497 3567 552 invenia-

268 586 732 658 substantiamque
758 596 1107 658 componunt.

890 677 1117 735 CAPUT
1150 677 1238 735 VI.

473 770 717 844 Diﬁinitio
738 773 879 845 paris
906 782 952 827 et
977 771 1187 844 imparis
1210 787 1301 841 per
1323 770 1645 827 alterutrum.

339 865 496 933 Quod
518 868 563 921 si
587 866 704 922 hac
725 864 895 925 etiam.
907 881 1005 937 per
1020 865 1300 923 alterutras
1320 867 1529 938 species
1547 862 1855 922 difﬁnienda

267 964 429 1025 sunt,
464 957 675 1018 dicetur
702 958 957 1029 imparem
1008 971 1290 1013 numerum
1322 972 1475 1022 esse,
1518 957 1609 1027 qui
1654 956 1860 1013 unitate

269 1048 450 1106 tiiﬂ‘ert
474 1066 504 1105 a
536 1049 683 1120 pari,
717 1050 803 1106 vel
830 1040 1183 1117 incremento,
1217 1049 1301 1106 vel
1324 1049 1699 1105 diminutione.
1728 1048 1857 1105 item

268 1153 367 1212 par
394 1156 650 1197 numerus
676 1149 779 1210 est,
821 1140 910 1213 qui
954 1142 1157 1197 unitate
1196 1140 1377 1198 dili'ert
1411 1141 1481 1197 ab
1520 1140 1709 1211 impari
1732 1183 1746 1206 ,
1774 1138 1861 1194 vei

269 1234 763 1304 incremento,vel
793 1234 1167 1293 diminutione.
1223 1234 1282 1291 Si
1329 1234 1473 1290 enim
1528 1235 1643 1304 pari
1697 1247 1859 1288 unum

269 1326 568 1398 dempseris
597 1327 683 1382 vel
710 1340 875 1383 unum
908 1328 1169 1399 adjeceris
1187 1370 1200 1395 ,
1225 1338 1279 1385 et
1298 1328 1472 1399 impar
1492 1327 1746 1397 efticitnr,
1778 1322 1863 1382 vel

272 1420 314 1476 si
339 1419 531 1491 impari
554 1419 697 1477 idem
722 1419 933 1487 feceris,
966 1436 1064 1491 par
1084 1421 1340 1477 continuo
1362 1430 1691 1491 procreatur.

871 1511 1097 1567 CAPUT
1146 1511 1257 1567 VII.

694 1603 769 1659 De
793 1604 1183 1676 principalitate
1210 1604 1445 1659 unitatis.

346 1696 531 1751 Omnis
575 1710 785 1767 quoque
833 1710 1089 1751 numerus
1136 1697 1339 1751 circum
1379 1711 1438 1751 se
1492 1696 1787 1766 positorum
1816 1706 1871 1753 et

276 1790 505 1857 naturali
552 1789 769 1845 sibimet
814 1789 1165 1860 dispositione
1232 1790 1539 1860 jnnctorum
1611 1790 1871 1847 medietas

1966 593 2074 651 tur,
2106 594 2218 641 tum
2246 585 2416 641 etiam
2451 586 2769 657 quantitate.
2805 586 2910 642 Sed
2942 586 3068 641 ideo
3097 588 3227 642 mihi
3252 588 3568 645 videturiiie

1963 693 2225 737 numerus
2253 681 2455 750 pariter
2486 696 2582 751 par
2608 687 2830 736 vocatus
2846 700 2872 747 ι,
2908 680 3050 751 quod
3092 680 3208 749 ejus
3237 694 3423 736 omnes
3448 697 3567 751 par-

1965 779 2048 827 tes
2072 780 2126 829 et
2148 771 2368 827 nomine
2394 779 2448 827 et
2469 772 2769 843 quantitate
2800 786 2955 843 pares
2982 773 3182 843 pariter
3200 772 3566 829 inveniantur.

1963 864 2252 937 Quomodo
2281 876 2461 923 autem
2511 875 2567 922 et
2617 866 2835 922 nomine
2856 874 2911 923 et
2935 865 3231 936 quantitate
3274 879 3432 935 pares
3475 865 3570 920 lia-

1964 958 2092 1016 beat
2121 967 2305 1029 partes
2335 958 2425 1015 hic
2452 973 2734 1027 numerus,
2788 966 2909 1029 post
2946 958 3204 1014 dicemus.
3234 956 3437 1012 Horum
3475 971 3569 1012 au-

1966 1060 2076 1109 tem
2108 1053 2389 1124 generatio
2416 1052 2537 1108 talis
2564 1061 2666 1110 est.
2712 1052 2794 1107 Ab
2822 1066 2929 1107 uno
2958 1051 3102 1106 enim
3130 1065 3478 1122 quoscunque
3515 1050 3567 1105 in

1967 1145 2175 1217 duplici
2200 1143 2552 1216 pr0portione
2590 1145 2891 1211 notaveris,
2936 1156 3147 1213 semper
3187 1155 3343 1213 pares
3373 1141 3571 1211 pariter

1969 1252 2345 1312 procreantur.
2375 1240 2583 1295 Prteter
2613 1237 2755 1293 hanc
2779 1245 2953 1293 autem
2974 1235 3373 1307 generationem
3396 1241 3455 1289 ut
3484 1246 3571 1289 na-

1970 1346 2193 1396 scantur
2222 1338 2401 1403 aliter,
2446 1334 2782 1405 impossibile
2816 1342 2917 1388 est.
2946 1330 3118 1403 Hujus
3149 1338 3327 1386 autem
3355 1316 3439 1385 r’ei
3467 1328 3570 1385 tale

1972 1433 2182 1489 videtur
2228 1447 2324 1503 per
2371 1430 2617 1487 ordinem
2666 1426 3049 1498 descriptionis
3094 1424 3422 1491 exemplum.
3452 1422 3571 1479 Sint

1973 1526 2155 1597 itaque
2186 1524 2365 1581 cuncti
2396 1522 2639 1594 duplices
2669 1522 2738 1576 ab
2767 1535 2876 1576 uno
2902 1520 2957 1586 1,
2982 1520 3039 1585 2,
3076 1520 3133 1583 4.
3169 1516 3224 1586 8,
3248 1518 3334 1584 16,
3361 1516 3452 1580 52.
3475 1515 3565 1585 61,

1975 1617 2106 1684 128,
2127 1615 2258 1683 256,
2286 1615 2390 1672 512
2411 1658 2425 1680 ,
2456 1621 2619 1683 atque
2649 1612 2774 1668 hinc
2801 1613 2846 1666 si
2876 1612 2968 1666 iiat
2992 1609 3200 1665 inﬁnita
3229 1608 3567 1679 progressio,

1977 1709 2115 1766 tales
2136 1718 2359 1765 cunctos
2386 1707 2644 1762 invenies.
2674 1703 2931 1775 Factique
2952 1702 3153 1757 suntab
3167 1716 3271 1756 uno
3291 1701 3345 1756 in
3369 1699 3570 1770 duplici

1979 1800 2348 1872 proportione,
2374 1808 2428 1854 et
2445 1812 2634 1854 omnes
2661 1804 2787 1852 sunt
2809 1795 3009 1866 pariter
3029 1808 3207 1865 pares.
3234 1792 3369 1849 illud
3392 1802 3569 1849 autem

276 1891 376 1938 est.
410 1881 476 1937 Et
505 1881 596 1953 qui
621 1896 783 1952 super
806 1880 943 1937 duos
981 1881 1106 1936 illos
1136 1890 1281 1948 sunt,
1322 1882 1413 1952 qui
1445 1882 1623 1938 medio
1641 1883 1873 1954 iungun-
1902 1880 1954 1945 B
1981 1909 2084 1948 non
2111 1892 2333 1947 minima
2376 1888 2816 1946 consideratione
2862 1888 3078 1959 dignum
3118 1895 3235 1954 est,
3286 1885 3427 1958 quod
3454 1886 3572 1957 ejus

276 1984 386 2042 tur,
419 1976 465 2031 si
493 1981 905 2043 componantur,
936 1975 1096 2028 etiam
1125 1975 1363 2044 ipsorum
1410 1974 1745 2045 supradictus
1774 1991 1873 2029 nu-

276 2084 459 2126 merus
488 2069 661 2125 media
708 2072 883 2140 portio
906 2076 986 2125 est
1011 2110 1027 2135 ,
1058 2077 1112 2125 et
1151 2083 1343 2123 rursus
1384 2069 1598 2124 illorum
1629 2069 1717 2138 qui
1749 2077 1875 2125 sunt

277 2177 444 2233 super
482 2162 718 2217 secundo
758 2162 879 2217 loco
930 2161 1165 2230 junctos,
1220 2176 1340 2217 cum
1393 2161 1738 2241 ipsilqnoque
1766 2163 1876 2217 sint

278 2252 593 2325 compositi,
639 2253 783 2324 prior
817 2253 901 2309 his
933 2267 1186 2308 numerus
1213 2253 1517 2308 medietatis
1546 2254 1663 2308 loco
1688 2261 1792 2319 est,
1821 2261 1877 2308 et

279 2346 383 2400 hoc
398 2345 502 2401 erit
526 2336 697 2416 usque
713 2345 836 2400 dum
861 2360 1148 2402 occurrens
1163 2347 1336 2401 unitas
1360 2348 1643 2403 terminum
1668 2346 1874 2403 iecerit.

278 2436 352 2495 Ut
399 2438 447 2494 si
488 2448 649 2508 ponat
680 2438 798 2508 quis
827 2439 1127 2510 quinarium
1177 2454 1497 2505 numerum,
1553 2439 1876 2496 altrinsecus

282 2529 430 2585 circa
457 2529 629 2600 ipsum
658 2540 803 2599 sunt,
835 2546 993 2600 supra
1018 2530 1072 2599 1,
1105 2532 1329 2587 inferius
1356 2532 1409 2587 6.
1445 2532 1505 2587 iii
1531 2548 1658 2604 ergo
1685 2533 1728 2588 si
1751 2533 1879 2604 jun-

281 2622 354 2680 cti
384 2633 528 2690 sunt,
562 2622 757 2679 faciunt
784 2625 879 2692 10,
916 2640 1142 2695 quorum
1171 2625 1207 2681 5
1226 2641 1481 2682 numerus
1505 2625 1875 2683 medietasest.

284 2714 389 2784 Qui
419 2725 595 2771 autem
626 2715 765 2771 circa
800 2716 967 2787 ipsos,
998 2714 1049 2771 ini
1083 2724 1166 2773 est
1192 2717 1332 2772 circa
1365 2718 1398 2772 6
1423 2728 1476 2773 et
1504 2719 1539 2773 4
1568 2719 1880 2785 sunt,‘5sci-

282 2807 415 2863 licet
442 2816 495 2862 et
522 2807 586 2874 7;
622 2807 761 2863 idem
792 2807 836 2863 si
861 2807 1030 2878 juncti
1068 2818 1227 2871 sunt,
1254 2822 1442 2863 eorum
1482 2809 1755 2877 quinarius
1785 2826 1884 2864 nu-

285 2917 465 2958 merus
493 2902 754 2958 medietas
790 2911 893 2957 est.
926 2900 1134 2955 Rursus
1164 2900 1411 2966 istorum,
1444 2902 1535 2971 qui
1565 2901 1883 2957 altrinsecus

261 2991 446 3063 positi
488 3000 649 3057 sunt,
692 2993 735 3047 si
763 2991 1057 3063 jungantnr
1079 3034 1093 3056 ,
1137 2992 1298 3047 etiam
1330 2991 1385 3046 lii
1414 2994 1644 3063 quinarii
1674 2996 1884 3049 numeri

285 3083 433 3154 dupli
473 3094 616 3141 sunt.
649 3083 782 3139 Nam
821 3100 981 3153 super
1009 3083 1042 3137 5
1072 3092 1197 3139 sunt
1222 3085 1258 3138 2
1279 3127 1293 3152 ,
1330 3101 1493 3156 super
1518 3089 1550 3143 7
1579 3096 1701 3143 sunt
1732 3088 1786 3143 8.
1820 3087 1885 3142 Hi

286 3189 416 3247 ergo
443 3176 487 3231 si
506 3176 676 3246 juncti
705 3184 832 3232 sunt
852 3174 1050 3231 faciunt
1079 3176 1177 3242 10,
1209 3193 1435 3247 quorum
1460 3180 1738 3247 quinarius
1769 3198 1887 3237 rur-

1974 1983 2150 2037 omnis
2187 1996 2332 2052 pars,
2369 1983 2436 2036 ab
2457 1997 2557 2036 una
2576 1988 2730 2051 parte
2750 1995 3068 2052 quacunque
3086 1996 3205 2051 quae
3231 1979 3367 2034 intra
3396 1981 3571 2049 ipsum

1977 2088 2257 2129 numerum
2321 2082 2406 2128 est
2466 2073 2890 2141 denominatur,
2955 2082 3263 2141 tantamque
3309 2085 3572 2128 summam

1976 2167 2290 2236 quantitatis
2318 2165 2564 2231 includit,
2597 2172 2759 2234 quota
2785 2179 2905 2235 pars
2928 2172 3012 2220 est
3040 2165 3176 2220 alter
3205 2177 3459 2218 numerus
3482 2178 3573 2232 pa-

1976 2259 2109 2316 riter
2141 2258 2304 2329 paris,
2334 2242 2474 2312 illius
2496 2257 2586 2326 qui
2610 2272 2735 2313 eum
2757 2257 3002 2311 continet
3028 2254 3359 2327 quantitatis.
3392 2253 3573 2326 Itaque

1926 2397 1942 2416 .
1980 2354 2039 2407 tit
2083 2363 2137 2406 nt
2169 2351 2271 2407 sibi
2326 2360 2509 2422 partes
2555 2349 2686 2421 ipsa:
2738 2348 3119 2418 reapondeant,
3172 2355 3230 2402 ut
3268 2354 3427 2418 quota
3451 2362 3573 2418 pars

1978 2459 2085 2501 una
2111 2453 2213 2512 est,
2246 2451 2447 2498 tantam
2492 2441 2691 2497 habeat
2719 2442 2885 2496 altera
2915 2440 3291 2511 quantitatem,
3323 2446 3379 2494 et
3406 2446 3566 2509 quota

1980 2549 2106 2607 pars
2137 2536 2236 2590 ista
2266 2544 2384 2603 est,
2417 2543 2617 2589 tantam
2656 2533 2707 2588 in
2739 2536 2921 2604 priore
2958 2547 3225 2588 summam
3254 2544 3478 2587 necesse
3506 2530 3575 2588 sit

1982 2626 2343 2683 multitudinis
2370 2625 2625 2681 inveniri.
2653 2624 2721 2679 Et
2744 2626 2975 2696 primum
3007 2624 3083 2691 iit,
3119 2624 3163 2679 si
3192 2639 3347 2692 pares
3378 2623 3575 2680 fuerint

1983 2719 2386 2789 dispositiones,
2414 2727 2469 2772 nt
2498 2719 2617 2772 duae
2644 2715 2836 2771 mediae
2858 2725 3036 2786 partes
3060 2716 3159 2770 sibi
3180 2715 3573 2785 respondeant,

1984 2820 2108 2882 post
2136 2826 2265 2866 vero
2293 2824 2411 2880 qua:
2441 2823 2600 2878 super
2630 2808 2772 2877 ipsas
2802 2816 2928 2861 sunt
2956 2805 3057 2861 sibi
3091 2806 3318 2861 invicem
3350 2820 3576 2861 conver-

1989 2910 2188 2967 tantur,
2227 2909 2391 2971 atque
2421 2898 2525 2955 hoc
2547 2899 2687 2954 idem
2721 2897 2815 2952 ﬁat
2843 2899 3016 2952 donec
3056 2905 3284 2967 uterque
3316 2894 3576 2951 terminus

1991 2998 2356 3054 extremitates
2405 2995 2664 3051 incurrat.
2710 2993 2945 3048 Ponatur
2990 2989 3134 3047 enim
3185 2990 3387 3062 pariter
3432 2991 3576 3060 paris

1990 3090 2159 3157 ordo,
2184 3090 2252 3145 ab
2283 3103 2389 3144 uno
2418 3102 2585 3159 usque
2610 3085 2748 3153 128,
2780 3083 3150 3153 hocmodoi,
3176 3082 3244 3152 2,
3271 3084 3341 3153 4,
3374 3083 3575 3152 8,16,

1991 3184 2092 3250 52,
2124 3184 2213 3251 64,
2248 3181 2371 3249 128,
2400 3190 2456 3238 et
2490 3196 2553 3237 ea
2584 3180 2654 3235 sit
2693 3194 2899 3235 summa
2922 3179 3172 3235 maxima.
3206 3177 3263 3233 ln
3292 3178 3396 3235 hoc
3419 3178 3577 3250 igitur

286 3281 378 3323 sus
400 3270 661 3327 medietas
690 3280 792 3326 est.
827 3270 941 3326 Hoc
972 3271 1113 3326 idem
1139 3272 1193 3326 in
1223 3273 1470 3328 omnibus
1499 3275 1738 3330 numeris
1761 3292 1883 3333 eve-
1911 3249 1959 3315 α
1989 3277 2241 3347 quoniam
2267 3289 2424 3347 pares
2451 3272 2831 3345 dispositiones
2860 3280 3007 3338 sunt,
3045 3285 3148 3325 una
3173 3269 3431 3326 medietas
3467 3284 3575 3325 non

286 3363 389 3427 nit,
416 3376 582 3432 usque
604 3363 730 3417 dum
760 3362 825 3417 ad
854 3363 1074 3417 unitatis
1096 3364 1381 3418 terminum
1412 3367 1682 3434 perveniri
1701 3377 1881 3437 queat.

287 3452 413 3507 Sola
440 3454 584 3508 enim
615 3455 790 3510 unitas
810 3454 1011 3509 circum
1035 3469 1094 3509 se
1115 3455 1251 3509 duos
1279 3456 1539 3513 terminos
1571 3473 1675 3513 non
1700 3459 1882 3528 habet,

286 3555 445 3619 atque
478 3548 598 3603 ideo
619 3548 756 3618 ejus,
791 3550 879 3620 qui
910 3557 994 3604 est
1012 3564 1178 3621 prope
1202 3564 1283 3613 se,
1315 3550 1481 3607 solius
1502 3561 1582 3607 est
1601 3553 1881 3609 medietas.

287 3635 418 3696 Nam
445 3640 599 3711 juxta
632 3656 795 3695 unum
827 3641 976 3695 solus
1006 3650 1090 3695 est
1127 3641 1370 3698 binarius
1408 3645 1726 3701 naturaliter
1750 3662 1882 3703 con-

288 3733 527 3798 atitutus,
558 3733 712 3801 cujus
742 3733 919 3787 unitas
967 3732 1142 3788 media
1172 3750 1294 3804 pars
1336 3745 1439 3805 est.
1472 3735 1648 3803 Quare
1676 3749 1886 3794 constat

288 3826 521 3895 primam
543 3839 665 3881 esse
687 3826 944 3882 unitatem
966 3866 981 3890 ,
1024 3838 1337 3883 cunctorum
1366 3833 1459 3901 qui
1489 3839 1617 3885 sunt
1648 3832 1700 3886 in
1732 3842 1885 3887 natu-

291 3917 396 3973 rali
448 3916 800 3989 dispositione
851 3934 1217 3988 numerorum,
1262 3932 1316 3977 et
1375 3924 1535 3978 etiam
1576 3926 1683 3985 rite
1724 3926 1884 3981 totius

295 4011 546 4083 quamvis
574 4012 815 4084 prolixae,
848 4014 1165 4086 genitricem
1200 4017 1521 4087 pluralitatis
1549 4018 1786 4089 agnosci.

886 4108 1111 4163 CAPUT
1159 4108 1288 4163 Vill.

778 4200 975 4257 Divisio
1003 4202 1145 4273 paris
1175 4202 1371 4255 numeri

365 4290 515 4347 Paris
539 4302 721 4348 autem
752 4296 962 4349 numeri
996 4293 1205 4361 species
1237 4304 1361 4348 sunt
1390 4296 1441 4350 5.
1489 4297 1582 4352 Est
1608 4298 1750 4353 enim
1778 4313 1880 4353 una

294 4398 417 4450 qua:
442 4383 634 4440 dicitur
652 4385 854 4457 pariter
877 4398 990 4453 par,
1009 4385 1110 4438 alia
1136 4400 1264 4439 vero
1288 4388 1487 4455 pariter
1510 4388 1702 4459 impar,
1729 4393 1881 4448 tertia

295 4476 570 4546 impariter
595 4494 709 4549 par.
746 4480 809 4532 Et
838 4477 1107 4533 contraria
1137 4477 1374 4545 quidem,
1400 4480 1619 4550 locaque
1641 4485 1885 4540 obtinen-

294 4572 369 4629 tia
399 4572 787 4634 summitatum,
820 4569 1063 4624 videntur
1084 4584 1205 4624 esse
1230 4570 1431 4638 pariter
1458 4587 1573 4639 par,
1598 4583 1655 4629 et
1686 4576 1885 4643 pariter

293 4664 487 4735 impar.
546 4662 803 4716 liledietas
854 4668 1033 4717 autem
1084 4662 1329 4730 quadam
1378 4677 1502 4731 qua:
1541 4674 1888 4737 utrorumque

294 4754 602 4828 participat,
634 4762 719 4809 est
747 4768 1000 4810 numerus
1026 4757 1115 4827 qni
1151 4770 1372 4815 vocatur
1403 4760 1679 4829 impariter
1700 4775 1815 4831 par.

921 4848 1155 4906 CAPUT,
1187 4850 1278 4906 IX.

406 4938 484 4995 De
509 4956 718 4995 numero
742 4942 936 5009 pariter
963 4943 1077 5010 pari
1119 4946 1332 5015 ejusque
1357 4945 1776 5015 proprietatibus.

370 5031 578 5087 Pariter
619 5047 714 5101 par
759 5047 1014 5088 numerus
1060 5044 1144 5089 est
1192 5038 1284 5105 qui
1318 5045 1496 5107 potest
1521 5037 1572 5092 in
1604 5037 1713 5093 duo
1740 5040 1890 5111 paria

295 5122 486 5190 dividi,
510 5122 733 5194 ejusque
758 5138 882 5195 pars
908 5125 962 5181 in
985 5126 1091 5180 alia
1121 5125 1227 5181 duo
1258 5129 1403 5198 paria
1420 5170 1437 5197 ,
1472 5129 1746 5200 partisque
1766 5146 1891 5202 pars

297 5216 355 5270 in
378 5213 481 5270 alia
504 5213 612 5270 duo
630 5216 799 5285 paria,
824 5225 882 5271 ut
907 5218 1006 5271 hoc
1024 5218 1221 5274 totiens
1241 5220 1532 5291 ﬁat,usque
1553 5220 1678 5276 dum
1700 5222 1891 5279 divisio

298 5307 534 5376 partium
569 5305 635 5362 ad
687 5308 1067 5365 indivisibilem
1113 5312 1430 5367 naturaliter
1466 5313 1744 5382 perveniat
1772 5315 1893 5369 nni~

300 5409 491 5454 tatem.
526 5397 594 5455 Ut
623 5399 691 5456 64
723 5416 980 5457 numerus
1008 5401 1169 5457 habet
1210 5403 1549 5460 medietatem
1571 5404 1663 5473 52,
1697 5404 1782 5459 hic
1802 5420 1896 5461 au-

299 5504 408 5550 tem
438 5494 777 5561 medietatem
804 5494 891 5559 16,
918 5495 1005 5550 hic
1025 5511 1155 5551 vero
1181 5496 1238 5561 8,
1269 5498 1411 5553 hunc
1439 5513 1650 5569 quoque
1680 5508 1899 5568 quater-

298 5588 492 5644 narius
532 5588 585 5642 in
616 5601 767 5662 aequa
802 5587 1029 5656 partitur
1051 5629 1065 5654 ,
1099 5590 1191 5659 qui
1221 5591 1414 5647 hinarii
1443 5591 1638 5662 duplus
1666 5601 1770 5659 est,
1797 5591 1897 5648 sed

297 5678 548 5735 binarius
570 5678 789 5734 unitatis
818 5680 1105 5737 medietate
1137 5682 1416 5752 dividitur,
1446 5702 1565 5756 qua:
1594 5687 1774 5743 unitas
1804 5702 1897 5740 na-

301 5770 549 5826 turaliter
570 5770 860 5841 singularis
880 5812 897 5839 ,
931 5789 1036 5829 non
1074 5778 1262 5846 recipit
1303 5778 1618 5834 sectionem.
1643 5779 1777 5835 Huic
1799 5794 1897 5833 nu-

298 5877 456 5919 mero
472 5865 683 5920 videtur
706 5864 957 5921 accidere
974 5907 989 5933 ,
1015 5877 1071 5921 ut
1088 5882 1415 5937 quaecunque
1436 5868 1552 5938 ejus
1569 5870 1729 5924 fuerit
1753 5883 1893 5939 pars,

1912 4625 1969 4688 D

1989 3381 2161 3442 potest
2188 3369 2432 3426 inveniri.
2468 3370 2603 3423 Sunt
2630 3365 2787 3438 igitur
2822 3367 2965 3433 duae,
2992 3364 3045 3422 id
3075 3376 3157 3421 est
3189 3364 3223 3421 8
3249 3374 3303 3421 et
3335 3363 3421 3430 16,
3455 3379 3577 3435 quas

1987 3461 2387 3519 consideranda:
2410 3470 2554 3524 sunt,
2594 3457 3045 3529 quemadmodum
3078 3456 3211 3527 ipsae
3230 3457 3333 3513 sibi
3354 3471 3577 3528 respon-

1986 3559 2168 3613 deant.
2195 3557 2381 3612 Totius
2405 3556 2550 3611 enim
2589 3570 2833 3622 summas,
2884 3554 2935 3610 id
2967 3561 3051 3609 est
3080 3552 3204 3619 128,
3235 3563 3422 3608 octava
3452 3567 3577 3623 pars

1987 3660 2067 3706 est
2096 3651 2181 3717 16,
2210 3659 2361 3705 sexta
2386 3648 2594 3703 decima
2622 3648 2674 3703 8.
2704 3646 2909 3702 Rursus
2930 3660 3091 3717 super
3120 3645 3214 3700 has
3246 3654 3425 3714 partes
3455 3659 3573 3713 quae

1986 3757 2132 3816 sunt,
2160 3748 2291 3816 ipsa:
2314 3745 2415 3801 sibi
2436 3743 2664 3800 invicem
2695 3741 3116 3814 respondebunt,
3152 3739 3201 3794 id
3226 3747 3310 3795 est
3338 3739 3407 3797 52
3437 3746 3492 3794 et
3517 3739 3573 3794 1.

1984 3844 2117 3900 Nam
2149 3842 2218 3898 52
2241 3849 2424 3912 quarta
2454 3854 2575 3911 pars
2610 3847 2695 3893 est
2725 3839 2886 3893 totius
2912 3849 3155 3904 summae,
3189 3836 3221 3890 4
3260 3849 3388 3889 vero
3417 3833 3578 3901 trige—
3632 3846 3635 3847 ν

1985 3935 2121 3991 sima
2150 3931 2409 3990 secunda.
2443 3931 2648 3985 Rursus
2676 3944 2838 3999 super
2878 3926 2973 3982 bas
3010 3938 3189 3998 partes
3218 3926 3306 3991 61,
3346 3923 3577 3978 secunda

1987 4042 2110 4097 pars
2133 4035 2236 4091 est,
2273 4026 2309 4078 2
2333 4037 2462 4079 vero
2499 4022 2832 4092 sexagesima
2859 4029 3067 4091 quarta.
3106 4019 3287 4074 Donec
3320 4015 3577 4073 extremi-

1985 4130 2122 4177 tates
2157 4118 2380 4174 limitem
2412 4115 2627 4181 iaciant,
2658 4128 2792 4185 quas
2838 4114 3056 4170 dubium
3105 4127 3211 4167 non
3258 4120 3341 4168 est
3388 4110 3575 4166 eadem

1984 4210 2340 4283 responsione
2365 4207 2623 4279 gaudere.
2658 4207 2753 4262 Est
2774 4207 2916 4262 enim
2946 4205 3122 4283 omnis
3151 4218 3382 4271 summa,
3413 4201 3580 4257 semel

1988 4303 2113 4367 128,
2162 4316 2298 4358 unus
2344 4315 2495 4365 vero,
2547 4298 2872 4355 centesimus
2916 4297 3203 4368 vigesimus
3242 4306 3480 4352 octavus.
3522 4292 3578 4349 Si

1992 4404 2169 4449 autem
2201 4395 2434 4462 impares
2479 4391 2740 4448 terminos
2798 4404 3079 4460 ponarnns,
3133 4388 3185 4441 id
3232 4396 3313 4442 est
3343 4398 3581 4439 summas

1989 4484 2153 4553 (idem
2176 4483 2317 4537 enim
2346 4481 2626 4547 terminos,
2650 4478 2792 4547 quod
2815 4492 3073 4543 summas,
3103 4473 3367 4542 nomino),
3391 4484 3583 4528 secun-

1990 4578 2115 4633 dum
2136 4576 2357 4647 imparis
2388 4586 2655 4637 naturam,
2687 4579 2863 4641 potest
2893 4585 2995 4623 una
3025 4568 3280 4624 medietas
3312 4565 3537 4619 inveniri
3563 4603 3580 4628 ,

1999 4682 2160 4741 atque
2186 4685 2291 4725 una
2320 4668 2421 4723 sibi
2448 4669 2560 4736 ipsa
2590 4674 2673 4720 est
2702 4676 3042 4732 responsura.
3088 4660 3143 4713 Si
3174 4658 3314 4713 enim
3356 4665 3583 4727 ponatur

1999 4764 2082 4817 hic
2111 4760 2245 4815 ordo
2280 4760 2330 4823 l,
2373 4758 2429 4825 2,
2459 4756 2515 4823 4,
2548 4758 2599 4821 8,
2634 4754 2720 4820 16,
2747 4752 2836 4817 52,
2874 4752 2964 4817 64,
2995 4766 3096 4807 una
3116 4751 3218 4806 erit
3242 4748 3354 4804 sola
3378 4747 3584 4804 medie-

2000 4866 2104 4923 tas,
2138 4852 2189 4908 id
2217 4860 2301 4907 est
2327 4850 2380 4906 8.
2416 4847 2517 4917 Qui
2538 4848 2571 4903 8
2594 4860 2815 4901 summac
2846 4844 3006 4900 totius
3033 4857 3155 4914 pars
3182 4850 3264 4898 est
3293 4851 3499 4906 octava,
3530 4847 3586 4896 et

1999 4944 2101 5002 sibi
2129 4944 2227 5016 ipsi
2256 4942 2322 4997 ad
2353 4939 2843 4996 denominationem
2883 4936 3337 5009 quantitatemque
3362 4946 3587 4988 conver-

1997 5036 2149 5091 titur.
2174 5033 2507 5103 [Eodemque
2529 5030 2710 5097 modo,
2752 5030 2891 5085 sicut
2937 5028 3201 5099 superius,
3242 5026 3382 5081 circa
3410 5025 3584 5096 ipsum

1998 5128 2085 5199 qui
2113 5135 2239 5182 sunt
2270 5126 2522 5189 termini,
2551 5125 2753 5179 donant
2782 5120 2886 5177 sibi
2912 5131 3093 5177 mutua
3120 5118 3354 5185 nomina,
3397 5132 3588 5174 secun-

2006 5220 2131 5275 dum
2163 5222 2410 5290 proprias
2431 5218 2780 5287 quantitates,
2806 5214 3231 5282 vocabulumque
3259 5220 3586 5294 permutant.

2004 5312 2136 5368 Nam
2169 5315 2203 5368 4
2225 5321 2380 5369 sexta
2407 5310 2611 5365 decima
2638 5323 2761 5380 pars
2788 5315 2872 5365 est
2900 5306 3060 5361 totius
3084 5318 3327 5371 summae,
3365 5302 3432 5358 16
3462 5316 3589 5355 vero

2007 5411 2212 5472 quarta.
2264 5403 2335 5456 Et
2372 5414 2556 5457 rursus
2595 5415 2757 5473 super
2803 5398 2901 5454 hos
2948 5396 3225 5462 terminos,
3255 5394 3325 5451 52
3353 5392 3586 5461 secunda

2008 5509 2134 5568 pars
2154 5505 2239 5550 est
2266 5495 2428 5550 totius
2455 5508 2699 5557 summae,
2724 5494 2759 5547 2
2780 5506 2910 5548 vero
2935 5489 3207 5561 trigesima
3235 5486 3468 5545 secunda
3490 5531 3505 5555 ,
3535 5495 3590 5542 et

2001 5586 2173 5644 semel
2206 5596 2315 5643 tota
2343 5600 2549 5641 summa
2579 5585 2649 5641 64
2685 5592 2832 5650 sunt,
2872 5580 3207 5652 sexagesima
3243 5588 3433 5650 quarta
3462 5592 3590 5632 vero

2007 5679 2181 5735 unitas
2210 5678 2502 5733 invenitur.
2553 5676 2666 5732 Hoc
2713 5676 2875 5746 igitur
2921 5682 3004 5729 est
3050 5670 3192 5742 quod
3238 5671 3437 5727 dictum
3482 5676 3587 5735 est,

2004 5786 2199 5828 omnes
2227 5771 2343 5842 ejus
2388 5780 2565 5841 partes
2604 5779 2660 5827 et
2706 5767 2923 5825 nomine
2969 5774 3025 5821 et
3068 5764 3364 5837 quantitate
3390 5761 3591 5837 pariter

2003 5888 2162 5942 pares
2197 5873 2445 5928 inveniri.
2496 5874 2610 5929 Hoc
2650 5885 2862 5944 quoque
2906 5869 3075 5926 multa
3125 5866 3587 5935 consideratione,
