4216 6256
668 422 669 425 η
683 357 819 415 1087

1906 337 2018 394 AN.
2056 326 2266 393 MANL.
2306 328 2457 389 SEV.
2498 325 2723 386 BOETll

3818 308 3958 366 1038

681 472 956 543 multaque
1003 467 1305 526 constantia
1355 459 1650 519 divinitatis
1695 455 1989 528 perfectum
2036 460 2151 518 est,
2204 457 2262 504 ut
2289 449 2543 520 Apartes
2585 443 2819 517 :rqualcs
2861 440 3051 512 recrpit
3081 436 3407 503 sectionem,
3447 440 3628 505 partes
3676 444 3808 486 vero
3838 432 3955 499 ejus

681 562 964 619 ordinatim
996 559 1269 628 diSpositte
1301 556 1541 611 minores
1574 565 1795 606 summa:
1822 549 1872 602 in
1906 549 2007 602 hoc
2037 559 2260 600 numero

681 666 738 712 et
780 669 938 724 super
983 654 1189 722 seipsas
1243 655 1569 705 coacervatae
1606 642 1877 715 sequenti
1925 640 2103 696 minus
2158 652 2262 692 uno

681 762 896 816 semper
922 754 1216 816 aequentur.
1266 742 1324 796 Si
1356 741 1498 795 cnim
1531 753 1692 793 unum
1720 736 1912 805 jungas
1943 733 2026 787 his
2052 732 2143 802 qui
2174 745 2263 786 se-

681 849 920 912 quuntur
952 836 1179 902 duobus,
1227 834 1359 889 fiunt
1386 834 1439 900 5,
1471 832 1521 886 id
1546 838 1646 893 est,
1673 828 1762 895 qui
1794 842 1901 881 uno
1927 825 2105 900 minus
2129 837 2264 893 qua-

681 930 916 989 ternario
941 928 1161 985 cadunt.
1198 925 1264 980 Et
1298 925 1340 978 si
1370 920 1734 993 superioribus
1759 916 1926 993 addas
1965 914 2029 981 4,
2059 921 2185 987 sunt
2208 914 2263 977 7,

681 1024 772 1095 qui
801 1021 868 1075 ab
892 1018 1168 1076 octonario
1188 1024 1446 1087 sequente
1465 1013 1579 1069 sola
1602 1012 1800 1067 unitate
1828 994 2128 1064 vincuntur.
2158 1003 2265 1061 Sed

680 1115 728 1169 si
759 1112 976 1169 eosdem
1008 1111 1041 1167 8
1071 1108 1391 1181 supradictis
1422 1103 1751 1177 adiunxeris,
1786 1102 1852 1158 15
1884 1102 2030 1165 fient,
2054 1098 2142 1167 qui
2170 1111 2266 1166 par

682 1206 752 1262 16
775 1205 981 1261 numeri
1009 1203 1266 1259 existeret
1288 1198 1601 1273 quantitati,
1630 1196 1732 1252 nisi
1764 1195 1939 1250 minor
1968 1192 2144 1247 unitas
2168 1189 2267 1244 im-

682 1298 906 1370 pediret.
958 1297 1070 1353 Hoc
1098 1303 1275 1350 autem
1306 1294 1479 1363 prima
1526 1290 1685 1345 etiam
1730 1285 1936 1343 numeri
1982 1282 2266 1353 progenies

683 1400 861 1446 servat
889 1396 1046 1459 atque
1074 1385 1325 1442 custodit.
1352 1383 1589 1453 Namque
1612 1379 1785 1435 unitas
1815 1392 1934 1448 quae
1965 1376 2135 1446 prima
2160 1383 2263 1439 cst,

684 1483 893 1537 duobus
917 1478 1365 1548 subsequentibus
1409 1475 1522 1530 sola
1566 1481 1649 1528 est
1689 1471 1892 1525 unitate
1918 1467 2263 1523 contractior.

683 1572 839 1631 Unde
886 1571 1016 1626 nihil
1046 1572 1237 1625 mirum
1287 1577 1390 1633 est,
1443 1573 1615 1620 totum
1656 1575 1881 1618 summa:
1933 1566 2267 1615 crementum

678 1650 903 1735 proprio
943 1661 1250 1719 consentire
1289 1657 1569 1729 principio.
1606 1655 1727 1709 liam
1753 1661 1930 1707 autem
1960 1651 2113 1705 nobis
2139 1663 2268 1703 con-

683 1757 937 1811 sideratio
986 1753 1216 1809 maxime
1267 1749 1524 1820 proderit,
1577 1747 1631 1801 in
1681 1746 1762 1800 his
1804 1745 2040 1800 numeris
2070 1755 2269 1811 cogno-

2368 554 2491 595 mox
2539 534 2890 591 indivisihiles
2943 542 3131 609 atque,
3165 527 3479 584 insecabiles
3528 522 3951 595 permanebunt,

2369 641 2428 689 ut
2457 640 2581 687 sunt
2610 629 2663 699 6,
2696 629 2780 694 10,
2817 626 2901 691 14,
2937 626 3026 694 18,
3058 623 3150 689 22,
3191 630 3246 677 ει
3275 621 3355 674 his
3386 617 3610 674 similes.
3652 615 3775 670 Mox
3807 616 3952 669 enim

2370 726 2468 780 Itos
2508 736 2761 778 numeros
2791 720 2834 774 si
2880 720 2932 773 in
2959 716 3169 788 gemina
3204 713 3366 769 fueris
3406 710 3670 765 divisione
3702 707 3951 776 partitus,

2370 816 2601 872 incurris
2632 814 2685 869 in
2718 814 2999 882 imparem,
3030 822 3188 879 quem
3223 818 3408 861 secare
3432 816 3537 857 non
3564 797 3760 869 possis.
3792 795 3954 852 Acci~

2368 909 2449 965 dit
2487 890 2664 963 autem
2694 906 2775 960 his
2802 902 2942 976 quod
2978 914 3165 956 omnes
3205 905 3384 970 partes
3414 892 3683 951 contrarie
3707 890 3955 945 denomi-

2364 994 2520 1061 ‘itatas
2543 984 2766 1068 habent,
2792 1011 2947 1068 quam
2973 1003 3099 1052 sunt
3121 992 3442 1063 quantitates
3462 988 3698 1057 ipsarum
3720 983 3956 1055 partium

2369 1110 2487 1167 qua:
2517 1092 2951 1148 denominantur.
3001 1084 3184 1154 Neque
3225 1094 3458 1152 unquam
3504 1076 3621 1131 fieri
3659 1082 3844 1145 potest
3898 1080 3955 1126 ut

2367 1166 2616 1259 quaelibet
2646 1198 2769 1256 pars
2799 1182 2956 1251 hujus
3013 1175 3220 1232 numeri
3273 1172 3514 1243 ejusdem
3543 1168 3754 1240 generis
3785 1166 3954 1222 deno-

2369 1279 2717 1345 minationem
2755 1274 3215 1347 quantitatemque
3245 1265 3519 1335 suscipiat.
3549 1263 3772 1331 Semper
3808 1260 3955 1315 enim

2368 1371 2413 1426 si
2441 1368 2803 1426 denominatio
2825 1363 2982 1419 fuerit
3004 1376 3117 1431 par,
3148 1357 3412 1430 quantitas
3443 1352 3607 1423 partis
3627 1351 3731 1407 erit
3757 1352 3954 1420 impar,

2368 1471 2424 1518 et
2451 1463 2495 1517 si
2522 1461 2680 1517 fuerit
2706 1454 3071 1515 denominatio
3098 1452 3286 1522 impar,
3322 1447 3588 1519 quantitas
3612 1444 3718 1500 erit
3749 1459 3874 1512 par,
3900 1452 3954 1497 ut

2368 1557 2421 1613 in
2446 1556 2533 1611 18.
2565 1551 2811 1609 Secunda
2834 1549 2949 1618 ejus
2974 1559 3099 1619 pars
3124 1552 3239 1607 est,
3270 1541 3319 1597 id
3346 1549 3430 1596 est
3456 1537 3651 1603 media,
3678 1534 3827 1607 quod
3856 1549 3949 1603 pa-

2369 1647 2542 1705 ritatis
2572 1660 2765 1701 nomen
2797 1650 2879 1698 est
2902 1642 2956 1707 9,
2991 1652 3111 1710 quae
3138 1636 3309 1704 impar
3343 1642 3426 1688 est
3451 1629 3745 1702 quantitas.
3773 1627 3950 1682 Tertia

2371 1757 2499 1798 vero
2535 1756 2652 1810 quae
2688 1739 2862 1807 impar
2891 1742 2973 1790 est
3001 1729 3363 1787 denominatio
3385 1740 3501 1793 sex,
3534 1722 3620 1779 cui
3649 1737 3747 1792 par
3774 1720 3951 1791 plun-

684 1847 897 1903 scendis
912 1860 1045 1915 quos
1062 1842 1361 1912 superﬂuos
1384 1839 1792 1895 velimminutos
1818 1834 2268 1906 imperfectusque
2301 1822 2349 1882 Β
2375 1835 2495 1891 litas
2523 1841 2626 1889 est.
2676 1830 2879 1885 Rursus
2925 1826 2971 1881 si
3013 1831 3314 1888 convertas,
3362 1827 3513 1874 sexta
3555 1830 3678 1885 pars
3711 1830 3832 1886 qua:
3863 1828 3950 1883 par

686 1939 1123 1995 monstrabimus.
1168 1937 1278 1991 illic
1308 1936 1451 1992 enim
1500 1941 1816 1990 coacervata
1846 1930 2115 2002 quantitas
2149 1944 2269 2000 par-

684 2030 813 2085 tium
838 2030 1045 2086 numeri
1070 2030 1231 2083 totius
1255 2028 1490 2083 termino
1513 2032 1872 2095 comparatur,
1904 2023 2035 2099 illud
2058 2035 2269 2092 quoque

685 2122 829 2176 nulla
860 2134 1144 2189 possumus
1173 2119 1448 2173 oblivione
1489 2118 1884 2182 transmittere,
1917 2115 2057 2185 quod
2086 2114 2139 2169 in
2168 2113 2271 2170 hoc

686 2227 911 2269 numero
940 2210 1387 2280 respondentibus
1418 2210 1518 2263 sibi
1548 2209 1796 2263 invicem'
1819 2207 2058 2277 partibus
2088 2206 2272 2262 multi-

686 2302 918 2374 plicatis,
945 2302 1114 2371 major
1132 2301 1442 2355 extremitas
1461 2299 1703 2369 ejusdem
1728 2298 1935 2352 numeri
1957 2311 2272 2366 summaque

688 2396 988 2452 coniicitur.
1023 2394 1091 2448 Et
1123 2394 1349 2462 primum
1382 2393 1426 2447 si
1456 2406 1611 2461 pares
1650 2379 1849 2446 iuerint
1871 2390 2267 2461 dispositiones,

687 2488 851 2546 medii
873 2487 1315 2556 multiplicantur,
1344 2494 1503 2556 atque
1526 2484 1648 2539 inde
1669 2483 1758 2553 qui
1780 2499 1941 2553 super
1959 2485 2102 2551 ipsos
2123 2490 2267 2552 sunt,

688 2595 858 2651 usque
885 2579 951 2633 ad
991 2576 1324 2647 supradictos
1373 2576 1759 2631 extremitates.
1811 2575 1867 2630 Si
1909 2575 2050 2629 enim
2078 2573 2273 2628 fuerint

688 2687 845 2744 pares
886 2670 1291 2741 dispositiones,
1344 2666 1636 2745 secundum
1683 2674 1926 2720 naturam
1960 2664 2099 2734 paris
2136 2663 2272 2718 duos

690 2766 743 2820 in
773 2764 952 2819 medio
983 2762 1241 2818 terminos
1271 2760 1643 2825 continebunt,
1674 2767 1735 2811 ut
1758 2758 1808 2812 in
1838 2772 1899 2811 ea
1922 2756 2275 2826 dispositione
2320 2806 2323 2809 ,

689 2869 1035 2912 numerorum
1075 2854 1129 2908 in
1168 2866 1274 2923 qua
1303 2859 1574 2906 extremus
1618 2850 1876 2904 terminus
1924 2848 2024 2903 128
2050 2848 2269 2909 ,finitur.

689 2949 748 3005 In
772 2950 871 3004 hoc
890 2948 1032 3004 enim
1059 2959 1285 3001 numero
1310 2945 1622 3000 medietates
1649 2951 1774 2998 sunt
1797 2941 1847 3006 8,
1875 2940 2099 3006 scilicet,
2131 2949 2183 2994 et
2207 2940 2274 2993 16

689 3055 808 3111 qua:
838 3040 892 3094 in
932 3051 992 3093 se
1035 3034 1406 3106 multiplicatae
1460 3033 1679 3103 majoris
1706 3028 1969 3087 summam
1999 3036 2274 3084 crescente

689 3131 993 3203 pluralitate
1028 3128 1333 3184 conficient.
1364 3126 1545 3182 Octies
1570 3126 1713 3180 enim
1746 3124 1831 3189 16,
1865 3122 1947 3177 vel
1973 3121 2210 3187 sedecjes
2239 3120 2272 3175 8

2372 1936 2457 1984 est
2492 1921 2874 1988 denominatio,
2906 1928 3014 1976 tres
3044 1924 3187 1983 sunt,
3220 1914 3314 1970 sed
3341 1910 3609 1968 ternarius
3651 1909 3828 1978 impar
3853 1915 3951 1961 est.

2374 2020 2439 2077 Et
2470 2032 2611 2073 nona
2640 2030 2784 2087 pars,
2816 2011 2956 2084 quod
2986 2011 3161 2079 impar
3197 2013 3281 2061 est
3298 2001 3644 2079 vocabulum,
3684 2000 3721 2052 2
3746 1998 3836 2067 qui
3868 2012 3953 2068 par

2374 2123 2629 2167 numerus
2656 2115 2759 2163 est.
2794 2107 2964 2175 Atque
2991 2100 3133 2157 idem
3183 2098 3237 2153 in
3286 2096 3405 2150 aliis
3444 2094 3651 2149 cunctis
3695 2091 3786 2161 qui
3836 2099 3954 2145 sunt
4049 2128 4052 2132 λ

2374 2203 2576 2275 pariter
2598 2202 2830 2270 impares
2852 2195 3143 2252 invenitur.
3163 2191 3347 2260 Neque
3361 2201 3598 2258 unquam
3622 2184 3738 2239 fieri
3762 2190 3952 2250 potest,

2374 2304 2434 2350 ut
2463 2292 2751 2364 cujuslibet
2806 2288 2992 2361 partis,
3043 2286 3112 2341 sit
3157 2281 3395 2353 ejusdem
3439 2276 3652 2350 generis
3680 2289 3873 2329 nomen
3904 2281 3955 2328 et

2374 2400 2651 2444 numerus.
2685 2382 2768 2437 Fit
2810 2389 2987 2435 autem
3020 2377 3212 2433 horum
3245 2369 3544 2445 procreatio
3587 2380 3953 2431 numerorum,

2373 2484 2422 2537 si
2460 2480 2528 2535 ab
2556 2491 2663 2533 uno
2692 2476 3065 2544 disponantur,
3108 2469 3410 2541 quicunque
3448 2463 3658 2519 duobus
3683 2460 3955 2525 diﬂ’erunt,

2374 2572 2429 2628 id
2458 2580 2541 2627 est
2567 2568 2811 2625 omnibus
2858 2563 3152 2633 imparibus
3206 2557 3432 2615 naturali
3470 2555 3748 2627 sequentia
3799 2560 3957 2621 atque

2374 2663 2561 2719 ordine
2590 2657 2913 2716 constitutis.
2947 2655 3183 2724 Namque
3213 2651 3267 2707 hi
3319 2651 3365 2706 si
3415 2664 3512 2719 per
3556 2645 3821 2702 binarium
3853 2660 3956 2699 mt-

2376 2769 2580 2811 merum
2627 2749 3048 2819 multiplicentur
3072 2787 3087 2813 ,
3122 2758 3309 2799 omnes
3334 2741 3532 2812 pariter
3555 2739 3822 2808 impares,
3857 2736 3961 2791 rite

2374 2844 2651 2916 pluralitas
2682 2843 2921 2897 dimensa
2954 2836 3171 2894 efficiet.
3204 2835 3437 2891 Ponatur
3470 2831 3601 2887 cnim
3627 2829 3800 2899 prima
3833 2829 3959 2882 uni-

2376 2945 2477 3001 tas,
2510 2935 2561 2989 id
2587 2934 2715 2989 est1
2741 2974 2756 2999 ,
2789 2939 2844 2987 et
2870 2937 2990 3001 post
3019 2929 3153 2983 hanc
3177 2926 3269 2993 qui
3297 2925 3365 2980 ab
3394 2923 3496 2979 hac
3523 2921 3728 2978 duobus
3753 2919 3954 2985 differt,

2375 3026 2428 3082 id
2460 3036 2543 3081 est
2568 3025 2622 3090 5,
2654 3034 2708 3079 ει
2739 3033 2858 3093 post
2879 3021 3019 3076 hunc
3046 3020 3131 3090 qui
3161 3033 3345 3075 rursus
3376 3031 3407 3069 a
3426 3014 3702 3085 superiore
3724 3012 3954 3079 duobus,

2376 3118 2428 3173 id
2452 3127 2535 3173 est
2561 3117 2614 3182 5,
2631 3125 2684 3172 et
2713 3118 2815 3171 hoc
2834 3117 2888 3170 in
2905 3107 3957 3181 inﬁnitum.Etsithujusmodidispositio

689 3198 734 3279 si
763 3222 1110 3293 multiplices,
1144 3220 1245 3275 128
1288 3233 1493 3274 summa
1524 3216 1844 3272 concrescit.
1888 3216 2059 3284 Atque
2087 3213 2140 3266 lii
2173 3228 2272 3266 nu-
2299 3204 2349 3271 C
2380 3211 2431 3275 1,
2459 3210 2511 3275 5,
2545 3210 2599 3272 5,
2632 3208 2686 3274 7,
2719 3207 2777 3270 9,
2806 3206 2892 3272 11,
2923 3206 3011 3270 15,
3044 3203 3134 3271 15,
3177 3203 3263 3268 17,
3295 3202 3379 3256 19.
3408 3201 3473 3255 lli
3499 3214 3628 3270 ergo
3649 3198 3957 3254 naturaliter

689 3316 821 3371 meri
845 3315 933 3385 qui
963 3328 1125 3384 super
1165 3311 1384 3367 eosdem
1419 3318 1566 3375 sunt,
1602 3309 1646 3363 si
1693 3307 2113 3377 multiplicentur
2134 3304 2273 3360 idem

690 3406 908 3461 faciunt.
933 3403 1063 3457 Nam
1087 3402 1120 3455 4
1142 3411 1197 3458 et
1216 3402 1287 3457 52
1310 3402 1361 3455 in
1386 3415 1445 3455 se
1474 3399 1519 3454 si
1543 3398 1894 3468 multiplices,
1911 3396 2277 3467 supradictam

691 3499 887 3554 facient
912 3495 1329 3560 extremitatem,
1362 3493 1396 3545 4
1426 3492 1568 3547 enim
1603 3491 1786 3559 trigies
1816 3499 1868 3544 et
1897 3490 1998 3557 bis,
2030 3490 2115 3545 vel
2147 3503 2278 3558 qua-

621 3580 625 3585 .
691 3601 772 3646 ter
797 3590 866 3643 52
888 3588 1058 3654 ducti,
1084 3587 1187 3641 128
1218 3584 1537 3640 tmmutabill
1568 3584 1889 3638 necessitate
1912 3582 2271 3652 complebunt.

690 3683 866 3751 Atque
897 3679 1001 3734 hoc
1031 3692 1200 3747 usque
1231 3675 1297 3730 ad
1327 3683 1597 3730 extremos
1631 3674 1892 3728 terminos
1916 3673 2079 3737 cadit,
2113 3672 2164 3727 id
2195 3685 2279 3726 εει

694 3774 718 3825 1
753 3780 807 3828 ει
846 3771 969 3827 128.
1004 3768 1185 3824 Semel
1233 3765 1377 3820 enim
1420 3774 1693 3820 extremus
1737 3763 1997 3817 terminus
2046 3763 2145 3817 128
2173 3770 2273 3817 εει.

690 3861 905 3917 Centies
928 3859 1095 3930 vigies
1124 3864 1284 3927 atque
1312 3853 1481 3909 octies
1512 3851 1713 3907 unitate
1740 3852 2113 3921 multiplicata,
2144 3849 2277 3905 nihil

690 3957 757 4010 de
787 3955 965 4024 priore
1011 3950 1314 4022 quantitate
1355 3944 1668 4003 mutabitur.
1720 3945 1775 4000 Si
1826 3952 2002 3999 autem
2048 3945 2277 4013 impares

691 4046 890 4100 fuerint
918 4044 1328 4113 dispositiones,
1360 4053 1497 4095 unus
1528 4036 1737 4092 medius
1781 4035 2043 4110 terminus
2073 4034 2278 4089 inveni-

694 4146 799 4199 tur,
828 4144 988 4203 atque
1031 4134 1146 4203 ipse
1182 4133 1284 4187 sibi
1333 4130 1548 4201 propria
1576 4126 2019 4197 multiplicatione
2052 4139 2277 4195 respon-

648 4298 651 4301 γ
691 4226 801 4283 det.
838 4226 893 4279 In
918 4240 984 4280 eo
1014 4238 1242 4293 namque
1266 4221 1455 4276 or'dlne
1484 4234 1853 4288 numerorum,
1878 4217 1969 4273 ubi
1996 4226 2277 4273 extremus

692 4319 951 4376 terminus
988 4316 1056 4372 64
1099 4316 1401 4387 pluralitate
1437 4312 1806 4377 concluditur,
1856 4312 1968 4366 sola
2012 4310 2277 4365 invenitur

694 4428 798 4469 una
822 4411 1099 4473 medietas,
1131 4409 1183 4462 id
1213 4416 1295 4462 est
1322 4407 1374 4462 8.
1406 4406 1574 4473 Quam
1606 4405 1653 4459 si
1682 4405 1882 4471 octies,
1918 4402 1971 4458 id
1992 4398 2081 4457 est
2108 4402 2159 4455 in
2191 4415 2276 4456 se-

693 4505 978 4573 metipsam
999 4500 1324 4568 multiplices
1354 4496 1422 4553 64
1448 4496 1757 4566 explicabit.
1789 4497 1966 4565 Atque
1992 4494 2133 4549 idem
2156 4493 2277 4549 red-

2379 3308 2664 3372 sequentes
2696 3300 2932 3367 impares
2977 3304 3120 3360 sunt,
3163 3308 3297 3364 quos
3338 3292 3513 3347 nullus
3557 3292 3608 3345 in
3662 3289 3837 3345 medio
3866 3304 3955 3358 par

2379 3407 2631 3448 numerus
2677 3389 2995 3460 distinguit:
3030 3389 3128 3441 hos
3157 3385 3204 3442 si
3243 3399 3337 3457 per
3364 3382 3628 3438 binarium
3675 3397 3954 3438 numerum

2378 3484 2723 3553 multiplices,
2756 3480 2960 3537 efﬁcies
2991 3478 3093 3534 hoc
3121 3477 3297 3543 modo,
3340 3476 3423 3531 bis
3449 3489 3644 3541 unum,
3675 3473 3729 3527 id
3767 3483 3849 3528 est
3872 3473 3957 3542 qui

2378 3578 2631 3634 dividitur
2662 3577 2900 3648 quidem,
2932 3574 3025 3630 sed
3056 3574 3172 3643 ejus
3200 3583 3379 3645 partes
3410 3570 3760 3625 indivisibiles
3801 3584 3960 3638 repe-

2380 3671 2588 3725 riuntur
2635 3677 2851 3739 praptcr
2880 3666 3185 3722 insecabilis
3229 3664 3444 3719 unitatis
3488 3672 3755 3717 naturam.
3788 3662 3875 3716 Bis
3902 3662 3958 3727 5,

2378 3760 2461 3815 bis
2483 3760 2535 3825 ὅ,
2565 3760 2645 3814 bis
2680 3761 2733 3829 7,
2768 3760 2848 3814 bis
2879 3759 2933 3825 9,
2962 3757 3043 3811 bis
3065 3756 3153 3822 11,
3183 3763 3239 3811 ει
3261 3754 3531 3823 deinceps,
3555 3768 3621 3807 ex
3644 3752 3829 3823 quibus
3860 3765 3961 3806 na:

2378 3864 2600 3908 scuntur
2648 3852 2700 3905 hi
2723 3892 2749 3920 ,.
2776 3852 2840 3917 2,
2870 3850 2931 3915 6,
2978 3850 3065 3917 10,
3112 3850 3198 3914 14,
3230 3847 3316 3913 18,
3364 3846 3454 3899 22.
3488 3845 3631 3914 Quos
3658 3845 3704 3899 si
3728 3842 3958 3910 dividas,

2380 3960 2541 4000 unam
2590 3945 2853 4013 recipiunt
2898 3942 3230 4009 sectionem,
3292 3948 3541 3995 czeteram
3590 3938 3957 4009 repudiantes,

2378 4038 2521 4109 quod
2544 4038 2777 4093 secunda
2797 4037 2987 4091 divisio
3016 4035 3082 4091 ab
3108 4034 3327 4103 imparis
3355 4034 3639 4088 medietate
3672 4034 3837 4101 partis
3867 4047 3960 4086 ex-

2378 4128 2628 4183 cluditur.
2676 4127 2767 4181 liis
2812 4135 2989 4180 autem
3017 4125 3252 4179 numeris
3292 4123 3359 4178 ad
3389 4138 3447 4177 se
3474 4122 3703 4178 invicem
3733 4130 3958 4193 quater-

2380 4220 2513 4275 narii
2538 4218 2650 4274 sola
2674 4217 2923 4273 distantia
2949 4226 3050 4272 est.
3073 4216 3311 4286 Namque
3335 4216 3471 4270 inter
3494 4216 3530 4268 2
3549 4224 3602 4270 ει
3624 4214 3657 4270 6
3682 4229 3958 4279 numeros,

2379 4315 2413 4368 4
2445 4321 2587 4367 sunt.
2616 4311 2822 4365 Rursus
2850 4310 2989 4364 inter
3016 4309 3049 4363 6
3078 4317 3133 4364 et
3173 4307 3261 4373 10,
3311 4317 3363 4362 et
3396 4307 3535 4362 inter
3578 4308 3644 4361 10
3689 4315 3743 4361 et
3772 4306 3837 4361 14
3859 4351 3874 4375 ,
3906 4315 3961 4361 et

2380 4404 2520 4459 inter
2550 4404 2617 4457 14
2643 4412 2698 4459 et
2723 4403 2809 4467 18,
2855 4402 2992 4457 idem
3034 4401 3407 4472 quaternarius
3428 4398 3782 4455 differentiam
3812 4400 3981 4453 facit.‘

2382 4495 2445 4549 Hi
2497 4509 2727 4563 namque
2775 4507 2963 4548 omnes
3013 4492 3349 4562 quaternaria
3403 4504 3522 4546 sese
3576 4489 3967 4546 numerositate

691 4600 823 4655 dunt
868 4598 941 4653 illi
979 4597 1070 4667 qui
1097 4609 1256 4665 super
1283 4594 1419 4648 hanc
1446 4591 1786 4647 medietatem
1820 4599 1965 4659 sunt,
1992 4598 2050 4645 ut
2074 4589 2272 4645 dudum
2304 4584 2359 4645 D
2386 4586 2788 4642 transcendunt.
2820 4585 2973 4654 Quod
3002 4584 3205 4640 idcirco
3225 4585 3506 4653 contingit,
3525 4584 3773 4654 quoniam
3798 4584 3966 4652 primi

691 4691 865 4767 hilqui
893 4703 1053 4758 super
1093 4686 1224 4741 duas
1256 4684 1413 4755 positi
1444 4683 1728 4739 faciebant.
1776 4681 1906 4737 Nam
1948 4690 2137 4752 quater
2176 4680 2268 4747 16,

694 4783 763 4839 64
806 4793 949 4847 sunt,
999 4790 1053 4836 et
1100 4777 1341 4834 sedecies
1368 4778 1403 4832 4
1445 4776 1588 4832 idem
1624 4774 1916 4845 complent.
1955 4772 2159 4827 Rursus
2190 4770 2271 4826 bis

691 4874 783 4943 52,
819 4874 939 4928 facti
968 4888 998 4927 a
1018 4871 1088 4927 64
1118 4886 1223 4926 non
1251 4868 1569 4935 discedunt,
1602 4876 1655 4922 et
1682 4858 1861 4937 trigies
1886 4864 1968 4919 bis
1991 4865 2116 4930 duo,
2151 4878 2273 4920 eos-

692 4970 816 5024 dem
845 4965 1134 5032 cumulant,
1166 4974 1220 5020 et
1247 4963 1500 5031 semel,64
1518 5003 1535 5029 ,
1562 4962 1648 5017 vel
1678 4963 1853 5016 unitas
1885 4961 2126 5031 sexagies
2149 4975 2276 5030 qua-

694 5069 776 5114 ter
806 5057 1151 5127 multiplicata
1177 5095 1193 5121 ,
1226 5054 1474 5112 eumdem
1514 5067 1792 5108 numerum
1826 5052 1941 5107 sine
1965 5052 2073 5106 ulla
2102 5052 2276 5109 varie-

694 5157 805 5205 tate
834 5148 1139 5203 restituent.

1310 5230 1534 5287 CAPUT
1575 5231 1643 5286 X.‘

767 5328 843 5384 De
872 5342 1079 5382 numero
1118 5326 1312 5395 pariter
1339 5324 1525 5395 impari
1552 5326 1764 5396 ejusque
1788 5319 2199 5390 proprietatibus.

744 5420 976 5476 Pariter
1000 5426 1179 5474 autem
1218 5414 1391 5488 impar
1423 5428 1677 5470 numerus
1704 5419 1789 5468 est
1812 5413 1900 5482 qui
1931 5420 1985 5468 et
2018 5412 2131 5482 ipse
2162 5412 2278 5481 qui-

696 5515 819 5571 dem
849 5513 1093 5584 paritatis
1123 5517 1368 5565 naturam
1414 5506 1877 5575 substantiamque
1906 5504 2128 5560 sortitus
2173 5510 2274 5573 est,

696 5607 791 5663 sed
838 5606 893 5661 in
931 5603 1199 5661 contraria
1234 5601 1517 5665 divisione,
1561 5607 1767 5655 natura;
1823 5599 2031 5655 numeri
2079 5596 2275 5667 pariter

695 5696 842 5764 paris
870 5695 1170 5765 opponitur.
1223 5690 1512 5746 Docebitur
1552 5701 1783 5759 namque
1811 5702 1970 5758 quam
2013 5689 2169 5757 longe
2196 5686 2279 5741 hic

700 5785 940 5838 dissimili
968 5786 1178 5838 ratione
1196 5781 1478 5837 dividatur.
1513 5780 1644 5835 Nam
1679 5780 1931 5849 quoniam
1967 5794 2067 5848 par
2096 5787 2201 5847 est,
2228 5780 2281 5835 in

2378 4679 2469 4749 qui
2511 4678 2668 4749 positi
2695 4687 2837 4743 sunt,
2874 4677 2973 4730 hoc
3014 4685 3099 4732 est
3123 4691 3305 4732 eorum
3339 4676 3696 4739 fundamenta,
3747 4674 3963 4730 binario

2379 4785 2439 4827 se
2469 4786 2693 4826 numero
2724 4769 3113 4839 praecedebant,
3138 4783 3272 4839 quos
3298 4768 3545 4841 quoniam
3566 4780 3662 4836 per
3686 4766 3963 4822 binarium

2381 4862 2884 4933 multiplicavimus,
2926 4862 2979 4915 in
3024 4860 3421 4931 quaternarium
3464 4872 3747 4914 numerum
3788 4860 3967 4913 crevit

2380 4954 2469 5009 illa
2494 4953 2817 5025 progressio.
2847 4952 2960 5006 Duo
2988 4953 3130 5008 enim
3158 4967 3251 5021 per
3273 4951 3355 5007 bis
3382 4948 3720 5017 multiplicati
3746 4956 3966 5021 quater-

2380 5045 2515 5101 uarii
2531 5045 2727 5099 faciunt
2755 5058 3037 5097 summam.
3066 5043 3231 5112 Igitur
3255 5042 3310 5096 in
3341 5039 3599 5096 naturalis
3623 5038 3967 5093 numeridis-

2378 5136 2675 5206 positione,
2717 5135 2917 5206 pariter
2952 5134 3184 5204 impares
3220 5136 3427 5188 numeri
3452 5131 3640 5202 quinto
3682 5129 3803 5184 loco
3845 5144 3876 5181 a
3902 5143 3968 5184 se

2379 5231 2597 5297 distant,
2629 5229 2755 5284 solis
2784 5229 2815 5283 4
2855 5242 2913 5282 se
2937 5227 3279 5298 praecedunt,
3312 5227 3346 5281 5
3385 5225 3439 5280 in
3471 5224 3651 5282 medio
3682 5233 3970 5278 transeun-

2380 5328 2480 5385 tes,
2512 5335 2606 5389 per
2641 5318 2902 5375 binarium
2933 5334 3209 5373 numerum
3247 5316 3615 5388 multiplicatis
3641 5314 3966 5384 imparibus,

2379 5412 2970 5481 procreati.Contrarite
2992 5425 3120 5466 vero
3140 5424 3258 5465 esse
3282 5408 3626 5465 dicunturha:
3643 5407 3847 5476 species
3865 5421 3973 5459 nu—

2384 5516 2680 5568 merorum,
2712 5502 2764 5555 id
2794 5510 2875 5557 est
2900 5503 3099 5571 pariter
3128 5516 3240 5573 par,
3276 5510 3331 5557 et
3361 5502 3558 5571 pariter
3588 5500 3781 5569 impar,
3820 5498 3972 5568 quod

2386 5596 2438 5652 in
2460 5609 2685 5650 numero
2713 5595 3125 5665 pariterimpari
3156 5596 3264 5651 sola
3287 5592 3609 5650 divisionem
3637 5592 3827 5661 recipit
3849 5604 3973 5645 ma~

2381 5688 2455 5759 j0t
2492 5687 2825 5755 extremitas,
2850 5688 2902 5743 in
2931 5688 3025 5743 illo
3049 5702 3177 5743 vero
3204 5687 3351 5743 solus
3382 5687 3554 5742 minor
3584 5686 3849 5741 terminus
3880 5697 3973 5738 se-

2385 5780 2560 5837 ctione
2582 5779 2791 5837 solutus
2814 5788 2915 5848 est,
2948 5787 3003 5836 et
3022 5778 3164 5851 quod
3190 5780 3242 5835 in
3272 5778 3443 5835 forma
3473 5778 3668 5850 pariter
3689 5775 3833 5847 paris
3861 5790 3973 5830 nu-
