4216 6256
243 345 382 404 1089

1463 340 1551 398 DE
1588 332 2052 397 ARITHMETICA
2080 334 2207 391 LIB.
2241 332 2284 392 Ι.

3372 332 3509 389 1090

243 465 378 522 meri
402 463 470 520 ab
494 463 928 519 extremitatibus
955 460 1250 533 incipienti,
1284 468 1340 516 et
1360 472 1528 529 usque
1556 457 1623 512 ad
1653 454 1829 512 media
1855 454 1911 516 Α
1932 449 2107 503 sectio
2137 448 2223 503 illa
2255 463 2363 503 non
2395 447 2656 518 pervenit,
2685 446 2779 503 sed
2817 456 2941 504 ante
2964 449 3223 505 unitatem
3246 448 3515 506 invenitur
3556 470 3559 475 ·

243 558 630 629 progredienti,
661 557 803 627 quod
825 557 1127 613 continetur
1153 554 1254 610 sub
1282 552 1537 610 extremis
1562 551 1827 616 terminis,

245 651 389 707 idem
418 660 502 707 est
521 650 595 705 illi
619 650 761 719 quod
784 651 1085 707 continetur
1104 648 1203 703 sub
1230 648 1371 703 intra
1392 661 1451 702 se
1474 645 1663 715 positis
1692 660 1835 700 sum-
1860 682 1865 687 ι

244 743 426 798 mulis.
447 744 622 811 Atque
657 740 758 796 hoc
788 742 927 796 idem
958 756 1124 809 usque
1152 740 1279 795 dum
1311 740 1376 794 ad
1415 740 1547 795 duas
1576 738 1836 797 medietas?

247 842 326 888 tes
350 832 512 887 fuerit
532 840 770 897 ventum,
803 830 855 885 in
880 830 1320 900 diSpositionibus
1360 830 1564 886 scilicet
1591 827 1831 899 paribus.

246 927 299 981 Si
330 935 509 981 autem
549 924 749 981 iuerint
769 925 1002 993 impares
1031 922 1432 993 dispositiones,
1461 921 1602 989 quod
1633 922 1700 975 ab
1727 932 1833 974 una

246 1016 538 1071 medietate
566 1015 867 1079 coniicitur,
900 1012 1001 1069 hoc
1028 1012 1166 1069 idem
1197 1014 1299 1069 sub
1334 1012 1649 1069 altrinsecus
1692 1010 1833 1081 posi-

250 1107 320 1162 tis
352 1108 596 1177 partibus
626 1115 960 1174 procreatur.
984 1105 1156 1175 Atque
1188 1105 1288 1161 hoc
1317 1104 1613 1175 usquedum
1643 1102 1709 1157 ad
1739 1118 1831 1157 ex-

250 1198 547 1252 tremitates
579 1195 854 1266 DI'OCCSSiO
879 1198 987 1250 tiat.
1015 1195 1070 1249 in
1103 1211 1164 1250 ea
1183 1195 1322 1249 enim
1341 1194 1693 1264 dispositione
1714 1207 1834 1262 qua:

252 1300 334 1346 est
360 1289 415 1355 2,
448 1290 501 1354 4,
541 1289 596 1354 8,
630 1288 716 1351 16,
761 1286 899 1342 idem
932 1286 1161 1342 reddunt
1186 1287 1222 1340 2
1249 1301 1343 1355 per
1372 1286 1438 1340 16
1466 1283 1831 1354 multiplicati,

253 1381 397 1453 quod
418 1382 451 1436 4
475 1397 570 1451 per
594 1381 925 1436 octonarium
952 1396 1230 1436 numerum
1254 1380 1417 1435 ducti.
1443 1379 1676 1449 Utroque
1692 1378 1833 1434 enim

255 1474 416 1529 modo
442 1474 510 1528 52
543 1474 689 1527 ﬁent.
722 1472 874 1540 Quod
903 1473 947 1527 si
980 1474 1153 1541 impar
1191 1473 1260 1527 sit
1301 1472 1456 1539 ordo,
1491 1480 1546 1525 ut
1572 1480 1655 1525 est
1691 1471 1747 1537 2,
1781 1469 1834 1531 4.

257 1568 312 1634 8,
363 1569 501 1622 idem
549 1566 744 1645 facient
772 1566 997 1620 extremi
1030 1566 1169 1635 quod
1200 1559 1496 1619 medietas.
1526 1564 1615 1617 Bis
1637 1561 1779 1617 enim
1807 1563 1841 1615 8

256 1667 383 1714 sunt
410 1657 495 1724 16,
529 1666 753 1727 quatuor
775 1666 963 1725 quater
986 1666 1121 1723 sunt,
1141 1656 1226 1722 i6,
1256 1656 1344 1726 qui
1377 1668 1629 1709 numerus
1655 1668 1683 1706 a
1713 1667 1842 1722 qua-

1936 542 2215 606 terminus,
2247 555 2405 610 quem
2448 554 2634 595 secare
2678 554 2783 595 non
2830 540 3023 610 possis.
3072 541 3287 597 Obtinet
3334 549 3511 597 autem

1935 650 2056 705 quae
2086 636 2160 691 illi
2187 649 2398 707 quoque
2426 635 2710 705 recipiunt,
2745 636 2886 705 quod
2916 636 3156 707 quaedam
3189 644 3367 705 partes
3395 637 3516 706 ejus

1937 729 2280 798 respondent,
2307 728 2823 797 denominanturque
2849 729 3138 784 secundum
3168 744 3335 799 genus
3361 745 3517 785 suum

1936 819 2003 873 ad
2032 818 2303 888 propriam
2349 817 2723 885 quantitatem,
2758 818 2822 872 ad
2855 819 3279 885 similitudinem,
3313 821 3521 876 scilicet

1937 910 2140 979 pariter
2170 910 2310 979 paris
2354 909 2583 964 numeri.
2618 910 2749 963 Alite
2785 924 2913 964 vero
2961 922 3140 979 partes
3193 912 3518 966 contrariam

1935 1001 2426 1057 denominatiouem
2457 1011 2677 1057 sumunt
2707 1000 2936 1071 propriae.
2964 1003 3297 1070 quantitatis,
3331 1002 3397 1057 ad
3430 1017 3522 1071 pa-

1934 1093 2067 1148 riter
2095 1093 2315 1163 imparis
2356 1093 2558 1148 scilicet
2607 1091 2854 1147 formam.
2889 1092 2943 1146 In
2972 1091 3041 1145 24
3081 1092 3224 1147 enim
3270 1107 3518 1160 numero,

1935 1196 2037 1252 par
2063 1192 2146 1238 est
2174 1193 2444 1254 quantitas
2476 1183 2637 1252 partis
2670 1198 2699 1236 a
2742 1183 2854 1251 pari
2899 1197 3123 1238 numero
3154 1180 3519 1237 denominata.

1938 1272 2069 1328 Nam
2107 1285 2293 1351 quarta
2323 1275 2377 1340 6,
2408 1274 2641 1329 secunda
2672 1288 2800 1328 vero
2840 1273 2925 1340 i2,
2958 1284 3107 1328 sexta
3144 1288 3273 1329 vero
3303 1275 3367 1341 4,
3393 1275 3525 1329 duo-

1940 1365 2147 1419 decima
2173 1366 2226 1426 2,
2263 1381 2382 1434 qua:
2434 1365 2693 1420 vocabulo
2724 1364 2950 1434 partium
2989 1380 3020 1419 a
3049 1365 3358 1434 quantitatis
3388 1366 3525 1434 pari-

1944 1466 2049 1512 tate
2081 1474 2185 1512 non
2227 1458 2556 1528 discrepant.
2602 1456 2899 1512 Contraria:
2926 1473 3054 1513 vero
3092 1458 3525 1521 denominantur,

1943 1562 2064 1602 cum
2099 1550 2254 1602 tertia
2284 1564 2406 1617 pars
2434 1559 2578 1613 octo,
2605 1558 2789 1604 octava
2819 1564 2948 1604 vero
2987 1552 3038 1615 5,
3070 1550 3323 1619 vigesima
3350 1560 3527 1605 autem

1943 1650 2131 1709 quarta
2175 1644 2224 1707 1,
2259 1658 2377 1711 quae
2404 1643 2868 1699 denominationes
2907 1659 3026 1698 cum
3073 1660 3227 1712 pares
3251 1644 3357 1697 sint
3387 1647 3528 1699 inve-

258 1749 492 1805 ternario
524 1750 575 1803 in
607 1763 666 1804 se
692 1748 852 1803 ducto
882 1748 1175 1817 perﬁcitur.
1209 1746 1265 1801 ln
1292 1762 1517 1802 numero
1547 1762 1674 1801 vero
1700 1745 1842 1815 pari-

1956 1733 2167 1788 aiuntur
2193 1734 2425 1804 impares
2452 1738 2794 1805 quantitates,
2826 1745 2883 1791 et
2909 1751 3030 1791 cum
3074 1739 3180 1791 sint
3204 1750 3359 1805 pares
3387 1750 3529 1791 sum-

258 1851 340 1897 ter
364 1842 574 1911 impari,
606 1842 651 1896 si
682 1840 841 1896 fuerit
871 1856 1008 1895 unus
1040 1841 1091 1894 in
1120 1840 1297 1895 medio
1330 1841 1608 1906 terminus,
1633 1839 1835 1894 circum

259 1948 318 1990 se
338 1934 635 2004 positorum
660 1932 1015 1987 terminorum
1046 1932 1088 1985 si
1125 1934 1177 1985 in
1210 1947 1370 1986 unum
1399 1930 1706 2001 redigantur
1736 1944 1837 1985 me-

261 2025 430 2080 dietas
455 2034 559 2080 est.
592 2027 659 2093 Et
684 2025 823 2080 idem
852 2039 1035 2079 eorum
1059 2039 1270 2094 quoque
1292 2024 1383 2094 qui
1412 2038 1574 2092 super
1596 2022 1693 2077 hos
1714 2032 1839 2078 sunt

261 2117 518 2171 terminos
548 2116 806 2171 medietas
835 2125 935 2170 est.
970 2114 1140 2185 Atque
1162 2114 1264 2170 hoc
1294 2130 1459 2184 usque
1482 2115 1546 2169 ad
1569 2122 1839 2169 extremos

261 2209 503 2263 omnium
536 2210 909 2276 terminorum,
941 2207 1074 2261 utin
1106 2223 1170 2262 eo
1199 2208 1387 2262 ordine
1416 2209 1503 2277 qui
1530 2219 1610 2262 est
1641 2208 1839 2275 pariter

262 2303 546 2373 imparium
575 2318 917 2357 numerorum
946 2305 999 2367 2,
1031 2304 1082 2368 6,
1119 2302 1203 2366 10,
1223 2303 1439 2372 junctus
1465 2302 1701 2357 binarius
1722 2316 1843 2356 cum

264 2396 481 2452 denario
513 2396 580 2450 i2
608 2396 820 2464 explet,
870 2394 1023 2464 cujus
1061 2396 1307 2450 senarius
1355 2395 1611 2449 medietas
1642 2393 1847 2448 inveni-

266 2499 370 2544 tur.
412 2488 468 2544 Si
500 2501 628 2543 vero
675 2486 873 2542 fuerint
917 2486 1036 2541 duas
1083 2486 1399 2541 medietates
1442 2485 1663 2555 junctae,
1720 2486 1848 2554 ipsae

271 2593 505 2653 utraque
533 2580 766 2651 aequales
787 2593 942 2636 erunt
970 2596 1133 2651 super
1159 2596 1221 2636 se
1252 2580 1493 2635 terminis
1521 2580 1844 2635 constitutis.

271 2674 438 2730 Utest
468 2674 519 2726 in
549 2671 653 2726 hoc
683 2671 887 2738 ordine,
915 2671 971 2738 2,
1007 2672 1061 2737 6,
1099 2673 1182 2733 10,
1218 2672 1301 2726 Ut.
1336 2671 1516 2725 Juncti
1556 2671 1697 2725 enim
1737 2671 1771 2724 2
1795 2680 1849 2726 et

272 2765 362 2830 14,
394 2766 446 2819 in
480 2764 546 2818 16
573 2773 839 2831 crescunt,
869 2778 1002 2832 quos
1023 2764 1268 2825 senarius
1298 2776 1418 2815 cum
1441 2761 1662 2816 denario
1684 2776 1846 2829 copu-

273 2856 407 2909 latus
432 2853 648 2909 efﬁciet.
686 2858 857 2923 Atque
888 2856 989 2906 hoc
1025 2853 1077 2906 in
1115 2852 1572 2906 numerosioribus
1604 2849 1849 2905 terminis

275 2943 430 3000 inTtio
457 2954 669 3016 sumpto
695 2961 726 3001 a
754 2944 943 3001 mediis
962 2943 1162 3009 evenit,
1184 2959 1354 3013 usque
1372 2943 1495 2999 dum
1519 2944 1583 2998 ad
1611 2952 1848 3000 extrema

277 3037 538 3093 veniatur.
1126 3048 1133 3053 ‘

890 3127 1115 3185 CAPUT
1156 3126 1244 3181 XI.

280 3220 356 3277 De
398 3239 606 3277 nuntero
642 3223 907 3292 impariter
942 3223 1055 3290 pari
1099 3223 1313 3291 ejusque
1348 3221 1768 3291 proprietatibus,
1810 3233 1856 3276 et

349 3316 698 3383 descriptionis
738 3316 805 3368 ad
850 3314 1113 3382 impariter
1159 3314 1321 3383 paris,
1364 3315 1417 3365 in
1472 3313 1772 3378 latitudine,
1803 3313 1859 3365 in

352 3409 687 3480 longitudine,
731 3408 799 3462 ad
827 3410 1017 3478 pariter
1060 3407 1201 3476 paris
1244 3413 1481 3459 naturam
1521 3406 1817 3475 pertinentis
1843 3445 1857 3471 ,

351 3501 616 3565 expositio.

359 3589 632 3659 lmpariter
661 3605 753 3660 par
783 3605 1035 3646 numerus
1063 3600 1144 3645 est
1170 3605 1236 3644 ex
1265 3590 1505 3659 utrisque
1562 3587 1859 3655 confectus,

286 3690 342 3737 et
373 3681 676 3737 medietatis
718 3683 837 3735 loco
883 3682 1095 3751 gemina
1136 3681 1472 3736 extremitate
1501 3681 1859 3747 concluditur,

288 3787 345 3831 ut
385 3788 492 3845 qua
537 3775 607 3828 ab
654 3784 878 3842 utroque
920 3775 1210 3843 discrepet,
1238 3776 1423 3831 eadem
1452 3775 1517 3829 ad
1546 3775 1864 3829 alterutrum

287 3847 903 3937 cognationejungatur.
953 3869 1048 3923 llic
1078 3878 1251 3925 autem
1289 3870 1407 3923 talis
1432 3878 1514 3923 est
1542 3867 1632 3937 qui
1674 3866 1868 3921 dividi-

291 3970 381 4016 tur
408 3961 460 4014 in
486 3974 669 4029 aequas
693 3966 885 4028 partes,
915 3961 1173 4031 cujusque
1204 3976 1323 4031 pars
1344 3961 1397 4015 in
1427 3960 1560 4015 alias
1588 3974 1767 4030 aequas
1792 3957 1872 4012 di-

292 4053 397 4109 vidi
430 4060 634 4122 potest,
668 4062 719 4106 et
744 4053 900 4108 etiam
946 4054 1232 4124 aliquando
1273 4062 1449 4123 partes
1480 4051 1706 4123 partium
1738 4052 1874 4106 divi-

292 4145 507 4211 duntur,
539 4144 637 4201 sed
676 4162 779 4199 non
821 4154 879 4199 ut
902 4161 1072 4215 usque
1110 4145 1174 4200 ad
1217 4146 1473 4200 unitatem
1508 4145 1874 4214 progrediatur

296 4239 571 4307 aequabilis
595 4234 678 4293 illa
700 4238 1191 4303 distinctio,utsunt
1211 4239 1281 4292 24
1307 4248 1360 4293 et
1387 4238 1477 4294 28.
1496 4239 1554 4292 lli
1581 4238 1723 4293 enim
1751 4252 1873 4307 pose

1943 1836 2066 1888 mae,
2088 1834 2212 1879 sunt
2244 1824 2477 1896 impares
2504 1826 2988 1883 denominationes.
3020 1827 3320 1882 Nascuntur
3349 1838 3529 1883 autem

1942 1916 2078 1971 tales
2105 1920 2312 1972 numeri
2382 1920 2482 1985 ita,
2518 1927 2576 1972 ut
2612 1919 2962 1974 substantiam
2999 1928 3347 1988 naturamque
3382 1934 3530 1976 suam

1942 2009 1999 2064 in
2030 2011 2144 2081 ipsa
2170 2012 2332 2066 etiam
2360 2014 2572 2081 propria
2602 2013 2950 2082 generatione
2980 2012 3282 2083 designent,
3307 2027 3370 2066 ex
3394 2014 3531 2081 pari-

1946 2109 2029 2156 ter
2078 2101 2294 2172 paribus
2324 2112 2378 2158 et
2407 2104 2609 2174 pariter
2653 2103 2949 2172 imparibus
2998 2100 3281 2172 procreati.
3332 2103 3533 2159 Pariter

1944 2192 2086 2247 enim
2117 2194 2369 2263 impares,
2402 2195 2606 2249 cunctis
2637 2193 2836 2247 dudum
2877 2193 3163 2248 ordinatim
3196 2194 3388 2262 positis
3434 2195 3535 2247 im-s

1952 2283 2187 2351 paribus,
2220 2285 2611 2351 nascebantur,
2646 2284 2845 2353 pariter
2875 2298 3003 2338 vero
3034 2299 3187 2353 pares
3230 2301 3295 2340 ex
3337 2284 3536 2354 duplici

1950 2376 2346 2443 progressione.
2383 2375 2747 2445 Disponantur
2796 2375 2955 2444 igitur
2992 2391 3180 2432 omnes
3210 2375 3261 2431 in
3293 2377 3537 2432 ordinem

1952 2464 2268 2519 naturaliter
2297 2465 2550 2533 impares,
2593 2474 2647 2521 et
2676 2466 2775 2520 sub
2802 2465 2887 2519 his
2916 2481 2946 2520 a
2971 2476 3198 2536 quatuor
3228 2467 3538 2524 inchoantes

1952 2571 2139 2611 omnes
2169 2556 2431 2627 duplices,
2459 2566 2512 2612 et
2537 2558 2643 2613 sint
2666 2558 2765 2613 hoc
2796 2558 2956 2613 inodo
2985 2575 2998 2611 :

2100 2750 3521 2813 ιιιδιίδιδξιδιιίξει-

1954 2852 2050 2907 His
2075 2853 2233 2923 igitur
2261 2856 2328 2907 ita
2370 2856 2580 2924 positis,
2614 2856 2659 2909 si
2686 2857 2887 2924 primus
2919 2856 3075 2925 primi
3108 2834 3543 2926 multiplicatione

1955 2960 2286 3017 concrescat,
2319 2950 2370 3003 id
2390 2959 2470 3004 est
2491 2952 2537 3005 si
2558 2950 2884 3020 quaternarii
2914 2950 3200 3015 ternarias,
3225 2948 3307 3003 vel
3328 2948 3373 3003 si
3403 2948 3541 3003 idem

1879 3040 2158 3131 cprimus
2190 3040 2433 3105 secundi,
2484 3041 2537 3095 id
2568 3050 2650 3095 est
2705 3041 2965 3096 octonarii
3012 3039 3313 3107 ternarius‘,
3366 3038 3454 3094 vel
3501 3040 3547 3095 si

1962 3130 2102 3184 idem
2133 3124 2332 3199 primus
2358 3132 2520 3198 tertii,
2546 3132 2599 3186 id
2621 3141 2702 3186 est
2730 3130 2796 3187 16
2817 3132 3100 3200 ternarias,
3129 3139 3182 3185 et
3208 3129 3347 3185 idem
3376 3144 3547 3200 usque

1966 3222 2033 3275 ad
2058 3223 2321 3289 ultimum,
2352 3224 2432 3279 vel
2464 3224 2508 3278 si
2534 3226 2799 3280 secundus
2822 3224 2977 3295 primi
3007 3235 3061 3279 et
3100 3225 3341 3292 secundi,
3388 3225 3472 3280 vel
3501 3224 3547 3281 si

1967 3313 2234 3366 secundus
2264 3314 2425 3382 tertii,
2455 3323 2509 3369 et
2537 3315 2722 3370 eadem
2755 3330 2922 3385 usque
2950 3315 3018 3370 ad
3047 3323 3343 3385 extremum
3374 3316 3548 3371 multi-

1968 3404 2183 3473 plicatio
2214 3406 2549 3474 proferatur,
2582 3408 2665 3462 vel
2715 3409 2760 3461 si
2813 3410 3001 3464 tertius
3030 3409 3265 3479 aprimo
3292 3409 3550 3465 inchoans

1971 3512 2137 3567 usque
2180 3497 2230 3551 in
2283 3507 2581 3554 extremum
2635 3506 2891 3555 tranSeat.
2948 3501 3120 3570 Atqtie
3147 3502 3217 3555 ita
3250 3510 3470 3571 quartus
3496 3510 3552 3556 et

1969 3605 2155 3671 omnes
2185 3590 2239 3644 in
2262 3592 2502 3646 ordinem
2530 3592 2835 3662 superiores
2855 3592 3204 3662 multiplicent
3230 3608 3323 3648 eos
3345 3594 3432 3663 qui
3453 3593 3552 3647 sub

1971 3676 2101 3749 'psis
2152 3682 2204 3736 in
2249 3683 2601 3753 dispositione
2647 3692 2791 3749 sunt,
2847 3699 3035 3740 omnes
3082 3684 3353 3753 impariter
3398 3696 3553 3752 pares

1971 3772 2350 3842 procreabant.
2384 3773 2552 3842 llujus
2578 3784 2754 3829 autem
2801 3775 2877 3828 rei
2921 3775 3026 3829 tale
3073 3788 3346 3827 sumamus
3376 3788 3554 3828 exem-

1976 3868 2144 3936 plum,
2192 3866 2239 3921 si
2271 3878 2378 3922 tres
2409 3877 2597 3937 quater
2625 3867 2962 3935 multiplices,
3011 3866 3078 3919 12
3106 3866 3261 3931 ﬁent;
3309 3866 3390 3919 vel
3436 3866 3479 3919 si
3526 3864 3557 3918 5

1979 3970 2206 4029 ῳωιιιοι·
2237 3960 2612 4030 multiplicent,
2662 3959 2734 4015 20
2783 3973 3036 4014 numerus
3065 3967 3372 4023 excrescet;
3404 3957 3485 4012 vel
3513 3957 3559 4014 si

1978 4051 2105 4107 item
2131 4052 2160 4105 7
2184 4053 2540 4122 multiplicent
2560 4052 2615 4117 4,
2639 4052 2709 4107 28
2729 4061 3053 4120 succrescet,
3077 4062 3235 4121 atque
3262 4051 3364 4106 hoc
3391 4066 3562 4119 usque

1980 4146 2035 4199 in
2067 4146 2249 4202 linem.
2283 4147 2487 4200 llursus
2516 4146 2563 4200 si
2590 4148 2622 4201 8
2666 4145 3021 4213 multiplicent
3041 4145 3095 4209 3,
3140 4152 3425 4197 nascentur
3464 4142 3559 4196 24.

1979 4234 2037 4288 Si
2067 4235 2099 4289 8
2130 4236 2182 4289 in
2215 4237 2265 4301 5,
2301 4235 2432 4291 ﬁunt
2461 4235 2562 4301 40;
2594 4236 2637 4290 si
2686 4235 2718 4291 8
2760 4236 2812 4289 in
2845 4236 2897 4302 7,
2925 4234 3244 4305 colligentur
3271 4233 3359 4288 56.
3390 4234 3565 4303 Atque

298 4340 423 4384 sunt
453 4330 505 4383 in
535 4329 845 4384 medietates
889 4326 1073 4391 dividi,
1107 4335 1161 4381 et
1185 4343 1371 4382 eorum
1402 4344 1585 4384 rursus
1617 4338 1792 4397 partes
1822 4332 1872 4384 in
1903 4365 1956 4426 ι)
1982 4327 2048 4382 ad
2080 4327 2219 4382 hunc
2251 4330 2467 4384 modum
2494 4330 2539 4383 si
2569 4344 2755 4383 omnes
2792 4326 3078 4382 inferiores
3104 4327 3367 4395 duplices,
3410 4340 3439 4378 a
3472 4340 3566 4379 su-

296 4420 429 4474 alias
474 4420 784 4476 medietates
806 4462 821 4487 ,
864 4419 982 4474 sine
1008 4417 1181 4487 aliqua
1214 4418 1541 4475 dubitatione
1576 4421 1875 4475 solvuntur.

296 4510 433 4565 Sunt
460 4511 620 4565 etiam
649 4511 862 4580 quidam
890 4510 978 4565 alii
1015 4509 1224 4564 numeri
1249 4549 1264 4574 ,
1297 4524 1519 4578 quorum
1551 4522 1728 4579 partes
1757 4511 1888 4565 alias

298 4601 567 4671 recipiunt
610 4601 926 4668 divisiones,
975 4602 1068 4657 sed
1114 4601 1226 4668 ipsa
1272 4600 1464 4655 divisio
1508 4600 1572 4655 ad
1629 4604 1883 4657 unitatem

299 4711 473 4765 usque
493 4710 599 4749 non
621 4695 882 4764 pervenit.
910 4695 1073 4764 igitur
1096 4692 1148 4747 in
1176 4709 1240 4748 eo
1256 4692 1395 4763 quod
1416 4693 1532 4761 plus
1551 4707 1707 4761 quam
1727 4708 1883 4747 unam

299 4785 526 4854 suscipit
554 4786 866 4849 sectionem,
892 4784 1051 4839 habet
1070 4782 1471 4839 similitudinem
1498 4783 1697 4851 pariter
1720 4784 1883 4852 paris,

302 4876 399 4930 sed
430 4894 458 4929 a
492 4875 692 4945 pariter
722 4874 911 4946 impari
936 4887 1263 4945 segregatur.
1310 4874 1365 4929 in
1392 4891 1456 4930 eo
1480 4890 1608 4930 vero
1630 4874 1768 4945 quod
1794 4889 1887 4929 us-

304 4984 409 5039 que
428 4970 494 5023 ad
518 4986 679 5025 unum
709 4968 875 5024 sectio
896 4967 985 5023 illa
1009 4984 1114 5023 non
1135 4968 1367 5035 ducitur,
1399 4969 1597 5038 pariter
1627 4970 1883 5039 imparem

303 5073 412 5116 non
443 5061 657 5127 refutat,
689 5060 781 5116 sed
804 5076 833 5115 a
870 5060 1068 5129 pariter
1100 5059 1213 5129 pari
1252 5059 1591 5129 disjungitur.
1620 5060 1892 5130 Contingit

306 5159 483 5207 autem
515 5152 633 5209 huic
660 5168 881 5209 numero
909 5164 963 5209 et
993 5164 1216 5225 utraque
1268 5153 1467 5209 habere
1504 5169 1621 5223 qua:
1650 5154 1894 5223 superio-

305 5260 398 5301 res
427 5260 534 5299 non
560 5245 789 5313 habent,
821 5256 874 5303 et
914 5257 1140 5318 utraque
1186 5263 1305 5318 quae
1335 5246 1410 5301 illi
1440 5247 1707 5317 recipiunt
1752 5247 1893 5302 obti-

320 5350 460 5391 Jere.
505 5336 569 5389 Et
617 5336 772 5393 habet
816 5339 1028 5409 quidem
1068 5339 1209 5409 quod
1259 5338 1470 5408 utrique
1512 5354 1617 5393 non
1668 5338 1887 5407 habent,

309 5426 447 5497 quod
490 5443 608 5483 cum
638 5428 692 5483 in
740 5444 843 5485 uno
869 5430 1015 5486 solus
1050 5430 1221 5500 major
1251 5430 1510 5485 terminus
1537 5430 1889 5501 divideretur,

311 5520 371 5592 in.
395 5520 498 5573 alio
527 5535 656 5576 vero
685 5520 833 5575 solus
873 5521 1049 5577 minor
1094 5522 1354 5579 terminus
1399 5539 1503 5578 non
1534 5523 1885 5589 divideretur,

314 5611 365 5664 in
395 5612 493 5665 hoc
521 5626 695 5681 neque
733 5612 881 5666 solus
920 5613 1087 5681 major
1118 5617 1378 5670 terminus
1406 5615 1721 5671 divisionem
1751 5616 1890 5670 reci-

314 5702 409 5771 pit,
436 5717 608 5772 neque
637 5704 811 5759 minor
846 5704 989 5758 solus
1029 5706 1289 5760 terminus
1319 5721 1347 5759 a
1374 5706 1639 5761 divisione
1661 5706 1892 5776 sejungi-

315 5801 421 5851 tur.
452 5791 583 5850 Nam
613 5804 666 5851 et
694 5805 872 5865 partes
901 5795 1200 5863 solvuntur,
1247 5805 1301 5853 et
1328 5811 1498 5867 usque
1536 5796 1603 5853 ad
1634 5798 1889 5855 unitatem

1994 4420 2291 4489 periuribus
2318 4422 2755 4491 multiplicentur,
2781 4422 2865 4475 vel
2910 4421 2956 4474 si
3005 4422 3308 4489 superiores
3347 4420 3567 4475 eosdem

1996 4511 2278 4568 inferiores
2308 4513 2693 4581 multiplicent,
2728 4518 2951 4566 cunctos
2991 4511 3079 4579 qui
3110 4512 3219 4564 nati
3250 4510 3444 4564 fuerint
3470 4510 3568 4563 im-

1994 4603 2199 4671 pariter
2237 4618 2393 4672 pares
2439 4603 2700 4657 invenies.
2752 4604 2928 4670 Atque
2971 4601 3085 4655 haec
3113 4608 3198 4655 est
3241 4600 3570 4655 admirabilis

1995 4692 2154 4762 hujus
2176 4695 2384 4761 numeri
2412 4692 2601 4758 forma,
2631 4692 2770 4763 quod
2799 4706 2920 4747 cum
2954 4691 3112 4747 fuerit
3138 4692 3249 4762 ipsa
3290 4691 3571 4760 dispositio

1988 4785 2387 4855 descriptioq'ue
2420 4796 2700 4856 perspecta
2735 4800 3101 4851 numerorum,
3132 4786 3199 4841 ad
3234 4786 3571 4841 latitudinem

1988 4880 2189 4948 pariter
2232 4877 2510 4948 imperium
2536 4920 2551 4946 ,
2583 4879 2651 4934 ad
2698 4878 3080 4950 longitudinem
3123 4879 3322 4949 pariter
3366 4879 3574 4948 parium

1989 4985 2332 5026 numerorum
2361 4972 2661 5041 proprietas
2693 4973 2980 5028 invenitur.
3004 4972 3139 5027 Sunt
3161 4972 3302 5028 enim
3323 4973 3373 5027 in
3396 4972 3575 5027 latitu-

1998 5064 2176 5121 dinem
2204 5063 2411 5121 duabus
2440 5066 2816 5122 medietatibus
2845 5066 3078 5137 aequales
3109 5066 3230 5121 duze
3267 5067 3577 5122 extremita-

1999 5164 2100 5222 tes,
2129 5157 2211 5212 vel
2235 5172 2337 5212 una
2368 5157 2653 5214 medietate
2683 5157 2803 5213 dua:
2833 5158 3071 5227 duplices
3100 5158 3484 5214 extremitates.
3518 5159 3575 5213 in

1998 5246 2383 5317 longitudinem
2408 5263 2555 5315 vero,
2580 5249 2776 5319 pariter
2807 5247 2944 5318 paris
2966 5247 3177 5304 numeri
3199 5264 3309 5304 rem
3339 5249 3578 5319 proprie-

2000 5346 2267 5409 tatemque
2309 5340 2571 5410 designat.
2600 5339 2751 5408 Quod
2781 5340 2923 5397 enim
2965 5341 3065 5397 sub
3091 5341 3295 5399 duabus
3321 5341 3578 5397 medieta-

1996 5428 2138 5486 tibus
2161 5431 2499 5497 continetur,
2544 5431 2749 5501 aequale
2793 5440 2878 5488 est
2922 5432 2971 5488 ei
3017 5433 3159 5503 quod
3190 5433 3291 5489 sub
3317 5433 3574 5489 extremis

1978 5594 1979 5599 η
1997 5522 2298 5589 conﬁcitur,
2322 5523 2407 5579 vel
2424 5524 2566 5593 quod
2586 5525 2652 5579 ab
2671 5538 2773 5578 una
2787 5523 3071 5580 medietate
3095 5526 3353 5591 nascitur,
3374 5524 3582 5594 requale

2000 5624 2083 5669 est
2105 5613 2180 5668 illi
2212 5614 2351 5682 quod
2394 5615 2495 5669 sub
2526 5616 2764 5686 utrisque
2789 5616 3225 5671 extremitatibus
3253 5615 3579 5671 continetur.

1999 5707 2297 5776 Descriptio
2321 5717 2498 5762 autem
2529 5723 2646 5776 quas
2673 5709 2943 5778 supposita
2969 5718 3086 5776 est,
3124 5707 3225 5765 hoc
3253 5706 3412 5761 modo
3441 5704 3580 5760 facta

1999 5807 2100 5855 est.
2139 5797 2585 5872 Quantoscunque
2621 5800 2676 5857 in
2706 5799 2893 5859 ordine
2921 5801 3123 5873 pariter
3150 5798 3356 5872 parium
3392 5811 3586 5873 nume-
