4216 6256
732 217 865 275 1091

1962 227 2070 285 ΑΝ.
2110 226 2318 285 MANL.

2360 226 2509 289 sev.
2552 192 2776 290 Bosru
3118 192 3135 199 ⁷
3869 243 4000 301 lose

728 346 909 390 rerum
937 336 1203 391 tertiarius
1243 336 1635 408 multiplicavit,
1665 341 1968 411 quicunque
2001 358 2068 397 ex
2094 358 2158 399 eo
2190 359 2311 413 pro-
2336 352 2387 413 Α
2419 346 2539 401 dius
2569 351 2851 419 terminus,
2896 351 2949 406 id
2980 362 3063 408 est
3088 354 3157 411 48
3177 395 3193 420 ,
3224 356 3269 411 si
3296 356 3349 411 in
3380 356 3727 428 semetipsum
3756 358 3996 431 ducatur,

727 425 895 482 creati
924 435 1071 495 sunt,
1096 428 1275 497 primo
1313 440 1439 483 sunt
1483 444 1637 484 versu
1683 430 1947 501 dispositi.
1983 433 2189 489 Rursus
2217 437 2308 506 qui

728 516 946 573 eosdem
986 519 1374 587 multiplicante
1414 522 1661 590 quinario
1712 524 1823 578 nati
1870 534 2014 591 sunt,
2070 528 2308 583 secundo

729 609 848 663 loco
870 611 1141 665 constituti
1163 620 1305 665 sunt.
1342 612 1469 668 Post
1498 629 1625 668 vero
1646 630 1780 685 quos
1801 618 2133 686 septenarius
2154 631 2308 677 cete-

726 714 818 754 ros
854 701 1258 770 multiplicando
1286 706 1604 773 procreavit,
1636 709 1855 763 eosdem
1886 712 2043 766 tertio
2068 714 2308 768 conscri-

726 790 929 858 psimus
954 792 1107 859 loco,
1136 805 1297 865 atque
1325 797 1465 854 idem
1508 799 1711 869 reliqua
1740 798 2114 871 descriptionis
2153 815 2307 875 parte

724 884 1064 954 perfecimus.

796 983 851 1034 ln
888 980 985 1036 bac
1026 981 1252 1038 formula
1285 988 1551 1056 sequenti,
1597 988 1887 1044 similitudo
1917 996 2115 1060 pariter
2161 993 2308 1062 paris

724 1080 777 1126 et
805 1074 1000 1140 pariter
1030 1074 1267 1143 imparis,
1294 1077 1359 1129 ad
1386 1078 1660 1147 impariter
1683 1095 1886 1149 parem,
1916 1084 2237 1138 ostenditur.

938 1229 967 1273 5
1090 1229 1100 1283 ι
1216 1228 1248 1276 5
1366 1232 1374 1288 |
1448 1295 1461 1296 γ
1497 1232 1522 1278 7
1645 1233 1654 1292 |
1774 1234 1804 1280 9
1925 1234 1933 1295 |
2010 1234 2241 1296 hnpares.

805 1309 2171 1378 |t|8|16|5210upuL

1384 1492 1663 1557 Longitudo

2109 2178 2160 2216 ι-η

2109 2220 2157 2283 ἔ.

2110 2288 2153 2340 ε

2111 2340 2161 2405 ἓ·

926 2150 929 2153 ,
1145 1724 1942 2194 ,8-

855 2175 907 2310 ξ
980 2068 2060 2400 sran

947 2006 1919 2564 usi

1186 2585 1196 2609 '
1222 2567 1802 2871 ss-

1220 2727 1785 3006 ’

1280 2960 1328 2985 ,_
1397 2891 1623 2986 ira-568

990 3030 998 3039 ’
1354 3027 1635 3091 Longitudo
1920 3058 1923 3061 -

1306 3197 1530 3256 CAPUT
1568 3197 1685 3254 XII.

701 3311 1060 3381 Descriptionis
1088 3311 1156 3365 ad
1179 3312 1444 3379 impariler
1477 3311 1638 3379 paris,
1672 3312 1726 3364 in
1756 3311 2047 3375 latitudine,
2079 3311 2135 3365 in
2163 3310 2282 3365 lon-

764 3404 1009 3473 gitudine,
1042 3403 1110 3456 ad
1156 3403 1347 3471 pariter
1374 3403 1514 3473 paris
1538 3412 1777 3457 naturam
1806 3405 2103 3474 pertinentia
2126 3419 2285 3474 expo-

762 3496 900 3548 sitio.

763 3604 1019 3674 Superius
1041 3602 1201 3673 igitur
1223 3604 1441 3675 digesue
1469 3603 1848 3673 descriptionis
1876 3605 1990 3660 brec
2014 3606 2149 3659 ratio
2173 3616 2275 3661 est.

694 3694 746 3751 Si
776 3695 841 3751 ad
865 3696 1200 3751 latitudinem
1222 3696 1499 3765 reSpicias,
1524 3696 1613 3749 ubi
1645 3706 1727 3750 est
1753 3696 1982 3750 duorum
2023 3699 2279 3751 termino-

692 3802 808 3846 rum
833 3804 935 3845 una
968 3790 1247 3856 medietas,
1268 3789 1522 3858 ipsosque
1555 3788 1810 3843 terminos
1836 3791 2050 3857 jungas,
2083 3788 2276 3857 duplos

691 3898 786 3938 eos
832 3884 1119 3938 medietate
1150 3881 1365 3952 propria
1395 3881 1649 3950 reperies,
1700 3889 1756 3933 ut
1785 3879 1853 3934 56
1886 3890 1939 3933 υι
1975 3879 2046 3933 20
2075 3879 2277 3935 faciunt
2333 3925 2340 3930 .

689 3974 778 4039 56,
809 3989 1033 4043 quorum
1059 3972 1317 4028 medietas
1345 3980 1423 4027 est
1447 3970 1539 4040 28,
1565 3970 1653 4040 qui
1676 3970 1881 4024 medius
1904 3979 1986 4025 est
2020 3971 2157 4024 inter
2178 3985 2272 4025 eos

689 4063 946 4115 terminus
991 4062 1331 4116 constitutus.
1366 4062 1431 4116 Et
1472 4076 1655 4115 rursus
1681 4062 1752 4116 ‘28
1782 4070 1837 4115 et
1866 4062 1953 4127 12,
1986 4062 2027 4113 si
2055 4060 2267 4131 iungas,

686 4155 884 4209 faciunt
913 4156 1004 4221 40,
1036 4169 1262 4224 quorum
1292 4154 1363 4209 20
1393 4155 1683 4220 medietas,
1714 4154 1921 4209 medius
1949 4169 2133 4209 eorum
2165 4164 2270 4209 ter-

2417 442 2558 497 idem
2586 442 2726 499 2304
2755 453 3088 513 procreatur.
3127 447 3226 502 Ubi
3269 460 3449 505 autem
3488 451 3707 521 termini
3739 450 3849 508 duo
3875 453 3996 511 duas

2417 534 2731 592 medietates
2765 536 3064 606 includunt,
3099 540 3239 609 quod
3273 542 3331 595 lit
3361 540 3726 612 multiplicatis
3754 549 3998 601 extremi-

2417 626 2633 693 tatibus,
2680 627 2782 684 hoc
2826 629 2969 687 idem
3010 631 3251 688 redditur
3297 633 3352 689 in
3397 634 3710 691 alterutram
3740 650 3995 694 summam

2414 720 2792 781 medietatibus
2815 725 3008 782 ductis.
3043 726 3340 784 Duodecies
3372 730 3517 785 enim
3540 731 3612 787 9G
3642 733 3997 803 multiplicatis

2414 811 2553 867 1152
2584 824 2957 883 procreantur,
3008 819 3130 875 duas
3178 835 3311 875 vero
3353 836 3542 878 eorum
3582 823 3915 891 medietates,
3947 828 3994 882 id

2410 914 2500 960 est
2522 905 2595 960 S4
2615 917 2669 962 et
2691 906 2784 972 48,
2815 909 2859 964 si
2890 910 2942 965 in
2963 912 3289 983 semetipsas
3315 914 3758 983 multiplicentur,
3786 919 3993 973 eosdem

2416 995 2563 1052 “52
2591 1002 2893 1056 restituent.
2925 1002 3102 1073 Atque
3130 1004 3232 1059 hoc
3261 1014 3365 1070 est,
3393 1006 3459 1060 ad
3495 1006 3850 1064 imitationem
3876 1024 3994 1081 cog-

2418 1089 2796 1161 nationemque
2824 1097 3033 1148 numeri
3064 1096 3263 1163 pariter
3294 1096 3460 1166 paris,
3506 1113 3537 1153 a
3580 1114 3688 1169 quo
3716 1102 3992 1172 participa-

2420 1180 2563 1237 tione
2591 1192 2781 1251 tracta,
2830 1185 2946 1239 haec
2991 1185 3043 1242 ei
3094 1189 3497 1258 recognoscitur
3546 1192 3852 1261 ingenerata
3882 1209 3994 1264 pros

2414 1273 2633 1339 prietas.
2667 1274 2733 1331 Et
2779 1276 2830 1330 in
2882 1276 2990 1332 alio
3018 1292 3149 1334 vero
3195 1281 3365 1336 latere
3404 1283 3784 1352 longitudinis,
3818 1288 3993 1342 eadem

2413 1364 2553 1419 ratio
2579 1364 2973 1438 descriptioque
2994 1379 3173 1425 notata
3201 1380 3305 1427 est.
3326 1372 3505 1440 Quare
3554 1375 3897 1433 manifestum
3916 1387 3994 1435 est

2412 1451 2554 1510 hunc
2582 1472 2863 1514 numerum
2910 1475 2975 1515 ex
3024 1461 3295 1531 prioribus
3342 1466 3550 1520 duobus
3586 1482 3712 1524 esse
3752 1484 3991 1539 procrea-

2411 1554 2544 1611 tum,
2573 1549 2826 1617 quoniam
2854 1565 3041 1607 eorum
3076 1555 3275 1610 retinet
3302 1557 3680 1627 proprietates.
3706 1626 3713 1633 _

2995 1687 3222 1747 CAPUT
3277 1691 3417 1748 Xlll.

2667 1798 2744 1856 De
2772 1817 2979 1857 nunwro
3007 1804 3194 1874 impari
3218 1809 3429 1879 ejusque
3466 1808 3710 1864 divisione

2474 1926 2652 1984 impar
2673 1931 2889 1986 quoque
2938 1933 3196 1974 numerus
3240 1930 3343 1987 est,
3375 1922 3467 1991 qui
3505 1937 3537 1977 a
3586 1924 3736 1993 paris
3788 1928 3987 1984 numeri

2405 2014 2595 2061 natura
2624 2007 3029 2080 substantiaque
3056 2010 3357 2079 disjunetus
3375 2022 3477 2069 est.
3512 2014 3791 2085 Siquidem
3824 2018 3913 2074 ille
3939 2019 3990 2074 iu

2402 2098 2615 2167 gemina
2645 2099 2889 2155 membra
2936 2116 3087 2171 aqua
3128 2102 3293 2157 dividi
3325 2113 3521 2172 potest,
3573 2106 3662 2160 hic
3704 2121 3778 2161 ne
3823 2109 3990 2164 secari

2404 2198 2585 2255 queat,
2621 2190 2841 2245 unitatis
2868 2191 3092 2261 impedit
3112 2193 3465 2250 interventus.
3498 2195 3635 2261 Tres
3658 2195 3826 2253 habet
3850 2199 3993 2253 simi-

2406 2278 2530 2335 liter
2558 2280 2974 2351 subdivisiones,
3005 2299 3232 2353 quarum
3262 2301 3364 2342 una
3390 2286 3509 2356 ejus
3532 2302 3657 2357 pars
3685 2298 3772 2345 est
3808 2290 3856 2344 is
3899 2306 3990 2345 nu-

2406 2384 2587 2425 merus
2614 2370 2706 2441 qui
2736 2381 2962 2427 vocatur
3000 2376 3202 2443 primus
3227 2386 3283 2432 et
3306 2378 3715 2448 incompositus.
3747 2380 3993 2439 Secunda

2404 2476 2557 2529 vero,
2583 2464 2674 2533 qui
2699 2474 2785 2521 est
2808 2467 3077 2525 secundus
3103 2479 3160 2525 et
3188 2471 3535 2540 compositus.
3571 2474 3639 2529 Et
3660 2474 3814 2530 tertia
3838 2477 3883 2530 is
3903 2476 3992 2545 qui

2406 2556 2633 2625 quadam
2648 2557 2838 2613 horum
2854 2561 3150 2618 medietate
3168 2565 3600 2633 conjunctusest,
3623 2575 3679 2623 et
3706 2568 3776 2622 ab
3796 2569 3994 2624 utrius-

2406 2663 2512 2718 que
2550 2653 2868 2722 cognatione
2895 2646 3097 2725 aliquid
3128 2657 3441 2714 naturaliter
3457 2659 3641 2725 trahit,
3672 2662 3766 2729 qui
3791 2672 3877 2717 est
3896 2676 3992 2731 per

2406 2753 2465 2795 se
2491 2742 2706 2812 quidem
2735 2747 3004 2801 secundus
3030 2756 3086 2803 et
3112 2748 3465 2818 compositus,
3487 2750 3576 2807 sed
3599 2751 3665 2806 ad
3685 2752 3823 2809 alios
3842 2766 3992 2810 eom-

2406 2842 2645 2905 paratus,
2678 2838 2877 2904 primus
2903 2848 2955 2893 et
2983 2841 3371 2910 incompositus
3402 2842 3686 2899 invenitur.

2323 2966 2372 3031 C
3000 2994 3227 3051 CAPUT
3257 2996 3394 3052 XIV.

2824 3106 2900 3161 De
2924 3109 3090 3179 primo
3121 3119 3170 3164 et
3198 3111 3555 3182 incomposita.

2467 3219 2533 3275 Et
2557 3220 2762 3290 primus
2786 3222 3000 3293 quidem
3041 3235 3094 3279 et
3124 3224 3512 3296 incompositus
3534 3236 3640 3294 est,
3664 3229 3759 3299 qui
3786 3231 3984 3284 nullam

2390 3310 2549 3366 aliam
2592 3322 2797 3382 partem
2838 3313 3016 3381 habet,
3068 3316 3169 3371 nisi
3200 3330 3319 3371 eam
3348 3332 3467 3387 quae
3523 3332 3553 3371 a
3604 3325 3717 3372 tota
3776 3320 3979 3375 numeri

2389 3409 2689 3477 quantitate
2732 3408 3079 3463 denominata
3127 3410 3217 3476 sit,
3248 3422 3306 3464 ut
3330 3410 3444 3480 ipsa
3475 3425 3599 3480 pars
3627 3426 3735 3466 non
3766 3413 3839 3466 sit
3882 3413 3979 3467 nisi

2399 3499 2667 3562 unitas,ut
2686 3510 2812 3554 sunt
2835 3501 2889 3564 '5,
2918 3500 3263 3569 5,7,11,15,
3290 3502 3377 3566 17,
3408 3500 3881 3569 19,23,29,51;1η
3902 3502 3981 3557 his

2385 3601 2516 3657 ergo
2544 3588 2765 3659 singulis
2783 3591 2927 3645 nulla
2956 3606 3189 3661 unquam
3219 3592 3322 3647 alia
3376 3607 3499 3662 pars
3522 3593 3851 3661 invenietur,
3879 3595 3981 3650 nisi

2381 3693 2504 3748 quae
2530 3680 2599 3736 ab
2626 3681 2756 3751 ipsis
2785 3683 3128 3740 denominata
3153 3694 3254 3752 est,
3288 3695 3346 3741 et
3391 3687 3506 3756 ipsa
3537 3696 3744 3743 tantum
3776 3689 3980 3753 unitas,

2381 3778 2439 3824 ut
2462 3784 2622 3842 supra
2643 3774 2753 3843 jam
2780 3775 2982 3831 dictum
3006 3786 3109 3832 est.
3137 3775 3194 3833 In
3222 3778 3390 3833 tribus
3413 3780 3558 3834 enim
3589 3796 3692 3835 una
3717 3795 3846 3849 pars
3865 3782 3979 3837 sola

2379 3872 2478 3929 est,
2515 3864 2565 3920 id
2597 3874 2680 3920 est
2707 3867 2883 3934 tertia,
2938 3882 3059 3939 quae
3085 3883 3114 3922 a
3149 3870 3323 3925 tribus
3369 3872 3574 3928 scilicet
3629 3871 3975 3927 denominata

2378 3967 2481 4021 est,
2509 3966 2560 4011 et
2591 3959 2706 4026 ipsa
2737 3962 2895 4015 tertia
2932 3976 3059 4030 pars
3102 3966 3296 4018 unitas.
3328 3961 3642 4035 Eodemque
3673 3965 3837 4019 modo
3858 3964 3975 4034 qui-

2377 4047 2513 4101 narii
2542 4049 2655 4103 sola
2686 4051 2870 4119 quinta
2894 4066 3017 4121 pars
3045 4063 3148 4121 est,
3178 4064 3236 4111 et
3267 4054 3385 4111 hinc
3416 4055 3617 4122 unitas,
3643 4067 3805 4127 atque
3827 4057 3969 4110 idem

2374 4134 2427 4192 in
2458 4139 2681 4208 singulis
2708 4154 3044 4212 consequens
3076 4145 3394 4214 reperietur.
3430 4145 3634 4200 Dicitur
3658 4158 3844 4202 autem
3868 4149 3976 4216 pri-

685 4246 860 4300 minus
887 4246 1171 4300 invenitur.
1196 4247 1263 4299 At
1287 4260 1414 4299 vero
1435 4246 1524 4299 ubi
1549 4246 1680 4300 duas
1702 4245 2022 4300 medietates
2048 4246 2266 4312 habent,

2383 4245 2493 4285 mus
2521 4241 2577 4287 et
2605 4232 3015 4304 incompositus,
3038 4236 3178 4306 quod
3204 4236 3386 4291 nullus
3405 4251 3527 4293 eum
3553 4238 3691 4292 alter
3715 4253 3975 4294 numerus

683 4346 923 4409 utraeque
950 4338 1315 4393 extremitates
1343 4338 1538 4407 juncta:
1562 4380 1576 4403 ,
1623 4339 1864 4409 utrisque
1892 4338 2266 4395 medietatibus

682 4430 912 4499 aequales
940 4430 1089 4496 ﬁunt,
1114 4437 1173 4484 ut
1200 4430 1266 4484 l2
1293 4438 1347 4484 et
1373 4428 1442 4483 56
1469 4444 1587 4483 cum
1616 4429 1861 4497 junxeris
1890 4429 2023 4484 fiunt
2042 4429 2129 4495 48,
2165 4429 2263 4484 ho-

682 4537 798 4576 rum
829 4521 871 4576 si
905 4521 1219 4576 medietates
1244 4522 1463 4576 sibimet
1493 4520 1881 4591 applicaveris,
1927 4521 1976 4575 id
2003 4531 2086 4576 est
2110 4521 2181 4575 20
2211 4532 2271 4576 et

680 4615 768 4675 28,
804 4614 943 4670 idem
974 4616 1095 4680 erit,
1126 4623 1286 4684 atque
1315 4614 1367 4668 in
1400 4613 1501 4668 alia
1534 4624 1682 4683 parte
1712 4614 2028 4677 latitudinis,
2070 4615 2260 4669 eodem

682 4705 868 4760 ordine
887 4705 976 4775 qui
1002 4705 1129 4758 (iant
1160 4703 1387 4770 numeri,
1414 4705 1582 4758 notati
1608 4714 1750 4758 sunt.
1780 4703 1963 4774 Neque
1992 4703 2099 4758 ulla
2128 4704 2180 4758 in
2203 4718 2263 4759 re

678 4798 815 4853 ratio
846 4799 1085 4868 utrisque
1115 4796 1409 4851 latitudinis
1438 4796 1781 4865 discrepabit,
1812 4797 2060 4866 idemque
2089 4798 2141 4850 in
2169 4810 2262 4851 eo-

677 4890 797 4945 dem
828 4889 1018 4944 ordine
1062 4888 1114 4941 in
1163 4890 1375 4943 ceteris
1415 4889 1651 4942 numeris
1683 4887 2007 4955 pernotabis,
2056 4896 2112 4943 et
2162 4891 2262 4944 hoc

677 4980 967 5035 secundum
1001 4979 1224 5033 formam
1252 4979 1449 5048 pariter
1477 4977 1698 5048 imparis
1736 4978 1943 5032 numeri
1972 4978 2047 5043 tit,
2081 4978 2135 5033 in
2158 4994 2265 5049 quo

674 5070 811 5127 banc
845 5071 1219 5142 proprietatem
1247 5084 1366 5126 esse
1393 5085 1553 5139 supra
1577 5069 1688 5140 jam
1716 5070 1971 5139 scriptum
1999 5081 2101 5126 est.
2126 5071 2261 5127 Rur-

670 5180 788 5220 sum
815 5164 859 5218 si
890 5162 957 5217 ad
1002 5161 1387 5233 longitudinem
1417 5164 1710 5232 respicias,
1762 5161 1849 5216 ubi
1891 5162 1998 5216 duo
2045 5166 2257 5218 termini

671 5271 828 5310 unam
874 5254 1211 5309 medietatem
1264 5253 1480 5319 habent,
1515 5254 1659 5324 quod
1692 5254 1750 5308 ﬁt
1777 5269 1842 5309 ex
1874 5254 2247 5324 multiplicatis

663 5346 1114 5411 extremitatibus,
1148 5348 1247 5400 hoc
1276 5343 1336 5407 fit
1358 5345 1400 5400 si
1422 5345 1633 5401 medius
1652 5345 1915 5401 terminus
1943 5360 2053 5400 suae
2075 5346 2249 5415 capiat

666 5441 985 5510 pluralitatis
1005 5447 1309 5509 augmenta.
1339 5438 1469 5493 Nam
1493 5439 1781 5494 duodecies
1801 5440 1871 5494 48
1898 5439 2096 5495 faciunt
2114 5440 2242 5496 576.

665 5531 869 5589 Medius
897 5548 1028 5588 vero
1057 5549 1241 5588 eorum
1274 5533 1551 5600 terminus,
1585 5533 1635 5587 id
1678 5543 1762 5588 est
1784 5532 1879 5599 24,
1911 5535 1955 5589 si
1988 5534 2251 5605 multipli-

661 5634 829 5691 cetur,
877 5626 1090 5680 eosdem
1138 5640 1324 5680 rursus
1356 5626 1460 5681 576
1492 5626 1814 5695 procreabit.
1864 5627 1930 5682 Et
1986 5641 2174 5681 rursus
2202 5628 2249 5684 si

662 5715 733 5766 24
764 5719 813 5769 in
842 5717 909 5771 96
937 5718 1373 5786 multiplicemur,
1419 5719 1620 5774 faciunt
1665 5719 1829 5776 2504.
1868 5719 2106 5787 Quorum
2135 5736 2251 5777 me-

2376 4330 2645 4396 metiatur,
2676 4340 2873 4401 printer
2900 4332 3097 4398 solam,
3126 4348 3247 4403 quae
3276 4335 3484 4389 cunctis
3514 4343 3689 4389 mater
3717 4343 3825 4401 est,
3855 4336 3975 4390 uui-

2373 4430 2555 4476 tatem.
2598 4422 2835 4495 Namque
2881 4426 3173 4480 ternarium
3201 4426 3236 4480 2
3263 4441 3370 4481 non
3418 4437 3729 4495 numerant,
3764 4428 3977 4483 idcirco

2370 4514 2622 4582 quoniam
2637 4516 2679 4570 si
2702 4515 2848 4571 solos
2862 4515 2999 4571 duos
3020 4526 3203 4572 contra
3230 4526 3337 4573 tres
3354 4534 3654 4589 compares,
3680 4522 3974 4588 pauciores

2372 4614 2515 4659 sunt.
2547 4605 2640 4661 Sin
2663 4622 2789 4662 vero
2818 4608 3080 4663 binarium
3108 4609 3188 4664 bis
3209 4611 3394 4679 facias,
3428 4612 3741 4682 ampliorem
3787 4614 3973 4669 tribus

2370 4700 2669 4752 concrescit
2695 4698 2748 4753 in
2775 4686 2839 4753 4.
2858 4699 3074 4755 Metitur
3097 4710 3276 4756 autem
3308 4716 3559 4758 numerus
3584 4717 3970 4769 numerorum,

2371 4791 2583 4857 quoties
2612 4792 2694 4846 vel
2724 4793 2889 4847 semel
2916 4833 2932 4858 ,
2966 4794 3050 4848 vel
3074 4792 3269 4860 bis,vel
3301 4796 3481 4863 tertio,
3506 4795 3588 4850 vel
3610 4796 3973 4866 quotieslibct

2370 4897 2625 4939 numerus
2648 4884 2715 4939 ad
2746 4900 3025 4940 numerum
3075 4894 3435 4956 comparatus,
3472 4902 3645 4957 neque
3692 4887 3973 4943 diminuta

2367 4989 2597 5044 summa,
2623 4992 2795 5046 neque
2820 4985 2993 5042 aucta,
3018 4977 3083 5032 ad
3107 4979 3401 5048 comparati
3423 4980 3633 5035 numeri
3666 4981 3971 5035 terminum

2365 5086 2535 5140 usque
2580 5071 2848 5141 pervenit,
2904 5080 2962 5126 ut
2992 5071 3099 5126 duo
3125 5073 3169 5126 si
3199 5074 3264 5125 ad
3296 5072 3330 5126 6
3356 5086 3662 5142 compares,
3717 5073 3969 5127 binarius

2363 5176 2618 5216 numerus
2646 5163 2914 5217 senarium
2964 5162 3120 5218 tertio
3157 5164 3427 5219 metietur.
3486 5162 3695 5218 Primos
3725 5179 3859 5234 ergo
3908 5172 3968 5218 et

2363 5252 2745 5324 incompositos
2800 5255 2978 5311 nullus
3006 5270 3261 5311 numerus
3287 5256 3558 5320 metiatur,
3592 5265 3792 5325 praeter
3836 5256 3967 5308 uni-

2358 5356 2522 5403 tatem
2554 5350 2747 5414 solam,
2775 5349 3025 5420 quoniam
3052 5364 3120 5404 ex
3141 5350 3302 5406 nullis
3328 5348 3446 5403 aliis
3461 5348 3697 5403 numeris
3728 5363 3963 5417 compa-

2355 5439 2447 5495 siti
2472 5449 2614 5504 sunt,
2650 5441 2741 5495 sed
2774 5448 2977 5496 tantum
3001 5455 3067 5495 ex
3099 5440 3390 5495 unitatibus
3427 5441 3481 5493 in
3520 5441 3827 5509 semetipsis
3860 5456 3962 5493 au~

2356 5532 2457 5588 ctis
2486 5532 2958 5603 multiplicatisque
2988 5542 3357 5603 procreantur.
3390 5533 3499 5589 Ter
3548 5534 3692 5587 enirn
3725 5548 3869 5586 unus
3900 5535 3959 5594 5.

2356 5633 2410 5681 ει
2435 5625 2718 5695 quinquies
2746 5641 2885 5680 unus
2912 5624 2966 5691 5,
3001 5634 3055 5680 et
3084 5629 3284 5695 septies
3320 5641 3457 5679 unus
3489 5626 3520 5678 7
3548 5626 3814 5680 fecerunt.
3894 5626 3961 5681 Et

2354 5718 2444 5775 alii
2474 5717 2713 5789 quidem,
2736 5731 2871 5788 quos
2904 5732 3066 5787 supra
3109 5716 3517 5786 descripsimus,
3562 5717 3755 5772 eodem
3787 5717 3961 5775 mod!
