4216 6256
228 380 360 441 11195

1442 386 2032 477 ostntrtms'rtca
2069 386 2198 442 LIB.
2237 388 2278 441 I.

3348 395 3485 451 11194

224 504 533 552 nascuntur.
587 497 650 553 lli
679 507 856 555 autem
884 500 939 556 in
966 502 1287 570 semetipsos
1334 470 1667 573 multiplicati
1725 504 1804 559 fa-
1828 507 1885 565 Α
1907 502 2104 555 minata
2135 509 2239 555 est.
2268 499 2403 555 Nam
2444 501 2502 556 in
2539 502 2835 559 novenario
2862 518 3003 561 nona
3029 514 3134 573 est,
3158 506 3221 562 in
3243 505 3314 561 25
3341 506 3486 578 vige-

224 590 370 643 ciunt
420 590 556 646 alios
611 607 864 649 numeros
919 593 1063 651 velut
1106 595 1282 663 primi,
1330 610 1531 665 eosque
1579 599 1802 666 primam

222 696 405 738 rerum
435 688 785 741 substantiam
815 688 1026 757 vimque
1060 690 1295 754 sortitos,
1347 699 1660 746 cunctorum
1689 707 1719 746 a
1746 708 1805 748 se

222 785 631 844 procreatorum
656 779 797 833 velut
825 780 1067 848 quaedam
1101 780 1364 835 elementa
1398 784 1659 851 reperies,
1680 785 1801 855 quia

223 867 451 938 scilicet,
481 877 537 924 et
564 869 901 939 incompositi
930 879 1075 937 sunt,
1114 881 1169 927 et
1192 873 1419 942 simplici
1461 878 1805 944 generatione

224 959 462 1027 formati,
487 973 645 1033 atque
668 964 745 1034 .in
779 979 870 1019 eos
899 979 1087 1019 omnes
1116 967 1419 1037 quicunque
1471 984 1536 1024 es
1571 972 1652 1025 bis
1685 986 1804 1040 pro-

224 1054 317 1107 lati
348 1065 474 1108 sunt
502 1057 705 1109 numeri
738 1061 1099 1121 resolvuntur,
1126 1058 1223 1126 ipsi
1247 1074 1373 1113 vero
1401 1075 1573 1130 neque
1596 1077 1659 1117 ex
1687 1064 1806 1118 aliis

223 1143 612 1212 producuntur,
643 1161 815 1212 neque
844 1146 897 1201 in
914 1146 1012 1201 alia
1040 1148 1391 1205 reducuntur.

816 1259 1041 1315 CAPUT
1090 1261 1205 1317 XV.

648 1350 724 1405 De
760 1352 980 1405 secundo
1009 1364 1055 1406 et
1085 1358 1383 1423 composito.

296 1459 575 1515 Secundus
604 1477 729 1516 vero
758 1475 811 1518 et
833 1467 1182 1535 compositus,
1212 1479 1271 1523 ει
1299 1470 1413 1541 ipse
1443 1471 1655 1541 quidem
1707 1474 1804 1528 im-

228 1568 322 1622 par
352 1561 453 1619 est,
483 1566 764 1625 propterea
808 1558 947 1628 quod
981 1560 1166 1617 eadem
1211 1562 1427 1637 imparis
1486 1567 1808 1640 proprietate

228 1645 489 1700 formatus
512 1656 612 1714 εει,
643 1649 736 1702 sed
769 1650 963 1705 nullam
996 1653 1046 1706 in
1097 1670 1155 1709 se
1203 1657 1398 1711 retinet
1451 1662 1804 1718 substantiam

229 1736 596 1808 principalem,
623 1743 1056 1815 compositusque
1082 1757 1161 1801 est
1187 1764 1251 1803 ex
1282 1750 1401 1805 aliis
1424 1754 1679 1821 numeris,
1714 1756 1806 1810 ha-

229 1830 419 1897 betque
448 1841 644 1899 partes,
674 1842 725 1888 et
746 1849 774 1888 a
802 1836 979 1907 seipso
998 1839 1135 1893 etab
1153 1841 1329 1895 alieno
1350 1844 1609 1900 vocabulo
1634 1846 1802 1902 deno-

230 1925 572 1991 minatas,sed
589 1941 619 1981 a
633 1942 691 1982 se
713 1928 826 1997 ipso
840 1929 1234 1987 denominatam
1252 1939 1647 2003 partem,solam
1666 1955 1803 1995 sem-

229 2029 322 2085 per
345 2017 394 2070 iu
416 2017 497 2071 his
520 2019 759 2075 invenies
784 2025 1059 2093 unitatem,
1087 2026 1154 2079 ab
1177 2027 1349 2082 alieno
1376 2045 1501 2085 vero
1518 2033 1805 2102 vocabulo,

230 2106 313 2160 vel
347 2123 528 2175 uuam,
560 2112 639 2163 vel
671 2112 942 2180 quodlibet
980 2117 1133 2183 alias,
1164 2120 1345 2186 quanti
1376 2119 1577 2177 fuerint
1602 2123 1819 2181 scilicet

228 2202 439 2255 numeri
479 2203 669 2271 quibus
697 2206 786 2260 ille
814 2213 1122 2278 compositis
1142 2226 1469 2282 procreatur,
1501 2228 1559 2273 ut
1583 2233 1706 2276 sunt
1728 2223 1807 2293 hi,

230 2288 283 2351 9,
309 2290 409 2382 I5,
430 2290 523 2357 21,
556 2294 647 2362 25,
680 2295 768 2359 27,
797 2298 887 2363 55,
920 2301 1005 2356 59.
1035 2302 1228 2359 Horum
1244 2323 1371 2376 ergo
1396 2309 1589 2382 singuli
1613 2288 1812 2372 habent

230 2377 441 2449 quidem
472 2398 500 2436 a
529 2397 586 2437 se
616 2384 987 2445 denominatas
1043 2406 1220 2461 partes
1253 2437 1268 2461 ,
1312 2377 1555 2469 preprias
1604 2404 1812 2460 scilicet

230 2468 481 2539 unitates,
509 2486 564 2529 ut
594 2477 648 2545 9,
690 2495 883 2535 nonam
906 2523 920 2547 ,
954 2485 1004 2539 id
1053 2496 1134 2542 est
1179 2492 1239 2556 1;
1274 2494 1362 2559 15,
1396 2496 1634 2564 quintam
1660 2497 1810 2553 deci-

232 2577 392 2629 mam,
424 2566 667 2622 eamdem
699 2586 884 2626 rursus
914 2575 1191 2647 unitatem,
1242 2590 1296 2635 et
1330 2584 1381 2637 in
1422 2587 1633 2641 caneris
1679 2603 1812 2658 quos

232 2671 389 2725 supra
416 2657 796 2730 descripsimus
821 2665 958 2721 idem
1001 2673 1268 2726 convenit.
1302 2673 1511 2730 Habent
1552 2657 1711 2733 etiam
1745 2680 1813 2735 ab

232 2746 407 2801 alieno
434 2751 692 2805 vocabqu
722 2767 948 2824 partem,
982 2767 1037 2814 ut
1059 2762 1114 2827 9,
1150 2763 1381 2832 tertiam,
1428 2766 1478 2821 id
1509 2778 1593 2823 est
1635 2780 1814 2824 terna-

232 2841 392 2909 rium,
422 2854 474 2897 et
500 2843 585 2910 15,
620 2851 851 2925 tertiam,
889 2851 939 2905 id
969 2863 1051 2907 est
1079 2856 1131 2919 5,
1156 2865 1210 2911 et
1238 2859 1496 2927 quintam,
1532 2862 1582 2915 id
1606 2873 1708 2930 est,
1740 2866 1809 2930 5;

232 2930 297 2986 21
325 2947 449 2988 vero
472 2937 773 3004 tertiam,id
804 2951 886 2996 est
910 2945 957 3006 7,
992 2946 1293 3014 septimam,
1330 2951 1452 3015 5,et
1480 2952 1529 3003 in
1562 2952 1812 3007 omnibus

235 3022 350 3077 aliis
377 3026 561 3081 eadem
593 3033 972 3100 consequentia
1002 3045 1102 3089 est.
1147 3036 1426 3093 Secundus
1455 3049 1632 3095 autem
1656 3058 1814 3097 voca-

235 3121 320 3166 tur
344 3112 429 3168 hic
450 3130 725 3186 numerus,
764 3125 1012 3191 quoniam
1058 3141 1163 3180 non
1195 3128 1307 3183 sola
1340 3130 1543 3187 unitate
1572 3135 1808 3206 metitur,

235 3204 328 3257 sed
353 3205 509 3261 etiam
534 3209 639 3264 alio
683 3226 907 3267 numero
933 3231 958 3267 a
990 3231 1096 3285 quo
1125 3218 1331 3273 scilicet
1355 3220 1676 3291 conjunctus
1705 3204 1807 3280 est.

235 3293 416 3385 l‘ieque
448 3297 606 3354 habet
629 3302 756 3358 inse
778 3305 1063 3375 quidquatn
1089 3308 1397 3379 principalis
1429 3313 1812 3385 intelligentiae.

236 3382 366 3438 Nam
396 3401 457 3440 ex
488 3390 607 3444 aliis
636 3392 873 3448 numeris
928 3406 1256 3467 procreatur,
1315 3401 1346 3453 9
1398 3382 1619 3469 quidem
1656 3419 1721 3459 ex
1760 3406 1814 3469 5,

236 3472 305 3528 15
335 3490 459 3531 vero
487 3492 549 3533 ex
579 3481 612 3533 5
639 3494 690 3535 et
719 3484 773 3546 5,
804 3494 855 3537 et
886 3484 944 3537 21
977 3500 1045 3539 ex
1078 3484 1111 3538 5
1139 3498 1193 3541 et
1220 3489 1275 3555 7,
1321 3498 1375 3543 et
1423 3492 1601 3546 caeteri
1628 3494 1818 3548 eodem

238 3564 417 3621 modo.
447 3565 786 3638 Compositus
835 3583 1010 3628 autem
1061 3576 1274 3641 dicitur,
1331 3593 1395 3633 eo
1434 3581 1574 3650 quod
1627 3583 1819 3638 resolvi

239 3664 414 3722 potest
438 3658 489 3711 in
521 3660 740 3713 eosdem
769 3662 913 3730 ipsos
945 3680 973 3716 a
1021 3667 1211 3733 quibus
1233 3667 1427 3723 dicitur
1455 3686 1578 3727 esse
1603 3687 1821 3743 compo-

238 3750 390 3811 situs,
435 3751 486 3803 in
510 3766 603 3805 eos
633 3754 833 3809 scilicet
866 3758 952 3825 qui
999 3763 1350 3829 coittpositum
1400 3780 1680 3821 numerum
1710 3784 1823 3824 me—

239 3839 463 3892 tiuntur.
494 3839 631 3894 Nihil
663 3854 835 3898 autem
866 3848 1005 3915 quod
1031 3850 1247 3907 dissolvi
1278 3866 1455 3924 potest
1495 3858 1822 3930 incomposi-

241 3935 352 3981 tum
374 3936 478 3994 εει,
505 3932 608 3985 sed'
628 3935 771 3988 omni
798 3950 972 3992 rerum
1002 3944 1317 3999 necessitate
1341 3946 1712 4016 compositum.

830 4046 1053 4104 CAPUT
1103 4050 1241 4108 XVI.

317 4129 392 4185 De
417 4149 476 4187 eo
499 4134 588 4203 qui
616 4150 705 4205 per
720 4152 772 4189 se
792 4142 1040 4195 secundus
1064 4154 1110 4195 et
1139 4146 1471 4214 compositus,
1495 4148 1564 4200 ad
1592 4148 1752 4203 alium

631 4228 825 4297 primus
865 4240 907 4283 et
944 4233 1306 4299 incompositus
1340 4248 1432 4290 est.

320 4336 412 4391 His
432 4340 558 4392 vero
589 4349 773 4393 contra
816 4356 873 4393 se
905 4344 1112 4409 positis,
1148 4344 1198 4398 id
1229 4357 1311 4400 est
1338 4350 1510 4417 ptimo
1541 4361 1593 4404 et
1622 4352 1826 4409 incom-

247 4426 440 4495 posito,
470 4437 523 4481 et
544 4428 783 4483 secundo
812 4439 865 4482 et
894 4433 1211 4500 composito,
1269 4446 1323 4489 et
1348 4441 1572 4493 naturali
1604 4441 1829 4499 diversi-

244 4526 355 4569 tate
379 4517 678 4586 disjuntttis,
706 4519 840 4571 alius
874 4520 924 4573 in
953 4522 1126 4575 mt-dio
1176 4524 1565 4594 consideratur,
1596 4530 1681 4597 qui
1713 4531 1828 4598 ipse

1864 602 1870 607 '
1907 590 2041 646 sima
2072 590 2276 662 quinta.

2476 684 2698 743 CAPUT
2759 686 2918 743 XVII.

1909 776 1988 832 De
2018 778 2170 847 primi
2194 786 2243 832 et
2272 778 2612 847 incompositi,
2640 780 2852 832 secundi
2880 789 2927 833 et
2955 781 3241 851 compositi,
3271 789 3319 836 et
3349 782 3415 835 ad
3437 797 3490 836 se

1940 888 1943 889 '
1977 870 2186 941 quidem
2204 871 2416 925 secundi
2441 881 2488 925 et
2510 873 2797 939 compositi,
2823 873 2891 928 ad
2921 876 3224 929 alterutrum
3248 890 3361 929 vero
3378 875 3490 945 pri-

1979 964 2049 1015 mi
2079 971 2128 1015 οι
2163 962 2487 1029 incompositi
2525 965 2888 1032 procreationc.

1983 1053 2272 1110 Generatio
2298 1063 2475 1108 autem
2508 1056 2743 1123 ipsorqu
2789 1066 2952 1125 atque
2979 1065 3130 1112 ortus
3184 1058 3488 1126 huiusmodi

1908 1148 2322 1218 investigatione
2346 1147 2633 1218 colligitur,
2655 1164 2812 1218 quam
2851 1148 3053 1205 scilicet
3106 1150 3489 1209 Eratosthenes

1912 1240 2149 1295 cribrum
2177 1239 2508 1305 nominabat,
2541 1240 2681 1308 quod
2711 1239 2918 1294 cunctis
2957 1240 3247 1308 imparibus
3294 1242 3348 1297 in
3380 1258 3491 1297 me-

1914 1329 2004 1384 dio
2033 1331 2327 1395 collocatis,
2361 1345 2455 1400 per
2475 1344 2593 1385 eam
2618 1345 2780 1399 quam
2810 1330 3059 1385 tradituri
3086 1346 3272 1388 sumus
3299 1343 3491 1398 artem,

1912 1422 2005 1490 qui
2037 1421 2216 1489 primi,
2274 1422 2434 1491 quive
2484 1421 2725 1485 secundi,
2782 1422 2979 1491 quique
3010 1422 3151 1477 tertii
3182 1426 3390 1491 generis
3418 1425 3492 1480 vi-

1913 1511 2139 1570 deantur
2161 1526 2305 1587 esse,
2333 1511 2696 1588 distinguitur.
2719 1512 3074 1595 Disponantur
3090 1515 3231 1575 enim
3258 1530 3287 1575 a
3316 1530 3492 1577 terna-

1914 1610 1997 1663 rio
2028 1624 2251 1664 uumero
2282 1622 2460 1665 cuncti
2494 1612 2545 1664 in
2576 1613 2821 1665 ordinem
2852 1616 3105 1680 impares,
3134 1613 3186 1667 in
3205 1614 3493 1682 quamlibet

1915 1700 2288 1768 longissimam
2345 1701 2765 1771 porrectionem,
2825 1703 2878 1766 5,
2908 1703 2963 1765 5,
2991 1704 3044 1771 7,
3074 1705 3129 1770 9,
3162 1704 3250 1770 11,
3286 1706 3372 1772 15,
3406 1706 3493 1769 15,

1915 1792 2005 1856 17,
2041 1793 2129 1860 19,
2162 1794 2252 1859 21,
2282 1795 2375 1861 25,
2405 1794 2498 1858 25,
2528 1795 2621 1861 27,
2668 1796 2762 1860 29,
2794 1796 2881 1862 51,
2914 1796 3005 1860 55,
3036 1797 3125 1861 55,
3159 1797 3247 1864 57,
3277 1799 3368 1863 59,
3404 1798 3494 1865 di,

1836 1889 1883 1950 Β
1911 1885 2001 1950 45,
2031 1885 2124 1950 45,
2154 1885 2246 1951 47,
2274 1886 2363 1942 19.
2414 1887 2506 1941 His
2536 1887 2696 1956 igitur
2727 1889 2793 1942 ita
2822 1889 3099 1958 dispositis
3147 1891 3493 1946 consideran-

1913 1976 2037 2031 dum
2070 1978 2275 2046 primus
2333 1994 2590 2034 numerus
2620 1995 2777 2049 quem
2826 1994 3012 2034 eorum
3043 1981 3131 2047 qui
3178 1992 3300 2036 sunt
3329 1983 3381 2037 in
3410 1998 3494 2037 or~

1913 2068 2038 2123 dine
2067 2068 2223 2139 positi
2278 2070 2506 2137 primum
2537 2072 2715 2124 metiri
2747 2073 2935 2138 possit,
2989 2071 3083 2126 sed
3112 2071 3321 2127 duobus
3352 2084 3492 2142 prae-

1916 2160 2109 2225 teritis,
2140 2161 2288 2215 illum
2319 2161 2407 2230 qui
2441 2172 2559 2229 post
2588 2176 2679 2216 eos
2710 2171 2795 2216 est
2839 2160 3068 2231 positus,
3105 2177 3222 2217 mox
3257 2163 3494 2220 metitur.

1915 2250 1983 2305 Et
2012 2252 2056 2305 si
2084 2260 2203 2321 post
2232 2252 2480 2306 eumdem
2512 2252 2682 2319 ipsum
2714 2267 2871 2321 quem
2900 2266 3116 2306 mensos
3141 2263 3245 2315 est,
3270 2253 3359 2307 alii
3387 2252 3496 2308 duo

1916 2342 2217 2397 transmissi
2248 2354 2395 2408 sunt,
2430 2344 2576 2397 illum
2605 2344 2691 2411 qui
2718 2353 2835 2412 post
2854 2344 2988 2398 duos
3017 2352 3099 2398 est
3128 2359 3313 2400 rursus
3341 2346 3495 2400 meti-

1916 2441 2023 2487 tur.
2059 2434 2122 2487 Et
2149 2433 2340 2488 eodem
2371 2438 2533 2488 modo
2559 2434 2605 2487 si
2634 2433 2770 2489 duos
2798 2434 2919 2502 quis
2947 2435 3241 2504 reliquerit,
3266 2445 3495 2504 posteos

1914 2522 2006 2593 qui
2036 2532 2134 2587 est,
2168 2540 2196 2575 a
2236 2524 2407 2592 primo
2436 2538 2662 2578 numero
2706 2523 3005 2579 metiendos
3051 2535 3154 2579 est.
3187 2524 3497 2595 Eodemque

1914 2616 2077 2670 modo
2105 2614 2309 2669 relictis
2339 2629 2555 2683 semper
2581 2614 2812 2679 duobus,
2859 2631 2887 2668 a
2942 2615 3116 2683 primo
3143 2615 3195 2670 in
3226 2614 3494 2672 inllnitum

1916 2714 2197 2773 pergentes
2225 2703 2531 2759 metientur.
2561 2703 2668 2759 Sed
2703 2705 2753 2760 id
2786 2720 2890 2759 non
2919 2706 3076 2774 vulgo
3104 2721 3274 2775 neque
3301 2706 3493 2763 confu-

1914 2807 1995 2848 se.
2030 2793 2158 2847 Nam
2191 2794 2391 2861 primus
2420 2808 2675 2849 numerus
2712 2794 2859 2849 illum
2915 2797 3003 2864 qui
3053 2804 3137 2852 est
3184 2806 3304 2865 post
3358 2798 3492 2853 duos

1916 2882 2209 2938 secundum
2240 2898 2299 2938 se
2347 2884 2547 2938 locatos
2576 2899 2670 2954 per
2697 2899 2846 2939 suam
2877 2893 3225 2953 quantitatem
3255 2889 3490 2943 metitur.

1916 2974 2206 3031 Ternarius
2234 2976 2377 3031 enim
2408 2991 2661 3033 numerus
2691 2978 2850 3032 tertio
2877 2979 2911 3033 9
2937 2979 3174 3034 metitur.
3233 2980 3289 3037 Si
3317 2992 3494 3037 autem

1917 3076 2036 3136 post
2067 3068 2417 3123 novenariutn
2444 3069 2579 3124 duos
2609 3070 2899 3139 reliquero,
2955 3072 3045 3141 qui
3075 3073 3205 3127 mihi
3236 3084 3354 3141 post
3378 3074 3496 3130 illos

1916 3159 2227 3229 ἰηευιοετίι,
2260 3175 2288 3214 a
2320 3162 2495 3229 primo
2524 3164 2826 3217 metiendos
2847 3174 2950 3230 est,
2985 3180 3079 3232 per
3124 3166 3344 3221 secundi
3398 3167 3497 3222 im-

1840 3262 1889 3325 C
1921 3252 2065 3321 paris
2087 3251 2459 3319 quantitatem,
2498 3252 2546 3307 id
2578 3260 2660 3307 est
2689 3266 2782 3320 per
2802 3252 3124 3321 quintarium.
3152 3254 3283 3311 Nam
3313 3257 3356 3311 si
3382 3266 3500 3326 post

1921 3343 1955 3399 9
1983 3343 2119 3398 duos
2150 3344 2467 3412 relinquam,
2496 3345 2548 3398 id
2578 3355 2679 3410 est,
2715 3345 2774 3399 11
2820 3356 2873 3400 ει
2902 3348 2990 3411 15,
3018 3349 3279 3403 ternarius
3308 3364 3498 3405 nume.

1922 3449 2015 3489 rus
2046 3433 2112 3489 15
2139 3436 2384 3490 metietur
2415 3450 2509 3503 per
2540 3436 2756 3490 secundi
2785 3438 2993 3492 numeri
3023 3439 3395 3508 quantitatem,
3445 3442 3498 3496 id

1923 3536 2007 3583 est
2031 3542 2127 3596 per
2147 3526 2397 3595 quinarii,
2430 3528 2684 3595 quoniam
2712 3533 2975 3584 lernarius
2994 3526 3060 3584 15
3081 3530 3361 3599 quinquies
3390 3546 3501 3586 me-

1924 3619 2073 3674 titur.
2109 3619 2311 3672 Rursus
2341 3619 2407 3683 si,
2435 3632 2468 3672 a
2487 3618 2841 3686 quindenario
2861 3619 3142 3685 inchoans,
3175 3622 3311 3676 duos
3336 3622 3502 3677 inter-

1925 3711 2142 3773 misero,
2175 3710 2265 3780 qui
2297 3712 2559 3778 posterior
2589 3712 2795 3780 positus
2815 3720 2917 3777 est,
2938 3712 3053 3781 elus
3082 3713 3287 3782 primus
3317 3730 3503 3769 nume-

1926 3818 2039 3869 rus,
2069 3816 2321 3856 mensura
2341 3813 2421 3857 est
2445 3818 2539 3871 per
2567 3803 2709 3859 tertii
2729 3804 2947 3873 imparis
2964 3804 3339 3873 pluralitatem.
3372 3807 3503 3862 Nam

1865 3917 1878 3931 ο
1927 3896 1973 3950 si
2002 3904 2120 3964 post
2150 3896 2216 3949 15
2245 3894 2585 3949 intermisero
2632 3895 2697 3950 17
2738 3904 2795 3951 ει
2837 3895 2924 3962 19,
2958 3896 3181 3952 incurth
3208 3896 3300 3964 2|,
3345 3913 3505 3966 quem

1929 3988 2196 4045 ternarius
2221 4002 2476 4041 numerus
2528 3987 2824 4043 secundum
2854 3990 3216 4057 septenarium
3254 3991 3503 4054 Metitur,

1927 4078 1993 4133 21
2026 4079 2169 4132 enim
2196 4076 2401 4132 numeri
2441 4076 2705 4133 ternarius
2734 4079 2971 4145 septima
2998 4094 3121 4149 pars
3171 4090 3273 4136 εει.
3333 4083 3507 4150 Atque

1931 4171 2034 4226 hoc
2063 4172 2114 4224 in
2145 4170 2410 4224 inﬁnitum
2441 4168 2661 4237 faciens,
2691 4170 2904 4240 reperio
2941 4171 3169 4241 primum
3201 4186 3507 4237 numerum,

1932 4264 1977 4318 si
2010 4263 2163 4318 binos
2194 4264 2554 4328 intermisere,
2580 4277 2769 4318 omnes
2797 4272 3080 4331 sequentes
3104 4263 3222 4334 pos’t
3249 4278 3308 4321 se
3334 4265 3509 4322 metiri

1930 4356 2219 4410 secundum
2261 4354 2609 4425 quantitatem
2663 4355 2956 4425 positorum
3010 4356 3196 4410 ordine
3226 4356 3510 4426 impariunt

1932 4464 2299 4504 numerorum.
2331 4450 2387 4502 Si
2416 4466 2543 4504 vero
2578 4450 2854 4518 quinarius
2884 4464 3157 4514 numerus,
3208 4450 3298 4518 qui
3345 4452 3396 4504 in
3423 4466 3511 4505 se-

1934 4541 2108 4594 cundo
2156 4540 2274 4594 loco
2303 4548 2386 4593 est.
2413 4540 2731 4595 constitutus
2752 4580 2770 4605 ,
2830 4540 2958 4595 velit
3007 4539 3128 4609 quis
3156 4539 3308 4609 cujus
3340 4541 3511 4607 prima

247 4605 462 4673 quidem
487 4610 815 4676 compositus
840 4612 928 4676 sit,
954 4624 1003 4665 et
1030 4614 1316 4680 secundus,
1358 4625 1409 4669 et
1440 4616 1659 4673 alterius
1688 4620 1828 4674 reci-
1853 4640 1910 4700 Β
1936 4642 1999 4682 ac
2028 4627 2279 4695 deinceps
2310 4629 2378 4680 sit
2404 4642 2657 4682 mensura
2694 4626 2954 4692 invenire,
3001 4628 3327 4682 transmissis
3353 4630 3387 4681 4
3418 4629 3511 4682 im~

248 4699 402 4767 piens
454 4700 806 4768 mensionem,
852 4713 1011 4772 atque
1036 4704 1178 4771 ideo,
1210 4714 1263 4760 et
1291 4707 1457 4774 partis
1481 4706 1639 4762 alieni
1670 4723 1830 4763 vocas

246 4792 361 4845 buli
392 4806 578 4861 capax,
612 4794 702 4848 sed
729 4810 847 4848 cum
881 4795 1038 4851 fuerit
1063 4797 1128 4851 ad
1158 4798 1324 4853 alium
1352 4800 1591 4871 ejusdem
1613 4800 1830 4871 generis

249 4903 532 4941 numerum
565 4899 922 4959 comparatus,
960 4892 1099 4945 nulla
1131 4908 1250 4947 cum
1291 4908 1357 4950 eo
1383 4895 1653 4949 communi
1678 4910 1831 4949 men—

250 4994 373 5032 sura
403 4979 762 5049 conjungitur,
824 4998 922 5035 nec
976 4982 1249 5039 habebunt
1292 4996 1467 5055 partes
1508 4985 1831 5055 tequivocas,

252 5077 309 5121 ut
338 5078 459 5122 sunt
506 5069 537 5123 9
588 5069 655 5123 ad
697 5070 785 5135 25,
841 5071 984 5125 nulla
1013 5071 1111 5127 hos
1162 5076 1462 5129 communis
1488 5089 1831 5129 numerorum

251 5175 502 5214 tut-usura
559 5163 812 5230 tnetitur,
873 5164 975 5219 nisi
1022 5166 1156 5221 forte
1201 5168 1376 5221 unitas
1419 5184 1539 5238 qua:
1587 5166 1827 5221 omnium

250 5264 593 5303 numerorum
626 5267 870 5306 mensura
903 5256 1203 5311 communis
1232 5266 1335 5311 est.
1386 5257 1452 5311 Et
1507 5256 1559 5311 hi
1613 5255 1842 5328 quidem

249 5354 360 5393 non
394 5339 587 5393 habent
618 5346 916 5411 tequivocas
950 5359 1145 5414 partes.
1173 5348 1303 5402 Nam
1334 5364 1451 5419 quae
1482 5350 1536 5403 itt
1586 5350 1616 5404 9
1670 5350 1829 5403 tertia

248 5439 355 5496 est,
388 5428 437 5483 iu
468 5430 536 5484 25
566 5447 667 5487 neu
700 5443 801 5499 est,
833 5444 888 5490 et
914 5452 1030 5503 qua:
1058 5438 1110 5492 in
1139 5438 1209 5493 25
1238 5441 1417 5509 quinta
1448 5450 1553 5507 est,
1587 5441 1638 5494 in
1670 5455 1834 5495 nove-

250 5523 403 5577 nario
430 5540 533 5578 non
565 5534 665 5578 est.
702 5527 841 5596 Ergo
873 5530 922 5582 lii
954 5548 1047 5599 per
1077 5542 1317 5586 naturam
1371 5535 1580 5605 utrique
1612 5532 1830 5588 secundi

247 5626 301 5670 et
326 5619 608 5685 compositi
628 5629 776 5686 sunt,
798 5626 1089 5691 comparati
1120 5642 1244 5680 vero
1266 5626 1332 5680 ad
1354 5643 1413 5681 se
1431 5628 1655 5680 invicem
1680 5624 1835 5693 primi

247 5704 697 5777 incompositique
727 5710 1042 5777 redduntur,
1075 5715 1215 5783 quod
1272 5725 1524 5784 utrosque
1551 5714 1696 5768 nulla
1726 5712 1829 5767 alia

244 5811 499 5851 mensura
527 5801 766 5878 metitur,
819 5800 915 5855 nisi
948 5803 1121 5856 unitas
1152 5820 1269 5873 qua:
1302 5806 1368 5859 ab
1399 5805 1634 5877 utrisque
1662 5804 1829 5860 deno-

1938 4716 2171 4785 paribus.
2222 4715 2441 4784 quintus
2466 4716 2538 4780 ei,
2585 4728 2741 4783 quem
2792 4716 2966 4768 metiri
3024 4716 3213 4784 possit,
3259 4719 3512 4772 occurrit.

1938 4805 2360 4859 lntermittantur
2389 4806 2529 4858 enim
2559 4800 2592 4857 4
2620 4804 2875 4872 impares,
2912 4805 2960 4858 id
2985 4815 3067 4862 est
3096 4806 3125 4859 7
3151 4817 3206 4862 et
3228 4807 3261 4862 9
3289 4818 3341 4862 et
3371 4811 3428 4865 11
3463 4821 3512 4870 ει

1941 4894 2030 4956 15.
2076 4904 2193 4964 post
2222 4895 2319 4948 hos
2359 4904 2440 4949 est
2492 4895 2710 4965 quintus
2757 4895 3018 4965 decimus,
3052 4911 3211 4967 quem
3241 4897 3514 4969 quinarius

1940 4985 2176 5049 tnetitur,
2208 4986 2499 5040 secundum
2529 4986 2685 5056 primi
2708 4985 2912 5041 scilicet
2936 4989 3307 5057 quantitatem,
3352 4990 3405 5045 id
3434 4999 3514 5049 est

1943 5075 2182 5141 ternarii,
2209 5076 2441 5147 quinque
2469 5077 2611 5132 enim
2639 5076 2726 5143 15,
2752 5080 2911 5133 tertio
2935 5081 3246 5137 metiuntur.
3274 5086 3349 5138 Ac
3367 5084 3515 5139 dein.

1941 5180 2067 5235 ceps
2094 5165 2137 5220 si
2167 5176 2390 5239 quatuor
2424 5170 2759 5237 intermittat,
2790 5186 2910 5224 eum
2941 5173 3030 5241 qui
3061 5182 3181 5241 post
3226 5174 3345 5229 illos
3372 5176 3516 5229 loca-

1944 5267 2028 5311 tus
2048 5266 2151 5321 est,
2178 5257 2464 5327 secundus,
2500 5258 2661 5320 idest
2684 5260 2961 5332 quinarius
2982 5263 3063 5318 sui
3092 5266 3384 5334 quantitate
3406 5281 3516 5322 me-

1944 5348 2089 5401 titur.
2122 5348 2251 5403 Nam
2280 5362 2396 5418 post
2427 5352 2727 5419 quindecim
2755 5354 3073 5409 intermissis
3096 5356 3159 5409 17
3188 5364 3241 5410 ει
3270 5355 3336 5411 19
3371 5366 3424 5411 ει
3449 5356 3512 5411 21

1943 5447 1996 5493 ει
2024 5438 2113 5505 25,
2167 5450 2287 5509 post
2315 5455 2408 5495 eos
2432 5441 2502 5495 25
2527 5444 2755 5511 reperio,
2808 5458 2942 5513 quos
2993 5446 3266 5513 quinarius
3316 5448 3516 5504 scilicet

1946 5547 2195 5587 numerus
2238 5549 2331 5587 sua
2382 5535 2687 5603 pluralitate
2738 5538 2973 5592 metitur.
3025 5539 3315 5609 Quinquies
3371 5544 3517 5597 enim

1946 5625 2186 5693 quinario
2218 5625 2588 5694 multiplicato,
2624 5628 2694 5684 25
2717 5641 3083 5683 succrescunt.
3125 5629 3182 5685 Si
3225 5647 3351 5686 vero
3398 5643 3519 5702 post

1944 5718 2715 5786 ltuncquilibetiintermittat,
2743 5720 2926 5776 eadem
2941 5723 3365 5779 ordinisservata
3390 5742 3517 5782 cou-

1933 5809 2239 5879 stantia,qui
2251 5825 2344 5865 eos
2353 5812 2904 5883 sequitur,secundum
2921 5814 3517 5890 tertii,idestseplenarii
