4216 6256
706 385 848 450 1095

1934 367 2045 424 AN.
2086 364 2296 423 MANL.
2337 361 2494 422 δεῖν.
2536 360 2760 418 BOETII

3844 342 3978 401 1096

705 505 913 568 numeri
934 512 1221 566 summam,
1247 509 1280 551 a
1302 490 1548 565 quinario
1566 488 1836 546 metietur.
1865 484 2041 555 Atque
2070 483 2187 539 haec
2205 490 2291 539 est
2317 485 2381 543 Α,
2396 487 2481 537 est
2506 477 2756 550 cognatio
2785 470 3087 532 communis
3104 481 3389 526 mensurae.
3418 464 3623 521 Rursus
3644 461 3679 517 5
3695 472 3753 517 et‘
3768 461 3823 526 7,
3838 474 3977 532 quos

705 603 910 661 inlinita
934 593 1224 667 processio.
1254 588 1313 646 Si
1338 601 1472 643 vero
1498 584 1686 641 tertius
1716 593 1970 638 numerus
1998 592 2158 648 quem
2176 590 2290 632 me-

705 695 791 749 tiri
816 690 983 761 possit
1010 681 1326 754 exquiritur,
1352 693 1445 735 sex
1473 677 1526 731 in
1558 673 1737 730 medio
1784 670 2177 740 relinquentur,
2236 671 2292 721 et

704 758 863 857 quem
891 780 1176 849 septimum
1198 772 1331 830 ordo
1353 766 1752 834 monstraverit,
1781 762 1869 819 hic
1898 777 1994 832 per
2009 758 2172 832 primi
2191 773 2291 813 nu-

706 848 864 939 meri,
890 848 1075 935 idest,
1106 865 1328 925 ternarii
1352 861 1705 934 quantitatem
1734 853 2041 912 metiendus
2074 860 2176 908 est.
2223 848 2294 906 Et

704 975 826 1039 post
853 965 1001 1020 illum
1023 975 1118 1017 sex
1145 959 1263 1015 aliis
1310 952 1663 1025 interpositis,
1715 963 1876 1020 quem
1920 954 2043 1015 post
2070 958 2164 999 eos
2192 957 2293 997 nu-

704 1057 839 1114 meri
864 1055 1031 1110 series
1058 1050 1226 1115 dabit,
1262 1062 1358 1117 per
1386 1043 1715 1116 quinarium,
1772 1039 1825 1094 id
1854 1039 1948 1095 Sest
1978 1051 2071 1106 per
2100 1047 2295 1090 secun-

705 1152 853 1213 dum,
886 1146 1031 1202 tertii
1062 1158 1182 1199 eum
1212 1153 1463 1196 mensura
1519 1140 1819 1206 percurret.
1871 1130 1928 1186 Si
1976 1141 2107 1183 vero
2159 1125 2294 1181 alios

707 1254 893 1297 rursus
915 1252 1008 1292 sex
1032 1237 1086 1290 in
1111 1231 1290 1288 medio
1318 1230 1437 1300 quis
1467 1226 1754 1295 relinquat,
1786 1221 1880 1276 ille
1905 1219 1997 1289 qui
2028 1216 2290 1287 sequitur,

707 1350 805 1405 per
829 1328 1191 1401 scptenarium
1216 1336 1498 1380 numerum
1529 1319 1597 1375 ab
1624 1316 1814 1372 eodem
1846 1312 2155 1382 septenario
2182 1324 2293 1363 me-

706 1401 918 1482 ticndus
938 1430 1044 1489 est,
1075 1420 1127 1473 id
1156 1425 1240 1473 est
1270 1431 1365 1487 per
1412 1412 1555 1468 tertii
1582 1410 1956 1478 quantitatem.
1988 1405 2163 1473 Atque
2207 1401 2295 1456 hic

707 1534 875 1591 usque
906 1520 959 1572 in
987 1525 1283 1571 extremum
1333 1518 1480 1565 ratus
1533 1505 1673 1561 ordo.
1708 1500 2086 1573 progreditur:
2114 1496 2295 1552 Susci-

708 1589 854 1684 pient
880 1623 1008 1679 ergo
1036 1603 1292 1661 metiendi
1343 1598 1795 1660 vicissitudinem,
1840 1589 2293 1664 quemadmodum

708 1682 833 1760 sunt
862 1704 913 1757 in
936 1699 1179 1755 ordinem
1228 1693 1544 1751 naturaliter
1594 1691 1826 1759 impares
1854 1684 2151 1742 constituti.
2183 1682 2294 1737 Me-

2396 577 2681 643 procreant
2732 568 2779 623 si
2827 578 3128 635 compares,
3167 560 3222 616 hi
3251 572 3461 630 quoque
3493 556 3974 627 ,incommensura-

2396 663 2534 719 biles
2554 668 2727 717 erunt.
2758 658 3053 727 Quinquies
3074 653 3215 710 enim
3244 650 3478 721 quinque
3506 646 3525 720 (
3545 656 3605 702 ut
3632 646 3837 701 dictum
3856 652 3974 717 est)

2396 756 2487 821 25,
2530 753 2730 825 septies
2781 754 2812 806 7
2869 750 3069 805 faciunt
3121 746 3211 802 49.
3239 746 3474 811 Quorum
3528 755 3786 796 mensura
3834 740 3979 794 nulla

2397 847 2701 906 communis
2726 854 2828 912 est,
2858 844 2957 900 nisi
2992 844 3128 897 forte
3158 838 3397 896 omnium
3428 836 3616 891 horum
3642 834 3979 905 procreatrix

2394 952 2449 998 et
2475 950 2645 998 mater
2684 939 2879 994 unitas.

2952 1025 3179 1084 CAPUT
3232 1023 3415 1079 XVIII.

2397 1123 2476 1179 De
2515 1125 2797 1178 inventione
2826 1136 3000 1178 eorum
3032 1134 3375 1183 numerorum,
3403 1116 3492 1186 qui
3519 1116 3586 1168 ad
3604 1132 3660 1169 se
3682 1114 3890 1169 secundi
3937 1121 3982 1167 et

2468 1215 2731 1280 compositi
2773 1222 2913 1281 sunt,
2957 1211 3167 1266 atlalios
3216 1225 3332 1264 vero
3389 1207 3556 1272 relati,
3612 1206 3765 1277 primi
3806 1216 3855 1259 et
3906 1208 3979 1259 in-

2466 1308 2749 1375 compositi.

2467 1401 2585 1468 Qua
2612 1415 2737 1455 vero
2764 1398 2972 1454 ratione
3004 1396 3137 1452 tales
3160 1408 3412 1451 numeros
3430 1390 3671 1448 invenire
3686 1393 3977 1461 possmus,

2397 1495 2441 1549 si
2466 1495 2585 1564 quis
2614 1494 2771 1549 nobis
2799 1491 3021 1548 eosdem
3052 1497 3335 1559 proponat,
3354 1496 3409 1542 et
3430 1487 3663 1555 imperet
3692 1499 3977 1554 agnoscere

2398 1597 2574 1643 utrum
2633 1587 2809 1657 aliqua
2857 1598 3116 1640 mensura
3159 1580 3674 1639 commensurabiles
3728 1580 3860 1643 sint,
3913 1594 3978 1635 an

2396 1691 2543 1738 certe
2562 1680 2677 1735 sola
2708 1681 2885 1735 unitas
2935 1688 3191 1747 utrosque
3230 1677 3514 1743 metiatur,
3561 1672 3868 1743 reperiendi
3897 1687 3975 1726 ars

716 1797 919 1852 tientur
946 1800 1147 1859 autem,
1185 1788 1231 1842 si
1272 1802 1364 1857 per
1390 1799 1547 1855 pares
1601 1795 1850 1837 numeros
1898 1793 1929 1833 a
1980 1778 2187 1832 binario
2215 1776 2297 1830 in-,
2323 1783 2373 1845 Β
2399 1774 2520 1827 talis
2546 1783 2647 1827 est.
2684 1771 2832 1827 Datis
2871 1772 3013 1827 enim
3063 1770 3270 1826 duobus
3322 1767 3562 1825 numeris
3605 1765 3974 1835 inaequalibus,

710 1890 989 1953 choantes,
1022 1882 1227 1954 positos
1246 1882 1387 1936 inter
1406 1894 1465 1934 se
1484 1878 1717 1948 impares
1747 1884 1861 1930 rata
1892 1870 2293 1928 intermissione

709 1981 1030 2045 transiliam,
1064 1986 1122 2032 ut
1152 1976 1354 2046 primus
1380 1972 1437 2040 2,
1469 1969 1736 2027 secundus
1757 1968 1814 2034 4,
1848 1966 2037 2023 tertius
2056 1967 2111 2031 6,
2135 1978 2293 2034 quar-

709 2080 797 2126 tus
830 2072 882 2136 8,
914 2071 1132 2140 quintus
1158 2068 1248 2123 10.
1283 2065 1380 2121 Vel
1409 2064 1454 2120 si
1476 2065 1624 2120 locos
1651 2077 1778 2118 suos
1806 2060 2207 2128 conduplicent,
2238 2065 2294 2112 et

710 2161 1002 2219 secundum
1032 2159 1448 2230 duplicationem
1497 2157 1756 2213 terminos
1799 2153 2175 2218 intermittant,
2236 2160 2295 2205 ut

711 2251 977 2309 ternarius
1017 2251 1108 2321 qui
1160 2250 1363 2318 primus
1418 2255 1501 2302 est
1554 2260 1809 2300 numerus
1837 2253 1892 2298 et
1921 2257 2059 2297 unus
2088 2240 2297 2311 (omnis

711 2346 852 2401 enim
874 2343 1101 2413 primus,
1133 2353 1273 2395 unus
1296 2346 1379 2395 est
1397 2340 1438 2408 ),
1466 2337 1548 2392 bis
1567 2338 1741 2392 locum
1771 2350 1927 2390 suum
1951 2332 2292 2402 multiplicet,

712 2434 980 2504 faciatque
1008 2433 1091 2488 bis
1119 2445 1308 2485 unum.
1340 2428 1441 2496 Qui
1471 2442 1592 2483 cum
1623 2426 1729 2482 duo
1770 2428 1901 2492 sint,
1929 2425 2133 2495 primus
2161 2424 2299 2480 duos

714 2525 921 2583 medios
950 2531 1210 2580 transeat.
1244 2521 1452 2577 Rursus
1480 2518 1773 2586 secundus,
1804 2517 1856 2572 id
1880 2526 1961 2572 est
1991 2514 2296 2586 quinariu's,

714 2620 758 2676 si
786 2619 961 2673 locum
987 2630 1141 2672 suum
1173 2614 1431 2684 duplicet,
1459 2613 1494 2668 4
1525 2611 1847 2682 explicabit:
1906 2608 1995 2665 hic
2023 2624 2238 2680 quoque
2264 2606 2300 2661 4

715 2710 1051 2768 intermittat.
1082 2710 1215 2764 Item
1244 2708 1288 2763 si
1332 2707 1688 2776 septenarius,
1739 2707 1831 2776 qui
1861 2690 2054 2761 tertius
2082 2714 2186 2769 est,
2217 2704 2299 2758 lo-

715 2820 835 2860 cum
867 2818 1024 2859 suum
1052 2801 1312 2871 duplicet,
1343 2815 1438 2855 sex
1468 2800 1709 2856 creabit:
1763 2798 1846 2853 bis
1874 2798 2039 2853 enim‘
2068 2795 2102 2848 5
2149 2809 2306 2851 sena-

716 2895 1141 2966 riumjungunt;
1200 2893 1287 2949 hic
1331 2907 1461 2960 ergo
1490 2892 1545 2946 in
1574 2890 1816 2945 ordinem
1873 2903 1967 2944 sex
2012 2887 2301 2956 relinquat.

720 2989 951 3057 Quartus
978 3000 1191 3056 quoque
1218 2984 1265 3038 si
1294 2983 1471 3039 locum
1522 2997 1676 3037 suum
1732 2979 1993 3051 duplicet,
2024 2979 2056 3034 8
2085 2992 2305 3034 succre-

2350 1882 2358 1890 ·
2398 1866 2608 1921 auferre
2645 1864 2712 1918 de
2735 1863 2937 1933 majore
2964 1862 3224 1918 minorem
3256 1860 3549 1930 Oportebit,
3578 1868 3633 1915 et
3652 1859 3743 1928 qui
3771 1857 3979 1912 relictus

2400 1960 2576 2025 fuerit,
2605 1960 2651 2015 si
2692 1956 2865 2027 major
2894 1964 3001 2020 est,
3033 1955 3246 2010 auferre
3275 1968 3341 2008 ex
3365 1968 3429 2007 eo
3457 1966 3648 2007 rursus
3700 1951 3975 2015 minorem,

2400 2053 2445 2111 si
2474 2067 2601 2108 vero
2632 2050 2805 2105 minor
2834 2046 3013 2114 fuerit,
3065 2048 3191 2100 eum
3219 2060 3287 2100 ex
3333 2044 3542 2113 reliquo
3572 2040 3779 2111 majore
3811 2039 3981 2095 detra-

2400 2146 2549 2202 here.
2583 2147 2751 2214 Atque
2780 2142 2882 2197 hoc
2908 2156 2973 2197 eo
3000 2155 3170 2210 usque
3217 2137 3545 2201 faciendum,
3591 2134 3766 2205 quoad
3813 2134 3984 2187 unitas

2400 2237 2586 2292 ultima
2627 2234 2798 2290 vicem
2851 2230 3186 2288 retractionis
3241 2227 3520 2299 impediat,
3549 2235 3641 2280 aut
3662 2225 3859 2293 aliquis
3887 2239 3985 2278 nu-

2400 2344 2582 2387 merus
2608 2330 2784 2396 impar
2808 2323 3139 2388 necessario,
3187 2320 3235 2375 si
3261 2319 3474 2389 utrique
3521 2318 3728 2372 numeri
3758 2316 3985 2385 impares

2402 2430 2789 2494 proponantur.
2852 2418 2956 2473 Sed
3007 2432 3126 2472 eum
3182 2414 3272 2484 qui
3325 2411 3650 2482 relinquitur
3681 2423 3985 2475 numerum,

2402 2515 2502 2570 sibi
2533 2514 2633 2583 ipsi
2662 2510 2869 2566 videbis
2912 2509 3193 2579 aequalem.
3234 2506 3374 2575 Ergo
3404 2507 3449 2561 si
3483 2506 3536 2560 in
3560 2518 3723 2557 unum
3754 2505 3990 2558 incurrat

2400 2607 2639 2662 vicissim
2667 2606 2767 2660 ista
2792 2603 3108 2668 subtractio,
3160 2601 3315 2670 primi
3347 2609 3537 2655 contra
3578 2615 3639 2655 se
3685 2599 3991 2654 necessario

2406 2700 2616 2756 numeri
2644 2697 2909 2760 dicentur,
2925 2706 2976 2751 et
2992 2695 3133 2750 nulla
3147 2693 3247 2747 alia
3264 2706 3515 2747 mensura
3537 2692 3633 2745 nisi
3649 2689 3763 2745 sola
3791 2691 3992 2745 unitate

2411 2791 2705 2862 conjuncti.
2734 2790 2791 2845 Si
2822 2804 2951 2844 vero
2975 2787 3040 2841 ad
3065 2787 3293 2855 aliquem
3319 2798 3594 2839 numerum
3617 2783 3638 2853 (
3654 2794 3707 2837 ut
3738 2782 3994 2851 Superius

2415 2886 2615 2941 dictum
2647 2885 2768 2951 est)
2818 2881 2938 2935 ﬁnis
2966 2878 3337 2933 diminutionis
3388 2874 3686 2941 incurrerit,
3730 2874 3843 2951 erit
3873 2873 3995 2941 ejus

2412 2990 2669 3033 numerus
2694 2975 2780 3044 qui
2806 2956 3055 3028 metiatur
3089 2979 3343 3040 utrasque
3371 2983 3630 3033 summas,
3662 2973 3823 3034 atque
3848 2981 3993 3020 eum-

688 3087 905 3137 -scent:
939 3079 1027 3134 ille
1056 3090 1267 3147 quoque
1313 3075 1346 3130 8
1403 3073 1707 3138 transiliat;
1764 3079 1924 3141 atque
1961 3071 2061 3124 hoc
2088 3068 2300 3138 quidem

2410 3072 2531 3127 dem
2554 3070 2727 3139 ipsum
2746 3066 2837 3138 qui
2858 3066 3178 3122 remanserit
3199 3063 3442 3120 dicemus
3472 3072 3823 3131 utrorumque
3852 3074 3993 3115 com-

717 3173 771 3227 in
798 3168 1014 3229 caeteris
1044 3165 1496 3240 perspiciendum.
1532 3163 1742 3219 Modum
1782 3172 1959 3217 autem
2010 3160 2303 3216 meusionis

717 3260 1013 3319 secundum
1061 3258 1307 3315 ordinem
1346 3256 1731 3312 collocatorum
1761 3255 1878 3325 ipsa
1908 3252 2082 3309 series
2132 3251 2299 3305 dabit.

717 3352 852 3409 Nam
882 3336 1107 3422 primus,
1131 3351 1361 3421 primum
1385 3364 1543 3418 quem
1569 3355 1841 3414 numerat,
1870 3346 2163 3402 secundum
2190 3347 2302 3414 pri-

718 3458 865 3500 mum
896 3449 1167 3508 numerat,
1198 3439 1250 3495 id
1277 3448 1361 3495 est
1415 3440 1715 3498 secundum
1760 3453 1839 3503 se,
1898 3449 1952 3494 et
2006 3436 2302 3493 secundum

718 3536 923 3607 primus
950 3547 1112 3603 quem
1144 3539 1413 3596 numerat,
1457 3546 1553 3599 per
1582 3528 1875 3585 secundum
1906 3536 2201 3592 numerat,
2250 3535 2307 3581 et

721 3624 937 3681 tertium
986 3636 1081 3693 per
1110 3621 1351 3687 tertium,
1384 3629 1440 3675 et
1470 3628 1720 3690 quartum
1750 3619 1876 3673 item
1907 3633 2002 3688 per
2032 3622 2309 3688 quartum.

719 3718 852 3775 Cum
873 3725 1051 3772 autem
1070 3712 1339 3770 secundus
1361 3714 1693 3768 mensionem
1710 3712 2027 3781 susceperit,
2049 3711 2301 3781 primum,

719 3827 876 3885 quem
907 3818 1176 3874 numerat,
1208 3806 1500 3864 secundum
1541 3805 1773 3876 primum
1822 3805 2059 3869 metitur,
2113 3819 2307 3861 secun-

720 3908 844 3963 dum
874 3921 1004 3963 vero
1029 3919 1188 3977 quem
1219 3909 1487 3967 numerat,
1522 3916 1615 3970 per
1646 3916 1725 3970 se,
1770 3898 1822 3955 id
1865 3908 1949 3954 est
1981 3914 2076 3968 per
2107 3904 2303 3955 secun-

720 4001 867 4061 dum.
897 4008 952 4054 et
1004 3999 1219 4054 tertium
1251 4010 1345 4066 per
1375 3994 1611 4055 tertium,
1665 4002 1719 4049 et
1767 3992 1823 4047 in
1854 3990 2062 4047 caeteris
2118 3990 2303 4047 eadem

721 4091 1073 4149 similitudine
1124 4102 1377 4146 mensura
1405 4086 1695 4144 constabit.
1726 4084 1876 4140 Alios
1902 4099 2032 4154 ergo
2060 4083 2105 4138 si
2134 4083 2305 4151 respi-

722 4185 851 4248 cias,
875 4182 959 4238 vel
1000 4182 1090 4252 qui
1120 4182 1254 4236 alios
1282 4181 1457 4235 mensi
1479 4190 1625 4245 sunt,
1684 4178 1771 4234 vel
1828 4178 1919 4247 qui
1959 4178 2061 4247 ipsi
2092 4178 2157 4231 ab
2185 4178 2304 4232 aliis

722 4273 1032 4338 metiuntur,
1065 4271 1305 4326 invenies
1325 4271 1565 4324 omnium
1601 4269 1760 4323 simul
1791 4282 2131 4323 communem
2155 4282 2305 4322 meu-

2412 3178 2625 3219 munem
2666 3175 2787 3217 esse
2835 3172 3164 3215 mensuram.
3220 3156 3334 3227 Age
3362 3156 3505 3210 enim
3558 3153 3694 3209 duos
3746 3167 3992 3207 numeros

2412 3254 2715 3326 propositos
2757 3252 3070 3315 habeamus,
3104 3262 3238 3317 quos
3276 3247 3559 3316 jubeamur
3586 3258 3880 3316 agnoscere
3927 3258 3991 3297 an

2410 3364 2504 3405 eos
2532 3349 2708 3417 aliqua
2736 3358 2989 3400 mensura
3046 3341 3348 3397 communis
3397 3341 3670 3395 metiatur.
3728 3338 3905 3405 Atque
3942 3334 3990 3392 hi
4050 3363 4061 3369 -

2409 3438 2570 3494 sint9
2601 3437 2807 3493 scilicet
2848 3443 2903 3490 et
2934 3432 3025 3498 29,
3057 3432 3159 3488 hoc
3191 3432 3350 3502 igitur
3389 3432 3645 3486 iaciemus
3675 3430 3839 3485 modo
3868 3426 3992 3482 reci.

2408 3545 2625 3602 procam
2677 3526 3109 3583 diminutionem.
3144 3525 3467 3580 Auferamus
3494 3522 3560 3578 de
3584 3521 3790 3591 majore
3831 3519 3993 3574 mino-

2407 3642 2542 3695 rem,
2578 3625 2679 3681 hoc
2706 3635 2790 3680 est
2812 3624 2879 3679 de
2899 3623 2967 3678 29
2992 3623 3366 3701 novenarium,
3401 3621 3777 3692 relinquentur
3798 3612 3893 3674 90.
3922 3618 3994 3674 Ex

2411 3718 2495 3772 his
2524 3732 2653 3787 ergo
2679 3717 2750 3772 20
2781 3731 2971 3771 rursus
3000 3715 3262 3785 minorem
3307 3713 3677 3777 detrahamus,
3737 3710 3787 3766 id
3835 3719 3921 3765 est
3942 3712 3995 3774 9,

2412 3817 2466 3863 et
2495 3805 2866 3878 relinquentur
2896 3806 3094 3881 II.qu
3128 3805 3212 3860 his
3244 3820 3430 3861 rursus
3458 3804 3685 3860 detraho
3723 3803 3777 3869 9,
3823 3802 3996 3859 reliCti

2411 3910 2536 3956 sunt
2558 3899 2609 3954 2.
2638 3901 2783 3968 Quos
2805 3901 2850 3955 si
2879 3898 3103 3955 detraho
3140 3899 3456 3965 novenario,
3489 3908 3545 3955 et
3568 3898 3742 3954 relicti
3782 3905 3908 3951 sunt
3942 3896 3996 3951 7.

2411 3994 2564 4061 Quod
2590 3996 2632 4049 si
2658 3995 2763 4048 duo
2793 4007 2978 4048 rursus
3002 3993 3309 4063 septenario
3330 3993 3681 4063 dempserim,
3714 3998 3993 4061 supersunt

2412 4090 2465 4155 5,
2498 4100 2660 4161 atque
2700 4105 2762 4146 ex
2796 4089 2878 4143 his
2906 4089 3043 4143 alios
3088 4088 3246 4155 duos,
3291 4098 3401 4143 tres
3440 4103 3653 4143 rursum
3679 4086 3997 4151 exuberant,

2410 4196 2546 4251 quos
2587 4181 2691 4235 alio
2732 4180 2944 4237 binario
2971 4180 3289 4245 diminutos,
3343 4180 3458 4235 sola
3507 4180 3684 4234 unitas
3727 4186 3997 4248 superstes

2410 4270 2701 4340 egreditur.
2751 4271 2954 4326 Rursus
2985 4271 3028 4325 si
3060 4288 3125 4326 ex
3156 4272 3365 4327 duobus
3419 4286 3581 4325 unum
3632 4270 3898 4335 auferam,
3949 4269 4000 4323 in

722 4377 899 4421 suram
945 4378 1065 4419 esse
1107 4378 1214 4417 non
1246 4376 1428 4433 posse,
1484 4374 1659 4431 neque
1688 4370 1746 4415 ut
1765 4375 1955 4415 omnes
1980 4375 2301 4430 quemquam
2335 4398 2389 4459 Β
2412 4377 2517 4417 uno
2538 4362 2797 4417 terminus
2817 4362 3167 4417 detractionis
3187 4362 3430 4427 haerebit,
3453 4376 3607 4432 quem
3630 4360 3861 4416 duorum
3882 4359 4002 4414 illo-

722 4456 881 4511 alium
914 4455 1070 4509 simul
1090 4455 1400 4518 numerent,
1419 4453 1679 4525 quosdam
1706 4460 1883 4507 autem
1908 4467 1975 4507 ex
2004 4452 2086 4506 his
2114 4451 2183 4505 ab
2204 4451 2308 4507 alio

722 4560 877 4619 posse
914 4546 1115 4614 metiri,
1158 4546 1234 4602 ita
1300 4554 1355 4601 ut
1410 4545 1479 4601 ab
1505 4560 1615 4601 uno
1671 4554 1874 4601 tantum
1930 4555 2307 4612 numerentur,

720 4640 855 4695 alios
884 4654 1015 4694 vero
1062 4648 1121 4693 ut
1155 4638 1318 4693 etiam
1344 4652 1374 4690 a
1403 4637 1668 4709 pluribus,
1728 4635 1988 4708 quosdam
2046 4646 2222 4691 autem
2251 4643 2312 4690 ut

721 4739 917 4799 praeter
945 4729 1204 4785 unitatem
1253 4743 1437 4785 eorum
1468 4729 1612 4785 nulla
1642 4741 1897 4783 mensura
1926 4728 2015 4782 sit.
2049 4728 2149 4795 Qui
2178 4740 2308 4797 ergo

722 4825 918 4878 nullam
970 4835 1275 4878 mensuram
1328 4831 1523 4891 praeter
1552 4822 1817 4878 unitatem
1872 4822 2158 4892 recipiunt,
2208 4821 2310 4876 hos

2415 4471 2533 4511 rum
2565 4470 2933 4521 numerorum,
2967 4455 3019 4509 id
3048 4464 3129 4511 est
3153 4456 3185 4511 9
3212 4464 3267 4511 et
3294 4454 3386 4526 29,
3422 4455 3591 4510 solum
3635 4470 3811 4525 neque
3838 4454 4003 4508 alium

2417 4557 2631 4603 constat
2651 4563 2771 4603 esse
2803 4563 3130 4604 mensuram.
3156 4547 3265 4603 Hos
3292 4563 3420 4618 ergo
3447 4556 3634 4603 contra
3691 4562 3755 4601 se
3800 4546 4004 4616 primos

2368 4675 2373 4679 ς
2420 4639 2747 4695 vocabimus.
2782 4638 2889 4694 Sed
2918 4639 3028 4721 siqt
3057 4639 3144 4693 alii
3180 4642 3389 4700 numeri
3417 4639 3570 4695 nobis
3590 4625 3775 4693 eadem
3807 4637 4005 4691 condi-

2414 4736 2563 4795 lione
2585 4737 2860 4808 prapositi,
2896 4736 2945 4791 id
2977 4744 3060 4791 est
3085 4734 3147 4790 2i
3183 4744 3236 4790 et
3276 4734 3327 4799 9,
3371 4741 3428 4787 ut
3456 4732 3637 4800 quales
3666 4727 3721 4783 hi
3769 4728 3886 4783 sint
3928 4729 4007 4782 in-

2427 4828 2756 4897 vestigentur
2782 4842 2903 4882 cum
2935 4827 3152 4881 sibimet
3190 4825 3385 4880 iuerint
3423 4823 3649 4878 invicem
3680 4819 4005 4888 comparati.

720 4919 920 4993 primos
948 4928 1003 4974 et
1038 4916 1421 4988 incompositos
1445 4916 1769 4987 iudicamus,
1798 4916 1889 4987 qui
1915 4931 2045 4971 vero
2075 4915 2309 4986 aliquam
2416 4917 2624 4974 Rursus
2649 4920 2832 4973 aufero
2872 4918 2939 4974 de
2970 4918 3172 4988 majore
3216 4916 3439 4971 minoris
3472 4913 3682 4969 numeri
3734 4910 4006 4982 quantita.

720 5022 1023 5063 mensuram
1056 5015 1250 5077 praeter
1291 5009 1574 5075 unitatem,
1632 5008 1717 5063 vel
1770 5007 2085 5078 alienigena:
2136 5008 2305 5076 partis

721 5098 1039 5154 vocabulum
1066 5101 1381 5163 sortiuntur,
1433 5116 1528 5156 eos
1574 5101 1982 5171 pronuntiemus
2035 5100 2302 5156 secundos

720 5197 880 5261 atque
906 5192 1251 5262 compositos.
1288 5191 1527 5248 Tertium
1568 5208 1697 5249 vero
1751 5194 1881 5249 illud
1924 5208 2093 5264 genus
2123 5208 2219 5263 per
2245 5208 2306 5250 se

719 5285 943 5341 secundi
966 5296 1019 5343 et
1052 5287 1353 5358 compositi,
1415 5291 1570 5357 primi
1600 5303 1728 5343 vero
1758 5298 1813 5344 et
1844 5288 2184 5358 incompositi
2233 5288 2303 5343 ad

719 5375 1033 5432 alterutrum
1060 5378 1376 5449 comparati,
1402 5378 1501 5435 hac
1517 5379 1798 5448 inquisitor
1817 5378 2027 5435 ratione
2049 5379 2303 5444 reperiet.

719 5469 774 5522 Si
800 5469 941 5524 enim
970 5468 1236 5539 quoslibet
1264 5469 1381 5525 illos
1407 5485 1658 5526 numeros
1712 5456 2009 5525 secundum
2052 5485 2203 5525 suam
2253 5468 2307 5525 in

718 5561 1037 5629 semetipsos
1061 5562 1382 5633 multiplices
1402 5552 1774 5633 quantitatem,
1814 5563 1903 5633 qui
1953 5552 2305 5632 procreantur

718 5652 783 5705 ad
799 5653 1112 5708 alterutrum
1138 5655 1452 5724 comparati,
1483 5654 1627 5709 nulla
1650 5668 1902 5711 mensura
1924 5654 2305 5710 communione

718 5740 1030 5807 junguntur.
1061 5743 1193 5799 Tres
1220 5747 1363 5800 enim
1390 5757 1443 5802 et
1470 5746 1503 5800 5
1525 5747 1569 5800 si
1598 5732 1944 5814 multiplices,
1998 5757 2105 5801 tres
2148 5746 2305 5801 tertio

720 5825 756 5878 9
786 5826 1003 5895 faciunt,
1030 5841 1084 5886 et
1111 5834 1391 5902 quinquies
1420 5838 1453 5890 5
1482 5834 1709 5891 reddent
1729 5835 1819 5891 25.
1853 5836 1945 5891 llis
1975 5837 2300 5906 igiturnulla

2414 5019 2542 5082 tem,
2572 5012 2626 5067 id
2656 5020 2739 5067 est
2765 5012 2798 5067 9
2826 5011 2893 5067 de
2919 5010 3011 5077 21,
3064 5009 3439 5081 relinquentur
3463 5006 3551 5064 12.
3593 5007 3670 5062 Ex
3701 5005 3785 5061 his
3818 5019 4007 5061 rursus

2413 5104 2571 5160 demo
2600 5102 2654 5170 9,
2685 5113 2973 5173 supersunt
2997 5103 3050 5158 '5.
3075 5102 3177 5168 Qui
3215 5102 3259 5156 si
3305 5116 3370 5157 ex
3401 5098 3698 5155 novenario
3725 5096 4007 5153 retrahan—

2413 5201 2520 5261 tur,
2548 5192 2794 5248 senarius
2822 5192 3173 5262 relinquetur.
3204 5190 3408 5257 Quibus
3438 5192 3562 5246 item
3594 5190 3638 5244 si
3678 5189 3798 5258 quis
3826 5174 4007 5242 terna-

2413 5286 2550 5341 rium
2580 5284 2781 5353 demat,
2812 5282 2845 5337 5
2868 5271 3275 5354 relinquentur,
3300 5280 3368 5337 de
3398 5281 3594 5351 quibus
3625 5288 3737 5334 trcs
3788 5274 4009 5332 detrahi

2413 5386 2712 5446 nequeunt,
2736 5386 2894 5447 atque
2907 5375 2994 5431 hic
3017 5374 3216 5431 estsibi
3234 5373 3333 5443 ipsi
3350 5372 3742 5444 arqualis.Nam
3758 5370 4008 5441 3quide-

2411 5469 2780 5537 trahebantur,
2809 5485 2977 5539 usque
2998 5469 3064 5524 ad
3096 5468 3382 5524 ternarium
3423 5483 3704 5524 numerum
3740 5479 4010 5536 pervene-

2407 5570 2553 5629 runt,
2585 5577 2616 5615 a
2643 5577 2771 5632 quo,
2804 5562 3055 5630 quoniam
3090 5561 3323 5629 aequales
3369 5569 3517 5627 sunt,
3565 5558 3774 5614 detrahi
3807 5557 4011 5611 minui-

2413 5668 2516 5723 que
2541 5668 2649 5708 non
2680 5661 2949 5722 poterunt.
2980 5652 3091 5708 Hos
3134 5652 3297 5722 igitur
3336 5651 3850 5708 commensurahiles
3881 5664 4011 5719 pro~

2415 5745 2794 5810 nuntiabimus,
2827 5754 2881 5799 et
2908 5754 2990 5799 est
3026 5758 3213 5802 eorum
3241 5743 3332 5816 qui
3356 5752 3441 5802 est
3468 5744 3708 5815 reliquus
3730 5743 4009 5800 ternarius

2412 5853 2661 5897 mensura
2682 5834 2998 5895 communis.
3665 5846 3675 5855 ·
