4216 6256
351 319 484 375 1097

935 428 1162 486 CAPUT
1202 427 1344 483 XIX.

418 523 534 577 Alia
551 520 759 592 partitio
777 522 918 590 paris
938 519 1216 574 secundum
1237 520 1507 590 perfectos,
1537 520 1857 590 imperfectos

771 623 820 665 et
859 613 994 664 ultra
1041 628 1192 677 quam
1242 616 1508 680 perfectos.

418 727 496 781 Ac
521 725 588 780 de
613 723 905 794 imparibus
926 722 1184 784 numeris,
1232 731 1488 792 quantum
1521 724 1928 782 introductionis

345 817 694 887 permittebat
718 815 970 882 brevitas,
995 814 1302 883 expeditum
1350 824 1452 871 est.
1499 816 1704 872 Rursus
1733 832 1927 873 nume-

345 926 531 966 rorum
562 909 768 979 parium
809 908 886 962 sic
917 906 973 961 fit
1003 908 1238 963 secunda
1261 908 1473 965 divisio.
1531 910 1635 965 Alii
1664 911 1806 966 enim
1829 926 1926 965 eo-

345 1015 466 1053 rum
494 1008 617 1054 sunt
637 995 887 1066 superﬂui
905 1035 920 1059 ,
945 995 1031 1050 alii
1056 997 1329 1066 diminuti,
1353 1000 1642 1054 secundum
1675 1009 1927 1071 utrasque

344 1087 684 1144 habitudines
716 1088 1114 1156 inmqualitatis.
1143 1089 1330 1143 Omnis
1353 1091 1546 1160 quippe
1568 1091 1922 1160 inaequalitas,

343 1188 436 1233 aut
467 1179 519 1232 in
561 1178 873 1247 majoribus,
929 1188 1021 1233 aut
1073 1179 1125 1233 in
1182 1180 1478 1236 minoribus
1529 1183 1923 1238 consideratur.

341 1269 420 1324 Illi
451 1269 596 1322 enim
621 1268 966 1324 immoderata
997 1265 1390 1339 quodammodo
1423 1272 1770 1341 plenitudine,
1795 1288 1924 1343 pro-

343 1361 444 1430 prii
470 1361 712 1429 corporis
738 1361 978 1427 modum,
1019 1364 1248 1430 partium
1279 1377 1496 1417 suarum
1543 1365 1926 1419 numerositate

342 1452 670 1523 praecedunt.
714 1452 840 1508 Illos
861 1460 1038 1508 autem
1066 1454 1231 1508 veluti
1259 1462 1576 1523 paupertate
1615 1455 1802 1524 inopes
1831 1470 1926 1523 op-

344 1557 687 1612 pressasque,
716 1543 944 1611 quadam
978 1551 1181 1598 natura:
1201 1560 1311 1599 sua:
1343 1544 1540 1613 inapia,
1569 1546 1744 1599 minor
1763 1559 1922 1614 quam

345 1633 447 1702 ipsi
477 1640 601 1686 sunt
626 1633 852 1701 partium
882 1647 1087 1687 summa
1114 1636 1403 1703 componit,
1428 1643 1587 1704 atque
1612 1635 1685 1689 illi
1707 1635 1921 1700 quidem

345 1737 568 1790 quorum
601 1733 777 1790 partes
802 1723 938 1776 ultra
961 1739 1119 1792 quam
1144 1724 1272 1778 satis
1292 1734 1372 1779 est
1398 1739 1518 1778 sese
1541 1735 1916 1791 porrexerunt,

1496 337 1512 352 ο
1563 317 1652 372 DE
1691 315 2156 372 ARITIIHETICA
2197 315 2324 370 LIB.
2368 315 2408 369 Ι.

1959 432 2009 490 Α
2034 430 2311 498 septimam
2341 429 2396 491 4,
2429 439 2525 484 nec
2546 432 2693 480 caret
2713 432 2920 496 quarta,
2947 414 2996 480 id
3017 435 3099 480 est
3122 427 3174 489 7,
3199 426 3436 495 possidet
3451 441 3615 495 quar-

3471 277 3605 372 tuas

2030 527 2136 571 tam
2167 517 2427 572 decimam
2458 516 2514 579 2,
2544 524 2599 570 et
2625 517 2860 584 reperies
2912 518 2962 572 in
3007 531 3074 571 eo
3121 517 3427 571 vicesimam
3470 528 3616 570 octa-

2031 623 2146 662 vam
2181 610 2231 673 1,
2258 623 2375 676 qua:
2398 607 2450 661 in
2481 621 2644 660 unum
2679 606 2934 669 redactae,
2964 611 3132 658 totum
3163 605 3402 673 partibus
3419 618 3619 672 corpus

2030 699 2334 769 aequabunt,
2363 697 2433 752 28
2464 697 2605 752 enim
2631 696 2830 764 junctae
2861 704 3038 763 partes
3075 695 3325 748 etlicient.

2633 803 2856 857 CAPUT
2898 803 3014 856 XX.

2352 894 2427 947 De
2469 893 2790 963 generatione
2820 893 3018 944 numeri
3057 892 3288 961 perfecti.

2101 986 2196 1039 Est
2229 992 2408 1038 autem
2440 984 2490 1036 in
2518 982 2597 1036 bis
2623 996 2839 1051 quoque
2861 994 3049 1050 magna
3083 980 3378 1034 similitudo
3403 983 3618 1036 virtutis

2027 1087 2082 1131 et
2101 1075 2237 1128 vitii.
2268 1073 2541 1128 Perfectos
2565 1073 2714 1126 enim
2749 1085 3001 1125 numeros
3034 1085 3158 1125 raro
3187 1070 3452 1139 invenies,
3484 1087 3610 1127 eos-

2027 1179 2130 1234 que
2160 1163 2315 1218 facile
2342 1165 2737 1229 numerabiles,
2783 1164 2980 1233 quippe
3033 1165 3122 1232 qui
3171 1165 3322 1232 pauci
3360 1173 3515 1227 sunt,
3548 1173 3605 1220 et

2027 1251 2186 1306 nimis
2215 1254 2480 1307 constanti
2519 1253 2710 1307 ordine
2738 1254 3036 1321 procreati;
3067 1261 3120 1306 at
3143 1261 3272 1307 vero
3308 1255 3612 1321 superﬂuos

2026 1355 2090 1396 ac
2118 1342 2410 1396 diminutas
2441 1342 2595 1412 longe
2626 1345 2822 1396 multos
2851 1341 3195 1411 inﬁnitosque
3221 1344 3479 1412 reperies,
3512 1360 3612 1401 nec

2027 1432 2150 1486 ullis
2177 1432 2455 1487 ordinibus
2490 1433 2690 1501 passim
2744 1431 3152 1502 inordinateque
3196 1431 3506 1500 dispositos,
3555 1445 3612 1490 et

2025 1537 2055 1576 a
2078 1523 2226 1577 nullo
2253 1532 2402 1578 certo
2433 1523 2537 1578 line
2557 1530 2863 1592 generatos.
2889 1522 3022 1577 Sunt
3048 1531 3223 1578 autem
3258 1523 3482 1592 perfecti
3512 1541 3612 1578 nu-

2027 1610 2182 1673 meri,
2217 1611 2354 1664 intra
2385 1611 2664 1664 denarium
2691 1625 2973 1664 numerum
2995 1611 3050 1676 6,
3075 1611 3209 1665 intra
3240 1613 3609 1666 centenarium

2024 1702 2114 1768 28,
2149 1704 2286 1758 intra
2341 1703 2699 1758 millenarium
2758 1718 3036 1758 numerum
3067 1703 3193 1768 496,
3247 1704 3382 1757 intra
3422 1704 3608 1759 decem

342 1811 594 1880 superﬂui
627 1813 988 1876 nominantur,
1021 1821 1080 1866 ut
1113 1822 1235 1866 sunt
1293 1813 1360 1866 i2
1403 1814 1484 1868 vel
1515 1815 1604 1868 24.
1659 1815 1724 1869 Hi
1771 1815 1912 1871 enim

2024 1795 2184 1848 millia
2209 1796 2369 1850 8l28.
2413 1795 2482 1848 Et
2520 1808 2734 1862 semper
2788 1793 2841 1847 hi
2897 1794 3103 1848 numeri
3134 1794 3341 1848 duobus
3389 1795 3609 1862 paribus

342 1904 456 1958 suis
483 1901 724 1970 partibus
754 1905 1068 1972 comparati,
1106 1904 1361 1972 majorem
1398 1907 1625 1974 partium
1657 1922 1918 1962 summam

343 2000 455 2048 toto
481 2006 704 2060 corpore
725 1993 1039 2047 sortiuntur.
1072 1992 1169 2047 Est
1192 1994 1334 2048 enim
1367 1994 1680 2049 duodenarii
1720 1996 1921 2052 medie-

344 2091 425 2135 tas
452 2080 508 2149 6,
547 2096 670 2149 pars
718 2083 872 2138 tertia
921 2082 975 2150 4,
1033 2098 1153 2152 pars
1191 2093 1376 2153 quarta
1427 2085 1481 2151 3,
1536 2101 1659 2155 pars
1689 2095 1835 2142 sexta
1861 2086 1918 2152 2,

342 2186 468 2240 pars
490 2171 806 2226 duodecima
838 2173 860 2225 1
891 2181 987 2227 est.
1016 2172 1306 2243 Omnisque
1334 2174 1421 2230 hic
1456 2177 1702 2231 cumulus
1727 2177 1922 2232 redun-

341 2260 434 2314 dat
461 2260 516 2314 in
547 2260 634 2326 16,
669 2269 722 2314 et
750 2261 912 2315 totius
958 2265 1200 2330 corporis
1228 2265 1308 2318 sui
1355 2267 1751 2323 multitudinem
1803 2269 1924 2323 vin-

343 2357 494 2403 cunt.
528 2349 731 2404 Rursus
769 2351 840 2404 24
870 2352 1076 2406 numeri
1130 2353 1386 2408 medietas
1416 2363 1500 2408 est
1547 2357 1631 2420 t2,
1667 2358 1822 2411 tertia
1867 2359 1918 2425 8,

342 2445 529 2505 quarta
561 2437 614 2503 6,
638 2447 794 2492 sexta
823 2439 878 2503 4,
909 2448 1101 2494 octava
1130 2443 1187 2505 5,
1215 2441 1529 2497 duodecima
1561 2445 1615 2509 2,
1670 2445 1922 2500 vicesima

343 2535 530 2593 quarta
560 2527 608 2589 1,
652 2527 739 2595 qui
789 2541 974 2582 omnes
1029 2529 1241 2598 triginta
1285 2540 1340 2585 et
1369 2545 1462 2585 sex
1491 2533 1809 2601 rependunt.
1862 2534 1922 2589 In

343 2630 446 2684 qua
475 2631 531 2669 re
551 2615 889 2671 manifeSIum
915 2627 999 2672 est
1039 2619 1178 2687 quod
1224 2635 1428 2674 summa
1475 2623 1703 2688 partium
1755 2624 1926 2692 major

344 2714 447 2769 est,
475 2714 529 2760 et
549 2721 706 2774 supra
762 2707 1036 2776 proprium
1092 2722 1286 2776 corpus
1317 2709 1571 2763 exundat.
1606 2711 1780 2781 Atque
1834 2713 1924 2768 hic

346 2795 557 2865 quidem
601 2796 853 2864 quoniam
893 2798 1205 2865 compositae
1242 2807 1419 2865 partes
1462 2802 1622 2853 totius
1661 2815 1923 2855 summam

347 2885 554 2940 numeri
599 2887 855 2951 vincunt,
911 2887 1208 2955 superﬂuus
1251 2889 1564 2956 appellatur.
1620 2889 1926 2944 Diminutus

346 2991 475 3030 vero
497 2978 603 3039 ille,
634 2979 783 3046 cujus
805 2979 992 3033 eodem
1021 2979 1181 3032 modo
1220 2980 1534 3049 composita:
1564 2993 1740 3048 partes
1766 2982 1925 3036 totius

349 3067 559 3121 termini
608 3068 947 3122 multitudine
1000 3080 1336 3138 superantur,
1371 3079 1429 3124 ut
1456 3071 1488 3127 8
1531 3073 1612 3126 vel
1657 3073 1689 3126 9
1723 3089 1736 3125 :
1768 3072 1926 3128 habet

2027 1886 2428 1940 terminantur6
2457 1894 2511 1940 et
2539 1886 2592 1950 8,
2626 1894 2680 1940 et
2702 1900 2916 1954 semper
2945 1885 3249 1939 alternatim
3294 1885 3347 1938 in
3377 1885 3472 1939 hos
3511 1901 3608 1938 nu-

2027 1995 2225 2046 meros,
2257 1996 2586 2035 summarum
2620 1983 2754 2037 ﬁnes
2780 1981 3114 2050 perveniunt.
3146 1982 3274 2035 Nam
3300 1991 3354 2034 et
3382 1981 3609 2050 primum

2025 2087 2142 2139 sex,
2173 2073 2365 2128 deinde
2391 2075 2484 2128 28.
2517 2074 2646 2128 Post
2668 2075 2766 2128 bos
2792 2072 2922 2138 496,
2957 2072 3096 2126 idem
3128 2072 3366 2126 senarius
3397 2073 3483 2140 qui
3504 2073 3609 2140 pri-

2026 2180 2165 2230 mus,
2184 2175 2303 2234 post
2323 2180 2480 2235 quem
2509 2165 2671 2228 8128,
2697 2164 2835 2219 idem
2867 2165 3173 2218 octonarius
3202 2165 3288 2232 qui
3320 2166 3606 2218 secundus.

2025 2253 2311 2308 Generatio
2369 2263 2543 2308 autem
2580 2252 2987 2322 procreatioquc
3038 2267 3223 2306 eorum
3268 2261 3350 2306 est
3389 2253 3488 2305 ﬁxa
3517 2254 3610 2307 tir-

2026 2361 2236 2412 maque,
2271 2359 2370 2400 nec
2395 2359 2501 2414 quo
2549 2345 2657 2398 alio
2702 2343 2860 2398 modo
2894 2344 3008 2397 fieri
3046 2345 3273 2412 possint.
3330 2359 3429 2398 nec
3465 2352 3524 2398 ut
3569 2343 3614 2396 si

2028 2434 2129 2489 hoc
2151 2436 2308 2489 modo
2337 2435 2486 2500 ﬁant,
2517 2435 2659 2488 aliud
2691 2434 2943 2503 quiddam
2974 2434 3083 2488 ullo
3101 2435 3260 2488 modo
3288 2436 3460 2489 valeat
3484 2450 3615 2504 pro--

2026 2526 2216 2580 creari.
2251 2525 2553 2596 Dispositos
2593 2527 2733 2579 enim
2761 2525 2830 2578 ab
2858 2539 2964 2578 uno
3012 2539 3200 2578 omnes
3231 2525 3430 2594 pariter
3457 2539 3616 2594 pares

2027 2632 2278 2671 numeros
2297 2618 2350 2670 in
2373 2617 2616 2671 ordinem
2646 2630 2922 2684 quousque
2941 2616 3198 2680 volueris,
3229 2617 3402 2684 primo
3423 2631 3616 2671 secun-

2026 2709 2152 2762 dum
2178 2708 2510 2776 aggregabis,
2536 2715 2590 2760 et
2618 2707 2663 2760 si
2693 2705 2897 2774 primus
2923 2720 3177 2759 numerus
3201 2715 3257 2758 et
3285 2705 3613 2772 incomposi-

2027 2807 2111 2851 tus
2146 2812 2212 2851 ex
2239 2798 2326 2850 illa
2355 2797 2766 2851 coacervatione
2797 2795 2967 2848 factus
3016 2797 3104 2859 sit,
3137 2804 3301 2849 totam
3351 2811 3614 2850 summam

2029 2889 2081 2942 in
2112 2889 2260 2942 illum
2291 2887 2693 2957 multiplicabis,
2719 2901 2877 2955 quem
2907 2888 3174 2954 posterius
3202 2901 3611 2957 aggregaveras.

2027 2979 2084 3034 Si
2110 2993 2238 3034 vero
2263 2981 2677 3033 coacervatione
2699 2978 2856 3038 facta,
2890 2977 3091 3046 primus
3136 2985 3190 3030 et
3225 2977 3612 3047 incompositus

2027 3085 2132 3124 non
2157 3070 2404 3124 inventus
2423 3067 2599 3131 fuerit,
2621 3067 2713 3122 sed
2736 3069 3062 3136 compositus
3085 3075 3140 3121 et
3159 3069 3447 3135 secundus,
3469 3069 3610 3125 hunc

345 3161 488 3215 enim
517 3163 821 3216 octonarius
853 3172 1054 3229 partem
1087 3162 1346 3226 mediam,
1395 3162 1444 3216 id
1487 3171 1569 3218 est
1598 3163 1653 3224 4;
1687 3164 1846 3218 habet
1873 3174 1926 3220 et
1957 3161 2000 3221 C
2031 3159 2426 3230 transgredere,
2478 3167 2635 3226 atque
2679 3157 2839 3211 alium
2867 3159 2958 3227 qui
2988 3159 3228 3227 sequitur
3272 3161 3616 3228 aggregabis.’

345 3259 606 3319 quartam,
634 3250 684 3303 id
713 3258 794 3303 est
820 3249 956 3314 duo;
985 3249 1146 3303 habet
1169 3260 1222 3305 et
1258 3259 1521 3313 octavam,
1546 3252 1596 3305 id
1625 3263 1706 3306 est
1737 3269 1921 3318 unum,

345 3353 466 3409 qua:
489 3347 694 3393 cunctae
722 3340 774 3392 in
806 3354 967 3393 unum
1017 3339 1247 3396 redactae
1277 3342 1308 3394 7
1338 3341 1614 3411 colligunt,
1665 3345 1923 3399 minorem

346 3432 545 3488 scilicet
574 3447 835 3487 summam
865 3440 977 3487 toto
1020 3447 1246 3502 corpore
1275 3433 1681 3489 concludentes.
1722 3435 1925 3491 Rursus

346 3522 415 3577 14
462 3523 658 3578 habent
683 3518 1043 3589 medietatem,
1093 3523 1144 3577 id
1184 3531 1267 3578 est
1292 3525 1682 3593 septenarium;
1730 3524 1926 3582 habent

351 3612 653 3679 septimam,
683 3611 734 3664 id
761 3611 924 3676 est2;
958 3611 1154 3667 habent
1182 3624 1423 3681 quartam
1449 3613 1734 3682 decimam,
1760 3616 1812 3670 id
1843 3626 1925 3671 est

347 3700 402 3766 1,
433 3714 552 3770 quae
580 3701 634 3754 in
678 3713 840 3755 unum
889 3703 931 3756 si
990 3699 1226 3758 collectzc
1276 3705 1404 3769 sint,
1456 3705 1660 3761 denarii
1713 3708 1923 3763 numeri

345 3805 553 3846 summa
583 3791 899 3857 conerescit,
923 3800 1032 3846 toto
1053 3794 1256 3848 scilicet
1279 3796 1506 3850 termino
1530 3799 1722 3851 minor.
1749 3798 1924 3867 Atque

349 3877 405 3932 hi
432 3877 646 3947 quidem
682 3878 784 3931 hoc
811 3880 973 3934 modo
998 3890 1139 3944 sunt,
1171 3891 1229 3936 ut
1279 3883 1428 3951 prior
1465 3883 1555 3938 ille
1601 3901 1758 3953 quem
1813 3901 1924 3943 suae

348 3978 532 4037 partes
561 3977 819 4038 superant
848 3970 966 4025 talis
1009 3971 1270 4038 videatur,
1302 3982 1549 4042 tanquam
1580 3974 1625 4028 si
1647 3977 1764 4044 quis
1788 3980 1924 4032 mul-

348 4062 416 4114 tis
441 4072 603 4130 super
632 4069 872 4116 naturam
905 4063 1149 4118 manibus
1171 4073 1348 4130 natus,
1381 4073 1433 4118 ut
1465 4066 1800 4122 centimanus
1828 4067 1921 4122 Gi-

345 4166 462 4221 gas,
484 4152 570 4208 vel
601 4151 796 4221 triplici
825 4155 1145 4223 conjunctus
1174 4165 1490 4222 corpore,ut
1511 4155 1724 4227 Geryon
1753 4166 1920 4226 terge-

347 4241 546 4305 minus,
589 4240 678 4294 γει
735 4240 990 4309 quidquid
1040 4257 1270 4310 unquam
1304 4253 1705 4299 monstruosum
1735 4256 1921 4300 natura

346 4329 399 4383 in
431 4331 664 4397 partium
692 4330 1138 4398 multiplicatione
1182 4333 1456 4401 surripuit.
1505 4336 1601 4391 Ille
1628 4352 1756 4392 vero
1787 4350 1844 4392 ut
1874 4341 1920 4394 si

347 4418 659 4474 naturaliter
686 4417 914 4487 quadam
958 4420 1260 4472 necessaria
1310 4433 1460 4488 parte
1503 4413 1767 4494 detracta,
1830 4437 1924 4483 aut

2026 3252 2078 3307 Si
2105 3266 2232 3305 vero
2263 3249 2488 3304 necdum
2510 3248 2670 3303 fuerit
2693 3246 2897 3316 primus
2921 3256 2972 3301 et
2995 3247 3401 3316 incompositus,
3442 3249 3606 3304 alium

2025 3356 2210 3397 rursus
2238 3341 2492 3410 adjunge,
2525 3348 2580 3393 et
2610 3338 2731 3394 vide
2772 3337 2898 3408 quid
2941 3338 3048 3391 ﬁat.
3108 3337 3261 3405 Quod
3305 3339 3349 3392 si
3381 3340 3610 3409 primum
3650 3399 3654 3403 ,

2027 3433 2553 3503 incompositumque
2590 3431 2850 3500 reperies,
2911 3439 3035 3483 tunc
3064 3429 3118 3484 in
3146 3431 3344 3485 ultima:
3376 3433 3612 3486 multitu-

2024 3523 2203 3580 dinem
2243 3536 2466 3577 summm
2501 3519 2958 3577 coacervationem
2990 3519 3390 3588 multiplicabis.
3425 3522 3611 3590 Dispo-

2029 3624 2225 3670 nantur
2245 3615 2387 3669 enim
2419 3629 2606 3668 omnes
2632 3613 2830 3682 pariter
2847 3625 3002 3682 pares
3027 3612 3257 3680 numeri,
3285 3613 3387 3667 hoc
3415 3614 3572 3669 modo
3597 3635 3612 3669 :

2025 3706 2078 3768 1,
2107 3704 2164 3769 2,
2195 3704 2251 3770 4,
2283 3705 2336 3770 8,
2372 3703 2461 3770 16,
2494 3704 2581 3768 52,
2610 3703 2702 3768 64,
2736 3702 2858 3756 128.
2893 3702 3080 3757 Facies
3132 3718 3259 3772 ergo
3304 3703 3372 3757 ita
3400 3721 3414 3761 :
3449 3720 3613 3773 pones

2027 3794 2080 3859 1,
2114 3792 2270 3862 eique
2292 3791 2606 3862 aggregabis
2643 3791 2712 3856 2;
2767 3801 2893 3847 tunc
2920 3792 3177 3861 respicies
3207 3807 3272 3847 ex
3299 3794 3397 3847 hac
3426 3811 3613 3864 aggre-

2023 3884 2237 3953 gatione
2275 3884 2365 3953 qui
2413 3897 2668 3937 numerus
2710 3883 2878 3938 factus
2907 3884 2976 3937 sit
3007 3899 3022 3936 :
3055 3891 3180 3936 sunt
3205 3882 3259 3950 5,
3292 3884 3380 3953 qui
3409 3886 3614 3941 scilicet

2025 3973 2229 4042 primus
2277 3981 2332 4027 et
2380 3971 2764 4041 incompositus
2796 3980 2898 4038 est,
2955 3980 3008 4025 et
3056 3981 3176 4040 post
3204 3973 3460 4027 unitatem
3492 3975 3613 4028 ulti.

2024 4080 2169 4119 mum
2201 4064 2467 4118 binarium
2490 4075 2771 4116 numerum
2797 4074 3209 4130 aggregaveras.
3237 4061 3291 4114 Si
3326 4062 3482 4130 igitur
3509 4072 3614 4117 tcr-

2026 4157 2256 4219 narium,
2290 4155 2341 4209 id
2370 4164 2454 4208 est
2483 4153 2574 4224 qui
2630 4167 2697 4207 ex
2745 4151 3155 4208 coacervatione
3196 4152 3458 4208 collectus
3503 4162 3611 4218 est,

2025 4259 2121 4313 per
2144 4245 2408 4298 binarium
2440 4241 2779 4313 multiplices,
2813 4244 2901 4313 qui
2931 4251 3012 4296 est
3031 4243 3245 4296 ultimus
3273 4253 3611 4313 aggregatus,

2026 4331 2293 4401 perfectus
2319 4333 2436 4387 sine
2465 4331 2574 4387 ulla
2615 4330 2942 4386 dubitatione
2989 4339 3256 4386 nascetur.
3292 4332 3379 4384 Bis
3405 4334 3545 4387 enim
3578 4335 3612 4386 5

2028 4423 2226 4478 faciunt
2247 4425 2302 4487 6,
2330 4424 2420 4492 qui
2444 4424 2647 4478 habent
2683 4437 2843 4476 unam
2897 4421 3114 4489 quidem
3140 4437 3166 4474 a
3190 4438 3249 4477 se
3299 4423 3613 4476 denomina-

346 4506 521 4561 minus
545 4507 700 4561 oculo
720 4512 1048 4569 nasceretur,
1079 4513 1135 4557 ut
1161 4503 1437 4575 Cyclopea:
1469 4510 1660 4566 frontis
1688 4515 1918 4570 dedecus
1951 4524 2001 4580 1)
2027 4523 2132 4566 tam
2183 4523 2407 4581 partem,
2460 4513 2514 4567 id
2553 4521 2635 4566 est
2664 4522 2894 4571 sextam,
2948 4519 3059 4565 tres
3114 4526 3244 4564 vero
3273 4512 3612 4566 medietatem

344 4594 465 4661 fuit,
492 4594 574 4648 vel
598 4609 704 4662 quo
733 4594 840 4648 alio
877 4601 1113 4648 curtatus
1165 4593 1425 4659 membro,
1476 4600 1718 4654 naturale
1759 4605 1918 4657 totius

342 4700 454 4740 suae
479 4682 824 4754 plenitudinis
851 4682 1191 4752 dispendium
1213 4684 1511 4738 sortiretur.
1543 4686 1685 4741 Inter
1706 4688 1804 4744 hos
1824 4705 1916 4745 au-

344 4782 480 4838 tem,
507 4771 656 4826 velut
682 4771 820 4825 inter
848 4772 1079 4841 mquales
1107 4772 1565 4839 intemperantias,
1592 4778 1751 4831 medii
1775 4787 1911 4832 tem-

341 4868 711 4930 peramentum
744 4859 924 4913 limitis
947 4849 1167 4914 sortitus
1189 4868 1271 4914 est
1301 4860 1388 4914 ille
1410 4871 1661 4917 numerus
1687 4867 1775 4934 qui
1801 4882 1918 4936 per-

341 4949 516 5005 fectus
569 4948 781 5011 dicitur,
833 4948 1049 5004 virtutis
1078 4950 1626 5015 scilicetgemulator,
1676 4955 1764 5022 qui
1817 4971 1918 5011 nec

342 5054 670 5110 supervacua
724 5041 1095 5108 progressione
1144 5042 1449 5112 porrigitur,
1491 5058 1590 5097 nec
1641 5054 1916 5102 contracta

342 5145 528 5186 rursus
551 5131 900 5185 diminutione
933 5131 1239 5195 remittitur,
1283 5133 1375 5186 sed
1425 5134 1730 5192 medietatis
1775 5137 1915 5191 obti-

343 5237 477 5276 nens
503 5223 809 5285 tcrminum,
840 5223 950 5276 suis
996 5239 1180 5293 mquus
1217 5225 1480 5293 partibus,
1513 5241 1610 5281 nec
1651 5239 1918 5284 crassatur

342 5313 682 5377 abundantia,
710 5329 808 5367 nec
832 5324 953 5383 eget
1005 5315 1204 5382 inopia,
1239 5325 1296 5368 ut
1323 5331 1415 5370 sex
1446 5319 1527 5370 vel
1557 5318 1646 5371 28.
1680 5319 1918 5391 Namque

339 5404 582 5459 senarius
608 5405 766 5460 habet
817 5417 1020 5473 partem
1053 5407 1303 5473 mediam,
1336 5408 1386 5460 id
1416 5415 1498 5461 est
1527 5410 1581 5472 3,
1607 5419 1660 5463 et
1687 5412 1916 5478 tertiam,

339 5493 392 5547 id
421 5501 504 5548 est
527 5493 582 5557 2,
615 5503 667 5548 et
693 5503 918 5558 sextam,
947 5495 996 5548 id
1027 5505 1110 5554 est
1135 5495 1183 5560 1,
1217 5509 1338 5564 quas
1381 5495 1433 5549 in
1465 5511 1622 5551 unam
1653 5512 1914 5555 summam

338 5582 382 5636 si
411 5583 640 5637 redacta:
667 5583 792 5645 sint,
830 5599 923 5650 par
954 5593 1120 5638 totum
1147 5585 1350 5639 numeri
1386 5599 1579 5654 corpus
1614 5585 1724 5643 suis
1757 5591 1918 5657 parti-

339 5673 437 5726 bus
492 5674 774 5726 invenitur.
826 5675 896 5725 28
953 5690 1078 5726 vero
1144 5676 1302 5730 habet
1360 5677 1696 5731 medietatem
1744 5680 1826 5744 i4,
1864 5686 1918 5731 et

580 5766 850 5824 ΡΑτιιοι.
891 5762 1114 5822 LXIII.

2025 4602 2321 4654 secundum
2350 4601 2683 4659 dualitatem,
2713 4609 2767 4651 at
2794 4613 2921 4652 vero
2942 4598 3047 4651 duo
3067 4601 3358 4655 secundum
3386 4613 3612 4654 coacer-

2026 4691 2313 4754 vationem,
2347 4688 2396 4740 id
2425 4697 2506 4741 est
2537 4686 2830 4740 secundum
2855 4689 3169 4751 ternarium,
3210 4688 3458 4757 quoniam
3484 4704 3609 4745 coa-

2023 4779 2221 4832 cervati
2270 4786 2402 4840 tres,
2460 4774 2795 4844 multiplicati
2842 4784 2985 4831 sunt.
3034 4776 3232 4846 Viginti
3276 4786 3397 4831 octo
3426 4792 3606 4838 autem

2025 4869 2214 4921 eodem
2239 4865 2400 4918 modo
2420 4872 2728 4919 nascuntur.
2759 4865 2816 4921 Si
2847 4864 2990 4920 enim
3017 4881 3180 4935 super
3209 4883 3368 4920 unum
3395 4879 3451 4923 et
3477 4873 3608 4932 duo.

2025 4955 2113 5023 qui
2144 4960 2270 5007 sunt
2291 4961 2420 5019 tres,
2451 4953 2614 5008 addas
2641 4962 2958 5024 sequentem
2992 4957 3189 5024 pariter
3219 4972 3424 5026 parem,
3455 4961 3504 5015 id
3526 4975 3610 5017 est

2026 5046 2079 5110 4,
2108 5043 2462 5112 septenariam
2490 5058 2752 5099 summam
2783 5045 2981 5111 facies;
3021 5047 3115 5102 sed
3147 5029 3388 5103 ultim.um
3419 5067 3580 5106 nume

2025 5149 2143 5188 rum
2165 5134 2558 5203 quaternarium
2574 5143 2961 5204 consequenter
2979 5135 3299 5204 adjunxeras
3316 5155 3437 5208 ;pcr
3461 5143 3602 5195 hunc

2025 5227 2184 5296 igitur
2212 5228 2255 5282 si
2296 5228 2438 5281 illam
2474 5228 2927 5284 coacervationem
2977 5231 3434 5301 multiplicaveris,
3487 5250 3605 5302 per-

2022 5315 2190 5368 fectus
2219 5330 2472 5370 numerus
2501 5326 2832 5385 procreatur.
2862 5319 3072 5388 Septies
3101 5319 3241 5374 enim
3271 5320 3325 5385 4,
3355 5321 3425 5375 28
3454 5334 3602 5384 sunt,

2019 5403 2109 5472 qui
2132 5413 2214 5457 est
2235 5405 2346 5458 suis
2375 5405 2613 5472 partibus
2642 5420 2760 5475 par,
2791 5407 2994 5462 habens
3021 5424 3182 5463 unum
3209 5425 3238 5462 a
3265 5424 3323 5465 se
3353 5410 3608 5466 denomi-

2020 5503 2224 5557 natum,
2258 5493 2308 5547 id
2333 5504 2413 5547 est
2437 5495 2750 5563 vigesimum
2780 5507 3054 5565 octavum;
3085 5502 3423 5557 medietatem
3473 5519 3604 5558 vero

2018 5584 2310 5639 secundum
2340 5585 2602 5640 binarium
2635 5588 2719 5650 i4,
2763 5591 3054 5645 secundum
3098 5598 3493 5660 quaternarium
3548 5602 3602 5657 7.

2020 5674 2296 5742 septimam
2333 5689 2462 5728 vero
2490 5679 2779 5734 secundum
2830 5685 3192 5750 septenarium
3223 5688 3275 5746 4,
3308 5693 3599 5747 secundum

3088 5772 3163 5833 33
