4216 6256
604 312 737 369 1099

593 508 859 565 vocabulo
888 508 1188 563 medietatis
1235 503 1538 574 opponitur.
1579 502 1716 570 Ergo
1746 516 1867 554 cum
1900 499 1950 553 hi
1985 500 2184 567 reperti

596 600 729 667 sint,
758 599 803 653 si
836 599 969 652 alios
992 597 1233 652 invenire
1262 593 1503 659 secteris,
1527 592 1713 646 eadem
1742 600 1952 660 Oportet
1979 590 2189 644 ratione

594 702 658 743 ut
688 688 936 756 vestiges.
982 687 1153 741 Ponas
1180 684 1325 741 enim
1366 698 1529 737 unum
1562 683 1762 747 licebit,
1811 689 1866 737 et
1894 692 2015 749 post
2043 680 2188 734 hunc

600 779 635 831 2
664 787 715 832 et
742 776 796 841 4,
843 775 930 844 qui
964 776 1016 828 in
1044 774 1401 842 septenarium
1446 772 1814 835 cumulantur,
1846 769 1942 825 sed
1970 770 2037 823 de
2085 768 2189 823 hoc

602 867 800 922 dudum
832 864 1039 919 exstitit
1067 864 1137 919 28
1165 864 1430 933 perfectus
1456 875 1729 916 numerus.
1767 861 1897 915 Huic
1920 861 2081 928 igitur
2101 858 2188 928 qui

602 960 842 1028 sequitur
875 960 1074 1028 pariter
1104 972 1219 1027 par,
1246 957 1296 1013 id
1327 966 1409 1012 est
1429 957 1481 1023 8,
1510 957 1794 1011 centineus
1821 956 2076 1025 jungatur
2102 969 2191 1007 ac-

602 1049 796 1112 cessio,
829 1047 917 1115 qui
948 1046 1215 1115 prioribus
1241 1046 1645 1115 superveniens,
1691 1044 1757 1099 15
1790 1046 2041 1099 restituit.
2087 1044 2192 1101 Sed

606 1140 690 1193 hic
721 1138 924 1207 primus
949 1146 1001 1191 et
1025 1137 1407 1205 incompositus
1431 1151 1534 1189 non
1554 1143 1658 1189 est.
1687 1134 1856 1189 liabet
1877 1135 2017 1189 enim
2038 1148 2192 1202 gene-

606 1229 678 1282 ris
710 1228 925 1283 alterius
954 1236 1160 1296 partem
1192 1240 1351 1293 super
1376 1225 1541 1291 illam,
1586 1239 1706 1293 quae
1736 1234 1819 1280 est
1847 1239 1876 1278 a
1905 1225 2193 1293 semetipsa

608 1319 969 1381 denominata,
1011 1317 1250 1386 quintam
1294 1316 1594 1380 decimam,
1653 1314 1859 1368 scilicet
1913 1313 2187 1368 unitatem.

609 1411 761 1465 Hunc
785 1409 965 1477 igitur,
1021 1407 1275 1476 quoniam
1302 1405 1570 1459 secundus
1602 1413 1685 1459 est
1709 1404 2040 1471 compositus
2066 1418 2195 1473 prae-
2228 1446 2233 1449 ι

610 1503 789 1566 tcrito,
820 1510 872 1556 et
903 1500 1132 1568 adjunge
1162 1496 1530 1564 superioribus
1576 1496 1943 1548 continentem
1995 1494 2195 1560 pariter

610 1604 792 1659 parem
822 1602 1123 1650 numerum,
1182 1586 1233 1639 id
1265 1594 1347 1639 est
1386 1583 1472 1639 16.
1506 1584 1605 1649 Qui
1660 1597 1783 1637 cum
1843 1582 1910 1636 15
1960 1582 2194 1648 junctus,

611 1688 774 1732 unum
798 1692 860 1731 ac
881 1677 948 1730 ’50
968 1674 1233 1731 conliciet.
1254 1673 1361 1729 Sed
1383 1674 1466 1727 hic
1488 1674 1697 1741 primus
1720 1686 1906 1725 rursus
1930 1680 1983 1727 et
2006 1672 2202 1725 incom-

614 1770 815 1837 positus
840 1776 940 1821 est.
976 1766 1139 1821 llunc:
1160 1765 1321 1834 igitur
1346 1778 1468 1817 cum
1498 1761 1728 1817 extremi
1759 1760 2025 1830 aggregati
2056 1768 2202 1812 sum-

614 1873 697 1911 ma
720 1855 1029 1925 multiplica,
1061 1865 1117 1909 ut
1145 1856 1273 1911 ﬁant
1290 1855 1529 1909 sedecies
1552 1854 1611 1907 5|
1627 1895 1640 1917 ,
1668 1853 1755 1923 qui
1780 1852 1885 1908 496
1909 1852 2196 1920 explicant.

614 1946 739 2001 Haec
768 1954 945 2000 autem
976 1955 1059 1999 est
1080 1946 1217 1999 intra
1247 1944 1608 1999 millenarium
1633 1950 1915 1997 numerum
1942 1940 2197 2008 perfecta,

615 2048 668 2093 et
697 2039 808 2090 suis
838 2038 1075 2104 partibus
1101 2052 1254 2105 aequa
1275 2036 1657 2091 numerositas.
1694 2036 1859 2104 Igitur
1895 2036 2063 2103 prima
2083 2033 2199 2087 uni-

616 2137 695 2178 tas
726 2126 919 2178 virtute
940 2134 1099 2194 atque
1132 2126 1386 2194 potentia,
1416 2140 1517 2180 non
1552 2127 1716 2181 etiam
1757 2134 1878 2179 actu
1912 2126 1994 2177 vel
2018 2139 2098 2189 re,
2145 2133 2195 2176 et

616 2217 727 2282 ipsa
757 2215 1111 2284 periecta'eSt.
1148 2216 1276 2269 Nam
1306 2216 1354 2271 si
1387 2217 1609 2284 primam
1633 2216 1802 2283 ipsam
1832 2228 2111 2281 sumpsero
2134 2214 2201 2267 de

617 2305 892 2372 preposito
921 2304 1108 2357 ordine
1154 2318 1523 2369 numerorum,
1550 2305 1730 2365 video
1781 2303 2007 2372 primam
2042 2313 2202 2377 atque

612 2394 1042 2461 incompositam,
1071 2407 1227 2464 quam
1256 2394 1298 2445 si
1334 2408 1428 2461 per
1463 2393 1694 2459 seipsam
1744 2392 2063 2460 multiplico,
2113 2396 2203 2445 e'a-

617 2483 738 2536 dem
768 2482 893 2535 milti
916 2482 1090 2535 unitas
1113 2490 1442 2549 procreatur.
1475 2481 1654 2535 Semel
1678 2480 1819 2534 enim
1846 2494 2008 2533 unum
2038 2479 2207 2533 solam

618 2572 781 2628 efﬁcit
808 2571 1085 2634 unitatem,
1113 2586 1232 2640 quae
1264 2570 1505 2638 partibus
1528 2570 1640 2623 suis
1662 2564 1882 2639 mquaﬁs
1907 2577 1991 2622 est
2018 2579 2209 2637 puteu-

619 2665 686 2715 tia
717 2663 911 2726 solutn,
941 2663 1150 2715 caneris
1181 2661 1339 2715 etiam
1384 2670 1508 2714 actu
1534 2668 1693 2728 atque
1721 2673 1884 2724 opere
1934 2657 2205 2727 perfectis.

620 2752 786 2805 [tecte
814 2750 972 2819 igitur
996 2749 1173 2802 unitas
1204 2750 1412 2817 propria
1449 2748 1643 2801 virtute
1674 2746 1908 2815 perfecta
1933 2754 2035 2809 est,
2066 2744 2207 2815 quod

619 2852 671 2897 et
702 2843 868 2911 prima
901 2849 982 2895 est
1002 2850 1055 2895 et
1081 2841 1453 2907 incomposita,
1484 2849 1537 2895 et
1572 2853 1667 2907 per
1687 2839 1918 2907 seipsam
1950 2836 2207 2906 multipli—

619 2944 731 2986 cata
764 2946 884 2986 sese
912 2929 1027 2999 ipsa
1073 2938 1373 2986 conservat.
1404 2918 1510 2983 Sed
1541 2927 1791 2997 quoniam
1836 2927 1904 2981 de
1943 2940 2005 2981 ea
2037 2941 2205 2995 quan-

622 3025 770 3078 titate
790 3037 909 3092 qua:
939 3038 1034 3092 per
1057 3036 1117 3076 se
1146 3022 1216 3075 sit
1244 3021 1443 3075 dictum
1472 3031 1577 3083 est,
1630 3020 1811 3089 aperis
1870 3020 2201 3089 sequentiam

623 3117 688 3170 ad
718 3116 862 3169 illam
892 3128 1008 3183 qua:
1037 3112 1269 3169 refertur
1295 3111 1360 3167 ad
1391 3110 1588 3179 aliquid
1617 3108 2021 3166 transferamus.

1200 3258 1427 3317 CAPUT
1478 3259 1618 3331 xxL

943 3379 1015 3431 De
1037 3380 1197 3430 relata
1236 3377 1303 3428 ad
1333 3375 1531 3444 aliquid
1573 3375 1874 3440 quantitate.

692 3490 769 3542 Ad
797 3487 993 3555 aliquid
1017 3503 1144 3542 vero
1169 3486 1506 3555 quantitatis,
1539 3485 1730 3552 duplex
1755 3492 1838 3538 est
1867 3483 2039 3552 prima
2074 3482 2209 3541 divi-

620 3575 720 3630 sio.
754 3575 922 3628 Omne
947 3575 1109 3638 enim,
1144 3582 1236 3627 aut
1256 3573 1460 3641 aequale
1490 3582 1593 3638 est,
1623 3581 1712 3626 aut
1739 3572 2022 3641 inaequale,
2051 3572 2207 3639 quid-

620 3666 747 3737 quid
768 3664 987 3719 alterius
1008 3664 1406 3733 comparatione
1424 3664 1659 3718 metitur.
1688 3663 1753 3717 Et
1769 3664 1973 3733 aequale
1994 3661 2210 3730 quidem

620 3769 723 3825 est,
747 3758 886 3829 quod
908 3758 973 3813 ad
996 3757 1193 3828 aliquid
1220 3767 1607 3826 comparatum,
1631 3773 1807 3827 neque
1833 3759 2042 3812 minore
2070 3771 2211 3811 sum-

620 3866 707 3906 ma
732 3853 866 3906 inl’ra
892 3858 993 3915 est,
1027 3864 1203 3921 neque
1232 3850 1432 3919 majore
1488 3848 1901 3918 transgreditur,
1938 3859 1994 3901 ut
2045 3848 2209 3903 dena-

623 3943 732 3997 rius
758 3943 1000 4007 denario,
1027 3942 1113 3996 vel
1145 3939 1407 3995 ternarius
1442 3939 1699 4003 ternario,
1742 3939 1823 3992 vel
1849 3938 2085 3992 cubitum
2113 3951 2208 3991 cu-

622 4032 756 4099 bito,
788 4033 869 4086 vel
898 4047 990 4101 pes
1019 4032 1162 4097 pedi,
1213 4038 1269 4086 et
1293 4030 1376 4084 bis
1416 4030 1633 4084 similia.
1690 4028 1816 4083 Ilaec
1864 4039 2037 4083 autem
2081 4042 2205 4097 pars

623 4124 806 4178 relatae
828 4123 892 4175 ad
920 4121 1119 4189 aliquid
1137 4121 1475 4190 quantitatis,
1502 4120 1553 4174 id
1581 4129 1682 4187 est,
1731 4120 2027 4187 aequalitas,
2052 4128 2205 4172 natu-

624 4216 808 4270 raliter
833 4214 1057 4268 indivisa
1085 4222 1187 4267 est.
1239 4212 1427 4267 Nullus
1465 4212 1609 4267 enim
1639 4211 1818 4265 dicere
1848 4218 2024 4280 potest
2066 4209 2207 4280 quod

629 4305 949 4374 mqualitatis
972 4303 1071 4357 hoc
1100 4301 1318 4372 quidem
1339 4302 1443 4356 tale
1457 4310 1557 4366 est,
1584 4301 1711 4371 illud
1730 4315 1857 4355 vero
1879 4300 2205 4368 hujusmodi.

627 4397 815 4453 Omnis
858 4394 1003 4449 enim
1032 4392 1309 4462 aequalitas
1351 4406 1511 4446 unam
1541 4399 1725 4446 servat
1771 4392 1822 4444 in
1854 4389 2065 4459 pr0pria
2097 4403 2210 4442 mo-

624 4487 903 4544 deratione
934 4498 1263 4539 mensuram.
1300 4482 1432 4536 Illud
1467 4486 1627 4535 etiam
1652 4480 1791 4550 quod
1822 4496 1939 4550 qua:
1964 4481 2011 4534 ei
2043 4494 2213 4549 quan-

627 4584 751 4634 titas
780 4586 1140 4644 comparatur.
1170 4589 1278 4628 non
1305 4573 1411 4628 alio
1458 4572 1719 4627 vocabulo
1764 4583 1925 4641 alque
1979 4570 2089 4638 ipsa
2120 4568 2210 4622 cui

624 4677 965 4738 comparatur
1012 4666 1259 4721 edicitur.
1324 4664 1456 4718 Nam
1510 4662 1959 4733 quemadmodum
2007 4661 2211 4715 amicus

628 4763 801 4815 amico
852 4758 1057 4812 amicus
1109 4766 1214 4819 est,
1268 4755 1578 4822 vicinusque
1628 4753 1836 4818 vicino,
1890 4751 1963 4805 ita
2016 4748 2211 4803 dicitur

633 4848 854 4920 mqualis
891 4847 1099 4916 mquali.
1151 4844 1437 4913 lnmqualis
1468 4856 1598 4897 vero
1641 4840 1959 4910 quantitatis
1998 4839 2209 4908 gemina

625 4939 819 4993 divisio
844 4946 944 4991 est.
977 4936 1202 4989 Secatur
1228 4934 1372 4987 enim
1402 4930 1543 5000 quod
1584 4930 1847 4998 inaequale
1896 4937 1978 4984 est
2008 4930 2061 4982 in
2089 4941 2209 4982 ma-

623 5032 709 5099 jus
730 5040 891 5098 atque
938 5028 1140 5093 minus,
1168 5039 1289 5094 qua:
1316 5021 1587 5077 contraria
1642 5021 1857 5075 sibimet
1896 5019 2209 5073 denomina-

626 5122 771 5175 tione
800 5118 1110 5186 funguntur.
1157 5112 1397 5180 Namque
1443 5110 1615 5178 majus
1664 5109 1871 5163 minore
1901 5106 2074 5174 majus
2098 5113 2203 5172 est,

625 5218 681 5265 et
709 5209 885 5264 minus
916 5206 1120 5276 majore
1145 5203 1318 5257 minus
1343 5210 1444 5266 est,
1493 5209 1548 5255 et
1575 5207 1798 5268 utraque
1842 5212 1948 5251 non
2001 5196 2204 5250 eisdem

626 5299 937 5366 vocabulis,
986 5294 1435 5367 quemadmodum
1490 5292 1785 5350 secundum
1845 5289 2203 5358 aequalitatem

624 5394 824 5447 dictum
853 5401 954 5453 est,
984 5389 1079 5445 sed
1110 5386 1334 5442 diversis
1358 5384 1786 5451 distantibusque
1816 5381 2024 5450 signata
2054 5388 2201 5445 sunt,

622 5484 689 5538 ad
719 5482 935 5538 modum
956 5479 1211 5537 discentis
1231 5475 1455 5540 scilicet,
1485 5475 1566 5530 vel
1588 5474 1851 5537 docentis,
1882 5472 1962 5526 vel
1987 5470 2202 5526 cteden-

623 5576 710 5639 tis,
747 5573 833 5627 vel
863 5570 1182 5640 vapulantis,
1216 5565 1300 5621 vel
1330 5574 1662 5634 quaecunque
1692 5561 1757 5615 ad
1788 5559 1997 5640 aliquid
2017 5560 2204 5617 relata.

626 5638 778 5719 aliter
805 5638 1162 5718 denominatis
1186 5656 1470 5713 contrariis
1491 5661 1890 5723 comparantur.
1988 5638 2005 5648 ’

1821 304 1931 358 ΑΝ.
1976 301 2179 357 MANL.
2226 300 2376 359 επεν.
2422 299 2640 356 ΒΟΕΤΙΙ
2719 318 2727 325 ’

600 420 836 477 omnium
884 417 1277 485 collectionem,
1310 420 1558 485 quartum
1588 412 1879 475 decimum,
1906 411 2035 476 duo,
2096 411 2188 481 qui
2219 415 2269 471 Α

3738 299 3878 354 1100

2866 411 3091 469 CAPUT
3140 411 3305 467 XXII.

2409 505 2485 559 De
2514 502 2772 575 speciebus
2802 506 3017 573 majoris
3053 505 3419 573 ianualitatis
3459 514 3506 573 et
3535 506 3770 560 minaris.

2374 620 2587 689 Majoris
2621 634 2749 674 vero
2798 620 3174 691 inaequalitatis
3219 621 3454 690 quinque
3506 630 3688 689 partes
3732 632 3880 679 sunt.

2300 712 2393 766 Est
2422 710 2562 767 enim
2588 724 2690 765 una
2715 726 2835 780 quae
2864 721 3084 766 vocatur
3112 710 3418 781 multiplex,
3460 711 3562 764 alia
3601 727 3889 781 super-par.

2299 802 2559 868 ticularis,
2593 801 2750 855 tertia
2778 801 3200 871 superpartiens,
3241 811 3426 870 quarta
3474 802 3755 868 multiplex
3796 819 3889 856 sn-

2300 892 2759 960 pcrparticularis,
2788 892 2970 961 quinta
3004 892 3282 959 multiplex
3318 893 3740 959 superpartiens.
3794 892 3887 945 His

2300 983 2461 1050 igitur
2481 983 3251 1052 quinquemajorispartibus,
3298 984 3555 1050 opposita:
3600 994 3725 1036 sunt
3766 983 3887 1038 alia:

2297 1072 2532 1142 quinque
2564 1082 2743 1141 partes
2764 1073 3009 1139 minoris,
3044 1072 3493 1142 quemadmodum
3520 1072 3691 1141 ipsum
3717 1074 3888 1140 majus

2300 1165 2491 1218 minori
2522 1180 2739 1234 semper
2766 1162 3072 1235 oppenitur,
3115 1180 3234 1233 qua:
3266 1165 3491 1218 minoris
3541 1166 3772 1232 species,
3820 1166 3889 1219 ita

2300 1257 2610 1325 singillatim
2640 1259 2923 1328 speciebus
2944 1258 3183 1327 quinque
3206 1256 3423 1325 majoris
3450 1258 3532 1312 his
3563 1274 3683 1328 qum
3706 1274 3887 1327 supra-

2302 1347 2464 1403 dicta:
2493 1357 2619 1402 sunt
2672 1357 3038 1417 opponuntur,
3074 1358 3133 1401 ut
3164 1347 3367 1402 eisdem
3420 1350 3722 1402 nominibus
3753 1366 3890 1403 nun-

2302 1450 2585 1509 cupentur,
2633 1440 2746 1494 sola
2793 1449 2995 1493 tantum
3038 1439 3136 1493 sub
3182 1441 3555 1507 prmpositione
3610 1440 3886 1497 distantes.

2306 1535 2506 1589 Dicitur
2527 1535 2669 1589 enim
2694 1534 3099 1600 submultiplex,
3122 1535 3745 1604 subsuperparticularis,
3771 1540 3886 1593 sub-

2305 1625 2726 1694 superpartiens,
2787 1624 3064 1691 multiplex
3122 1625 3767 1695 subsuperparticularis,
3844 1638 3887 1686 et

2309 1716 2579 1785 multiplex
2613 1715 3143 1784 subsuperpartiens.

2882 1826 3108 1882 CAPUT
3149 1827 3333 1881 XXIII.

2380 1917 2455 1971 De
2488 1917 2753 1987 multiplici
2788 1919 2996 1987 ejusque
3030 1918 3315 1985 speciebus,
3363 1935 3638 1991 earumque
3672 1942 3825 1995 gene-

2945 2011 3247 2065 rationibus.

2380 2121 2581 2175 ltursns
2603 2120 2882 2189 multiplex
2915 2130 2998 2174 est
3030 2122 3198 2190 prima
3223 2137 3347 2192 pars
3380 2123 3599 2192 majoris
3622 2127 3887 2196 inmquali-

2314 2213 2455 2275 tatis,
2485 2214 2692 2265 cunctis
2712 2212 2831 2266 aliis
2853 2213 3120 2282 antiquior
3139 2226 3432 2284 naturaque
3461 2220 3816 2286 prmstantior,
3841 2232 3888 2277 ut

2312 2290 2467 2371 paulo
2494 2314 2611 2373 post
2638 2304 3147 2359 demonstrabimus.
3180 2306 3273 2361 llic
3296 2316 3470 2361 autem
3497 2323 3749 2364 numerus
3800 2312 3887 2364 Itu-

2307 2394 2540 2462 jusmodi
2564 2401 2667 2459 est,
2691 2402 2747 2446 ut
2767 2406 3106 2462 comparatus
3136 2411 3257 2451 cum
3285 2397 3476 2463 altero,
3532 2399 3678 2453 illum
3709 2411 3885 2456 contra

2315 2498 2471 2550 quem
2498 2494 2837 2551 comparatus
2859 2494 2962 2549 est,
2987 2483 3185 2541 habeat
3206 2486 3323 2554 plus
3349 2503 3506 2556 quam
3529 2492 3718 2548 semel.
3743 2492 3886 2558 Quod

2316 2574 2547 2641 primum
2575 2573 2625 2626 in
2657 2572 2909 2628 naturalis
2938 2577 3143 2631 numeri
3192 2576 3544 2643 dispositione
3583 2585 3886 2650 conveniet,

2314 2678 2545 2733 namque
2575 2663 2638 2717 ad
2670 2680 2830 2718 unum
2855 2666 3027 2721 cuncti
3051 2668 3139 2736 qui
3177 2679 3489 2737 sequuntur,
3522 2674 3755 2726 omnium
3803 2690 3886 2726 or-

2314 2752 2438 2807 dine
2479 2754 2856 2823 multiplicium
2905 2759 3213 2831 sequentias
3272 2762 3659 2830 varietatesque
3710 2773 3887 2817 custo-

2309 2841 2479 2896 diunt.
2513 2843 2592 2897 Ad
2626 2844 2851 2911 primum
2898 2846 3063 2911 enim,
3112 2848 3164 2901 id
3201 2858 3280 2902 est
3312 2849 3584 2916 unitatem,
3614 2853 3886 2920 iduplus,

2310 2934 2343 2987 3
2370 2934 2577 3000 triplus,
2609 2933 2643 2987 4
2669 2935 3015 3005 quadruplus,
3038 2945 3199 3006 atque
3228 2938 3299 2991 ita
3322 2940 3374 2993 in
3402 2942 3639 2996 ordinem
3671 2958 3887 3013 progre-

2311 3024 2561 3091 dientes,
2619 3040 2809 3080 omnes
2867 3035 3119 3081 texuntur
3169 3029 3494 3097 multiplices
3546 3033 3887 3101 quantitates.

2239 3149 2283 3210 ρ
2313 3116 2464 3182 Quod
2487 3124 2662 3170 autem
2686 3115 2885 3171 dictum
2911 3126 3014 3180 est,
3046 3117 3161 3186 plus
3182 3134 3338 3187 quam
3375 3122 3565 3187 semel,
3602 3123 3650 3176 id
3681 3138 3712 3177 a
3745 3125 3889 3179 bina-

2316 3208 2395 3262 rio
2432 3222 2655 3263 numero
2679 3208 2997 3278 principium
3025 3210 3190 3278 capit,
3224 3219 3278 3264 et
3306 3211 3356 3264 in
3382 3211 3642 3268 inﬁnitum
3672 3232 3766 3283 per
3785 3224 3889 3271 ter-

2312 3299 2517 3354 narium
2545 3300 3071 3369 quaternariumque,
3103 3312 3158 3356 et
3186 3312 3499 3359 eteterorum
3530 3307 3775 3363 ordinem
3808 3324 3889 3365 se-

2312 3389 2692 3459 quentiamque
2734 3390 3092 3460 progreditur.
3122 3392 3318 3449 Contra
3344 3396 3483 3452 hunc
3532 3413 3663 3453 vero
3700 3399 3890 3453 discri-

2312 3480 2546 3535 minatus
2574 3487 2656 3539 est
2684 3480 2771 3535 ille
2808 3482 2898 3548 qui
2950 3491 3172 3538 vocatur
3222 3485 3619 3553 submultiplex,
3674 3500 3729 3543 et
3779 3488 3889 3544 Ita‘c

2313 3584 2524 3639 quoque
2557 3568 2723 3637 prima
2774 3572 2993 3625 minoris
3032 3574 3344 3645 quantitatis
3382 3559 3586 3644 Species
3638 3587 3740 3632 est.
3797 3579 3888 3632 lli:

2316 3669 2490 3713 autem
2523 3675 2779 3716 numerus
2806 3661 3110 3729 hujusmodi
3140 3674 3244 3731 est,
3283 3665 3372 3734 qui
3396 3666 3447 3720 in
3473 3667 3694 3722 alterius
3744 3686 3891 3723 com-

2316 3751 2592 3819 paratione
2616 3752 2924 3820 produr'tus,
2948 3754 3066 3821 plus
3089 3770 3246 3824 quam
3270 3758 3433 3811 semel
3456 3758 3674 3825 majoris
3700 3777 3890 3816 nume-

2318 3851 2398 3897 rat
2426 3856 2709 3909 summam,
2740 3859 2834 3897 sua
2862 3846 3065 3901 scilicet
3108 3848 3404 3914 quantitate
3433 3863 3551 3902 cum
3581 3865 3649 3904 eo
3675 3854 3890 3919 mquali-

2316 3938 2398 3986 ter
2429 3930 2706 3997 inchoans,
2736 3935 3117 4003 mqualiterque
3132 3935 3519 3993 determinans.
3550 3939 3693 3993 Idem
3718 3951 3888 3998 autem

2314 4025 2435 4080 dico
2458 4034 2704 4079 numerat
2730 4026 2871 4094 quod
2899 4027 3134 4082 metitur.
3158 4028 3212 4084 Si
3246 4029 3403 4099 igitur
3427 4030 3508 4085 bis
3537 4033 3709 4087 solum
3730 4034 3888 4101 majo-

2315 4132 2429 4172 rem
2462 4131 2743 4171 numerum
2774 4117 2951 4172 minor
2980 4134 3231 4173 numerus
3279 4122 3548 4186 metiatur,
3600 4124 3889 4191 subduplus

2316 4206 2615 4271 vocabitur,
2647 4208 2690 4259 si
2736 4220 2862 4261 vero
2913 4217 2993 4261 ter
3022 4208 3334 4277 subtriplns,
3377 4212 3420 4265 si
3452 4225 3643 4279 quater
3669 4214 3890 4282 subqua-

2318 4296 2559 4365 druplus,
2586 4305 2642 4351 et
2674 4296 2731 4349 ﬁt
2756 4312 2848 4364 per
2876 4297 2991 4351 hare
3018 4298 3068 4351 in
3102 4299 3365 4353 inﬁnitum
3398 4303 3721 4370 progressio,
3749 4304 3887 4357 addi-

2319 4397 2475 4459 taque
2490 4404 2583 4444 eos
2603 4404 2715 4444 sem
2725 4405 2817 4457 per
2835 4390 2932 4443 sub
2950 4392 3313 4458 pr0positi~zne
3336 4393 3657 4458 nominabis,
3683 4404 3740 4448 ut
3762 4410 3891 4451 unus

2319 4478 2551 4535 duorum
2588 4479 2904 4548 subduplus,
2932 4481 3091 4534 trium
3122 4482 3437 4551 subtriplus,
3492 4481 3526 4534 4
3564 4484 3893 4552 subquadru-

2320 4573 2441 4640 plus
2464 4572 2782 4638 appelletur,
2815 4580 2869 4626 et
2897 4583 3306 4641 consequenter.
3336 4576 3465 4629 Cum
3512 4585 3689 4629 autem
3739 4587 3893 4630 natu-

2319 4662 2502 4715 raliter
2530 4662 2891 4729 multiplicitas
2938 4670 2992 4716 et
3038 4662 3503 4732 subtnultiplicitas
3552 4648 3748 4718 inﬁnita
3800 4668 3893 4731 sit,

2316 4764 2505 4804 eorum
2534 4765 2743 4819 quoque
2791 4754 2999 4820 species
3021 4766 3114 4819 per
3142 4754 3383 4821 proprias
3421 4754 3794 4823 generationes
3843 4756 3894 4811 in

2318 4839 2521 4894 inﬁnita
2551 4842 2983 4896 consideratione
3008 4852 3308 4899 versantur.
3356 4844 3412 4899 Si
3451 4849 3594 4901 enim
3625 4847 3810 4915 positis
3842 4848 3891 4904 in

2319 4930 2545 4984 naturali
2570 4932 2948 4987 constitutione
2966 4934 3221 4998 numeris,
3247 4935 3486 5003 singulos
3510 4951 3605 5005 per
3629 4951 3752 4989 suas
3769 4951 3893 4991 con~

2315 5021 2620 5087 sequentias
2643 5035 2797 5088 pares
2817 5021 3000 5090 eligas,
3021 5022 3261 5076 omnium
3280 5024 3345 5077 ab
3369 5039 3478 5077 uno
3499 5025 3705 5092 parium
3738 5036 3895 5092 atque

2316 5107 2599 5176 imparium
2629 5122 2749 5163 sese
2778 5110 3113 5175 sequentium
3142 5110 3384 5179 duplices
3407 5122 3588 5177 erunt,
3634 5122 3685 5166 et
3742 5114 3895 5180 hujus

2315 5198 2697 5265 Speculationis
2728 5199 2984 5254 terminus
3016 5215 3121 5253 non
3149 5200 3348 5255 deﬁcit.
3383 5201 3617 5255 Ponatur
3646 5202 3789 5256 enim
3811 5218 3895 5254 na-

2315 5290 2501 5344 turalis
2548 5304 2799 5343 numerus
2825 5290 2925 5345 hoc
2952 5291 3132 5357 modo,
3174 5292 3226 5355 1,
3258 5292 3314 5356 2,
3346 5294 3398 5357 3,
3425 5294 3475 5353 4,
3504 5293 3558 5355 5,
3592 5293 3648 5358 6,
3678 5294 3728 5356 7,
3756 5293 3809 5353 8,
3841 5294 3895 5355 9.

2315 5380 2401 5443 10,
2438 5382 2523 5446 11,
2555 5382 2643 5447 12,
2679 5382 2766 5447 15,
2795 5380 2884 5446 14,
2918 5379 3001 5445 15,
3041 5382 3247 5448 16,17,
3283 5384 3370 5446 18,
3420 5384 3507 5448 19,
3550 5384 3639 5437 20.
3696 5384 3896 5439 Horum

2314 5480 2442 5536 ergo
2463 5471 2507 5523 si
2544 5473 2769 5537 primum
2799 5486 2979 5525 sumas
2999 5486 3208 5541 parem,
3243 5473 3294 5526 id
3316 5482 3398 5527 est
3430 5472 3483 5538 2,
3514 5475 3671 5541 primi
3702 5474 3894 5542 duplns

2315 5561 2441 5625 erit,
2472 5559 2522 5613 id
2551 5569 2635 5614 est
2659 5561 2896 5615 unitatis.
2921 5561 2979 5616 Si
3007 5576 3136 5616 vero
3160 5572 3472 5629 sequentem
3500 5577 3704 5631 parem,
3741 5564 3790 5617 id
3812 5574 3893 5619 est

2316 5652 2368 5716 ὁ,
2394 5651 2609 5706 secundi
2639 5653 2831 5721 duplns
2851 5665 2949 5721 est,
2983 5655 3035 5709 id
3062 5664 3146 5710 est
3169 5655 3417 5709 duorum.
3451 5652 3508 5707 Si
3529 5668 3657 5707 vero
3679 5654 3893 5709 tertium
