4216 6256
321 272 346 330 ι
362 275 453 331 101

1522 259 1607 313 DE
1658 252 2121 311 ARITHMETICA
2159 250 2290 341 LIB.
2329 249 2370 303 ι.

3432 240 3569 294 H03

314 401 495 455 parem
524 396 724 448 sumas,
758 380 808 436 id
830 387 912 436 est
940 354 1003 442 6,
1026 376 1167 432 tertii
1198 374 1405 431 numeri
1432 374 1483 427 in
1514 371 1739 425 naturali
1760 383 1886 424 con-
1919 372 1969 428 Α
1999 355 2256 416 ιεῖιάίιυτ·
2293 359 2434 413 V000
2456 368 2631 413 amem
2658 357 2886 455 milio}?
2909 368 3159 411 "umeros
3187 353 3570 455 dll'ccns..mil10-

311 478 587 535 stitutione
614 476 808 543 duplus
830 482 935 539 est,
979 471 1030 525 id
1063 480 1143 524 est
1176 468 1413 523 ternarii.
1445 466 1503 521 Si
1557 482 1683 520 vero
1722 480 1884 534 quar-

314 578 426 624 tum
459 583 639 637 parem
670 565 943 635 inspicias,
977 562 1025 616 id
1057 570 1140 615 est
1168 560 1219 625 8,
1254 558 1427 628 quarti
1456 557 1684 621 numeri,
1728 555 1779 610 id
1805 564 1887 610 est

314 658 642 728 quaternarii
670 654 859 724 duplus
887 662 988 709 est.
1020 651 1266 720 Idemque
1296 652 1347 704 in
1385 650 1592 703 caeteris
1628 648 1679 701 in
1710 646 1885 700 inﬁni-

314 756 427 803 tum
458 745 813 809 sumentibus,
844 744 960 799 sine
988 742 1166 810 aliquo
1215 738 1595 808 impedimento
1624 735 1881 804 procedit.

315 841 580 910 Triplices
605 848 779 894 autem
809 845 1116 898 nascuntur,
1148 836 1192 889 si
1219 835 1295 893 .in
1323 833 1508 888 eadem
1539 831 1889 900 dispositione

316 929 548 983 naturali
573 928 680 983 duo
708 942 915 996 semper
944 925 1387 990 intermittantur,
1419 934 1473 979 et
1505 924 1592 992 qui
1644 931 1763 993 post
1784 922 1891 975 duo

316 1028 442 1072 sunt
465 1017 533 1073 ad
557 1016 848 1089 naturalem
897 1028 1177 1068 numerum
1205 1021 1604 1081 comparentur,
1663 1020 1892 1079 excepto

316 1104 573 1169 ternario,
605 1104 695 1173 qui
726 1113 783 1157 ut
809 1102 1022 1169 unitatis
1065 1102 1256 1169 triplus
1294 1103 1381 1169 sit,
1415 1102 1585 1155 solum
1630 1099 1889 1153 binarium

316 1196 694 1263 praetermittit.
720 1194 845 1248 Post
875 1209 1037 1248 unum
1070 1202 1124 1248 et
1152 1193 1279 1257 duo,
1311 1194 1344 1247 5
1385 1201 1532 1257 sunt,
1562 1191 1648 1260 qui
1703 1190 1891 1257 triplus

315 1290 471 1341 unius
494 1295 595 1340 est.
629 1288 831 1341 Rursus
854 1298 971 1356 post
1011 1287 1044 1341 4
1070 1296 1124 1341 ει
1177 1288 1232 1351 5,
1266 1296 1388 1341 sunt
1436 1286 1488 1349 6,
1540 1286 1627 1354 qui
1671 1283 1886 1338 secundi

316 1360 549 1442 numeri,
582 1374 633 1428 id
661 1383 742 1429 est
770 1375 994 1429 duorum
1049 1375 1237 1441 triplus
1268 1382 1369 1430 εει.
1415 1374 1617 1428 Rursus
1667 1380 1784 1440 post
1830 1371 1885 1438 6,

317 1477 441 1520 sunt
467 1466 498 1518 7
520 1474 574 1519 et
600 1466 651 1529 8,
677 1476 729 1520 et
758 1476 878 1535 post
908 1466 1005 1520 hos
1026 1467 1078 1532 9,
1112 1466 1200 1535 qui
1257 1467 1399 1520 tertii
1434 1466 1664 1528 numeri,
1714 1464 1764 1517 id
1810 1470 1891 1517 est

321 1555 541 1621 ternarii
590 1555 774 1623 triplus
800 1563 900 1610 est.
935 1554 1107 1624 Atque
1137 1556 1236 1609 hoc
1267 1554 1403 1609 idem
1440 1556 1489 1607 in
1536 1554 1796 1606 inﬁnitum
1844 1551 1889 1606 si

321 1649 442 1714 quis
469 1647 643 1711 faciat,
674 1646 789 1700 sine
820 1645 924 1699 ulla
948 1644 1240 1698 otl‘cnsione
1268 1643 1525 1713 procedit.
1558 1641 1889 1710 Quadruple-

1994 467 2079 506 rcs
2104 451 2346 505 comites.
2404 447 2978 517 Superparticularium
3009 460 3222 515 quoque
3254 442 3457 496 inﬁnita
3488 454 3570 494 est

1994 542 2295 608 multitudo,
2327 540 2395 594 ob
2417 555 2536 594 eam
2566 554 2678 593 rem
2716 538 2855 608 quod
2897 536 3135 605 ejusdem
3166 536 3372 603 species
3402 533 3569 585 inter-

1993 631 2229 685 minabili
2256 630 2626 699 progressione
2649 628 2959 697 funguntur.
2990 626 3227 693 Namque
3247 623 3571 692 sesquialter

1996 723 2213 778 habebit
2241 722 2453 790 quidem
2485 722 2647 776 duces
2678 734 2864 774 omnes
2891 727 3011 787 post
3042 717 3332 771 ternarium
3382 731 3573 771 nume-

1997 828 2110 867 rum
2139 813 2453 866 naturaliter
2484 812 2742 880 triplices.
2773 809 3006 863 Comites
3051 822 3199 870 vero,
3243 821 3429 861 omnes
3458 815 3578 875 post

1999 904 2259 957 binarium
2290 902 2599 957 naturaliter
2626 917 2802 970 pares,
2827 902 2926 954 hoc
2954 899 3133 961 modo,
3160 908 3213 951 ut
3239 898 3441 965 primus
3466 897 3576 965 pri-

2002 1008 2110 1057 mo,
2135 992 2401 1047 secundus
2430 990 2684 1053 secundo,
2712 991 2899 1044 tertius
2930 987 3086 1042 tertio
3116 997 3478 1055 comparetur,
3524 996 3578 1040 et

2000 1083 2271 1151 deinceps.
2308 1080 2681 1136 Describautur
2704 1080 2847 1135 enim
2870 1077 3165 1140 longissimi
3187 1092 3375 1131 versus
3402 1078 3576 1145 tripli-

1998 1172 2140 1225 cium
2199 1171 2454 1226 naturalis
2482 1172 2687 1226 numeri
2739 1180 2895 1239 atque
2949 1168 3261 1237 duplicium,
3301 1179 3352 1222 et
3381 1170 3449 1236 sit
3477 1169 3579 1223 hoc

1999 1261 2159 1315 modo
2183 1278 2197 1315 :

3382 1355 3580 1363 ——.—.

2001 1344 3398 1445 W1

2166 1450 3400 1513 I5|6I9|12|15|18|21|2l|27|50|

2167 1531 3400 1594 121416181101121141161181Ξο1

3334 1592 3575 1605 σ--ῌ--ιο

1966 1641 2204 1695 .l’rimus
2227 1643 2389 1711 igitur
2429 1657 2613 1696 versus
2653 1643 2892 1696 continet
2935 1655 3214 1694 numerum
3261 1638 3578 1703 naturalem,

323 1752 441 1791 rum
488 1752 613 1792 vero
643 1736 915 1806 generatio
944 1734 1128 1802 incipit
1150 1775 1164 1796 ,
1219 1736 1261 1789 si
1314 1733 1431 1802 quis
1481 1744 1588 1787 tres
1640 1746 1889 1787 numeros
1923 1718 1966 1775 Β
1995 1735 2262 1789 secundus
2288 1736 2403 1802 ejus
2430 1736 2717 1803 triplicem,
2744 1736 2931 1790 tertius
2950 1749 3082 1789 vero
3108 1733 3397 1802 duplicem,
3424 1743 3584 1800 atque

323 1824 658 1881 intermittat.
692 1827 819 1880 Post
844 1841 1003 1880 unum
1032 1826 1227 1894 quippe
1257 1824 1363 1877 eti
1385 1834 1438 1877 et
1466 1825 1519 1885 5,
1555 1832 1677 1876 sunt
1715 1822 1770 1888 4,
1804 1822 1893 1891 qui

324 1918 478 1986 primi
506 1958 521 1985 ,
553 1918 602 1971 id
628 1927 710 1971 est
748 1916 922 1983 unius,
952 1915 1280 1985 quadruplus
1305 1925 1405 1969 est.
1438 1915 1641 1969 Rursus
1665 1915 1706 1968 si
1735 1915 1897 1969 inter-

325 2008 520 2062 misero
550 2005 1185 2076 quinarium,senarium,
1229 2013 1283 2059 et
1324 2005 1708 2073 septenarium,
1750 2012 1899 2058 octo-

326 2099 508 2153 narius
550 2098 677 2151 mihi
712 2106 931 2168 quartus
967 2082 1228 2164 occurrit,
1272 2095 1439 2149 tribus
1477 2095 1682 2148 scilicet
1728 2094 1893 2148 inter-

327 2190 528 2252 taissis,
558 2189 647 2253 qui
679 2188 889 2252 biuarii,
922 2187 970 2241 id
996 2198 1077 2241 est
1130 2187 1348 2241 secundi
1394 2187 1623 2250 numeri,
1664 2186 1899 2255 quadru-

329 2278 450 2347 plus
473 2287 571 2331 est.
604 2278 670 2330 At
698 2292 824 2332 vero
853 2279 896 2331 si
926 2286 1043 2345 post
1064 2286 1182 2332 octo
1215 2286 1322 2331 tres
1353 2276 1610 2331 terminos
1652 2276 1895 2330 intermi-

330 2382 472 2435 sero,
503 2368 555 2423 id
585 2368 717 2424 est9
746 2378 797 2423 et
830 2369 894 2423 l0
923 2376 975 2422 et
1006 2368 1090 2432 ll,
1142 2367 1501 2422 duodenarius
1539 2368 1628 2435 qui
1660 2367 1899 2437 sequitur

328 2458 547 2514 ternarii
570 2460 778 2514 numeri
807 2459 1129 2528 quadruplus
1177 2466 1279 2513 est.
1312 2463 1483 2527 Atque
1513 2458 1614 2512 hoc
1640 2458 1780 2513 idem
1843 2458 1896 2511 in

330 2545 588 2602 inﬁnitum
619 2548 912 2617 progressis
937 2563 1159 2604 necesse
1202 2558 1283 2603 est
1315 2549 1549 2611 evenire,
1580 2564 1899 2618 semperque

331 2649 432 2691 una
461 2638 805 2693 terminorum
843 2639 1235 2693 intermissione
1291 2640 1336 2693 si
1391 2646 1597 2693 crescat
1648 2639 1897 2706 adjectio,

334 2728 601 2783 ordinatas
627 2738 678 2784 te
704 2728 1004 2798 multiplicis
1021 2731 1229 2785 numeri
1251 2730 1394 2785 vices
1418 2730 1654 2785 invenire
1677 2730 1904 2785 mirabe-

334 2818 428 2873 ris.
459 2818 515 2873 Si
542 2819 682 2873 enim
723 2817 757 2871 4
785 2820 1126 2885 intermittas,
1158 2819 1482 2888 quincuplus
1514 2820 1802 2883 invenitur,
1857 2818 1903 2872 si

336 2912 563 2982 quinque
582 2912 889 2980 sexcuplus,
906 2912 952 2966 si
972 2926 1064 2965 sex
1089 2912 1385 2980 septuplus,
1401 2927 1719 2981 semperque
1738 2910 1904 2979 ipsius

336 3002 739 3070 multiplicitatis
769 2994 1106 3056 nomine'uno
1128 3002 1302 3055 minus
1322 3001 1732 3057 intermissionis
1755 3017 1904 3057 voca-

1999 1827 2051 1879 in
2083 1840 2147 1879 eo
2172 1827 2215 1880 si
2241 1826 2504 1881 ternarius
2527 1826 2752 1894 binario,
2776 1827 2862 1880 vel
2888 1826 2931 1879 si
2956 1825 3198 1879 senarius
3218 1823 3582 1893 quaternario.

2001 1919 2082 1971 vel
2115 1917 2434 1971 novenarius
2490 1917 2700 1971 senario
2747 1924 3111 1982 comparetur,
3158 1916 3235 1969 vel
3270 1929 3458 1968 omnes
3489 1913 3584 1966 tri-

2002 2007 2169 2076 plices
2192 2009 2497 2077 superiores
2528 2008 2571 2062 si
2604 2008 2904 2074 duplicibus
2934 2008 3170 2062 numeris
3209 2007 3586 2074 consequenti-

2002 2098 2103 2153 bus
2136 2108 2493 2167 opponantur,
2532 2098 2801 2165 hemiolia,
2836 2100 2886 2153 id
2932 2106 3015 2153 et
3066 2097 3411 2165 sesquialtera
3468 2111 3587 2160 pro-

2004 2187 2181 2255 portio
2223 2197 2496 2252 nascetur,
2536 2195 2647 2242 tres
2696 2189 2838 2242 enim
2872 2188 3070 2243 habent
3117 2187 3252 2241 intra
3283 2201 3341 2240 se
3380 2186 3508 2248 duo,
3536 2197 3587 2239 ct

2003 2292 2191 2332 eorum
2224 2277 2451 2332 mediam
2476 2287 2702 2347 partem,
2729 2278 2780 2332 id
2807 2286 2889 2332 est
2920 2279 2970 2338 l,
3013 2292 3105 2332 sex
3156 2290 3366 2346 quoque
3417 2276 3586 2328 centi-

2006 2376 2134 2422 nent
2160 2368 2297 2420 intra
2332 2382 2390 2421 se
2414 2369 2467 2436 4,
2498 2378 2550 2422 ει
2580 2383 2763 2421 eorum
2799 2368 3160 2431 medietatem,
3224 2366 3270 2419 id
3319 2375 3402 2420 est
3430 2366 3485 2429 9.,
3534 2380 3590 2417 et

2004 2471 2195 2511 novem
2226 2458 2362 2511 intra
2395 2472 2454 2512 se
2476 2457 2743 2511 senarium
2793 2458 3066 2523 claudunt,
3099 2465 3153 2511 et
3199 2456 3315 2525 ejus
3358 2456 3585 2509 mediam

2001 2559 2229 2616 prtem,
2258 2548 2308 2601 id
2333 2557 2414 2602 est
2443 2550 2499 2613 5,
2533 2550 2828 2617 eodemque
2853 2549 3009 2601 modo
3051 2548 3104 2601 in
3140 2547 3367 2601 caneris.
3404 2546 3589 2599 Dicen-

2005 2638 2130 2691 dum
2165 2654 2291 2692 vero
2322 2640 2364 2692 si
2413 2638 2535 2707 quis
2580 2640 2869 2693 secundam
2914 2638 3147 2706 speciem
3196 2638 3590 2705 superparticu-

2006 2732 2134 2785 laris
2166 2734 2371 2785 muneri
2396 2731 2741 2786 considerare
2773 2732 3064 2796 desideret,
3107 2732 3157 2782 id
3188 2740 3267 2783 est
3298 2732 3590 2799 sesqu'ter-

2005 2824 2156 2890 tiam,
2202 2824 2342 2893 quali
2395 2824 2603 2878 ratione
2651 2822 2903 2890 reperiat.
2956 2822 3031 2876 Ac
3080 2820 3321 2875 deﬁnitio
3376 2821 3588 2885 quidem

2008 2912 2166 2981 hujus
2196 2912 2615 2981 comparationis
2642 2912 2764 2966 talis
2812 2919 2914 2965 est.
2946 2908 3329 2979 Sesquitertius
3358 2919 3459 2972 est,
3501 2912 3591 2978 qui

2017 3003 2211 3057 minori
2242 3012 2603 3070 comparatus,
2631 3002 2789 3055 habet
2818 3015 2940 3054 eum
2972 2999 3135 3053 semel
3164 3009 3215 3052 et
3244 2998 3358 3067 ejus
3382 2999 3594 3060 tertiam

337 3095 460 3149 bulo
490 3103 850 3162 procreantur.
882 3093 1014 3147 Nam
1042 3093 1233 3162 duplus
1261 3109 1422 3149 unum
1456 3094 1778 3159 intermittit,
1811 3094 1904 3148 tri-
1932 3063 1979 3127 (δ
2013 3101 2248 3160 partem;
2273 3093 2366 3148 sed
2388 3092 2441 3145 hi
2464 3093 2807 3147 inveniuntur
2833 3090 3163 3155 si,omnibus
3194 3104 3223 3142 a
3255 3092 3597 3159 quater-nario

337 3188 452 3255 plus
477 3189 533 3251 2,
565 3187 886 3257 quadruplus
907 3188 960 3250 5,
986 3186 1304 3256 quincuplus
1348 3186 1403 3241 4.
1451 3187 1516 3239 Et
1558 3186 1810 3255 deinceps
1840 3186 1904 3240 ad

340 3276 581 3332 eumdem
612 3275 851 3330 ordinem
887 3277 1160 3344 sequentia
1207 3284 1308 3329 est.
1359 3276 1425 3329 Et
1465 3290 1651 3329 omnes
1693 3275 1904 3342 q-idem

340 3366 482 3436 dupli
512 3365 799 3421 secundum
833 3365 1073 3433 proprias
1098 3362 1401 3434 scquentias
1426 3365 1632 3432 parium
1653 3379 1902 3419 numero-

341 3466 453 3510 rum
485 3471 640 3525 pares
664 3464 806 3510 sunt.
836 3455 1001 3522 Tripli
1027 3470 1173 3519 vero,
1202 3471 1337 3508 unus
1366 3470 1578 3523 semper
1604 3470 1698 3523 par
1728 3456 1909 3509 termi.

343 3560 461 3611 nus,
491 3546 662 3615 impar
686 3545 818 3599 alius
843 3546 1128 3600 invenitur.
1184 3545 1478 3612 Quadrupli
1530 3560 1678 3608 vero,
1727 3559 1910 3599 rursus

344 3647 553 3703 semper
579 3649 759 3704 parem
789 3633 1095 3688 custodiunt
1133 3633 1504 3701 quantitatem.
1560 3632 1909 3688 Constituun-

344 3732 533 3793 turque
556 3739 587 3777 a
617 3732 805 3792 quarto
837 3739 1077 3788 numero,
1106 3738 1212 3777 uno
1241 3739 1302 3776 ex
1331 3723 1602 3792 prioribus
1639 3738 1735 3791 per
1770 3723 1915 3776 ordi-

346 3828 469 3867 nem
499 3813 690 3880 positis
712 3812 929 3878 paribus
957 3813 1281 3880 intermisso,
1307 3815 1478 3883 primo
1526 3814 1641 3882 pari
1688 3813 1913 3879 binario,

348 3911 467 3971 post
490 3901 630 3953 hunc
654 3900 687 3954 8
709 3900 1010 3954 intermisso
1048 3903 1277 3971 senario,
1336 3911 1456 3971 post
1484 3902 1626 3956 hunc
1659 3904 1725 3956 12
1748 3910 1919 3957 trans-

349 3992 513 4044 misso
564 3990 803 4044 denario.
832 3992 1002 4059 Atque
1031 3991 1129 4047 hoc
1158 3992 1297 4046 idem
1335 3993 1385 4046 in
1417 3993 1651 4048 caeteris.
1685 3992 1919 4058 Quincu-

347 4080 418 4150 pli
441 4094 567 4134 vero
590 4079 898 4148 propositio,
934 4082 1220 4135 secundum
1248 4082 1469 4151 triplicis
1491 4082 1917 4148 similitudimm,

347 4171 645 4225 alternatim
664 4186 745 4241 par
760 4172 877 4227 ibus
894 4183 1053 4242 atque
1076 4174 1365 4241 imparibus
1384 4175 1591 4244 positis,
1623 4176 1919 4230 ordinatur.

914 4262 1138 4318 CAPUT
1180 4264 1363 4319 XXIV.

423 4354 497 4408 De
524 4354 995 4427 superporticulari,
1028 4355 1235 4423 ejusque
1262 4358 1543 4425 speciebus,
1584 4375 1857 4431 earumque

931 4445 1361 4515 generationibus.

423 4536 933 4610 Superparticularis
986 4530 1114 4591 vero
1158 4548 1240 4591 est
1290 4554 1544 4600 numerus
1592 4544 1658 4598 ad
1689 4536 1920 4600 alterum

353 4638 713 4697 comparatus,
747 4628 988 4697 quotiens
1013 4614 1170 4682 habet
1205 4629 1256 4682 in
1287 4644 1347 4683 se
1378 4640 1543 4685 totum
1578 4634 1838 4691 minorem
1876 4644 1931 4689 et

358 4728 561 4786 partem
591 4717 706 4786 ejus
737 4715 985 4787 aliquam.
1020 4717 1116 4782 Qui
1163 4719 1208 4772 si
1241 4719 1462 4773 minoris
1510 4720 1703 4776 habeat
1733 4722 1932 4777 medie-

359 4815 547 4871 tatem,
574 4815 792 4860 vocatur
834 4806 1174 4876 sesquialter,
1199 4808 1243 4862 si
1281 4823 1409 4863 vero
1458 4811 1667 4864 tertiam
1697 4820 1928 4881 partem,

356 4906 582 4951 vocatur
634 4896 1022 4965 sesquitertius,
1055 4897 1097 4951 si
1131 4913 1258 4953 vero
1285 4908 1547 4968 quartam,
1574 4910 1793 4956 vocatur
1820 4917 1934 4957 ses-

313 5034 330 5073 Χ
360 4985 695 5053 quiquartus.
719 4992 771 5037 et
792 4983 836 5037 si
862 4985 1123 5052 quintam,
1146 4998 1366 5042 vocatur
1387 4990 1805 5060 sesquiquintus.
1839 4992 1935 5045 At-

362 5091 464 5143 que
489 5075 571 5129 his
595 5076 898 5129 nominibus
935 5077 986 5133 in
1038 5078 1299 5134 inﬁnitum
1331 5082 1525 5149 ducis,
1584 5085 1637 5137 in
1676 5084 1939 5139 inﬁnitum

360 5178 572 5232 quoque
628 5165 1185 5231 superparticularium
1242 5170 1410 5224 forma
1461 5175 1816 5243 progreditur.
1874 5175 1940 5230 Et

364 5257 591 5322 majores
617 5257 828 5325 quidem
857 5260 1060 5313 numeri
1092 5260 1192 5315 huc
1216 5262 1375 5317 modo
1400 5275 1678 5333 vocantur,
1700 5265 1936 5320 minores

362 5357 495 5396 vero
523 5343 607 5412 qui
630 5344 891 5399 habentur
930 5348 1025 5400 toti
1074 5359 1127 5403 et
1176 5365 1363 5405 eorum
1392 5352 1569 5422 aliqua
1620 5368 1765 5421 pars,
1797 5370 1934 5410 unus

362 5431 799 5500 subsesutialter,
832 5436 968 5490 alter
996 5439 1489 5508 subsesquitertius,
1535 5443 1670 5497 alius
1720 5445 1936 5500 subses-

363 5523 694 5591 quiquartus,
727 5524 862 5579 alius
892 5543 1018 5580 vero
1046 5529 1566 5601 subsesquiquintus,
1605 5544 1764 5603 atque
1796 5538 1933 5593 idem

360 5613 654 5668 scentulum
683 5615 941 5685 majorum
980 5634 1217 5674 normam
1267 5624 1766 5694 multitudinemque
1813 5645 1938 5697 pro-

2018 3196 2243 3235 numero
2273 3182 2623 3235 continuatim
2648 3180 2958 3251 quadruplis
2986 3180 3312 3245 constitutis,
3362 3195 3389 3233 a
3422 3190 3596 3234 terna-

2015 3273 2097 3327 rio
2124 3288 2347 3327 numero
2381 3274 2615 3341 triplices
2668 3282 3068 3342 comparentur,
3124 3282 3385 3341 eruntque
3438 3272 3598 3327 duces

2014 3363 2318 3430 quadrupli,
2346 3364 2569 3417 comites
2601 3362 2764 3433 tripli.
2797 3364 2875 3419 Sit
2898 3364 3042 3419 enim
3067 3362 3121 3418 in
3149 3365 3335 3419 ordine
3364 3362 3462 3416 hoc
3486 3378 3600 3416 mn-

2014 3452 2084 3506 do
2106 3467 2361 3507 numerus
2390 3453 2670 3518 naturalis,
2699 3464 2755 3508 ut
2783 3455 2880 3508 sub
2909 3470 2974 3507 eo
3001 3453 3304 3522 quadrupli,
3337 3458 3391 3507 et
3414 3452 3511 3505 sub
3533 3467 3600 3525 eo

2015 3542 2158 3610 tripli
2188 3541 2315 3605 sint,
2361 3552 2691 3610 supponitur
2720 3545 2819 3599 sub
2854 3545 3028 3614 primo
3072 3544 3369 3612 quadruplo
3401 3544 3601 3609 primus

2019 3633 2229 3699 triplus,
2264 3632 2362 3687 sub
2391 3622 2636 3690 secundo
2664 3636 2950 3698 secundus,
2992 3636 3091 3689 sub
3122 3635 3278 3689 tertio
3310 3634 3515 3691 tetius.
3549 3642 3602 3688 et

2020 3722 2210 3777 eodem
2242 3723 2404 3778 modo
2441 3727 2619 3780 cuncti
2650 3726 2889 3794 ejusdem
2938 3725 3094 3795 primi
3145 3740 3330 3780 versus
3372 3725 3512 3792 tripli
3549 3726 3599 3777 iu

2022 3812 2263 3868 ordinem
2286 3813 2598 3885 dirigantur.

2030 3909 2299 3918 ——.————

2203 3924 3605 3996 Ii|9|3|4!5|6|7l8l_

2206 4006 3445 4066 14181121161201241281521

2205 4088 3443 4149 ιδιδιειιειιειιειειιειι

3244 4151 3609 4164 c..——~

2028 4188 2191 4259 Igitur
2213 4193 2441 4259 primum
2475 4193 2649 4259 primo
2677 4193 2718 4245 si
2746 4206 3053 4261 compares,
3100 4193 3442 4261 sesquitertia
3473 4194 3608 4246 ratio

2029 4284 2407 4341 continebitur.
2437 4284 2567 4339 Nam
2596 4285 2641 4340 si
2669 4287 2704 4340 4
2730 4286 2897 4340 tribus
2928 4301 3225 4354 compares,
3257 4286 3521 4341 habebunt
3553 4286 3605 4338 in

1954 4409 2006 4467 ι)
2033 4390 2092 4430 εε
2116 4378 2172 4442 4,
2208 4386 2374 4432 totum
2404 4378 2691 4431 ternarium
2716 4387 2771 4432 et
2797 4379 2913 4446 ejus
2938 4380 3151 4433 tertiam
3197 4386 3422 4444 partem,
3458 4378 3506 4430 id
3530 4386 3613 4431 est

2032 4470 2083 4529 1,
2115 4475 2170 4520 ει
2195 4466 2239 4521 si
2267 4467 2558 4522 secundum
2581 4468 2839 4532 secundo,
2870 4469 2918 4521 id
2943 4479 3023 4522 est
3044 4469 3374 4521 octonarium
3399 4468 3613 4519 senario

2031 4570 2328 4622 compares,
2372 4556 2510 4611 idem
2541 4558 2781 4611 invenies
2814 4557 3066 4611 :habebit
3110 4558 3251 4611 enim
3300 4557 3612 4610 octonarius

2034 4645 2303 4698 senarium
2334 4655 2523 4707 totum,
2552 4654 2605 4699 et
2628 4645 2743 4711 ejus
2786 4646 2996 4699 tertiam
3030 4656 3259 4714 partem,
3288 4646 3340 4699 id
3362 4652 3447 4699 est
3471 4646 3529 4709 2,
3558 4655 3616 4698 et
3656 4664 3659 4669 ν

2037 4746 2131 4796 per
2158 4731 2402 4785 eamdem
2427 4734 2757 4802 sequentiam
2802 4749 2970 4802 usque
3004 4736 3054 4788 in
3098 4734 3363 4789 inﬁnitum
3396 4750 3615 4803 progre-

2033 4820 2287 4882 diendum
2318 4832 2424 4877 est.
2457 4824 2754 4878 Notandum
2784 4840 2995 4892 quoque
3024 4827 3265 4894 estquod
3309 4829 3343 4882 '5
3390 4826 3617 4881 comites

2035 4919 2179 4974 sunt,
2210 4911 2373 4965 duces
2404 4912 2457 4965 ι.
2486 4913 2687 4967 Rursus
2720 4914 2752 4968 6
2772 4914 3018 4982 comites,
3056 4914 3219 4969 duces
3259 4916 3311 4979 8,
3342 4924 3398 4970 et
3427 4917 3477 4967 in
3524 4929 3617 4969 eo-

2034 5001 2155 5056 dem
2183 5001 2369 5057 ordine
2389 5004 2569 5058 caeteri
2592 5005 2751 5059 simili
2773 5004 2931 5059 modo
2948 5013 3205 5059 vocantur
3228 5005 3389 5060 duces
3411 5005 3617 5074 sesqui-

2043 5099 2147 5144 tert
2173 5089 2207 5153 i,
2240 5094 2462 5154 comites
2484 5094 2931 5162 subsesquitertii,
2954 5096 3076 5149 etin
3098 5096 3303 5150 cunctis
3327 5096 3615 5151 secundum

2045 5179 2184 5233 hunc
2212 5182 2429 5237 modum
2464 5185 2632 5252 posita
2659 5185 2909 5239 convenit
2952 5200 3168 5241 servare
3194 5187 3475 5241 vocabula.

2612 5276 2847 5331 CAPUT
2884 5272 3046 5330 XXV.

2050 5361 2123 5417 De
2174 5365 2399 5433 quodam
2446 5365 2559 5418 utili
2586 5368 2653 5418 ad
2695 5367 3029 5436 cognitionem
3071 5367 3621 5437 saperparticularibmt

2682 5456 2960 5509 accidente.

2119 5541 2229 5597 lloc
2250 5552 2427 5597 autem
2458 5542 2773 5598 admirabile
2803 5544 3383 5615 profundissimumque
3414 5547 3467 5599 in
3496 5546 3623 5598 isto.

2048 5649 2161 5687 rum
2194 5634 2471 5690 ordinibus
2512 5635 2798 5702 invenitur,
2830 5635 2970 5702 quod
3022 5637 3223 5704 primus
3253 5638 3356 5709 dux
3391 5637 3621 5707 primus-
