4216 6256
345 377 487 452 tros

1551 407 1637 463 DE
1676 408 2144 472 ARITIIMETICA
2189 419 2318 475 LIB.
2359 419 2396 475 Ι.

3475 435 3612 489 M00

347 514 630 570 titudinem
663 518 989 586 pernotabit.
1016 520 1214 591 llisque
1241 530 1321 577 est
1350 522 1664 583 ordinabilis
1689 543 1850 599 super
1874 546 1932 586 se
1961 536 2012 591 A
2039 547 2194 586 secus
2216 535 2415 603 anguli,
2442 536 2704 591 secundas
2737 537 2964 592 habeant
3006 538 3253 604 unitates,
3305 551 3358 596 et
3389 543 3493 598 duo
3522 562 3614 598 an-

346 607 673 674 progressio,
707 620 763 664 ut
795 611 996 679 primus
1040 615 1267 680 primum
1298 614 1464 669 tribus
1504 628 1741 686 superet,
1793 629 1853 675 ut
1895 624 1925 676 4

347 698 628 753 unitatem.
658 700 938 757 Secundus
961 706 1253 759 secundum
1282 708 1495 762 senario
1513 709 1707 776 vincat,
1734 722 1930 768 utocto

347 786 638 843 binarium.
698 790 910 846 Tertius
957 796 1170 848 tertium
1223 801 1515 854 novcnario
1566 809 1817 869 transeat,
1875 817 1931 862 ut

347 875 711 934 duodenarius
742 884 1055 949 ternarium,
1075 895 1128 938 et
1146 898 1433 956 sequentes
1457 894 1738 947 summula:
1768 897 1926 950 trium

347 983 408 1024 se
437 983 654 1040 semper
682 971 885 1040 adjecta
941 975 1240 1041 quantitate
1285 980 1600 1036 transiliant.
1635 984 1702 1038 Et
1740 987 1783 1038 si
1812 989 1928 1054 quis

349 1060 680 1115 subteriores
709 1063 1188 1132 aspiciatangulos,
1213 1067 1351 1123 idem
1380 1085 1474 1139 per
1518 1087 1704 1128 omnes
1752 1077 1926 1131 multi-

347 1151 598 1220 plicitatis
629 1153 857 1220 species,
913 1169 1081 1223 usque
1111 1157 1178 1211 ad
1207 1158 1488 1227 decuplum
1521 1163 1925 1232 dispositissima

346 1243 687 1300 ordinatione
718 1251 1016 1314 perveniet.
1065 1250 1121 1305 Si
1151 1253 1269 1319 quis
1295 1269 1424 1308 vero
1475 1257 1525 1310 in
1577 1256 1678 1312 hac
1729 1260 1934 1316 descri-

345 1334 551 1402 ptione,
598 1341 1105 1406 superpartieularis
1132 1343 1340 1411 species
1371 1348 1622 1414 requirat,
1658 1351 1749 1404 tali
1774 1353 1932 1408 modo

347 1426 606 1492 reperiet.
635 1427 690 1482 Si
714 1429 854 1483 enim
880 1433 1173 1487 secundum
1201 1435 1454 1502 angulum
1478 1449 1645 1508 notet,
1680 1445 1830 1510 cujus
1852 1456 1933 1499 est

353 1515 561 1570 initium
602 1523 999 1590 quaternarius,
1031 1525 1189 1594 eique
1214 1528 1514 1597 superjacet
1545 1531 1800 1600 binarius,
1854 1547 1934 1591 at-

351 1621 460 1676 que
512 1609 650 1664 hunc
688 1624 1001 1680 sequentem
1057 1619 1177 1685 quis
1229 1624 1595 1678 accommodet
1646 1627 1931 1693 ordinem,

351 1698 700 1766 sesquialtera
732 1705 1006 1772 proportio
1035 1706 1410 1765 declarabitur.
1445 1713 1572 1766 Nam
1599 1717 1784 1770 tertius
1841 1732 1928 1774 se-

352 1789 514 1841 eundi
536 1804 743 1859 versus,
777 1797 1099 1865 sesquialter
1126 1809 1229 1864 est,
1259 1810 1316 1855 ut
1344 1809 1455 1858 tres
1483 1806 1549 1858 ad
1580 1805 1706 1872 duo,
1730 1808 1808 1862 vel
1838 1824 1930 1865 sex

2040 624 2305 690 gularium
2334 633 2732 694 tetragonorum
2782 629 2979 698 anguli,
3013 645 3219 698 aequum
3245 631 3444 686 faciunt
3473 647 3612 700 qnou

2039 712 2138 766 sub
2158 714 2288 782 ipsis
2319 717 2642 783 continetur,
2683 718 2757 771 illi
2798 719 2937 787 quod
2967 720 3024 772 lit
3054 719 3120 772 ab
3149 736 3252 773 uno
3277 721 3487 775 illorum
3524 727 3611 793 qui

2037 812 2119 858 est
2144 804 2463 860 altrinsecus
2497 808 2832 876 angulorum.
2861 809 3021 865 Multa
3051 812 3192 863 enim
3216 819 3342 864 sunt
3367 813 3467 865 alia
3497 829 3613 882 quae

2037 894 2091 947 in
2140 894 2242 950 hac
2285 897 2649 966 descriptione
2708 900 2852 953 utilia
2908 912 3129 969 possunt
3175 901 3614 969 admirabiliaque

2037 987 2315 1052 perpendi,
2347 1001 2464 1056 qua:
2489 989 2698 1042 interim
2747 1000 2964 1058 propter
3013 992 3321 1058 castigatam
3368 991 3608 1046 introdu-

2037 1074 2189 1128 cendi
2219 1076 2535 1131 brevitatem
2566 1078 2744 1147 ignota
2774 1093 2892 1134 esse
2917 1080 3296 1148 permittimus.
3318 1080 3465 1136 Nunc
3488 1097 3613 1136 vero

2036 1167 2102 1219 ad
2134 1168 2406 1234 sequentia
2436 1169 2764 1235 propositum
2789 1179 3183 1224 convertemus.

2571 1258 2795 1314 CAPUT
2838 1258 3069 1312 XXVIII.

2041 1343 2118 1397 De
2131 1348 2284 1417 tertia
2303 1348 2666 1414 imtqualt'latis
2687 1349 2851 1416 specie
2871 1364 2985 1417 qua:
3001 1349 3187 1401 dicitur
3210 1351 3607 1417 superpartiens,

2133 1415 2292 1482 deque
2322 1417 2580 1485 speciebus
2611 1415 2740 1486 «λης,
2781 1415 3054 1486 earumque
3083 1415 3512 1488 generationibus.

2111 1503 2270 1571 Igitur
2301 1513 2420 1572 post
2459 1505 2592 1558 duas
2625 1507 2818 1574 primas
2842 1507 3176 1562 habitudines
3210 1509 3529 1578 multiplices
3557 1519 3609 1564 et

2039 1593 2572 1662 superparticulares,
2598 1605 2651 1650 et
2679 1611 2769 1650 cas
2796 1613 2913 1665 qua?
2940 1599 3039 1651 sub
3069 1599 3196 1666 ipsis
3222 1607 3345 1653 sunt
3372 1599 3608 1653 submut-

2039 1683 2245 1751 tiplices
2273 1695 2325 1739 et
2354 1686 3001 1756 subsuperparticulares,
3046 1690 3200 1744 tertia
3235 1691 3610 1759 intequalitatis

2041 1777 2248 1842 species
2287 1778 2578 1845 invenitur,
2622 1795 2740 1848 quae
2786 1796 2815 1833 a
2857 1781 3010 1836 nobis
3045 1782 3287 1850 superius
3330 1798 3611 1852 superpar-

352 1879 420 1933 ad
458 1891 706 1952 quatuor,
747 1886 829 1939 vel
852 1886 884 1941 9
911 1888 975 1941 ad
1006 1890 1059 1954 6,
1092 1891 1176 1944 vel
1203 1892 1266 1945 l2
1287 1894 1352 1946 ad
1381 1894 1434 1947 8.
1477 1865 1715 1967 Itemque
1738 1899 1790 1953 in
1825 1915 1932 1954 ca:-

2040 1866 2177 1920 tieus
2206 1865 2348 1920 dicta
2388 1877 2489 1922 est.
2529 1868 2655 1923 llaec
2681 1879 2764 1923 est
2797 1881 2994 1934 autem,
3034 1887 3153 1940 qua:
3183 1873 3238 1924 lit
3275 1887 3396 1926 cum
3426 1890 3610 1928 nume-

355 1971 483 2026 teris
503 1975 590 2041 qui
620 1984 744 2030 sunt
766 1977 816 2031 in
842 1980 1028 2035 eadem
1077 1983 1218 2036 serie
1266 1987 1499 2055 numeri,
1523 1989 1566 2042 si
1598 1989 1718 2044 talis
1740 1992 1928 2059 conju-

351 2063 492 2131 gatio
531 2066 838 2134 misceatur,
877 2071 1018 2125 nulla
1048 2074 1324 2130 varietatis
1347 2076 1727 2136 dissimilitudo
1763 2087 1930 2139 surri-

355 2156 485 2222 piet.
522 2157 722 2213 Eadem
753 2169 930 2217 tamen
954 2178 1280 2222 summarum
1333 2175 1700 2242 supergressio
1742 2187 1825 2233 est
1878 2179 1929 2233 in

355 2244 459 2299 hoc
489 2261 721 2318 quoque,
755 2267 873 2320 quae
895 2254 947 2308 in
973 2256 1268 2325 duplicibus
1288 2260 1402 2316 i’uit.
1426 2264 1631 2319 Primus
1657 2268 1795 2321 enim
1823 2272 1928 2338 pri-

355 2350 525 2402 mum,
556 2339 608 2392 id
635 2350 717 2395 est
748 2347 1010 2401 ternarius
1040 2349 1299 2406 binarium
1324 2369 1430 2408 uno
1459 2367 1695 2427 superat,
1741 2374 1926 2415 secun-

352 2427 454 2481 dus
480 2443 608 2484 vero
637 2435 954 2503 secundum,
975 2438 1182 2495 duobus
1212 2444 1418 2512 tertius,
1476 2449 1688 2502 tertium
1735 2451 1922 2516 tribus,

351 2525 405 2571 et
434 2519 710 2589 deinceps.
740 2525 796 2578 Si
828 2541 954 2581 vero
975 2540 1195 2597 quartus
1217 2535 1350 2588 ordo
1381 2536 1539 2590 tertio
1565 2551 1922 2608 comparetur,

331 2615 412 2659 ‘ut
432 2607 466 2660 4
488 2610 554 2661 ad
579 2611 634 2674 3,
662 2620 714 2664 et
741 2614 928 2670 eodem
971 2628 1195 2674 Caeteros
1223 2623 1413 2678 ordine
1438 2631 1785 2695 consecteris,
1813 2646 1930 2684 ses-

353 2697 603 2764 quitertia
633 2707 965 2771 comparatio
1002 2709 1291 2779 colligitur,
1325 2723 1382 2767 ut
1401 2716 1434 2768 4
1457 2716 1519 2768 ad
1543 2719 1594 2781 5,
1622 2719 1703 2772 vel
1726 2719 1757 2772 8
1783 2721 1847 2773 ad
1873 2721 1926 2784 6,

355 2798 410 2842 et
456 2790 520 2843 l2
562 2792 627 2845 ad
675 2795 729 2863 9,
787 2797 1006 2853 videsne
1039 2809 1093 2854 ut
1121 2802 1174 2855 in
1206 2804 1455 2862 omnibus
1482 2806 1565 2862 his
1593 2811 1926 2879 sesquitertia

353 2884 682 2949 comparatio
711 2889 1102 2943 conservetur?
1133 2891 1393 2947 Praeteiea
1422 2909 1516 2950 eos
1554 2899 1640 2966 qui
1677 2900 1775 2953 sub
1803 2901 1930 2969 ipsis

353 2979 497 3036 sunt,
530 2974 574 3027 si
605 2974 744 3030 idem
774 2977 972 3033 l'aciens
993 2991 1278 3048 sequentes
1293 2999 1480 3039 versus
1498 2987 1768 3044 alterutris
1785 3005 1930 3044 com-

354 3068 654 3132 paraveris,
682 3083 870 3125 omnes
899 3071 1015 3126 sine
1039 3073 1146 3126 ullo
1177 3075 1558 3143 impedimento
1604 3082 1809 3148 species
1833 3097 1926 3137 su-

353 3159 786 3224 perpartieularis
806 3175 1085 3230 agnosces.
1107 3163 1216 3218 Hoc
1236 3173 1412 3220 autem
1448 3171 1500 3221 in
1537 3169 1634 3222 hac
1653 3180 1734 3224 est
1750 3172 1927 3239 dispo-

351 3246 544 3300 sitione
606 3248 890 3318 divinum,
947 3253 1086 3324 quod
1141 3269 1330 3311 omnes
1384 3260 1665 3327 angulares
1720 3265 1920 3317 numeri
1957 3254 2001 3313 C

353 3340 611 3406 tetragoni
635 3349 776 3394 sunt.
809 3342 1138 3413 Tetragonus
1167 3355 1344 3402 autem
1387 3350 1595 3417 dicitur,
1629 3361 1685 3407 ut
1720 3354 1924 3410 brevis-

352 3428 491 3484 sime
519 3431 714 3498 dicam,
743 3435 884 3501 quod
910 3446 1029 3502 post
1056 3437 1210 3492 latius
1236 3441 1613 3509 explicabitur,
1637 3460 1792 3514 quem
1820 3448 1923 3502 duo

351 3519 585 3580 aequales
612 3523 1215 3595 numerimultiplicant,
1249 3539 1306 3583 ut
1349 3531 1398 3585 in
1441 3532 1541 3587 hac
1587 3550 1796 3604 quoque
1833 3538 1924 3592 (ιιι-

345 3608 638 3676 scriptione
685 3620 794 3676 est;
849 3630 985 3670 unus
1035 3617 1176 3672 enim
1208 3622 1395 3688 semel,
1437 3639 1572 3678 unus
1601 3635 1702 3692 est,
1754 3637 1807 3682 et
1846 3639 1926 3684 est

351 3707 614 3765 potestate
641 3709 969 3771 tetragonus.
1012 3707 1138 3761 Item
1175 3710 1254 3764 bis
1277 3711 1381 3765 duo
1426 3714 1463 3767 4
1506 3725 1647 3768 sunt.
1681 3717 1787 3772 Ter
1810 3716 1846 3770 5
1869 3721 1922 3784 9,

350 3802 484 3855 quos
541 3789 594 3841 in
642 3794 957 3861 semetipsas
996 3799 1466 3867 multiplicationes
1518 3806 1671 3872 primi
1723 3808 1923 3863 ordinis

351 3876 648 3943 perfecere.
673 3877 884 3934 Circum
907 3886 1048 3952 ipsos
1075 3901 1203 3942 vero
1224 3891 1308 3959 qui
1333 3901 1476 3954 sunt,
1508 3893 1557 3946 id
1599 3903 1678 3948 est
1724 3898 1920 3952 circum

352 3966 655 4034 angulares,
687 3970 981 4041 longilateri
1011 3980 1215 4034 numeri
1247 3994 1391 4038 sunt.
1425 3984 1791 4055 Longilateros
1831 4006 1921 4044 au-

352 4065 459 4110 tem
487 4071 637 4126 voco,
666 4077 798 4131 quos
828 4081 931 4120 uno
959 4084 1018 4123 se
1041 4075 1508 4142 supergredientes
1535 4080 1738 4134 numeri
1789 4082 1921 4135 mul-

351 4148 613 4214 tiplicant.
647 4152 853 4209 Circum
889 4159 921 4211 4
951 4161 1090 4214 enim
1119 4162 1153 4214 2
1179 4175 1302 4219 sunt
1347 4176 1402 4221 et
1445 4169 1498 4234 6,
1545 4171 1636 4224 sed
1669 4171 1774 4225 duo
1827 4189 1918 4227 na.

351 4247 573 4291 scuntur
595 4256 657 4295 ex
686 4257 790 4297 uno
814 4256 866 4300 et
892 4247 1116 4315 duobus,
1144 4267 1264 4308 cum
1306 4271 1465 4326 unum
1495 4259 1575 4313 bis
1603 4263 1921 4329 multiplica-

353 4329 514 4396 veris,
545 4331 638 4384 sed
665 4336 838 4387 unitas
886 4349 914 4386 a
964 4337 1170 4394 binario
1222 4345 1421 4401 unitate
1451 4352 1786 4415 praeceditur.
1819 4354 1922 4408 Sex

354 4429 481 4470 vero
505 4433 533 4470 a
556 4419 765 4475 duobus
786 4432 838 4476 et
869 4423 1056 4488 tribus,
1088 4427 1170 4482 bis
1197 4433 1336 4486 enim
1378 4443 1485 4489 tres
1515 4441 1779 4500 senarium
1805 4443 1925 4497 red-

352 4506 504 4561 dunt.
539 4507 894 4566 Novenarium
930 4528 1074 4578 vero,
1122 4531 1214 4571 sex
1245 4530 1298 4573 et
1333 4523 1397 4575 t2
1424 4525 1696 4592 claudunt,
1729 4531 1816 4597 qui
1861 4532 1924 4585 12

349 4611 418 4651 ex
449 4599 618 4658 tribus
649 4613 941 4658 nascuntur
981 4615 1036 4660 et
1067 4611 1119 4662 4.
1157 4609 1263 4663 Ter
1291 4613 1430 4666 enim
1460 4614 1492 4665 4
1521 4615 1653 4670 ﬁunt
1706 4620 1790 4672 Η.
1832 4621 1923 4675 Se-

350 4688 532 4742 narius
563 4704 711 4756 vero,
747 4707 810 4745 ex
837 4693 1043 4749 duobus
1074 4705 1127 4751 et
1152 4699 1338 4767 tribus,
1373 4703 1458 4757 bis
1493 4706 1634 4759 enim
1663 4707 1696 4760 5
1726 4708 1923 4764 faciunt

351 4775 407 4829 6.
453 4776 553 4841 Qui
597 4793 804 4843 omnes,
854 4797 960 4836 uno
1016 4786 1307 4854 majoribus
1359 4791 1612 4847 lateribus
1661 4799 1923 4861 procreati

349 4873 495 4919 sunt.
526 4865 658 4922 Nam
681 4885 800 4924 cum
833 4872 865 4926 6
893 4887 957 4926 ex
989 4873 1200 4932 binario
1230 4882 1570 4952 ternarioque
1611 4896 1918 4954 nascuntur,

355 4964 465 5010 tres
490 4957 755 5012 binarium
778 4976 1057 5019 numerum
1086 4982 1190 5021 uno
1217 4981 1491 5039 superant.
1517 4972 1810 5045 Cunetique
1832 4978 1922 5031 alii

350 5047 588 5115 ejusdem
603 5051 744 5104 modi
760 5061 902 5119 sunt,
921 5063 975 5108 ut
988 5058 1161 5125 primo
1172 5071 1225 5116 et
1241 5063 1476 5118 secundo
1488 5065 1673 5121 ordine
1690 5069 1756 5121 ad
1773 5068 1928 5123 alter-

353 5147 529 5192 utrum
590 5141 953 5210 multiplicatis
1017 5150 1260 5204 terminis
1319 5158 1694 5223 procreentur,
1754 5158 1822 5210 ita
1873 5168 1929 5212 ut

326 5229 492 5314 [quod
517 5232 749 5288 nascitur
774 5249 838 5288 ex
865 5237 1070 5292 duobus
1094 5240 1422 5310 longilateris
1449 5246 1763 5302 altrinsecus
1788 5249 1926 5318 posi-

352 5319 443 5385 tis,
469 5329 522 5372 et
547 5321 626 5376 bis
653 5324 826 5378 medio
854 5328 1154 5398 tetragono,
1183 5340 1489 5402 tetragonus
1527 5336 1614 5389 sit.
1647 5336 1712 5390 Et
1742 5352 1924 5392 rursus

350 5409 491 5476 quod
517 5426 582 5464 ex
614 5412 818 5469 duobus
845 5417 1163 5475 altrinsecus
1195 5428 1507 5494 tetragonis,
1539 5435 1592 5480 et
1621 5444 1724 5481 uno
1749 5431 1924 5485 medio

348 5501 666 5570 longilatero
687 5507 768 5560 bis
792 5506 930 5563 facto
961 5515 1222 5580 nascitur,
1247 5516 1359 5585 ipse
1389 5534 1598 5588 quoque
1621 5529 1923 5592 tetragonus

348 5595 437 5645 sit.
464 5594 529 5647 Et
557 5605 612 5650 ut
633 5599 946 5667 angulorum
973 5604 1132 5658 totius
1155 5604 1528 5675 descriptionis
1550 5611 1614 5664 ad
1644 5615 1922 5681 angulares

350 5691 652 5752 tetragonos
682 5689 976 5755 positorum
1010 5695 1165 5755 unius
1222 5701 1396 5767 anguli
1424 5702 1490 5755 sit
1524 5702 1690 5770 prima
1723 5707 1914 5777 unitas,

348 5774 565 5830 alterius
599 5794 722 5842 vero
755 5782 842 5846 qui
873 5793 1059 5847 contra
1088 5795 1166 5841 est
1200 5789 1376 5842 tertia.
1436 5791 1548 5847 Bini
1582 5807 1706 5848 vero
1735 5774 1918 5856 altrin-

2038 1973 2128 2013 rus
2158 1958 2225 2013 ad
2254 1959 2416 2013 alium
2442 1973 2804 2030 comparatus,
2842 1962 3001 2017 habet
3025 1979 3145 2017 eum
3171 1973 3338 2018 totum
3371 1965 3606 2032 inirase,

2036 2058 2089 2103 et
2118 2049 2232 2120 ejus
2274 2051 2490 2120 insuper
2537 2054 2741 2121 aliquas
2771 2064 2972 2121 partes,
3016 2056 3098 2109 vel
3129 2055 3285 2121 duas,
3318 2057 3397 2110 vel
3443 2059 3492 2121 3,
3528 2060 3609 2111 vel

2034 2139 2091 2204 4,
2121 2140 2202 2193 vel
2231 2149 2360 2209 quot
2407 2144 2518 2209 ipsa
2566 2144 2749 2196 tulerit
2792 2145 3142 2212 comparatio.
3186 2145 3314 2210 Qua:
3356 2145 3609 2201 habitudo

2035 2227 2221 2297 incipit
2266 2244 2295 2282 a
2329 2231 2538 2284 duabus
2584 2232 2821 2300 partibus
2853 2233 3041 2286 tertiis.
3088 2234 3218 2288 Nam
3246 2236 3287 2288 si
3327 2235 3460 2289 duas
3506 2250 3624 2289 mec-

2035 2319 2262 2374 dietates
2292 2318 2558 2387 habuerit,
2592 2322 2682 2391 qui
2719 2323 2869 2376 illum
2903 2324 3039 2378 intra
3084 2341 3142 2380 se
3172 2337 3336 2381 tutum
3373 2337 3606 2392 coercet,

2034 2407 2224 2477 duplus
2246 2424 2343 2477 pro
2360 2413 2784 2479 superparticnte
2803 2416 3161 2483 componitur.
3192 2416 3606 2473 llabebitautem

2036 2496 2114 2549 vel
2147 2496 2280 2551 duas
2306 2501 2511 2564 tertias,
2542 2499 2625 2553 vel
2649 2500 2781 2556 duas
2802 2505 3034 2572 quintas,
3065 2504 3150 2557 vel
3178 2505 3308 2558 duas
3331 2507 3606 2575 septimus,

2033 2585 2113 2639 vel
2142 2585 2273 2641 duas
2303 2604 2490 2653 nonas,
2522 2600 2574 2644 et
2605 2591 2675 2644 ita
2718 2594 3181 2662 progredientibus
3225 2597 3267 2649 si
3301 2597 3433 2652 duas
3467 2601 3608 2654 solas

2032 2685 2209 2744 partes
2253 2680 2479 2733 minoris
2532 2684 2738 2736 numeri
2787 2685 3222 2752 superhabuerit,
3257 2703 3353 2756 per
3392 2691 3606 2745 easdem

2032 2777 2210 2835 partes
2249 2768 2542 2836 imparibus
2595 2773 2833 2826 numeris
2885 2774 3146 2828 minorem
3195 2776 3363 2844 major
3399 2793 3606 2833 Sttmma

2039 2856 2385 2908 transcendit.
2416 2856 2545 2909 Nam
2581 2859 2624 2912 si
2667 2874 2787 2911 eum
2816 2860 3006 2914 habeat
3038 2871 3202 2916 totum
3240 2874 3290 2917 et
3321 2865 3453 2920 duas
3491 2869 3606 2937 ejus

2035 2950 2272 3009 quartas,
2298 2947 2798 3013 superpartieularis
2830 2952 3130 3004 necessario
3165 2955 3446 3022 reperitur.
3476 2957 3604 3011 Nam

2036 3031 2154 3084 dua:
2182 3043 2385 3099 quartae
2413 3034 2673 3088 medietas
2699 3045 2801 3102 est,
2831 3047 2882 3091 et
2914 3038 2968 3091 lit
2998 3042 3351 3110 sesquialtera
3388 3060 3606 3116 compa-

2035 3120 2190 3174 ratio.
2225 3121 2279 3173 Si
2311 3136 2437 3175 vero
2466 3123 2598 3177 duas
2645 3133 2848 3189 sextas,
2881 3141 3066 3182 rursus
3110 3137 3190 3183 est
3220 3135 3606 3201 superpartieu-

2037 3207 2183 3263 laris.
2220 3209 2346 3263 Dusc
2373 3211 2512 3264 enim
2555 3226 2744 3278 sexu»,
2781 3229 2902 3282 pars
2948 3218 3104 3271 tertia
3135 3229 3233 3272 est.
3270 3221 3422 3287 Quod
3471 3224 3514 3278 si
3553 3227 3606 3279 iit

2031 3300 2433 3368 comparatione
2462 3313 2707 3369 ponatur,
2743 3305 3100 3373 sesquitertia:
3145 3308 3468 3367 habitudinis
3493 3314 3606 3368 eiii-

2031 3388 2136 3443 ciet
2160 3389 2410 3444 formam.
2442 3391 2566 3446 Post
2597 3392 2694 3447 hos
2735 3405 3027 3448 nascuntur
3069 3401 3312 3466 comites,
3348 3406 3435 3471 qui
3480 3406 3603 3458 sub-

2028 3480 2487 3548 superpartientes
2511 3492 2802 3549 vocantur;
2836 3485 2886 3538 hi
2921 3494 3098 3541 autem
3131 3499 3251 3542 sunt
3280 3492 3368 3558 qui
3404 3492 3604 3548 haben-

2034 3578 2117 3622 tur
2145 3570 2212 3623 ab
2241 3571 2345 3625 alio
2382 3588 2625 3638 numero,
2658 3584 2711 3629 et
2740 3590 2924 3629 eorum
2957 3577 3037 3631 vel
3065 3577 3204 3644 duae,
3235 3583 3315 3634 vel
3342 3583 3396 3644 5,
3434 3585 3516 3638 vel
3548 3587 3601 3651 4,

2034 3659 2116 3713 vel
2144 3663 2406 3730 quotlibet
2431 3664 2551 3718 alia:
2585 3675 2785 3734 partes.
2820 3665 2874 3720 Si
2906 3681 3033 3738 ergo
3062 3684 3315 3725 numerus
3337 3673 3496 3727 alium
3525 3676 3599 3729 itt-

2036 3771 2112 3815 tra
2143 3776 2204 3815 se
2248 3776 2530 3816 numerum
2563 3761 2786 3830 habens,
2820 3763 2934 3832 ejus
2959 3765 3097 3819 duas
3128 3775 3304 3835 partes
3337 3768 3602 3836 habuerit,

2034 3855 2489 3924 superbipartiens
2515 3857 2847 3922 nominatur;
2876 3860 2918 3913 si
2944 3875 3068 3914 vero
3097 3869 3228 3928 tres,
3253 3866 3604 3935 supertripar-

2029 3945 2198 4008 tiens;
2229 3944 2367 4012 quod
2399 3945 2444 3997 si
2471 3944 2526 4011 4,
2559 3938 3171 4017 superquadripartiens,
3197 3961 3355 4022 atque
3383 3957 3454 4010 ita
3486 3973 3606 4026 pro-

2026 4027 2395 4101 gre'dientibus
2426 4036 2480 4089 in
2513 4034 2777 4091 inﬁnitum
2811 4039 3009 4108 lingere
3039 4044 3254 4098 nomina
3292 4045 3432 4098 licet.
3466 4045 3607 4100 Ordo

2033 4136 2208 4182 autem
2251 4143 2295 4185 ei
2321 4144 2441 4183 rum
2491 4130 2748 4185 naturalis
2793 4140 2893 4196 est,
2940 4133 3148 4201 quoties
3187 4134 3544 4205 disponuntur
3577 4155 3604 4191 a

2033 4220 2203 4276 tribus
2237 4235 2426 4275 omnes
2467 4235 2624 4290 pares
2650 4230 2810 4291 atque
2842 4222 3074 4293 impares
3115 4225 3323 4280 numeri
3353 4230 3608 4283 naturali-

2033 4321 2113 4365 ter
2155 4311 2453 4377 constituti,
2505 4320 2558 4366 et
2608 4312 2708 4366 sub
2759 4313 2842 4368 his
2886 4324 3136 4384 aptantur
3164 4317 3253 4370 alii
3290 4318 3378 4385 qui
3421 4328 3542 4373 sunt
3577 4338 3606 4374 a

2032 4403 2275 4470 quinario
2323 4416 2546 4455 numero
2605 4403 2919 4470 incipientes
2973 4418 3160 4458 omnes
3207 4406 3455 4472 impares.
3517 4408 3606 4462 llis

2034 4491 2194 4558 igitur
2218 4492 2289 4544 ita
2329 4491 2626 4559 dispesitis,
2666 4492 2710 4543 si
2745 4493 2947 4558 primus
2976 4493 3170 4559 primo,
3219 4497 3484 4549 secundus
3523 4513 3606 4550 se-

2033 4581 2232 4645 cundo,
2265 4583 2454 4635 tertius
2496 4580 2675 4642 tertio,
2727 4589 2779 4631 et
2818 4581 2999 4632 caeteri
3032 4583 3241 4634 caeteris
3292 4597 3606 4650 comparen-

2031 4678 2136 4734 tur,
2153 4669 2554 4735 superpartiens
2585 4665 2837 4719 habitudo
2866 4676 3195 4734 procreatur.
3225 4669 3304 4722 Sit
3326 4672 3466 4724 enim
3498 4673 3606 4729 dis-

2030 4757 2239 4824 positio-
2256 4757 2355 4809 hoc
2387 4757 2544 4808 modo
2572 4775 2583 4807 :

2048 4865 2058 4938 Ι
2137 4880 2194 4950 ⁵.
2244 4867 2608 4953 Ι......⁴
2435 4891 2443 4937 ι
2523 4881 2549 4926 δ
2611 4865 3593 4955 itii—FW

2046 4957 3594 5048 i5l7l9|lt|ﬁt5wjlzsjm

2037 5074 2091 5128 Si
2129 5076 2289 5143 igitur
2334 5076 2562 5145 quinarii
2607 5084 2814 5136 numeri
2844 5086 2908 5138 ad
2947 5089 3236 5144 ternarium
3277 5095 3608 5160 comparatio

2033 5164 2425 5231 consideretur,
2448 5168 2552 5222 erit
2577 5175 2980 5241 superpartiens
3008 5179 3095 5233 ille
3133 5182 3221 5248 qui
3251 5193 3472 5237 vocatur
3510 5199 3602 5237 su-

2033 5255 2441 5324 perbipartiens.
2468 5259 2640 5316 [labet
2659 5264 2802 5317 enim
2830 5266 3107 5333 quinarius
3137 5280 3275 5328 totos
3307 5274 3359 5327 in
3388 5288 3447 5328 se
3475 5284 3603 5339 tres,

2035 5355 2089 5398 et
2117 5361 2299 5401 eorum
2325 5349 2456 5404 duas
2484 5361 2688 5419 partes,
2717 5354 2768 5408 id
2787 5365 2870 5410 est
2890 5357 2944 5410 2.
2980 5358 3034 5414 Si
3067 5375 3193 5414 vero
3221 5363 3286 5418 ad
3313 5365 3603 5418 secundum

2035 5437 2281 5492 ordinem
2318 5442 2612 5508 speculatio
2648 5445 2936 5513 referatUr,
2979 5455 3450 5522 supertripartiens
3479 5470 3600 5523 pro-

2041 5527 2216 5593 portio
2246 5542 2621 5599 cognoscatur,
2654 5539 2890 5605 atquein
2920 5542 3265 5609 sequentibus
3297 5559 3390 5613 per
3418 5560 3605 5598 omnes

2029 5617 2332 5686 dispositos
2369 5637 2645 5690 numeros,
2673 5641 2860 5682 omnes
2899 5630 2950 5683 in
2985 5631 3247 5692 inﬁnitum
3279 5634 3482 5703 species
3509 5635 3603 5688 hu-

2022 5709 2110 5778 jus
2141 5712 2348 5765 numeri
2393 5716 2772 5772 convenientes
2815 5720 3193 5790 ordinatasque
3222 5725 3492 5792 respicies.
3531 5729 3601 5781 At

2035 5819 2162 5858 vero
2194 5803 2638 5871 quemadmodum
2685 5807 2876 5877 singuli
2909 5822 3271 5880 procreentur,
3307 5814 3350 5869 si
3386 5815 3441 5874 iu
3487 5815 3600 5873 inti«

3275 4861 3608 4876 *Ἦ

3219 4958 3604 4969 ρ---
