4216 6256
667 393 805 449 “07

1892 396 1998 450 AN.
2042 394 2245 451 MANL.
2289 392 2437 450 SEV.
2484 389 2702 450 εοετιι

3786 390 3908 449 “(lii

663 510 830 561 nitum
875 504 994 577 quis
1031 516 1184 564 curet
1214 522 1528 578 agnoscere,
1575 508 1662 563 hic
1699 509 1893 563 modus
1932 519 2033 564 est.
2067 509 2229 562 llabi-
2261 509 2312 566 Α
2336 518 2615 560 numerum
2661 503 2777 571 plus
2818 484 2976 571 quam
3032 500 3197 557 semel
3230 500 3413 561 habet.
3438 483 3773 578 'multipllcis
3812 514 3900 557 est.

664 598 793 651 tudo
810 599 959 652 enim
983 599 1504 668 superbipartientis,
1536 602 1577 655 si
1608 602 1845 671 utrisque
1872 602 2113 657 terminis
2133 602 2226 655 du-

659 686 907 753 plicetur,
934 701 1154 757 semper
1191 690 1651 759 superbipartiens
1685 692 1956 761 praportio
1984 706 2232 760 procrea-

662 790 764 833 tur.
798 780 849 834 Si
883 782 1024 835 enim
1053 784 1172 850 quis
1201 783 1436 852 duplicet
1459 784 1509 849 5,
1534 784 1689 840 faciet
1718 786 1813 851 ’10;
1843 787 1886 841 si
1919 795 2051 851 tres,
2076 785 2234 839 faciet

656 870 720 923 6:
763 871 850 939 qui
898 871 962 927 10
993 884 1176 927 contra
1224 877 1493 931 senarium
1542 881 1857 947 comparati,
1889 879 2233 948 superbipar-

660 958 879 1013 tientem
915 963 1111 1017 iaciunt
1155 964 1541 1035 habitudinem,
1584 979 1636 1023 et
1675 968 1773 1024 hos
1799 971 1941 1037 ipsos
1973 984 2157 1023 rursus
2185 971 2230 1023 si

657 1049 1033 1118 duplicaveris,
1061 1054 1198 1107 idem
1223 1057 1355 1109 ordo
1377 1060 1733 1125 preportionis
1756 1061 2033 1113 accrescit.
2059 1058 2230 1114 Idem-

653 1155 758 1208 que
785 1141 830 1193 si
858 1142 909 1194 in
952 1144 1212 1198 infinitum
1250 1146 1433 1215 facies,
1462 1158 1654 1202 statum
1688 1150 1877 1216 prioris
1905 1150 2228 1205 liabitudinis

652 1246 758 1283 non
787 1233 1029 1286 mutabit.
1056 1234 1110 1289 Si
1143 1239 1811 1307 vero‘supertripartientes
1837 1241 2075 1295 invenire
2096 1256 2227 1295 con-

652 1323 858 1388 tendas,
888 1326 1087 1394 primos
1110 1329 1651 1397 supertripartientes,
1687 1330 1736 1382 id
1760 1339 1841 1384 est
1866 1332 1896 1382 7
1919 1340 1971 1385 et
2000 1330 2032 1383 4
2057 1331 2224 1400 tripli-

649 1410 816 1477 cabis,
848 1422 902 1467 et
946 1414 1248 1483 liujusmodi
1292 1429 1600 1474 nascentur.
1646 1420 1704 1475 Si
1741 1436 1868 1475 vero
1914 1422 2002 1490 qui
2038 1437 2102 1477 ex
2146 1422 2226 1477 liis

646 1503 756 1556 nati
808 1504 1047 1575 fuerint,
1112 1508 1325 1562 ternarii
1381 1510 1819 1579 multiplicatione
1869 1512 2219 1580 produxeris,

646 1591 788 1646 idem
821 1610 1010 1649 rursus
1038 1594 1296 1651 efﬁcient.
1325 1598 1477 1664 Quod
1511 1599 1555 1653 si
1580 1588 2223 1669 superquadripartientes

644 1684 1095 1749 quemadmodum
1154 1686 1207 1740 in
1267 1687 1535 1741 intinitum
1599 1688 2012 1758 progrediantur
2065 1700 2219 1759 optes

643 1771 954 1841 addiscere,
1009 1775 1204 1843 primas
1258 1791 1443 1830 eorum
1496 1776 1703 1832 radices
1760 1776 1813 1831 in
1868 1777 2218 1847 quadruplum

2338 595 2450 648 lloc
2479 608 2607 647 vero
2632 592 2773 661 quod
2805 593 3065 646 minorem
3088 592 3160 653 ‘in
3190 590 3431 645 habenda
3467 574 3617 658 par'te
3645 600 3902 646 transcen-

2336 683 2435 748 dit,
2475 680 3001 751 superparticularis.
3046 677 3119 732 Ita
3167 694 3235 732 ex
3265 688 3490 745 utroque
3519 679 3734 733 nomine
3776 680 3899 734 iacto

2337 774 2617 837 vocabulo,
2647 782 2751 837 est,
2783 773 3098 842 speciesque
3124 770 3265 825 illius
3291 769 3358 823 ad
3390 769 3630 833 illarum,
3683 772 3897 837 scilicet,

2338 868 2468 920 fiunt
2500 864 2785 933 imaginem
2819 858 3244 932 proportionum,
3277 874 3341 914 ex
3368 860 3560 929 quibus
3584 861 3698 929 ipse
3721 878 3897 917 nume-

2336 973 2428 1012 rus
2453 956 2715 1024 originem
2747 955 2929 1010 trahit.
2962 953 3094 1009 Nam
3124 953 3292 1022 prima
3326 967 3448 1020 pars
3474 952 3632 1021 hujus
3662 955 3897 1009 vocabuli

2334 1063 2451 1115 qua:
2481 1046 2791 1114 multiplicis
2818 1046 3037 1099 nomine
3073 1057 3319 1113 possessa
3341 1054 3445 1109 est,
3471 1044 3780 1112 multiplicis
3809 1062 3896 1099 nu—

2334 1138 2468 1191 meri
2497 1139 2797 1206 specierum
2841 1136 3108 1191 vocabulo
3138 1134 3467 1190 nominanda
3496 1145 3598 1189 est.
3625 1136 3756 1201 Quae
3784 1151 3897 1191 vero

2330 1226 2833 1296 superparticularis
2856 1235 2961 1291 est,
2991 1226 3181 1281 eodem
3212 1225 3475 1281 vocabulo
3495 1225 3895 1293 nuncupabitur‘,

2332 1333 2435 1387 quo
2486 1319 2988 1388 superparticularis
3039 1318 3250 1373 numeri
3305 1318 3515 1388 species
3564 1314 3894 1376 vocabantur.

2332 1409 2548 1463 Dicetur
2567 1409 2707 1463 enim
2732 1409 2822 1478 qui
2843 1409 3109 1478 duplicem
3131 1409 3379 1465 habuerit
3398 1410 3561 1463 alium
3593 1425 3887 1500 numerum,

2330 1510 2383 1556 et
2412 1501 2527 1569 ejus
2558 1501 2788 1556 mediam
2820 1511 3047 1569 partem,
3074 1500 3269 1571 duplex
3293 1500 3640 1577 sesquialter;
3667 1502 3756 1571 qui
3780 1515 3894 1557 vero

2329 1593 2561 1655 tertiam,
2614 1592 2807 1660 duplex
2846 1592 3255 1661 sesquitertius;
3287 1591 3377 1661 qui
3406 1599 3677 1661 quartam,
3703 1592 3885 1661 duplex

2325 1684 2751 1753 sesquiquartus,
2785 1694 2840 1739 et
2865 1684 3140 1755 deinceps.
3180 1685 3239 1741 Si
3280 1700 3410 1741 vero
3449 1695 3532 1741 ter
3564 1689 3685 1741 eum
3730 1696 3886 1742 totum

2329 1776 2602 1831 contineat
2640 1786 2695 1831 et
2723 1776 2839 1844 ejus
2882 1777 3111 1832 mediam
3144 1787 3370 1847 partem,
3415 1780 3500 1834 vel
3544 1781 3776 1842 tertiam,
3815 1781 3889 1835 vel

642 1864 962 1932 multiplices
988 1865 1132 1933 licet,
1163 1866 1214 1921 id
1251 1874 1334 1922 est
1362 1866 1393 1921 9
1423 1876 1478 1922 et
1512 1867 1565 1933 5,
1600 1877 1653 1921 et
1679 1882 1771 1922 eos
1801 1867 1890 1937 qui
1933 1869 2018 1922 illa
2043 1868 2219 1922 multi-
2249 1870 2297 1929 B
2325 1877 2591 1937 Quartam,
2618 1867 2817 1923 dicitur
2836 1869 3027 1937 triplex
3050 1868 3387 1939 sesquialter,
3410 1871 3593 1939 triplex
3617 1872 3892 1940 sesquitero

641 1954 929 2020 plicatione
975 1958 1333 2026 proferentur,
1382 1974 1590 2014 rursum
1634 1962 1686 2015 in
1736 1960 2112 2029 quadruplum,
2164 1968 2219 2014 et

642 2044 886 2099 eamdem
938 2045 1053 2100 fieri
1101 2048 1497 2118 pr0pi~rtionem
1547 2050 1802 2104 inoﬂ'ensa
1844 2052 2094 2104 nimirum
2134 2065 2219 2104 ra-

642 2133 784 2188 tione
824 2137 1078 2203 reperies.
1133 2138 1198 2192 Et
1226 2149 1435 2193 caeteras
1463 2141 1671 2209 Species
1702 2156 1805 2195 una
1841 2155 2055 2209 semper
2098 2142 2217 2209 plus

640 2228 1083 2299 multiplicatione
1111 2233 1476 2288 crescentibus
1506 2235 1775 2289 radicibus
1816 2236 2081 2289 oriuntur.
2111 2234 2213 2288 Ra-

638 2318 786 2374 dices
822 2320 998 2376 autem
1043 2326 1447 2393 proportionum
1476 2340 1631 2394 voco,
1678 2341 1929 2382 numeros
1960 2328 2015 2382 in
2056 2342 2215 2396 supe-

636 2409 779 2465 riore
824 2410 1178 2480 dispositione
1230 2413 1552 2484 descriptos,
1596 2418 1747 2485 quasi
1795 2416 1986 2487 quibus
2039 2419 2217 2474 omnis

636 2514 841 2555 summa
888 2503 1211 2571 supradicta:
1253 2506 1669 2576 comparationis
1716 2507 1974 2562 innititur.
2020 2508 2075 2563 In
2110 2508 2212 2563 hoc

634 2606 846 2660 quoque
881 2593 1165 2648 videndum
1194 2605 1275 2650 est
1302 2596 1572 2665 quoniam,
1604 2612 1725 2651 cum
1757 2597 1876 2652 dure
1905 2607 2085 2667 partes
2112 2597 2210 2652 mi-

634 2697 766 2738 nore
805 2683 921 2753 plus
953 2686 1005 2739 in
1049 2688 1341 2755 majoribus
1370 2698 1517 2757 sunt,
1553 2688 1691 2743 tertii
1737 2704 1952 2758 semper
1981 2689 2210 2744 vocabu-

632 2772 739 2827 lum
768 2775 1101 2831 subauditur.
1139 2778 1204 2833 Ut
1230 2778 1692 2848 superbipartiens
1712 2782 1800 2849 qui
1829 2780 2045 2847 dicitur,
2074 2794 2207 2850 quo-

631 2864 771 2918 niam
801 2864 932 2921 duas
972 2869 1193 2923 minoris
1232 2871 1441 2925 numeri
1475 2871 1657 2925 tertias
1687 2880 1868 2940 partes
1906 2872 2087 2939 habet,
2120 2872 2204 2926 di-

629 2963 777 3008 catur
822 2958 1275 3028 superbipartiens
1321 2961 1522 3016 tertias.
1560 2962 1625 3016 Et
1669 2978 1791 3017 cum
1840 2963 1961 3018 dico
2014 2978 2205 3033 super-

629 3046 966 3117 tripartiens,
1018 3034 1297 3105 subaudiri
1348 3067 1569 3109 necesse
1612 3053 1681 3107 sit
1733 3054 2204 3125 supertripartiens

628 3146 863 3205 quartas,
909 3142 1160 3209 quoniam
1194 3143 1364 3198 tribus
1412 3146 1777 3215 superquartis
1817 3145 2094 3201 exuberat.
2138 3147 2204 3200 Et

2329 1961 2451 2027 tius,
2482 1960 2679 2027 triplex
2710 1960 3133 2029 sesquiquartus,
3171 1968 3227 2015 et
3251 1960 3440 2015 eodem
3472 1961 3709 2015 modoin
3740 1972 3891 2017 crete-

2324 2050 2418 2103 ris.
2453 2049 2776 2119 Diceturque
2821 2049 3151 2119 quadruplus
3192 2050 3533 2120 sesquialter,
3572 2050 3891 2120 quadruplus

2322 2140 2713 2208 sesquitertius,
2744 2140 3072 2209 quadruplus
3101 2143 3526 2212 sesquiquartus,
3577 2151 3634 2197 et
3661 2144 3895 2211 quotiens

2324 2239 2491 2282 l0lum
2524 2244 2805 2285 numerum
2837 2231 2890 2285 in
2933 2229 3223 2300 semetipso
3261 2232 3610 2300 continuerit,
3643 2248 3738 2301 per
3762 2234 3891 2288 mul-

2323 2319 2515 2387 tiplicis
2564 2321 2770 2375 numeri
2800 2322 3010 2389 species
3052 2323 3376 2391 appellatur,
3405 2338 3564 2393 quam
3609 2339 3739 2381 vero
3773 2341 3890 2395 par-

2322 2418 2427 2464 tem
2471 2411 2767 2479 comparati
2810 2413 3022 2468 numeri
3064 2414 3336 2480 clauserit,
3383 2416 3679 2471 secundum
3708 2431 3889 2486 super-

2323 2500 2690 2566 particularem
2732 2504 3188 2571 comparationem
3232 2505 3709 2578 habitudinemque
3734 2523 3890 2564 voca-

2316 2591 2478 2646 bitur.
2517 2592 2717 2647 Horum
2765 2604 2946 2649 autem
2992 2597 3239 2665 exempla
3274 2596 3578 2667 bujusmodi
3608 2608 3768 2653 sunt:
3794 2601 3890 2654 du-

2317 2683 2436 2752 plex
2488 2685 2809 2753 sesquialter
2855 2695 2960 2755 est,
3012 2694 3070 2741 ut
3120 2691 3356 2757 quinque
3399 2690 3466 2745 ad
3519 2691 3645 2759 duo,
3696 2692 3889 2747 habent

2313 2773 2458 2827 enim
2490 2772 2543 2837 5,
2591 2774 2859 2831 binarium
2892 2790 3174 2831 numerum
3208 2779 3291 2833 bis
3314 2788 3368 2833 et
3412 2780 3527 2849 ejus
3552 2781 3800 2847 mediam,
3835 2783 3890 2837 id

2315 2872 2399 2918 est
2424 2865 2473 2919 l.
2512 2864 2714 2934 Duplex
2747 2881 2874 2921 vero
2907 2868 3284 2937 sesquitertius
3313 2879 3432 2939 est,
3472 2872 3800 2940 septenarius
3819 2876 3890 2929 ad

2317 2957 2610 3011 ternarium
2641 2970 3007 3029 comparatus.
3040 2965 3107 3016 At
3151 2978 3283 3019 vero
3323 2967 3643 3023 novenarius
3670 2968 3736 3023 ad
3762 2984 3890 3039 qua-

2316 3047 2630 3111 ternarium,
2678 3047 2879 3118 duplex
2918 3052 3345 3121 sesquiquartus.
3392 3055 3449 3111 Si
3481 3071 3608 3113 vero
3639 3057 3695 3111 il
3741 3058 3806 3113 ad
3832 3058 3887 3124 5,

2311 3133 2506 3203 duplex
2528 3136 2949 3206 sesquiquintus.
2975 3140 3042 3194 Et
3064 3142 3117 3196 lii
3143 3157 3357 3214 semper
3379 3155 3694 3216 nascentur,
3715 3148 3889 3218 dispo-

628 3229 1273 3301 superquadripartienti,
1339 3234 1656 3291 subauditur
1722 3238 2199 3307 superquadripar-

2314 3224 2433 3278 sitis
2459 3224 2512 3279 in
2539 3226 2784 3281 ordinem
2809 3242 2838 3282 a
2870 3228 3081 3285 binario
3108 3247 3332 3288 numero
3356 3236 3607 3291 omnibus
3639 3240 3888 3294 naturali-

628 3316 762 3371 tiens
792 3322 1026 3389 quintas,
1057 3334 1111 3379 et
1139 3324 1206 3379 ad
1232 3328 1478 3381 eumdem
1514 3327 1729 3383 modum
1759 3328 1813 3382 in
1845 3329 2074 3395 caeteris,
2099 3344 2207 3384 uno

628 3419 835 3475 semper
865 3410 1075 3478 adjecto
1114 3428 1275 3484 super
1314 3416 1524 3472 habitas
1561 3427 1763 3487 partes,
1796 3419 2097 3474 subauditio
2128 3419 2208 3473 fa-

626 3497 810 3551 cienda
839 3509 943 3569 est,
990 3512 1045 3555 ut
1092 3518 1277 3559 eorum
1320 3521 1572 3575 germana
1613 3511 2090 3580 convenientiaque
2122 3510 2203 3565 his

625 3590 837 3644 nomina
893 3592 1006 3648 lucc
1058 3595 1188 3658 sint,
1246 3605 1311 3650 ut‘
1349 3599 1437 3667 qui
1484 3599 1681 3675 dicitur
1718 3601 2193 3669 superbipartiens,

624 3678 763 3733 idem
793 3681 998 3736 dicatur
1024 3685 1456 3752 superbitertius.
1494 3688 1595 3754 Qui
1624 3688 1818 3743 dicitur
1841 3692 2200 3761 supertripar-

626 3773 779 3839 tiens,
805 3774 847 3827 is
876 3774 944 3827 sit
983 3777 1459 3847 supertriquartus,
1483 3789 1537 3834 et
1565 3780 1656 3849 qui
1680 3781 1875 3835 dicitur
1902 3796 2197 3855 superqua-

624 3862 973 3932 dripartiens,
1014 3866 1151 3921 idem
1192 3867 1401 3923 dicatur
1452 3871 2064 3942 superquadriquintus,
2108 3890 2194 3929 ea-

621 3953 852 4022 demque
874 3957 1224 4014 similitudine
1254 3975 1423 4030 usque
1448 3962 1500 4015 in
1525 3961 1790 4016 infinitum
1833 3965 2047 4018 nomina
2065 3979 2201 4033 .pro-

628 4040 905 4100 ducantur.
1882 4058 1885 4061 ’

1177 4142 1402 4200 CAPUT
1443 4144 1637 4201 XXIX.

975 4228 1049 4282 De
1070 4233 1339 4301 multiplici
1366 4238 1837 4307 sup'erparticulari.

692 4316 855 4388 igitur
894 4322 1079 4379 relatae
1122 4326 1187 4381 ad
1227 4316 1427 4400 aliquid
1472 4335 1802 4401 quantitatis,
1845 4337 2117 4407 simplices
2146 4349 2198 4393 et

621 4411 809 4479 prima:
848 4416 1054 4484 species
1090 4421 1173 4474 hie
1197 4430 1340 4477 sunt.
1372 4423 1497 4478 Dure
1520 4438 1648 4489 vero
1676 4427 1815 4493 alia’,
1844 4442 1910 4483 ex
1944 4428 2025 4484 liis
2053 4430 2197 4485 velut

620 4515 687 4558 ex
713 4504 979 4574 aliquibus
1008 4511 1281 4581 principiis
1310 4525 1725 4583 componuntur,
1771 4528 1825 4573 ut
1873 4519 2196 4589 multiplices

2313 3326 2394 3371 ter
2439 3317 2658 3385 paribus
2702 3320 3106 3389 imparibusque
3148 3326 3422 3393 terminis,
3470 3328 3515 3381 si
3560 3339 3749 3385 contra
3796 3345 3888 3385 eos

2308 3420 2496 3486 omnes
2527 3421 2556 3460 a
2586 3408 2832 3476 quinario
2871 3426 3096 3466 numero
3124 3414 3357 3482 impares
3391 3430 3799 3486 comparentur,
3836 3430 3890 3473 ut

2310 3483 2537 3565 primum
2569 3501 2765 3567 primo,
2809 3503 3105 3558 secundum
3134 3509 3396 3573 secundo,
3444 3510 3660 3564 tertium
3706 3513 3886 3573 tertio.

2307 3597 2464 3643 caute
2494 3597 2549 3642 et
2569 3589 2853 3660 diligenter
2878 3607 3136 3661 apponas,
3167 3603 3226 3649 ut
3252 3598 3321 3651 sit
3349 3597 3633 3667 dispositio
3658 3603 3781 3656 talis
3801 3618 3819 3655 :

2308 3906 2362 3959 Si
2394 3923 2517 3961 vero
2547 3925 2573 3959 a
2604 3910 2812 3963 duobus
2842 3911 3056 3978 paribus
3087 3914 3333 3968 omnibus
3377 3916 3655 3984 dispositis
3698 3920 3886 3972 termi-

2308 3998 2415 4060 nis,
2447 3997 2520 4050 illi
2556 3999 2645 4062 qui
2678 4014 2707 4051 a
2748 4001 2993 4068 quinario
3033 4018 3254 4057 numero
3279 4004 3617 4073 inchoantes,
3644 4009 3891 4077 quinario

2308 4101 2532 4139 numero
2560 4102 2746 4141 rursus
2774 4103 2892 4143 sese
2927 4093 3234 4146 transiliunt
3261 4106 3663 4165 comparentur,
3699 4114 3894 4153 omnes

2309 4175 2544 4245 duplices
2592 4180 2973 4246 sesquialteros
3021 4192 3227 4249 creant,
3282 4195 3338 4238 ut
3383 4197 3467 4239 est
3510 4186 3750 4255 subjecta
3784 4188 3885 4243 deo

2306 4268 2544 4335 scriptio.

2423 4364 3004 4462 M6
3094 4384 3103 4460 l
3195 4381 3773 4462 slwini

2317 4363 2509 4375 -Μ

619 4598 1168 4668 superpamculares'
1215 4613 1269 4658 οι
1330 4604 1651 4675 ,nulliplices
1703 4583 2193 4678 superpanie’mes’
2226 4594 2279 4653 1)
2303 4583 2363 4639 Si
2392 4600 2518 4678 vero
2541 4601 2571 4639 a
2596 4588 2764 4642 tribus
2785 4588 3042 4644 inchoent
3065 4594 3464 4660 dispositiones,
3495 4605 3549 4649 et
3572 4598 3744 4651 tribus
3767 4613 3897 4653 sese
3995 4600 4001 4604 ’

619 4685 918 4758 horumque
941 4695 1163 4749 comites
1191 4696 1617 4767 submult'plices
1655 4703 2190 4772 superparticulares,

616 4784 672 4830 ct
698 4778 1123 4849 submultiplices
1152 4789 1631 4855 superpartientes.
1657 4790 1898 4861 Namque
1936 4791 1992 4846 in
2026 4793 2107 4847 liis
2139 4805 2195 4848 ut

616 4868 669 4922 in
696 4870 963 4937 praedictis
990 4878 1446 4943 praportionibus,
1484 4882 1719 4938 minores
1750 4886 1980 4949 numeri,
2021 4896 2074 4940 et
2102 4902 2192 4941 eo-

617 4975 737 5014 rum
776 4978 987 5031 quoque
1040 4968 1247 5035 species
1293 4985 1513 5039 omnes,
1572 4973 1746 5027 addita
1796 4977 1886 5029 sub
1932 4980 2189 5045 praeposi-

616 5052 781 5117 tione,
810 5054 1075 5110 dicuntur.
1106 5058 1339 5124 Quorum
1372 5062 1613 5118 definitio
1647 5066 1765 5118 talis
1795 5067 1943 5120 reddi
1974 5078 2147 5136 potest
2176 5088 2187 5123 :

613 5143 893 5213 multiplex
918 5150 1421 5218 superparticularis
1444 5163 1545 5219 est,
1568 5155 1817 5224 quotiens
1839 5171 2094 5212 numerus
2124 5160 2190 5214 ad

612 5251 890 5291 numerum
933 5252 1295 5310 comparatus,
1336 5245 1494 5299 habet
1523 5262 1641 5300 eum
1674 5248 1789 5316 plus
1831 5263 1991 5317 quam
2020 5254 2188 5305 semel

611 5334 666 5380 et
705 5328 821 5395 ejus
864 5344 1021 5383 unam
1067 5341 1292 5400 partem,
1325 5337 1424 5389 lioc
1470 5346 1572 5404 est,
1605 5337 1762 5392 habet
1805 5354 1926 5393 eum
1973 5351 2063 5393 aut
2092 5342 2189 5396 du-

611 5418 777 5486 plum,
813 5431 903 5475 aut
945 5423 1178 5491 triplum,
1216 5434 1305 5479 aut
1335 5427 1712 5499 quadruplum,
1741 5439 1826 5484 aut
1871 5433 2187 5499 quotiensli-

610 5506 718 5573 bet,
746 5518 800 5563 et
828 5512 943 5578 ejus
972 5514 1264 5581 quamlibet
1290 5516 1519 5584 aliquam
1560 5529 1783 5587 partem,
1818 5519 1898 5573 vel
1932 5520 2182 5585 mediam,

607 5598 693 5649 vel
733 5602 968 5665 tertiam,
1014 5604 1098 5657 vel
1140 5616 1402 5672 quartam,
1440 5608 1519 5662 vel
1562 5625 1892 5678 quaecunque
1921 5612 2023 5665 alia
2068 5627 2187 5681 par-

611 5685 741 5737 tium
768 5689 1153 5746 exuberatione
1188 5695 1488 5761 contigerit.
1536 5696 1631 5750 ilic
1674 5714 1802 5767 ergo
1830 5707 1884 5753 et
1910 5702 2185 5770 multiplici

612 5781 664 5821 et
695 5781 1163 5847 superparticulari
1188 5784 1444 5839 consistit.
1478 5788 1626 5855 Quod
1652 5789 1791 5842 enim
1816 5803 2181 5859 comparatum

2305 4676 2625 4741 transiliant,
2657 4688 2712 4733 et
2755 4680 2821 4733 ad
2852 4695 2945 4735 eos
2987 4691 3237 4750 aptentur
3282 4686 3370 4753 qui
3402 4701 3431 4738 a
3461 4685 3766 4753 septenario
3806 4688 3897 4741 in-

2301 4767 2933 4837 clioantes,.septenario
2977 4787 3097 4827 sese
3138 4789 3365 4829 numero
3396 4776 3892 4843 transgrediuntur,

2301 4869 2489 4910 omnes
2531 4857 2773 4926 duplices
2800 4862 3150 4930 sesquitertii,
3186 4865 3367 4919 habita
3408 4866 3689 4935 diligenter
3728 4882 3895 4921 com-

2301 4949 2598 5013 paratione,
2634 4960 2948 5017 nasruntur,
2997 4963 3058 5008 ut
3088 4956 3325 5024 subjecta
3357 4957 3651 5027 descriptio
3676 4969 3888 5013 monet.

2308 5055 3349 5144 W,i,,,i5
3424 5067 3435 5144 l
3516 5080 3572 5127 τε
3645 5068 3657 5144 i
3731 5069 3881 5144 21,!

2310 5148 2567 5235 LL71,
2626 5164 2679 5212 li
2757 5153 2767 5229 Ι
2844 5167 2895 5215 2t
2978 5155 2989 5231 ι
3064 5148 3883 5235 QSTW

2295 5265 2349 5317 Si
2376 5281 2503 5319 vero
2532 5284 2721 5322 omnes
2754 5270 2802 5322 in
2833 5272 3075 5326 ordinent
3110 5274 3393 5343 quadrupli
3425 5275 3801 5343 disponantur,
3829 5278 3892 5329 lii

2296 5356 2383 5421 qui
2415 5355 2668 5411 naturalis
2702 5362 2909 5414 numeri
2940 5363 3224 5433 quadrupli
3248 5375 3396 5432 sunt,
3426 5374 3482 5420 ut
3503 5366 3721 5421 unitatis
3750 5382 3895 5435 qua-

2293 5442 2540 5512 druplus,
2597 5459 2645 5499 et
2699 5448 2949 5517 duorum,
3009 5454 3273 5522 triumque
3312 5465 3367 5509 et
3416 5468 3667 5524 quatuor,
3718 5469 3897 5527 atque

2292 5532 2543 5600 quinarii,
2592 5544 2645 5589 ct
2687 5546 3003 5594 czeteroruin
3042 5558 3163 5597 sese
3190 5547 3553 5614 sequentium,
3604 5556 3661 5600 ut
3690 5547 3760 5600 ad
3790 5561 3895 5602 eos

2293 5631 2539 5689 aptentur
2592 5639 2619 5676 a
2657 5631 2960 5683 onovenario
3005 5647 3228 5687 numero
3283 5633 3616 5700 inchoantes,
3660 5651 3897 5706 semper

2292 5724 2409 5765 sese
2454 5715 2743 5769 novenario
2790 5720 3179 5785 praecedentes.
3236 5733 3359 5777 tunc
3400 5725 3626 5795 duplicis
3669 5729 3898 5793 sesqui-

2293 5810 2493 5870 quarta:
2523 5807 2881 5874 proportionis
2915 5809 3079 5865 forma
3117 5825 3348 5870 texetur.
