4216 6256
340 433 345 438 ,
387 364 522 419 nos

502 479 514 567 Ι
607 503 638 552 4
733 489 742 565 Ι
838 500 877 567 8.
956 482 1185 567 lii.
1267 480 1615 566 '._6_._L___9°
1616 477 1959 567 [ἐζ-Ι.-

503 564 1411 657 Γξί-Ινῖεῖ-ῘἾῆ-ΓἨἿ
1454 564 1762 641 731m
1832 564 1844 652 ί

387 693 462 746 Ea
490 705 621 746 vero
648 690 856 759 species
884 686 1039 755 hujus
1069 683 1300 745 numeri,
1332 694 1452 749 qua:
1489 688 1573 733 est
1606 678 1796 746 triplex
1845 691 1957 731 ses-

386 782 570 852 quialtc
594 796 673 847 ra,
728 782 827 833 hoc
874 776 1031 831 modo
1062 779 1408 844 procreatur;
1455 770 1498 822 si
1549 768 1902 837 disponantur
1930 782 1960 819 a

388 872 597 927 binario
640 883 865 924 numero
888 879 1076 921 omnes
1108 863 1160 915 in
1191 859 1436 915 ordinem
1467 872 1641 926 pares,
1680 865 1734 911 et
1771 856 1837 909 ad
1871 870 1963 909 cos

389 960 698 1030 septenario
731 969 952 1010 numero
996 952 1332 1013 inchoantes,
1363 946 1671 1017 septenario
1719 959 1835 999 sese
1882 959 1966 999 su-

392 1048 813 1119 pergredientes,
846 1045 1003 1099 solito
1041 1042 1109 1097 ad
1156 1041 1470 1094 alterutrum
1502 1036 1661 1091 modo
1691 1049 1967 1103 compara-

393 1139 551 1193 tionis
579 1145 850 1206 aptentur.
1176 1186 1179 1189 .

470 1226 1869 1319 ΓἾρΓἿ-ΤἾ-ᾘ-ΤἾ

954 562 1171 573 ,-.-.--

904 1228 1114 1236 .—.——

1536 1306 1861 1327 J—T—‘d—ﬁ

858 1324 1149 1331 __—_____———

388 1328 517 1337 .0--

469 1317 827 1412 Γ-ῖῖι
974 1342 1029 1390 H

648 1405 1374 1419 -———'.-—_c————

520 1327 673 1337 ———-—-

419 1413 641 1423 ___————

389 1450 446 1506 Si
479 1461 653 1503 autem
683 1462 712 1499 a
741 1447 974 1500 ternario
1015 1458 1237 1497 numero
1269 1441 1516 1510 ingressi,
1554 1447 1775 1491 cunctos
1815 1447 1967 1487 natu-

394 1537 524 1593 ralis
555 1534 758 1590 numeri
805 1533 1045 1601 triplices
1073 1532 1442 1599 disponamus,
1472 1538 1524 1581 et
1553 1529 1633 1581 e‘s
1675 1540 1704 1579 a
1742 1524 1966 1578 denario

396 1642 621 1686 numero
648 1627 866 1680 denario
889 1640 1006 1679 sese
1033 1621 1500 1691 supergredientes
1530 1618 1718 1671 ordine
1742 1629 1964 1682 compa-

397 1733 597 1783 remus,
644 1730 831 1771 omucs
876 1715 1110 1782 triplices
1162 1710 1485 1779 sesquitertii
1525 1709 1577 1761 in
1609 1722 1670 1761 ea
1716 1706 1964 1760 termino-
2002 1745 2046 1802 Β

396 1826 513 1866 rum
543 1808 939 1864 continuatione
963 1804 1301 1874 provenient.

748 1905 1639 1997 m—l—a—Tis
1712 1905 1754 1979 pl

610 1990 620 2085 1
732 2006 1071 2085 τοίίιᾼίξο
1178 2004 1187 2065 l
1292 2016 1353 2061 so
1462 1994 1497 2075 1⁷
1578 2010 1643 2056 ω
1740 1990 1751 2082 Ι

960 2138 1183 2195 CAPUT
1226 2136 1394 2191 XXX.

401 2235 477 2288 De
506 2252 679 2290 eorum
718 2236 957 2305 exentplis
986 2234 1036 2285 in
1069 2233 1329 2299 superiore
1368 2229 1593 2297 Iornmla
1633 2223 1969 2279 inveniendis.

473 2329 671 2383 Ilorum
714 2339 893 2382 autem
937 2338 1228 2393 eorumque
1254 2322 1346 2392 qui
1384 2329 1679 2391 sequuntur
1722 2316 1969 2386 exempla

348 2461 356 2469 -
398 2429 604 2497 integre
631 2427 896 2496 planeque
925 2436 1208 2492 possumus
1240 2428 1547 2488 pernotare,
1576 2416 1621 2470 si
1651 2416 1702 2469 in
1734 2416 1968 2484 priorem

394 2517 830 2586 descriptionem,
858 2529 1021 2585 quam
1036 2513 1256 2568 fecimus
1272 2525 1394 2565 cum
1416 2510 1484 2564 de
1500 2503 1969 2577 superparticulari

396 2616 451 2662 et
482 2606 762 2675 multiplici
786 2606 1150 2674 loqueremur,
1178 2602 1269 2656 ubi
1301 2602 1366 2655 ab
1396 2612 1503 2653 uno
1533 2611 1701 2665 usque
1730 2597 1781 2649 in
1809 2594 1971 2649 dena-

397 2700 536 2753 rium
587 2696 1085 2766 multiplicationum
1137 2705 1344 2747 summa
1396 2687 1688 2751 concrevit,
1737 2684 1968 2752 diligens

402 2790 628 2844 velimus
665 2802 889 2842 acumen
938 2783 1236 2839 intendere.
1282 2777 1634 2845 Adprimum
1684 2774 1825 2828 enim
1854 2786 1974 2825 ver-

397 2894 516 2935 sum
552 2892 739 2934 omnes
765 2878 856 2946 qui
896 2881 1192 2942 sequuntur
1233 2869 1435 2931 collati,
1468 2865 1741 2919 ordinatas
1770 2874 1970 2915 conve-

401 2970 712 3037 nientesque
756 2963 1063 3032 multiplicis
1112 2960 1319 3029 species
1370 2955 1612 3010 reddent.
1652 2952 1707 3006 Si
1741 2964 1868 3005 vero
1904 2948 1970 3002 ad

1606 353 1687 407 DE
1730 349 2189 408 ARITHME'HCA
2229 346 2354 402 [ΑΒ.
2396 346 2434 399 l.

3503 341 3641 394 1H0

1993 467 2030 521 Α
2071 463 2226 525 tiens,
2264 471 2318 517 et
2365 464 2550 531 triplex
2599 457 3087 527 supertriparticns,
3127 464 3180 511 et
3223 456 3408 524 triplex
3454 471 3641 522 super-

2066 552 2512 620 quadripart’ens,
2547 560 2597 603 et
2626 549 2894 604 similiter.
2926 548 2993 601 Ut
3019 549 3050 601 8
3087 548 3150 600 ad
3174 549 3207 602 5
3232 549 3521 614 comparati
3558 546 3637 598 la-

2064 642 2213 695 ciunt
2257 641 2521 707 duplicem
2568 638 3141 706 superbipartientcm.
3195 645 3248 690 et
3280 636 3344 689 16
3384 635 3447 687 ad
3494 635 3546 697 6,
3588 645 3641 688 et

2064 744 2255 785 omnes
2281 732 2581 799 quicunque
2625 731 2689 781 ab
2737 729 2768 783 8
2818 726 3475 807 incipientesnoctonario
3522 740 3641 779 srso

2066 826 2288 875 numero
2315 820 2801 889 transgrediuntur,
2832 815 3127 885 comparati
3155 815 3221 869 ad
3255 821 3348 868 eo’s
3379 815 3467 881 qui
3496 829 3523 865 a
3551 819 3640 867 tri-

2067 911 2518 968 businclioantes.
2553 908 2771 963 ternarii
2805 921 2924 960 sese
2961 906 3256 975 quantitate
3294 912 3635 973 praetereunt.

2068 1000 2174 1056 Nec
2215 1002 2319 1055 erit
2355 1000 2566 1053 difﬁcile
2611 998 2741 1052 alias
2766 998 2880 1065 ejus
2910 1005 3087 1066 partes
3125 995 3414 1050 secundum
3450 993 3641 1060 praedi-

2069 1099 2214 1147 ctum
2240 1090 2453 1143 modum
2484 1088 2831 1157 diligentibus
2860 1088 3116 1155 reperire.
3152 1087 3246 1141 llic
3270 1101 3481 1155 quoque
3515 1087 3640 1139 illud

2073 1179 2379 1234 meminisse
2422 1178 2677 1232 debemus
2705 1178 2844 1245 quod
2891 1178 3125 1232 minoies
3170 1185 3224 1231 et
3262 1178 3484 1231 comites
3535 1192 3640 1230 non

2073 1274 2190 1327 sine
2218 1274 2311 1325 sub
2354 1272 2731 1341 prmpositione
2763 1271 3125 1333 nominantur,
3162 1279 3217 1321 ut
3243 1267 3313 1321 sit
3344 1268 3639 1336 subdnplex

2071 1362 2543 1431 superbipartiens,
2572 1359 2864 1427 subduplex
2889 1359 3385 1427 supertripartiens.

2619 1449 2839 1503 CAPUT
2884 1448 3095 1501 XXXII.

2118 1530 2494 1594 Demonstratio
2523 1541 2946 1608 quemadmodum
2983 1540 3144 1591 omnis
3175 1540 3490 1605 ina‘qualitas
3526 1541 3586 1591 ab

2539 1611 2824 1675 wqitulitate
2854 1610 3168 1677 processerit.

2145 1700 2329 1755 Restat
2388 1710 2562 1751 autem
2624 1700 2776 1751 nobis
2837 1696 3297 1763 profundissimam
3355 1699 3635 1763 quamdam

2073 1790 2281 1844 tradere
2308 1789 2666 1857 diSCiplinam,
2693 1803 2810 1855 qua:
2837 1787 2900 1840 ad
2930 1802 3142 1857 omnem
3180 1795 3380 1841 natura:
3410 1789 3513 1841 vim
3556 1805 3641 1841 re-

2072 1897 2294 1951 rumque
2321 1856 2676 1951 integritatem
2710 1865 2935 1934 maxinia
2978 1856 3183 1936 rat'one
3209 1883 3489 1948 pertineat.
3531 1884 3641 1937 Ma-

2073 1988 2208 2041 gnus
2235 1973 2431 2042 quippe
2460 1973 2510 2025 in
2545 1973 2643 2026 hac
2672 1968 2893 2025 scientia
2928 1973 3125 2026 fructus
3150 1980 3253 2033 est,
3302 1973 3346 2026 si
3387 1973 3505 2041 quis
3536 1990 3638 2028 non

2076 2064 2280 2117 nesciat
2320 2061 2460 2130 quod
2494 2061 2702 2115 b-nitas
2741 2060 2958 2115 deﬁnita
3006 2071 3090 2114 est
3130 2070 3184 2115 et
3221 2062 3319 2115 sub
3363 2063 3639 2116 scientiam

2075 2151 2291 2215 cadens,
2324 2153 2606 2213 animo.ue
2641 2164 2852 2218 semper
2892 2151 3161 2206 imitabilis
3205 2159 3259 2205 et
3288 2153 3643 2221 perceptibilis

2077 2243 2248 2311 prima
2292 2252 2476 2297 natura
2516 2250 2619 2305 est,
2662 2252 2714 2296 et
2754 2256 2866 2296 suae
2894 2243 3426 2299 substantimdecore
3456 2259 3643 2321 perpef

2079 2342 2187 2387 tua.
2218 2332 2483 2386 Inﬁnitum
2514 2346 2639 2386 vero
2678 2332 2892 2389 malitia:
2931 2331 3166 2387 dedecus
3194 2342 3299 2400 est,
3322 2334 3484 2387 nullis
3524 2324 3644 2404 pro-

2080 2424 2209 2492 priis
2247 2425 2521 2492 principiis
2557 2423 2763 2487 nixum,
2796 2424 2890 2478 sed
2930 2432 3119 2479 natura
3162 2440 3375 2495 semper
3402 2441 3589 2482 errans
3616 2442 3645 2481 a

2075 2514 2198 2568 boni
2222 2514 2532 2570 deﬁnitione
2565 2515 2826 2583 principii,
2855 2524 3103 2585 tanquam
3123 2516 3302 2588 aliquo
3329 2519 3482 2587 signo
3510 2519 3645 2586 opti-

2077 2621 2180 2660 mae
2221 2604 2403 2675 ﬁgura:
2431 2605 2689 2674 impre~sa
2730 2608 3089 2675 componitur,
3132 2617 3186 2663 et
3228 2623 3290 2663 ex
3328 2609 3418 2663 illo
3447 2610 3645 2664 erroris

2083 2698 2246 2751 ﬂuctu
2292 2699 2572 2752 retinetur.
2623 2698 2754 2751 Nam
2801 2698 3018 2753 nimiam
3056 2699 3398 2768 cupiditatem
3446 2701 3645 2769 iraeque

2082 2788 2422 2841 immodicam
2452 2786 2878 2853 elfrenationem,
2909 2788 3057 2857 quasi
3085 2787 3299 2857 quidam
3331 2798 3505 2845 rector
3525 2792 3649 2845 ania

2084 2893 2223 2943 mus,
2262 2892 2392 2946 pura
2437 2878 2783 2947 intelligentia
2814 2878 3121 2942 roboratus,
3157 2877 3421 2945 astringit,
3459 2888 3514 2932 et
3553 2879 3646 2933 has

2081 2968 2472 3039 quodammodo
2511 2967 2881 3036 inaequalitatis
2921 2968 3158 3034 formas,‘
3176 2977 3468 3035 temperata
3496 2968 3646 3022 boni-

402 3059 691 3113 secundum
727 3063 951 3112 cunctos
995 3052 1083 3122 qui
1118 3048 1258 3105 tertii
1303 3056 1424 3100 sunt
1453 3044 1657 3099 ordinis
1685 3041 1967 3109 aptaveris,
1998 3042 2043 3103 C
2078 3069 2183 3113 me
2203 3056 2513 3111 consuluit;
2542 3056 2654 3111 Hoc
2683 3065 2858 3110 autem
2896 3055 2998 3110 em
3024 3058 3384 3126 perspicuum,
3418 3057 3462 3110 si
3494 3058 3646 3110 ίηιρι,

400 3150 673 3204 ordinatas
713 3147 920 3217 species
966 3138 1465 3212 superparticularis
1496 3146 1771 3204 agnosces.
1822 3128 1971 3196 Quod

400 3240 448 3294 si
499 3239 658 3294 tertio
705 3236 911 3300 ordini,
961 3235 1264 3302 quicunque
1312 3236 1434 3282 sunt
1482 3227 1534 3279 in
1583 3224 1771 3293 quinto
1818 3231 1975 3272 versu

368 3342 713 3399 compares,
761 3322 1203 3395 superpartientis
1255 3318 1460 3371 numeri
1515 3313 1721 3383 species
1777 3309 1974 3379 positas

402 3423 784 3478 convenienter
813 3419 1061 3488 aspicies.
1104 3412 1375 3480 Multiplex
1404 3422 1531 3462 vero
1573 3400 1968 3474 superparticu-

400 3511 533 3566 laris
569 3508 889 3572 ostenditur,
920 3520 1041 3561 cum
1083 3502 1147 3557 ad
1194 3497 1486 3556 secundum
1532 3508 1740 3550 versum
1782 3504 1970 3545 omnes

400 3602 491 3672 qui
540 3608 663 3653 sunt
702 3597 871 3668 quinti
901 3610 1088 3650 versus
1139 3591 1277 3645 serie
1322 3594 1715 3656 comparantur,
1757 3580 1841 3636 vel
1880 3579 1973 3647 qui

401 3700 527 3747 sunt
557 3692 609 3745 in
638 3691 886 3757 septimo,
910 3688 991 3742 vel
1020 3673 1112 3754 qui
1134 3691 1259 3739 sunt
1289 3683 1340 3735 in
1370 3694 1530 3742 nono,
1562 3686 1719 3746 atque
1747 3677 1817 3728 ita
1846 3674 1891 3727 si
1918 3674 1971 3724 in

400 3779 671 3834 mﬁnitum
700 3779 769 3830 sit
806 3776 905 3829 ista
932 3774 1236 3842 descriptio,
1270 3772 1321 3824 in
1353 3769 1617 3822 inﬁnitum
1661 3765 1818 3831 hujus
1850 3776 1972 3830 pro-

404 3870 668 3942 partionis
712 3867 916 3936 species
949 3865 1385 3934 procreabuntur.
1420 3859 1752 3913 Manifestum
1794 3863 1971 3908 autem

403 3963 564 4017 etiam
592 3960 691 4015 hoc
712 3968 812 4029 est,
842 3957 981 4026 quod
1017 3958 1203 4011 horum
1232 3956 1453 4009 comites
1481 3966 1692 4019 semper
1727 3965 1848 4003 cum
1880 3948 1972 4002 sub

404 4048 783 4121 praepositione
812 4047 1074 4110 dicentur,
1105 4054 1161 4099 ut
1189 4052 1270 4098 est
1306 4041 1600 4110 subduplex
1633 4039 1969 4107 sesquialter,

399 4140 695 4209 subduplex
726 4138 1120 4208 sesquitertius,
1140 4135 1435 4204 subduplex
1466 4133 1887 4203 sesq-iiqnartus,
1921 4137 1976 4182 et

400 4232 578 4288 ueteri
608 4230 820 4300 quidem
850 4229 915 4282 ad
943 4228 1085 4282 hunc
1115 4226 1352 4280 modum.

956 4342 1180 4397 CAPUT
1217 4341 1411 4397 XXXI.

778 4430 855 4485 De
883 4430 1151 4496 multiplici
1173 4431 1593 4497 superpartiente.

478 4523 753 4591 Multiplex
782 4516 911 4574 vero
935 4516 1337 4585 superpartiens
1359 4525 1462 4580 est,
1486 4526 1690 4583 quoties
1722 4526 1973 4565 numerus

402 4619 469 4672 ad
502 4628 780 4670 numerum
810 4617 1149 4677 comparatus
1190 4605 1353 4659 habet
1396 4608 1447 4659 in
1499 4619 1557 4659 se
1588 4605 1747 4657 alium
1790 4616 1974 4654 nume-

404 4722 521 4762 rum
548 4713 714 4759 totum
743 4701 857 4770 plus
878 4714 1034 4768 quam
1066 4696 1254 4760 semel,
1286 4703 1342 4749 et
1372 4695 1486 4762 ejus
1511 4693 1591 4745 vel
1619 4692 1772 4757 duas,
1801 4689 1885 4742 vel
1917 4690 1973 4752 ‘5,

406 4795 492 4849 vel
537 4791 793 4861 quotlibet
837 4788 1018 4858 plures
1064 4785 1372 4857 particulas,
1426 4780 1717 4837 secundum
1766 4776 1976 4831 numeri

404 4867 848 4951 superpartientis
877 4878 1120 4947 ﬁguram.
1154 4874 1211 4929 ln
1247 4874 1348 4929 hoc
1375 4886 1587 4942 quoque
1616 4877 1833 4936 pr0pter
1856 4880 1984 4920 cau-

402 4988 519 5028 sam
550 4972 794 5039 superius
821 4967 1039 5031 dictam,
1071 4980 1175 5020 non
1204 4974 1363 5019 erunt
1388 4964 1505 5017 dua:
1529 4959 1863 5020 medietates,
1890 4971 1983 5009 nc-

403 5080 508 5135 que
532 5063 652 5118 dua:
681 5068 901 5129 quartas,
934 5072 1107 5125 neque
1128 5057 1249 5111 duae
1286 5064 1473 5118 sextae,
1515 5052 1606 5106 sed
1637 5052 1754 5104 dua:
1788 5048 1976 5123 tertiac,

403 5157 490 5210 vel
521 5156 640 5219 dua:
667 5151 885 5222 quintae,
914 5148 998 5203 vel
1024 5149 1144 5202 duae
1174 5148 1436 5215 septimm,
1472 5144 1537 5198 ad
1570 5143 1800 5211 priorem
1834 5139 1981 5192 simi-

406 5248 511 5300 lem
550 5241 1009 5313 consequentiam.
1040 5238 1152 5293 Non
1193 5248 1275 5292 est
1312 5247 1489 5292 autem
1523 5234 1743 5289 difﬁcile
1785 5246 1979 5286 secun-

404 5338 533 5391 dum
584 5336 817 5404 priorum
860 5330 1102 5399 exempla
1154 5329 1473 5398 positurum,
1524 5326 1621 5379 hos
1664 5336 1875 5393 quoque
1923 5331 1979 5376 et

409 5436 603 5497 praeter
631 5436 810 5482 nostra
839 5423 1084 5493 exempla
1122 5435 1373 5475 numeros
1412 5418 1668 5473 invenire.
1703 5414 1980 5468 Vocabun-

407 5531 596 5587 tnrqne
627 5519 700 5581 lii,
732 5517 1027 5573 secundum
1056 5514 1301 5584 proprias
1334 5519 1534 5578 partes,
1565 5507 1759 5575 duplex
1792 5519 1983 5572 super-

407 5609 729 5676 bipartiens,
759 5607 843 5661 vel
886 5605 1080 5673 duplex
1132 5601 1623 5670 supertripartiens,
1676 5596 1756 5647 \el
1790 5594 1985 5661 duplex

414 5696 1027 5768 superquadripartiens.
1081 5693 1143 5745 Et
1184 5705 1370 5746 rursus
1400 5690 1599 5757 triplex
1650 5685 1989 5754 superbipar-

2078 3133 2302 3216 ﬁgamus
2347 3157 2533 3199 omnes
2564 3145 2940 3214 itta‘qualitalis
2970 3144 3196 3213 species,
3224 3145 3292 3199 ab
3330 3144 3645 3214 mqualitaiis

2077 3237 2308 3291 crevisse
2340 3236 2662 3304 primordiis,
2711 3245 2767 3288 ut
2808 3235 2919 3301 ipsa
2963 3233 3358 3303 quodammodo
3400 3236 3643 3303 arquitas,

2080 3326 2263 3379 matris
2294 3335 2346 3379 ct
2386 3325 2577 3379 radicis
2604 3324 2848 3378 obtinens
2882 3325 3010 3388 vim,
3042 3325 3154 3394 ipsa
3184 3340 3371 3379 omnes
3405 3326 3644 3393 inaequa-

2079 3418 2241 3472 litatis
2270 3417 2475 3486 species
2496 3415 2819 3484 ordinesque
2842 3416 3143 3485 profundat.
3177 3416 3292 3469 Sint
3321 3416 3462 3471 enim
3494 3416 3645 3469 nobis

2079 3515 2188 3559 tres
2229 3506 2458 3575 mqualcs
2488 3503 2721 3567 termini,
2763 3504 2811 3557 id
2858 3515 2939 3559 est
2982 3513 3092 3560 tres
3137 3488 3387 3571 unitates,
3426 3506 3509 3559 vel
3539 3514 3647 3559 tres

2080 3594 2211 3661 bini,
2254 3594 2337 3648 vel
2380 3603 2487 3666 tres
2528 3594 2687 3658 terni,
2724 3582 2807 3648 vel
2856 3603 2959 3648 tres
3005 3597 3268 3663 quaterni,
3310 3595 3395 3649 vel
3424 3606 3651 3665 quantos

2081 3687 2219 3741 ultra
2261 3686 2389 3741 libet
2419 3700 2639 3754 ponere.
2671 3686 2821 3752 Quod
2854 3686 3005 3741 enim
3029 3689 3077 3740 in
3113 3687 3231 3741 uuis
3272 3688 3440 3742 tribus
3469 3688 3648 3742 termi-

2079 3776 2159 3829 nis
2201 3778 2396 3842 evenit,
2428 3777 2566 3830 idem
2608 3776 2866 3845 contingit
2900 3777 2951 3829 in
2982 3777 3209 3830 castoris.
3244 3777 3318 3829 Ex
3356 3778 3435 3831 his
3469 3778 3644 3846 igitur,

2078 3867 2366 3920 secundum
2398 3868 2646 3941 praecepti
2697 3864 2864 3919 nostri
2890 3865 3159 3931 ordinem,
3205 3866 3385 3919 videas
3416 3866 3645 3935 primum

2082 3959 2224 4011 nasci
2250 3958 2593 4025 multiplices,
2624 3965 2679 4010 et
2709 3957 2759 4009 in
2795 3954 2877 4010 liis
2906 3954 3146 4023 duplices
3170 3956 3314 4023 prius
3337 3955 3526 4011 dehinc
3556 3958 3648 4009 tri-

2081 4047 2217 4116 plos,
2267 4047 2458 4101 deinde
2505 4046 2848 4115 quadruplos,
2900 4055 2954 4098 et
3002 4045 3066 4098 ad
3116 4045 3361 4100 eumdem
3405 4047 3646 4100 ordinem

2079 4144 2488 4205 consequentes.
2536 4135 2760 4199 Rursus,
2812 4134 3131 4202 multiplices
3175 4137 3218 4187 si
3250 4144 3651 4200 convertantur,

2078 4244 2140 4286 ex
2173 4226 2257 4282 bis
2304 4225 2816 4296 superparticulares
2847 4224 3108 4288 orientur,
3154 4232 3207 4277 et
3253 4238 3319 4277 ex
3353 4223 3653 4292 duplicibus

2005 4320 2316 4415 unidem,
2369 4315 2726 4385 sesquialteri,
2766 4328 2833 4369 ex
2876 4312 3174 4382 triplicibus
3215 4313 3558 4382 sesquitertii,
3584 4327 3648 4367 ex

2081 4409 2392 4479 quadruplis
2419 4404 2796 4475 sesqniquarti,
2827 4412 2881 4458 et
2916 4403 3095 4455 ueteri
3141 4403 3194 4455 in
3236 4401 3375 4456 hunc
3412 4402 3661 4455 moduma

2081 4507 2153 4557 hx
2178 4498 2751 4569 superparticularibus
2782 4508 2911 4548 vero
2937 4492 3653 4559 conversis,-superpartien-

2082 4603 2160 4646 tes
2191 4591 2336 4644 nasci
2360 4601 2578 4641 necesse
2607 4594 2713 4647 est,
2743 4582 2813 4634 ita
2844 4589 2902 4635 ut
2932 4597 2996 4634 ex
3033 4579 3383 4647 scsquialtero
3407 4586 3655 4630 nascatur

2085 4678 2564 4748 superbipartiens,
2588 4672 3144 4741 supertripartientem
3172 4669 3546 4737 sesquitertius
3571 4672 3655 4739 gi-

2085 4778 2232 4841 gnat,
2255 4781 2391 4824 etex
2425 4765 2799 4834 sesquiqnarto
2829 4759 3436 4830 superquadripattiens.
3480 4760 3656 4816 Rectis

2087 4869 2263 4916 autem
2295 4858 2503 4930 positis,
2547 4869 2719 4925 neque
2746 4852 3019 4909 conversis
3060 4853 3325 4920 prioribus
3369 4868 3657 4922 superpar-

2089 4951 2418 5012 ticularilius,
2464 4946 2784 5016 multiplices
2827 4942 3342 5013 superparticulares
3391 4942 3657 4996 oriuntur.

2086 5041 2264 5097 Rectis
2294 5054 2420 5094 vero
2448 5035 2985 5107 superpartientibus,
3015 5032 3336 5104 multiplices
3363 5047 3659 5101 superpar-

2087 5137 2278 5191 tientes
2312 5132 2626 5188 efﬁcientur.
2670 5129 2941 5196 Praecepta
2987 5136 3167 5181 autem
3209 5128 3308 5180 tria
3358 5126 3474 5179 haec
3514 5134 3657 5185 sunt,

2087 5236 2143 5279 ut
2165 5226 2391 5293 primum
2422 5234 2697 5275 numerum
2731 5219 2903 5287 primo
2934 5216 3096 5271 facias
3126 5230 3328 5285 parem,
3363 5213 3657 5268 secundum

2088 5327 2216 5368 vero
2259 5312 2434 5380 primo
2474 5320 2528 5363 et
2557 5307 2814 5371 secundo,
2855 5306 3068 5360 tertium
3110 5305 3303 5372 primo,
3332 5303 3541 5358 duobus
3571 5317 3659 5355 se-

2085 5404 2275 5461 cundis
2303 5413 2354 5457 et
2386 5401 2564 5456 tertio.
2595 5399 2703 5452 Hoc
2733 5398 2893 5466 igitur
2937 5410 3057 5450 cum
3088 5397 3140 5451 in
3171 5395 3411 5450 terminis
3439 5394 3657 5463 aequali-

2089 5497 2187 5550 bus
2218 5493 2431 5555 feceris,
2462 5506 2529 5545 ex
2560 5491 2641 5544 his
2671 5490 2761 5558 qui
2794 5496 3077 5542 nascentur
3108 5488 3348 5557 duplices
3378 5495 3553 5540 erunt.
3587 5485 3659 5539 De

2089 5585 2281 5656 quibus
2304 5580 2599 5651 duplicibus
2629 5581 2670 5632 si
2706 5578 2843 5632 idem
2877 5576 3090 5641 feceris,
3114 5578 3348 5644 triplices
3371 5588 3648 5643 procreau-

2095 5685 2196 5743 tur,
2229 5684 2282 5729 et
2311 5673 2377 5728 de
2421 5672 2503 5725 bis
2534 5668 2929 5739 quadruplices,
2964 5677 3121 5735 atque
3164 5668 3214 5721 in
3256 5666 3517 5721 inﬁnitum
3547 5681 3661 5719 oms
