4160 6256
589 353 716 406 “ll

1799 336 1910 392 AN.
1955 334 2163 390 MANL.
2206 333 2358 388 SEV.
2403 331 2626 385 BOETII

3713 318 3858 372 UH.

589 481 686 520 nes
727 446 927 517 fortnas
973 457 1176 513 numeri
1229 453 1551 522 multiplices
1597 449 1899 519 explicabit.
1945 448 2164 502 Jaceant
2196 453 2245 505 Α
2278 444 2484 496 ltnrsus
2512 439 2748 494 secunda
2775 437 2984 508 species
3012 429 3506 502 superparticularis
3534 427 3763 492 numeri,
3795 428 3854 481 id

590 561 640 626 ig
669 569 752 610 tur
789 554 821 606 5
850 552 1062 607 termini
1094 548 1346 617 aequales.

727 686 737 757 l
942 675 1045 737 1'”
1164 680 1175 752 Ι
1345 675 1840 757 _|____‘

591 800 827 850 Ponatur
867 796 1044 862 itaque
1089 792 1261 859 primo
1307 790 1512 856 primus
1538 784 1781 854 aequalis,
1815 781 1867 834 id
1896 790 1979 834 est
2007 793 2167 833 unus.

593 885 872 942 Secundus
908 897 1055 946 vero,
1085 882 1258 949 primo
1288 887 1342 932 et
1384 875 1644 939 secundo,
1688 873 1738 926 id
1768 880 1851 926 est
1878 873 1952 934 2;
1983 871 2170 924 tertius

593 989 721 1029 vero
748 972 939 1043 primo,
981 971 1191 1024 duobus
1229 965 1481 1023 secundis
1504 972 1560 1019 et
1587 962 1742 1018 tertio
1771 975 1864 1030 par
1889 962 1978 1023 sit,
2011 961 2062 1013 id
2087 968 2170 1013 est

597 1068 684 1121 uni
730 1074 784 1120 et
824 1064 1032 1119 duobus
1076 1062 1196 1115 uuis
1226 1068 1280 1113 et
1317 1059 1434 1121 uni,
1475 1055 1566 1126 qui
1609 1054 1811 1118 suntzt,
1861 1061 1917 1105 ut
1959 1062 2040 1105 est
2077 1050 2168 1104 de-

594 1168 815 1224 scriptio
845 1172 861 1208 :

605 1472 836 1526 Videsne
881 1478 937 1522 ut
970 1467 1166 1536 duplici
1198 1463 1546 1533 pr0portione
1590 1471 1819 1527 sequens
1861 1456 1991 1509 ordo
2025 1466 2169 1509 texa-

599 1574 703 1618 tur.
753 1561 855 1615 Fac
885 1574 1069 1615 rursus
1100 1557 1239 1612 idem
1287 1555 1353 1608 de
1391 1551 1715 1620 duplicibus,
1757 1557 1813 1602 ut
1855 1547 1925 1601 sit
1967 1546 2172 1614 primus

601 1652 775 1721 primo
819 1648 1062 1717 aequalis,
1108 1645 1164 1699 id
1205 1653 1286 1700 est
1333 1643 1460 1706 uni;
1493 1638 1762 1695 secundus
1793 1636 1962 1705 primo
2007 1646 2058 1688 et
2090 1648 2175 1687 se-

2273 543 2355 588 est
2389 529 2765 601 sesquitertius
2818 535 3131 596 procreatus
3174 531 3276 576 est.
3324 519 3476 587 Quod
3511 520 3553 572 si
3600 511 3742 572 idem
3783 517 3856 571 de

2269 626 2570 696 quadrutilo
2608 623 2726 692 quis
2751 621 2926 674 facere
2972 619 3122 683 velit,
3156 616 3558 685 sesquiquartus
3598 612 3856 665 continuo

2275 729 2547 784 nascetur,
2579 727 2636 770 ut
2665 713 2983 768 monstrabit
3013 711 3254 779 subjecta
3285 707 3571 773 descriptio
3597 723 3609 755 :

2569 813 3307 897 Iri—ri’t—w
3521 813 3772 897 to

2360 911 2768 995 |—__16—i
2783 911 2800 912 ⁷“
2829 915 2842 990 ι
3039 926 3099 972 eo
3297 911 3306 985 |
3505 919 3566 966 <25

2273 1037 2350 1089 Ac
2374 1036 2415 1086 si
2438 1034 2558 1101 quis
2587 1031 2726 1084 idem
2752 1029 2820 1083 de
2847 1026 3050 1082 cunctis
3079 1027 3130 1078 in
3162 1023 3426 1076 inﬁnitum
3451 1018 3687 1088 paribus
3716 1017 3861 1071 mul—

2276 1127 2309 1180 ti
2319 1123 2524 1190 plicatis
2547 1120 2724 1186 faciat,
2747 1118 3128 1174 convenienter
3149 1114 3390 1168 ordinem
3413 1111 3862 1180 superparticula-

2273 1212 2445 1266 ritatis
2476 1209 2729 1263 inveniet.
2772 1207 2924 1273 Quod
2955 1207 3000 1260 si
3028 1217 3319 1258 conversos
3348 1198 3862 1269 superparticulares

2273 1300 2465 1369 aliquis
2492 1297 2785 1352 secundum
2819 1297 2932 1348 haec
2961 1303 3223 1362 precepta
3265 1297 3565 1354 convertat,
3607 1286 3861 1341 continuo

2276 1391 2452 1444 videat
2481 1386 2944 1456 superpartientes
2979 1396 3308 1444 accrescere,
3336 1388 3390 1434 et
3417 1394 3480 1433 ex
3513 1377 3862 1444 sesquialtero

2275 1480 2489 1549 quidem
2520 1477 2998 1546 supcrbipartiens,
3031 1489 3096 1528 ex
3127 1471 3468 1540 sesquitertio
3502 1466 3861 1538 supertripar-

2280 1569 2420 1623 tiens
2456 1576 2791 1638 procreatur,
2811 1574 2866 1619 et
2889 1563 3068 1618 caeteri
3104 1564 3398 1616 secundum
3428 1572 3743 1612 communes
3769 1557 3862 1611 de-

2287 1657 2668 1713 nominationis
2697 1654 3056 1724 species,sine
3083 1652 3188 1705 ulla
3213 1649 3412 1704 ordinis
3448 1645 3864 1716 interpolatione

606 1743 803 1808 eundo,
846 1740 899 1793 id
947 1748 1030 1793 est
1089 1737 1178 1790 uni
1218 1745 1272 1790 et
1313 1733 1539 1795 duobus,
1590 1731 1682 1800 qui
1720 1738 1845 1783 sunt
1885 1729 1954 1792 ὃς
1990 1725 2177 1780 tertius
2209 1728 2255 1787 Β
2284 1757 2589 1802 "ascenmn
2628 1747 2988 1813 Disponamur
3018 1741 3178 1809 igitur
3205 1740 3314 1792 sic:

602 1833 799 1902 primo,
826 1829 878 1883 id
907 1839 988 1884 est
1019 1828 1129 1893 uni,
1168 1826 1375 1881 duobus
1405 1823 1678 1890 secundis,
1711 1819 1763 1874 id
1789 1828 1871 1874 est
1900 1819 1955 1880 4,
1985 1829 2039 1873 et
2067 1827 2175 1871 ter-

605 1923 698 1989 tio,
742 1922 793 1976 id
822 1929 904 1975 est
934 1929 1184 1990 quatuor,
1229 1917 1318 1987 qui
1357 1914 1518 1989 simul
1546 1915 1578 1968 9
1618 1913 1770 1977 ﬁunt,
1802 1920 1857 1965 et
1896 1910 2038 1965 venit
2066 1908 2178 1962 haec

604 2014 771 2066 forma
801 2030 812 2063 :

744 2112 1848 2195 l__I—"l—I__J__1
1927 2112 2060 2195 Ι

740 2205 821 2290 Γ
955 2223 976 2269 '1
1121 2213 1191 2290 ul
1388 2223 1418 2267 2
1617 2208 1678 2290 l_
1828 2217 1857 2261 4
2056 2205 2065 2278 Ι

1803 2189 2054 2198 ..ὴ-...-

609 2281 2176 2382 Wf—T'T
2259 2341 2269 2352 ο

609 2423 837 2485 ltursus,
853 2421 896 2473 si
919 2419 987 2472 de
1011 2417 1313 2486 triplicibus
1337 2414 1474 2468 idem
1500 2412 1711 2475 feceris,
1751 2410 2033 2464 continuus
2055 2424 2184 2477 qua-

608 2511 832 2579 druplus
855 2507 1244 2578 procreabitur.
1269 2505 1353 2558 Sit
1373 2501 1516 2557 enim
1547 2502 1748 2568 primus
1773 2498 1944 2566 primo
1975 2512 2183 2567 aequus,

610 2601 770 2655 idest
799 2613 970 2662 unus;
1003 2596 1074 2651 sit
1102 2593 1370 2649 secundus
1394 2593 1562 2659 primn
1595 2598 1649 2644 et
1677 2588 1911 2642 secundo
1942 2587 2183 2656 aequalis,

611 2693 660 2746 id
692 2701 775 2748 est
795 2691 861 2756 4;
889 2691 960 2745 sit
989 2689 1173 2743 tertius
1202 2685 1396 2754 primo,
1428 2681 1635 2735 duobus
1661 2678 1912 2733 secundis
1941 2686 1994 2731 et
2029 2677 2185 2732 tertio

573 2801 578 2808 -
611 2781 848 2850 aequalis.
881 2780 932 2833 id
958 2789 1039 2835 est
1067 2779 1153 2833 16.

619 2878 877 2890 ...-.-.-

613 3281 681 3335 Ει
728 3282 780 3335 in
812 3279 1021 3336 caeteris
1061 3279 1273 3349 quidem
1304 3277 1370 3332 ad
1418 3277 1848 3335 liancvl‘ormam.
1894 3273 2063 3326 tribus
2105 3272 2185 3324 his

615 3372 895 3439 praeceptis
949 3379 1178 3422 utemur.
1233 3368 1288 3423 Si
1333 3380 1463 3420 vero
1501 3365 1591 3434 qui
1632 3379 1698 3418 ex
1737 3361 2034 3431 aequalibus
2077 3361 2183 3414 nati

614 3470 734 3514 sunt
768 3458 1109 3527 multiplices,
1137 3471 1232 3511 eos
1261 3456 1334 3509 dir
1346 3466 1628 3524 ponamus,
1656 3460 1711 3506 et
1747 3449 2039 3504 secundum
2070 3447 2185 3501 haec

615 3557 879 3619 praecepta
911 3555 1203 3608 vertamus,
1228 3545 1298 3598 ita
1327 3551 1385 3597 ut
1408 3555 1668 3596 converso
1695 3540 1802 3593 sint
1825 3539 2033 3603 ordine,
2066 3551 2183 3593 ses-

615 3639 842 3708 quialter
865 3653 927 3693 ex
953 3636 1148 3704 duplici
1182 3633 1566 3704 procreabitur,
1597 3628 1973 3698 sesquitertius
2001 3642 2066 3682 ex
2090 3627 2184 3681 tri-

617 3729 763 3799 plici,
795 3727 1198 3796 sesquiquartus
1228 3738 1294 3777 ex
1337 3719 1660 3789 quadruplo.
1707 3718 1826 3772 Sint
1853 3716 1994 3771 enim
2033 3716 2066 3768 3
2092 3715 2189 3767 du-

617 3822 784 3892 plices
812 3819 1043 3885 termini,
1087 3817 1173 3887 qui
1215 3830 1282 3870 ex
1312 3810 1605 3882 aequalibus
1634 3809 1800 3864 creati
1836 3815 1984 3869 sunt,
2021 3812 2076 3858 et
2099 3805 2188 3873 qui

620 3911 838 3964 u'timus
868 3920 971 3974 est,
1007 3907 1206 3976 primus
1239 3912 1464 3972 ponatur
1492 3898 1795 3964 huiusmodi
1823 3915 1833 3948 :

624 4002 745 4091 "I
944 4033 972 4077 ι
1171 4018 1179 4089 l
1381 4002 1617 4091 είρι
1821 4004 2053 4076 ιι

621 4133 686 4188 Ει
711 4133 1064 4188 constituatur
1091 4134 1262 4199 primo
1301 4129 1352 4182 in
1386 4129 1487 4180 ltoc
1513 4125 1721 4187 ordine,
1753 4122 1956 4189 primus
1992 4133 2107 4187 par,
2137 4114 2189 4169 id

621 4233 702 4277 est
729 4224 784 4283 4,
818 4221 1084 4274 secundus
1114 4232 1242 4271 vero
1287 4217 1458 4284 primo
1486 4225 1538 4267 et
1586 4205 1822 4266 secundo
1864 4223 1981 4276 par,
2032 4206 2083 4260 id
2111 4213 2193 4260 est

3277 1847 3287 1921 Ι
3486 1859 3513 1903 ι
3712 1842 3728 1916 l

2403 1921 2411 1931 .
2845 1921 2852 1926 .

2285 1973 2592 2041 Superioris
2623 1971 2780 2038 igitur
2809 1965 3214 2034 descriptionis,
3251 1963 3420 2032 primo
3449 1961 3652 2028 primus
3682 1971 3865 2027 aquas

2285 2080 2539 2121 numerus
2565 2063 2884 2125 ascribatur,
2933 2058 2984 2113 id
3024 2065 3107 2112 est
3132 2056 3185 2121 9,
3220 2052 3489 2109 secundus
3527 2065 3657 2105 vero
3693 2050 3864 2119 primo

2286 2165 2340 2211 et
2366 2153 2624 2218 secundo,
2657 2153 2707 2205 id
2734 2159 2816 2205 est
2843 2150 2926 2215 15,
2952 2149 3141 2202 tertius
3172 2159 3297 2200 vero
3327 2143 3517 2214 primo,
3541 2142 3750 2196 duobus
3779 2155 3864 2195 se-

2288 2249 2425 2302 cund
2449 2263 2473 2299 s
2505 2255 2557 2300 et
2586 2244 2766 2306 tertio,
2797 2241 2847 2294 id
2877 2251 2957 2294 est
2983 2240 3077 2292 25.

2287 2345 2849 2443 :———*|9|
3047 2366 3076 2408 ti
3272 2347 3282 2422 Ι
3482 2362 3509 2403 4
3710 2345 3720 2418 |

2406 2437 2564 2525 ﬁ"
2613 2437 2643 2504 9
2840 2445 2853 2520 ι
3013 2453 3094 2525 Διδ
3277 2441 3286 2514 |
3471 2453 3529 2497 εδ
3712 2437 3721 2512 |

2289 2567 2344 2621 Si
2385 2579 2512 2633 ergo
2552 2560 2953 2630 sesquitertium
2985 2557 3173 2610 eodem
3212 2555 3368 2606 modo
3404 2562 3704 2617 vertamus,
3733 2548 3864 2602 ordo

2287 2654 2755 2725 supertripartiens
2785 2648 3070 2704 invenitur.
3104 2643 3184 2700 Sit
3209 2644 3349 2699 enim
3377 2643 3544 2712 prima
3572 2638 3860 2711 pr0positio

2289 2745 2633 2816 sesquitertii.

2585 2836 3594 2926 ἰδ’-Τ-Ῑῗ-Ἷ-ἷ
3764 2836 3776 2912 |

2374 2859 2386 2932 l
2585 2867 2641 2914 16
2840 2859 2853 2926 ιι
3050 2859 3108 2906 12
3303 2859 3316 2918 ι
3525 2859 3556 2897 9
3764 2859 3776 2912 ι

2216 2998 2261 3059 C
2291 2973 2524 3027 Ponatur
2561 2968 2850 3023 secundum
2882 2964 3111 3033 priorem
3152 2960 3396 3021 modum,
3432 2955 3601 3024 primo
3634 2968 3728 3022 par
3757 2951 3864 3020 pri-

2293 3079 2432 3126 mus,
2456 3061 2506 3115 id
2530 3054 3006 3120 est16;sccundus
3030 3052 3199 3120 primo
3228 3059 3280 3104 et
3306 3046 3562 3109 secundo,
3589 3043 3640 3097 id
3665 3052 3744 3096 est
3762 3042 3864 3104 28;

2294 3152 2482 3210 tertius
2514 3152 2704 3220 primo,
2741 3147 2946 3202 duobus
2987 3141 3234 3198 secundis
3272 3148 3325 3195 et
3361 3137 3542 3200 tertio,
3583 3134 3631 3188 id
3671 3143 3749 3187 εει
3772 3132 3861 3185 69.

2293 3243 2478 3299 Omnis
2509 3255 2634 3309 ergo
2662 3251 2869 3292 summa
2899 3234 3153 3304 disposita
3192 3225 3716 3299 supertriparticntes
3751 3220 3865 3276 eli-

2294 3337 2417 3391 ciet.

2587 3422 3320 3513 ΓΤΤΪΙ
3395 3422 3557 3486 ί⁷⁷9
3773 3422 3789 3498 1

2378 3515 3790 3625 ergr

2293 3656 2494 3708 Rursus
2533 3652 2578 3705 si
2613 3651 3045 3719 sesquiquartum
3080 3644 3268 3699 eo'dem
3301 3640 3459 3694 modo
3490 3634 3748 3697 verteris,
3779 3634 3867 3686 su-

2297 3743 2818 3815 perquadripartiens
2854 3738 3033 3792 statim
3074 3733 3343 3804 quantitas
3378 3725 3768 3799 procreabitur,
3811 3730 3867 3776 ut

2294 3844 2376 3889 est
2399 3850 2460 3888 ea
2487 3835 2654 3886 lorma
2685 3845 2841 3898 quam
2872 3825 3198 3894 suppositam
3230 3821 3398 3874 vides.

2381 3921 3292 4016 FW
3309 3921 3322 4002 1⁷
3335 3921 3442 3922 ᾠά
3522 3937 3578 3984 ts

2382 4011 3579 4108 W18
3776 4011 3787 4085 ι

2300 4148 2486 4204 Paestat
2520 4141 2963 4214 quemadmodum
2997 4153 3062 4193 ex
3095 4129 3663 4204 superparticularibus
3696 4138 3748 4181 et
3783 4139 3868 4178 su-

2301 4212 2744 4308 perpartientibus
2764 4228 3082 4297 multiplices
3099 4221 3609 4293 superparticulares
3625 4225 3679 4270 et
3698 4212 3868 4269 multi-

623 4311 676 4375 θ’
726 4309 915 4400 tergus
955 4321 1082 4360 "em
1122 4305 1315 4375 primo’
1357 4302 1569 4355 duom”
1609 4297 1860 4352 secundis
1911 4305 1964 4350 et
2009 4293 2186 4360 lemo’
2221 4298 2274 4356 D
2302 4293 2466 4400 plices
2490 4293 2938 4395 superpartientes
2965 4310 3602 4378 nascantur,‘ostendere.
3635 4306 3868 4371 Quorum

1603 4478 1916 4490 _______——

622 4401 671 4452 id
694 4405 775 4453 est
799 4399 850 4452 9.

951 4492 1187 4580 Yffi
1249 4492 1254 4493 ί
1385 4492 1412 4558 ὲ

742 4600 751 4675 1
951 4610 980 4656 4
1817 4585 2057 4661 9.!

633 4665 649 4690 ,
743 4664 750 4675 .
1178 4664 1184 4671 .
1615 4664 1618 4666 η

625 4716 759 4769 Εοεε
791 4714 883 4768 tibi
914 4713 1003 4765 illa
1038 4711 1382 4780 sesquialtera
1414 4700 1682 4775 quantitas
1711 4718 1780 4757 ex
1823 4702 2056 4757 termino
2093 4697 2195 4752 du-

627 4808 873 4876 plicitatis
911 4804 1170 4860 exoritur.
1204 4802 1486 4856 Videamus
1532 4812 1671 4852 nunc
1706 4795 1773 4849 ad
1803 4794 2051 4849 eumdem
2082 4806 2195 4845 mo-

628 4897 750 4950 duru
783 4910 848 4950 ex
876 4893 1068 4961 triplici
1111 4890 1200 4961 qtti
1237 4898 1522 4950 nascatur;
1556 4886 1903 4951 disponantur
1929 4884 2071 4936 enim
2105 4880 2196 4933 tri-

626 4989 791 5057 plices
819 4985 1149 5054 superiores,
1178 4994 1440 5034 converso
1480 4975 1686 5031 scilicet
1715 4975 1903 5028 ordine
1934 4973 2070 5025 sicut
2096 4967 2194 5021 du-

629 5078 773 5146 pler,
797 5075 881 5129 liic
911 5081 991 5129 est
1020 5085 1230 5140 quoque
1261 5070 1391 5122 ordo
1416 5066 1708 5134 dispositus
1733 5081 1744 5116 :

630 5185 1622 5298 ﬁl
1827 5200 1847 5246 ι
2051 5185 2060 5257 1

631 5323 864 5375 Ponatur
885 5334 1012 5389 ergo
1036 5317 1236 5385 pritnus
1262 5313 1434 5382 primo
1462 5323 1664 5377 aequus.
1715 5305 1764 5358 id
1795 5313 1877 5357 est
1903 5303 1935 5355 9
1959 5317 1974 5363 ς
2000 5315 2196 5354 secun-

631 5413 731 5466 dus
760 5413 930 5477 primo
955 5387 1015 5462 et
1039 5404 1300 5468 secundo,
1329 5400 1379 5455 id
1407 5408 1490 5455 est
1512 5399 1605 5461 12;
1637 5393 1823 5450 tertius
1851 5391 2042 5460 primo,
2070 5387 2198 5440 duo—

633 5503 730 5554 bvs
760 5497 1010 5554 secundis
1033 5503 1086 5549 et
1111 5494 1268 5549 tertio
1298 5503 1502 5556 aequus,
1534 5487 1585 5540 id
1618 5492 1702 5539 est
1734 5483 1817 5537 16.

633 5169 2196 5199 _____________________————-——

2075 5666 2199 5674 -η-

2303 4396 2454 4473 binas
2479 4425 2680 4470 tantum
2704 4412 2893 4466 faciam
2914 4405 3320 4472 descriptiones,
3349 4411 3573 4466 namque
3602 4396 3647 4450 si
3669 4400 3869 4447 rectum

2305 4517 2358 4563 et
2397 4520 2500 4560 nou
2540 4515 2855 4558 conversum
2902 4493 3306 4564 sesquialterum
3353 4487 3628 4558 ponimus,
3677 4481 3871 4549 duplex

2301 4590 2801 4665 superparticulatis
2825 4586 3122 4646 excrescit;
3154 4583 3210 4634 tit
3231 4580 3372 4633 enim
3405 4577 3506 4630 hoc
3529 4572 3727 4627 modo:
3795 4603 3802 4607 -
3839 4573 3846 4578 ’

2421 4704 2432 4779 l

2307 4820 2540 4873 Ponatur
2568 4811 2860 4870 secundum
2908 4805 3235 4874 superiorem
3285 4797 3501 4852 modum
3533 4792 3727 4861 primo,
3767 4787 3874 4855 pri-

2307 4923 2429 4962 mus
2460 4904 2709 4974 aequalis,
2747 4899 2799 4954 id
2830 4905 2909 4950 est
2937 4897 3002 4958 4;
3036 4889 3299 4947 secundus
3331 4886 3504 4955 primo
3533 4889 3586 4936 et
3615 4877 3871 4939 secundo,

2307 4998 2358 5052 id
2386 5003 2470 5050 est
2501 4967 2596 5059 ti);
2630 4991 2816 5047 tertius
2855 4986 3060 5056 primo,
3089 4980 3296 5036 duobus
3336 4972 3583 5031 secundis
3625 4978 3681 5026 et
3719 4967 3878 5024 tertio

2254 5075 2272 5097 ⁸
2307 5090 2546 5158 aqualis,
2577 5087 2626 5140 id
2659 5093 2737 5137 est
2761 5082 2854 5136 25.

2441 5203 2448 5279 |
2647 5207 2674 5252 t
2873 5188 2882 5262 Ι
3077 5198 3108 5245 6
3304 5181 3313 5259 |
3509 5189 3541 5237 9

2440 5289 2449 5364 |
2649 5297 2676 5343 ι
2753 5363 2768 5364 ᾧ
2785 5282 2881 5364 η]
3069 5291 3124 5336 to
3304 5275 3315 5349 |
3365 5263 3556 5327 ias
3735 5263 3744 5337 |

2307 5406 2478 5471 AIQue
2517 5402 2631 5455 haec
2657 5398 2868 5463 quidem
2897 5397 3091 5461 duplex
3131 5391 3481 5460 sesquialtera
3516 5396 3723 5438 summa
3753 5393 3881 5446 pro-

2305 5495 2458 5546 ducta
2490 5501 2590 5544 est.
2619 5487 2677 5542 Si
2706 5500 2832 5539 vero
2868 5482 3262 5551 sesquitertium
3293 5494 3398 5533 non
3433 5483 3752 5530 conversum
3784 5479 3882 5532 po-

2307 5593 2514 5643 namus,
2558 5575 2750 5643 duplus
2799 5570 3168 5641 sesquitertius
3209 5567 3497 5631 invenitur,
3539 5569 3596 5614 ut
3645 5556 3883 5624 subjecta

2308 5669 2593 5739 descriptio
2619 5666 2790 5720 docet.
