4160 6256
293 380 434 435 11ιῦ

373 505 631 589 li"9
853 515 863 586 Ι
1065 522 1124 589 12
1319 505 1329 580 |
1534 520 1594 566 16
1753 588 1756 589 ν
1793 509 1802 584 Ι

374 598 633 682 rima
727 598 734 602 ’
852 603 861 678 |
1061 612 1178 682 2177
1319 598 1802 682 |7__L|

295 730 364 781 At
391 741 520 779 vero
548 724 594 777 si
621 723 689 777 ad
720 721 1177 792 super‘partientes
1207 719 1444 771 animum
1479 726 1884 784 convertamus,

296 832 494 886 eosque
520 817 810 870 ordinatim
841 811 1133 869 secundum
1161 810 1437 880 superiora
1481 816 1746 878 przecepta
1781 809 1892 863 dis-

297 923 589 979 ponamus,
666 906 985 975 multiplices
1060 901 1519 972 superpartientes
1597 900 1888 956 ordinatim

297 1000 608 1069 progenitos
656 997 1008 1066 reperiemus.
1069 994 1391 1064 DiSponatur
1423 993 1564 1048 enim
1604 1007 1888 1062 superpar-

299 1092 482 1144 tientis
514 1089 629 1141 hmc
653 1086 880 1141 formula
906 1100 922 1140 :

606 1194 906 1269 9_—i"
1007 1194 1042 1196 ἡ
1071 1208 1129 1253 15
1329 1194 1338 1269 ι
1538 1205 1601 1253 25

299 1314 612 1369 Ascribatur
641 1327 769 1380 ergo
801 1311 1024 1380 primus,
1061 1311 1232 1378 primo
1261 1323 1467 1377 (equus,
1501 1307 1549 1360 id
1580 1317 1659 1360 est
1688 1307 1757 1370 9;
1798 1319 1889 1359 se-

300 1403 504 1460 cundus
550 1403 723 1471 primo
762 1412 817 1456 et
848 1402 1115 1467 secundo,
1149 1401 1201 1454 id
1230 1409 1312 1454 est
1341 1399 1442 1464 94;
1479 1399 1667 1454 tertius
1689 1399 1885 1468 primo,

302 1495 508 1549 duobus
535 1494 787 1548 secundis
817 1504 870 1546 et
901 1494 1082 1558 tertio,
1115 1493 1166 1546 id
1193 1502 1276 1545 est
1297 1492 1387 1546 6-5.

310 1677 315 1678 ν
385 1606 395 1678 Ι
607 1616 637 1663 9
855 1601 865 1676 Ι
1069 1612 1128 1659 ίῖί
1329 1600 1339 1674 Ι
1485 1598 1806 1678 ,,,?L__|

1751 1676 1879 1686 —__

381 1700 392 1771 ί
607 1708 638 1754 9
853 1693 862 1768 Ι
1064 1704 1186 1771 eth
1251 1770 1256 1771 ί
1325 1690 1804 1771 ινᾲ-ῥέᾼ

296 484 1872 511 ῂ--ῤ--ρ-’τέ-’ὶ--ν

1495 372 1584 428 DE
1622 375 2092 432 ARI'I'HMETICA
2133 377 2256 431 LIB.
2298 377 2359 432 ll.
2407 381 2412 384 ⁷

1914 495 1965 552 Α
1997 490 2221 544 Videsne
2262 498 2320 544 ut
2364 504 2428 544 ex
2475 489 2964 560 superbipartiente
3010 491 3202 561 duplus
3237 492 3579 562 superbipar-

3445 381 3580 438 MM

1993 583 2130 637 tiens
2173 591 2390 636 exortus
2421 582 2509 636 sit.
2576 587 2647 636 At
2669 597 2798 637 vero
2827 584 2877 638 si
2907 585 3457 654 supertripartientem
3490 601 3579 653 ιιοο

1991 686 2145 734 nam,
2177 671 2372 739 duplex
2416 672 2533 726 sine
2560 671 2722 726 dubio
2757 673 3060 740 Iripartiens
3111 673 3406 736 invenitur,
3442 683 3499 727 ut
3529 676 3580 729 in

1993 762 2233 829 subjecta
2266 763 2630 831 descriptione
2661 765 2999 832 perspicuum
3027 774 3109 818 est
3135 781 3150 817 :

2087 871 2096 944 Ι
2299 886 2354 931 ¹6
2551 872 2560 946 Ι
2762 884 2822 931 ‘28
3021 872 3031 948 Ι
3230 885 3288 931 49
3488 891 3493 929 l

2083 964 2093 1037 Ι
2295 976 2354 1022 tu
2555 964 2564 1040 |
2761 975 2823 1022 44
3023 965 3035 1039 ι
3221 975 3297 1021 tat

1993 1077 2081 1131 Sic
2107 1092 2234 1145 ergo
2257 1077 2322 1131 de
2344 1080 2917 1147 superparticularibus
2945 1081 3026 1133 vel
3049 1080 3116 1133 de
3137 1080 3585 1146 superpartienti-

1994 1169 2093 1223 bus
2156 1169 2482 1237 multiplices
2545 1171 3058 1238 superparticulares
3117 1170 3202 1224 vel
3265 1170 3583 1237 multiplices

1993 1261 2452 1328 superpartientes
2485 1260 2752 1318 oriuntur.
2783 1260 2959 1326 Quare
2989 1268 3197 1314 constat
3227 1260 3467 1313 omnium
3501 1259 3584 1311 iu-

1995 1352 2362 1421 aaqualitatum
2393 1353 2753 1420 mqualitatem
2784 1367 2903 1406 esse
2931 1351 3274 1420 principium,
3304 1366 3368 1406 ex
3395 1350 3585 1406 eadem

1996 1443 2139 1501 enim
2181 1444 2463 1513 inaequalia
2492 1456 2685 1498 cuncta
2715 1453 3025 1498 nascuntur.
3066 1445 3140 1497 Ac
3166 1443 3234 1498 de
3259 1443 3344 1497 his
3372 1443 3585 1512 quidem

1997 1532 2252 1588 hactenus
2289 1535 2660 1590 d'sserendum
2698 1551 2820 1591 esse
2857 1535 3208 1600 credidimus,
3240 1551 3306 1589 ne
3341 1535 3424 1590 vel
3470 1536 3586 1588 inii-

1997 1624 2104 1676 nita
2133 1633 2420 1691 sectemur,
2451 1626 2534 1680 vel
2565 1628 2706 1680 circa
2739 1641 2826 1682 res
2856 1625 3265 1681 obscurissimas
3285 1624 3588 1694 iugrediem

1997 1714 2129 1766 tium
2167 1715 2376 1769 animos
2413 1716 2736 1781 detinentes,
2769 1715 2837 1770 ab
2866 1715 3169 1770 utilioribus
3197 1719 3552 1769 moraremur.

1377 2026 1756 2127 LIBER
1808 2024 2519 2134 SECUNDUS.

820 2235 1041 2293 CAPUT
1083 2233 1362 2290 PRIMUM.

382 2351 824 2420 Quemadmodum
853 2361 917 2404 ad
943 2349 1281 2416 (equalitatem
1311 2347 1476 2400 omnis
1501 2345 1825 2414 inaequalitas

955 2421 1247 2472 reducatur.

381 2534 688 2602 Superioris
710 2532 828 2586 libri
850 2531 1212 2600 disputatione
1245 2531 1509 2599 digestum
1530 2537 1614 2583 est
1643 2527 1900 2596 quemad-

315 2625 534 2680 modum
577 2632 682 2679 tota
727 2622 1103 2691 inmqualitatis
1140 2621 1434 2675 substantia
1475 2635 1504 2672 a
1545 2619 1783 2686 principe
1818 2619 1898 2672 sui

317 2713 533 2784 generis
574 2711 876 2781 aequalitate
917 2711 1260 2778 processerit.
1303 2708 1408 2762 Sed
1438 2723 1555 2777 qua;
1585 2723 1762 2762 rerum
1793 2707 1902 2761 ele-

321 2810 502 2858 menta
543 2811 697 2867 sunt,
725 2817 791 2856 ex
819 2801 1026 2875 eisdem
1066 2798 1434 2867 principaliter
1468 2797 1642 2849 omnia
1685 2811 1903 2864 compo-

321 2904 539 2958 nuntur,
572 2903 627 2950 et
666 2895 716 2948 iu
751 2894 938 2949 eadem
970 2904 1158 2946 rursus
1198 2885 1522 2943 resolutione
1557 2889 1695 2941 facta
1737 2887 1904 2940 resol-

321 2995 540 3040 vuntur.
578 2983 647 3039 Ut
679 2983 932 3054 quoniam
964 2978 1265 3034 articularis
1302 2979 1448 3032 vocis
1479 2978 1743 3031 elementa
1777 2986 1903 3031 sunt

323 3077 548 3140 litterae,
578 3076 645 3129 ab
671 3074 748 3129 eis
781 3081 865 3128 est
899 3070 1222 3141 syllabarum
1251 3081 1531 3138 progressa
1569 3067 1896 3134 conjunctio,

322 3178 378 3224 et
407 3169 456 3222 in
489 3168 700 3223 easdem
733 3180 918 3222 rursus
958 3162 1274 3218 terminatur
1303 3170 1596 3225 extremas,
1632 3159 1902 3213 eamdem-

323 3275 427 3330 que
455 3261 560 3315 vim
587 3259 793 3314 obtinet
813 3270 975 3312 sonus
999 3254 1052 3308 in
1081 3253 1319 3307 musicis.
1347 3253 1464 3307 Jam
1492 3265 1621 3304 vero
1645 3249 1899 3302 mundum

325 3352 357 3405 ι
388 3364 614 3419 corpora
657 3360 762 3402 non
796 3349 1100 3416 ignoramus
1129 3345 1364 3398 efﬁcere.
1413 3341 1654 3411 Namque
1694 3341 1774 3410 (ut
1801 3339 1895 3408 ait)
1935 3399 1976 3423 ﬂ

324 3455 388 3496 ex
426 3440 580 3496 imbri
616 3448 862 3509 terraque
897 3437 1077 3492 omnia
1116 3435 1407 3505 gignuntur
1445 3443 1498 3489 et
1530 3434 1669 3504 igni;
1711 3432 1804 3486 sed
1850 3433 1902 3485 in

324 3533 440 3587 haec
473 3547 663 3586 rursus
701 3531 814 3600 ejus
851 3530 878 3583 4
918 3531 1184 3585 elementa
1223 3529 1280 3582 tit
1319 3536 1588 3597 postrema
1626 3527 1900 3580 resolutio.

323 3623 400 3676 lta
440 3624 620 3692 igitur,
651 3623 898 3691 quoniam
943 3635 1007 3674 ex
1050 3619 1366 3690 aequalitatis
1411 3619 1649 3687 margine
1686 3626 1903 3671 cunctas

324 3712 703 3779 inaequalitatis
734 3711 938 3778 species
967 3710 1230 3779 pi'olicisci
1256 3709 1517 3774 videmus,
1545 3709 1722 3763 omnis
1750 3723 1779 3760 a
1806 3723 1903 3762 no-

327 3803 411 3857 bis
440 3802 774 3870 inmqualitas
803 3801 869 3855 ad
899 3802 1197 3870 aaqualitem
1227 3815 1435 3866 rursus,
1469 3801 1609 3854 velut
1638 3799 1704 3853 ad
1734 3798 1901 3868 quod-

325 3891 450 3945 dam
489 3892 810 3945 elementum
844 3891 1043 3959 proprii
1073 3891 1281 3960 generis
1315 3891 1634 3945 resolvatur.
1666 3888 1778 3943 Hoc
1807 3904 1902 3942 au-

328 3992 436 4038 tem
470 3983 607 4036 trina
637 3997 822 4035 rursus
852 3980 1200 4050 imperatione
1228 3980 1514 4050 colligitur,
1546 3994 1714 4049 eaque
1741 3979 1908 4033 resol-

325 4071 485 4127 vendi
507 4084 613 4124 ars.
651 4070 798 4124 Datis
819 4071 1146 4141 quibuslibet
1175 4070 1346 4125 tribus
1375 4069 1639 4134 terminis,
1673 4070 1908 4137 inmqua-

325 4163 466 4217 libus
487 4161 723 4230 quidem,
750 4163 843 4217 sed
874 4162 1344 4231 preportionaliter
1368 4159 1695 4226 constitutis,
1723 4161 1774 4213 id
1798 4169 1903 4225 est,

324 4263 384 4308 ut
417 4252 660 4306 eamdem
696 4253 902 4307 medius
939 4253 1004 4307 ad
1035 4255 1262 4320 primum
1291 4252 1396 4304 vim
1424 4250 1780 4319 proportionis
1809 4249 1905 4304 ob-

323 4346 513 4410 tineat,
535 4358 695 4412 quam
719 4343 808 4410 qui
837 4350 918 4395 est
944 4351 1223 4396 extremus
1249 4341 1314 4395 ad
1338 4342 1568 4395 medium
1594 4342 1645 4395 in
1674 4341 1907 4411 qualibet

324 4432 700 4502 inaequalitatis
733 4429 957 4492 ratione,
983 4429 1066 4482 vel
1096 4429 1149 4482 in
1181 4429 1584 4497 multiplicibus,
1613 4430 1698 4484 vel
1730 4430 1782 4484 in
1813 4445 1901 4484 su-

325 4521 857 4591 perparticularibus,
882 4518 966 4572 vel
997 4518 1047 4571 in
1079 4519 1614 4585 superpartientibus,
1647 4520 1730 4573 vel
1758 4519 1811 4573 in
1839 4519 1906 4574 iis

1916 2232 1962 2294 Β
1990 2232 2161 2289 tiones
2206 2237 2688 2308 preportionesque
2733 2240 2946 2308 reduci,
2997 2253 3053 2296 ut
3094 2244 3137 2297 si
3178 2244 3246 2298 sit
3293 2246 3588 2315 quadrupla

2003 2326 2306 2393 proportio,
2353 2329 2526 2408 primo
2555 2331 2620 2384 ad
2654 2332 2886 2400 triplam,
2932 2333 3057 2388 inde
3086 2335 3151 2388 ad
3183 2335 3418 2405 duplam,
3465 2338 3591 2392 inde

2002 2415 2066 2468 ad
2096 2416 2458 2484 aequalitatem
2486 2435 2656 2489 usque
2686 2437 2950 2479 remeare.
3001 2425 3066 2478 Et
3093 2427 3137 2479 si
3167 2428 3237 2480 sit
3265 2432 3591 2497 superparti-

2001 2505 2200 2560 cularis
2229 2508 2667 2577 sesquiquartus,
2702 2513 2874 2579 primo
2902 2513 2968 2566 ad
3000 2515 3398 2583 sesquitertium
3419 2557 3434 2581 ,
3467 2518 3592 2571 inde

2003 2593 2069 2647 ad
2091 2597 2527 2666 sesquialterum,
2550 2611 2821 2668 postremo
2847 2603 2912 2656 ad
2940 2610 3047 2657 tres
3076 2606 3310 2673 mquales
3337 2608 3593 2661 terminos

2006 2685 2202 2740 redire.
2256 2687 2368 2743 lloc
2400 2699 2576 2744 autem
2609 2706 2707 2745 nos
2735 2695 2965 2760 exempli
3007 2696 3171 2763 gratia
3213 2697 3266 2749 in
3316 2698 3592 2766 multiplici

2005 2781 2212 2828 tantum
2245 2781 2594 2846 proportione
2642 2781 2978 2835 docebimus.
3025 2783 3289 2838 Solertem
3341 2799 3489 2850 vero,
3539 2789 3591 2840 in

2002 2865 2124 2919 aliis
2154 2881 2366 2936 quoque
2396 2870 2773 2939 inaequalitatis
2803 2873 3084 2940 speciebus
3109 2875 3161 2928 id
3197 2877 3589 2944 experientem,

2008 2956 2194 3010 eadem
2250 2958 2388 3011 ratio
2443 2969 2834 3029 praeceptorbm
2884 2963 3110 3030 juvabit.
3185 2949 3592 3020 Constituantur

2007 3049 2148 3101 enim
2178 3057 2285 3102 tres
2312 3050 2376 3102 ad
2404 3066 2463 3103 se
2492 3051 2706 3104 termini
2737 3051 3048 3120 quadrupli:

2091 3150 2349 3238 ΙΪίίε
2563 3161 2571 3233 Ι
2726 3170 2831 3238 ἠδέ
3028 3159 3038 3235 Ι
3225 3168 3301 3238 η’
3433 3150 3571 3238 Τ

2006 3269 2174 3323 Aufer
2216 3271 2374 3339 igitur
2403 3287 2467 3325 ex
2511 3273 2689 3326 medio
2729 3271 3015 3336 minorem,
3063 3274 3113 3327 id
3156 3284 3237 3328 est
3274 3291 3337 3328 ex
3381 3277 3593 3345 triginta

2009 3361 2248 3426 duobus,
2295 3363 2660 3427 octonarium,
2707 3364 3078 3433 relinquuntur
3123 3366 3213 3428 ει,
3258 3373 3312 3421 et
3365 3369 3591 3437 primum

2009 3452 2343 3517 Octonarium
2376 3455 2664 3509 terminum’
2703 3470 2892 3524 pones,
2939 3458 3231 3512 secundum
3263 3474 3415 3526 vero,
3451 3463 3594 3529 quod

2007 3543 2276 3613 reliquum
2312 3545 2475 3601 fuerit
2513 3561 2579 3601 ex
2611 3547 2820 3613 medio,
2867 3547 2918 3601 id
2957 3557 3037 3601 est
3065 3549 3155 3613 24,
3183 3559 3242 3604 ut
3271 3551 3378 3604 sint
3408 3553 3461 3605 bi
3492 3552 3597 3606 duo

2007 3635 2246 3700 termini,
2290 3638 2323 3689 8
2369 3646 2422 3691 et
2450 3636 2539 3691 24.
2599 3637 2675 3691 De
2706 3639 2862 3692 tertio
2892 3652 3042 3705 vero,
3091 3639 3143 3692 id
3189 3641 3415 3707 est128,
3448 3642 3598 3696 aufer

2008 3743 2171 3782 unum
2213 3727 2465 3796 primum,
2516 3729 2567 3782 id
2596 3738 2678 3783 est
2705 3729 2763 3794 8,
2791 3738 2845 3782 et
2874 3729 3008 3783 duos
3037 3732 3303 3792 secundps
3343 3734 3432 3801 qui
3475 3742 3598 3788 sunt

2009 3820 2226 3889 reliqui,
2257 3819 2308 3873 id
2337 3830 2417 3873 est
2445 3819 2526 3874 bis
2550 3818 2641 3884 24,
2677 3828 2732 3874 et
2762 3819 3141 3889 relinquuntur
3170 3822 3259 3873 7‘2.
3295 3821 3386 3874 His
3417 3822 3600 3889 dispo-

2009 3911 2129 3966 sitis
2178 3911 2443 3977 terminis,
2491 3926 2555 3966 ex
2607 3911 2925 3981 quadi’uplis
2971 3912 3320 3981 propinquior
3363 3913 3600 3980 aequitati

2010 4002 2310 4072 proport'o,
2340 4001 2498 4069 tripla
2526 4002 2741 4055 redacta
2769 4011 2868 4055 est.
2901 3996 3036 4055 Simt
3064 4002 3207 4055 enim
3240 4002 3452 4055 termini
3480 4019 3492 4053 :

2094 4135 2103 4208 Ι
2322 4147 2350 4193 8
2566 4133 2575 4208 Ι
2776 4147 2831 4191 2t
3034 4133 3045 4207 Ι
3250 4145 3309 4191 72
3507 4131 3518 4206 Ι

2011 4251 2088 4304 Ex
2115 4250 2198 4304 bis
2221 4257 2399 4303 autem
2434 4250 2563 4318 ipsis
2593 4249 2737 4302 idem
2767 4249 2813 4301 si
2841 4247 3059 4313 feceris,
3085 4248 3150 4302 ad
3173 4248 3392 4315 duplum
3419 4261 3602 4300 rursus

2012 4342 2349 4412 comparatio
2398 4340 2680 4395 remeabit.
2743 4339 2888 4394 Pone
2937 4341 3082 4393 enim
3130 4339 3358 4406 primum
3408 4338 3602 4391 minori

2010 4448 2253 4500 :equum,
2290 4432 2341 4485 id
2383 4440 2465 4486 est
2499 4430 2554 4496 8,
2602 4441 2657 4485 et
2684 4446 2748 4484 ex
2781 4431 3020 4483 secundo
3059 4429 3211 4483 aufer
3254 4429 3507 4496 primum,
3541 4428 3603 4480 ltl

2014 4524 2406 4592 relinquentur.
2449 4521 2553 4576 Sed
2585 4537 2649 4574 ex
2692 4521 2874 4582 tertio,
2907 4519 2959 4571 id
2988 4529 3070 4571 est
3100 4533 3164 4570 ex
3198 4519 3288 4580 72,
3319 4517 3469 4571 aufer
3501 4518 3604 4584 pri-

323 4587 445 4680 qure
475 4625 539 4665 ex
566 4610 650 4664 bis
677 4615 1050 4676 procreantur,
1079 4607 1180 4660 boc
1207 4616 1292 4661 est
1318 4608 1700 4675 multiplicibus
1727 4622 1912 4674 super-
1939 4587 1991 4645 Ῑ)
2019 4587 2187 4674 mum,
2220 4611 2270 4664 id
2293 4619 2377 4663 est
2399 4610 2450 4671 8,
2476 4616 2530 4661 et
2557 4608 2690 4661 duos
2713 4605 2996 4667 secundos,
3028 4605 3080 4656 id
3109 4616 3185 4657 est
3213 4605 3295 4656 bis
3321 4604 3406 4667 16,
3429 4613 3481 4656 et
3506 4607 3603 4660 erit

325 4700 766 4769 particularibus,
811 4699 891 4753 vel
941 4696 1323 4767 multiplicibus
1363 4697 1907 4766 superpartientibus,

327 4792 520 4846 eadem
583 4799 743 4860 atque
823 4803 925 4842 una
989 4790 1198 4844 ratione
1266 4787 1562 4843 indubitata
1632 4788 1914 4842 constabit.

325 4885 624 4954 Propositis
648 4884 788 4938 enim
818 4883 987 4938 tribus
1009 4883 1092 4952 (ut
1111 4882 1311 4938 dictum
1333 4880 1436 4952 est)
1461 4881 1724 4944 terminis,
1748 4881 1916 4947 aequis

329 4976 761 5044 proportionibus
812 4973 1109 5040 ordinatis,
1167 4975 1414 5029 ultimum
1473 4987 1687 5042 semper
1739 4971 1916 5025 medio

328 5065 707 5131 detrahamus,
757 5073 810 5119 et
858 5066 1031 5132 ipsum
1079 5065 1296 5134 quidem
1345 5065 1629 5128 ultimum,
1682 5061 1910 5132 primum

329 5158 614 5212 terminum
659 5155 1000 5218 collocemus,
1048 5155 1191 5224 quod
1233 5156 1301 5210 de
1349 5154 1525 5210 medio
1572 5154 1907 5224 relinquitur,

329 5245 643 5299 secundum.
679 5245 753 5299 De
785 5244 943 5298 tertia
970 5259 1100 5299 vero
1129 5245 1520 5315 propositorum
1563 5244 1909 5298 terminorum

331 5350 540 5391 summa
569 5336 871 5391 auferemus
909 5351 1074 5398 unum
1110 5337 1335 5405 primum
1355 5377 1372 5404 ,
1403 5346 1455 5390 et
1485 5336 1618 5391 duos
1648 5335 1912 5391 secundos

329 5442 424 5482 eos
451 5427 538 5497 qui
566 5427 631 5482 de
655 5426 939 5484 medietate
967 5427 1136 5482 relicti
1162 5435 1306 5491 sunt,
1333 5438 1386 5482 et
1411 5427 1463 5481 id
1490 5427 1630 5496 quod
1661 5443 1725 5481 ex
1755 5428 1911 5482 tertia

330 5531 538 5572 summa
573 5519 911 5588 relinquitur,
947 5520 1160 5574 tertium
1194 5519 1483 5574 terminum
1512 5519 1917 5576 constituemus.

332 5600 551 5663 Videbis
578 5609 737 5677 igitur
759 5609 860 5663 hoc
883 5608 1045 5675 facto,
1072 5611 1124 5663 in
1155 5611 1414 5665 minorem
1446 5609 1661 5664 modum
1683 5624 1921 5664 summas

335 5701 553 5768 reverti,
584 5710 634 5755 et
676 5700 739 5755 ad
779 5701 1209 5770 principaliorem
1241 5701 1606 5758 habitudinem
1643 5716 1920 5768 compara-

2019 4701 2222 4767 reliqua
2252 4711 2376 4765 pars
2406 4695 2492 4748 52.
2542 4694 2750 4760 Quibus
2771 4693 2978 4762 positis,
3005 4692 3070 4745 ad
3094 4691 3281 4759 duplas
3309 4692 3601 4760 proportio-

2020 4804 2115 4843 nes
2147 4785 2401 4838 babitudo
2433 4784 2713 4852 redigitur.

2021 5015 2164 5071 Idem
2199 5028 2326 5068 vero
2355 5028 2422 5067 ex
2453 5011 2537 5065 his
2562 5011 2608 5066 si
2639 5011 2763 5076 ﬁat,
2795 5023 2907 5063 rem
2948 5024 3163 5064 onmem
3195 5009 3260 5062 ad
3291 5010 3604 5077 mqualitatis

2021 5119 2262 5162 summas
2303 5101 2679 5172 eliquabimus.
2759 5099 2905 5154 Pone
2949 5099 3090 5154 enim
3137 5098 3365 5167 primum
3414 5099 3605 5152 minori

2020 5212 2254 5267 aequum,
2291 5193 2342 5249 id
2374 5202 2456 5248 est
2479 5193 2534 5259 8,
2574 5201 2628 5246 et
2660 5188 2809 5245 aufer
2843 5204 2917 5244 ex
2953 5189 3016 5242 l6
3044 5190 3400 5252 octonarium,
3433 5203 3604 5242 rema-

2021 5297 2150 5344 nent
2180 5289 2237 5350 8,
2282 5286 2480 5356 quibus
2508 5283 2807 5352 dispositis,
2840 5295 2905 5334 ex
2940 5280 3112 5346 tertio,
3148 5279 3199 5334 id
3231 5291 3308 5334 est
3338 5280 3425 5344 52,
3458 5293 3605 5333 sum-

2024 5379 2130 5449 ptis
2155 5371 2351 5446 primo,
2381 5375 2431 5430 id
2463 5382 2545 5429 est
2575 5375 2626 5438 8,
2659 5381 2713 5427 et
2741 5372 2948 5425 duobus
2981 5369 3252 5437 secundis,
3287 5370 3338 5424 id
3367 5379 3449 5425 est
3476 5370 3605 5424 duo-

2025 5470 2123 5524 bus
2149 5465 2458 5531 octonariis,
2487 5472 2775 5533 supersunt
2797 5462 2847 5515 8.
2881 5461 3084 5527 Quilus
3116 5460 3410 5529 dispositis,
3439 5461 3606 5530 prima

2026 5561 2180 5614 nobis
2212 5557 2486 5627 aequalitas
2515 5555 2677 5616 cadit,
2713 5561 2767 5605 ut
2798 5552 3052 5618 subjecta:
3084 5553 3361 5604 διιιιιηιιιιςι·
3394 5552 3605 5605 docent.

2022 5655 2151 5745 ἰ
2351 5685 2379 5725 κ
2575 5665 2586 5740 I
2788 5646 3462 5745 8I‘_:___l

2025 4978 2220 4988 —_———

2640 5745 2858 5754 _——.———

2219 5749 2507 5761 υ*-

2025 5753 2211 5764 ἰ’-,σ-

3711 623 3760 643 κ
