4160 6256
610 374 768 448 'ttts

630 615 776 655 mum
800 597 1001 659 tendat,
1025 593 1265 646 eamdem
1298 590 1724 645 convenientiam
1747 588 2094 641 intitubanter
2130 586 2214 637 in-

630 691 829 745 veniet.
874 687 1049 751 Quare
1079 682 1533 752 pronuntiandum
1570 690 1670 745 εει,
1706 695 1804 734 nec
1830 680 1938 732 ulla
1979 676 2217 746 trepida-

636 780 783 832 tione
823 773 1173 831 dubitandum
1192 814 1207 839 ,
1236 772 1378 841 quod
1406 770 1856 842 quemadmodum
1886 783 1981 837 per
2005 782 2065 821 se
2093 781 2223 820 con-

633 868 826 921 stantis
868 864 1176 934 quantitatis
1222 864 1396 917 unitas
1438 863 1755 931 principium
1798 869 1853 914 et
1894 859 2219 913 elementum

635 971 748 1025 est,
797 961 868 1014 ita
910 968 964 1013 et
1006 958 1073 1011 ad
1126 957 1327 1027 aliquid
1373 957 1554 1010 relata:
1596 956 1903 1023 quantitatis
1945 952 2221 1020 mqualitas

639 1060 813 1104 mater
850 1056 951 1102 est.
1012 1046 1504 1101 Demonstravimus
1533 1046 1675 1099 enim
1708 1042 1846 1111 quod
1877 1042 2001 1096 hinc
2030 1050 2082 1094 et
2107 1041 2220 1108 ejus

637 1141 943 1210 procreatio
992 1138 1158 1208 prima
1192 1137 1351 1203 foret,
1387 1145 1440 1190 et
1472 1136 1525 1189 in
1565 1150 1683 1190 eam
1730 1148 1915 1188 rursus
1955 1141 2227 1201 postrema

639 1231 833 1287 solutio
860 1238 961 1284 est.

1268 1348 1494 1403 CAPUT
1525 1348 1587 1404 11.

640 1442 719 1497 De
758 1441 1052 1495 inveniendo
1097 1440 1150 1493 in
1193 1455 1496 1508 unoquoque
1544 1454 1759 1490 numero
1819 1446 1935 1505 quot
1990 1452 2225 1490 numeros

708 1535 935 1604 ejusdem
982 1531 1324 1601 praportionis
1372 1531 1529 1597 possit
1582 1529 1899 1598 prwcedere,
1951 1544 2222 1597 eorumque

712 1624 1006 1693 descriptio,
1043 1623 1496 1692 descriptionisqne
1528 1621 1797 1688 expositio.

712 1702 815 1774 'Est
835 1728 1011 1773 autem
1037 1719 1280 1787 quaedam
1313 1718 1367 1770 in
1398 1716 1497 1770 hac
1527 1731 1582 1769 rc
1617 1715 1872 1781 profunda
1903 1723 1956 1768 ct
1988 1714 2228 1767 miranda

642 1809 949 1879 speculatio,
985 1818 1035 1862 et
1065 1809 1143 1877 (ut
1167 1808 1240 1861 ait
1261 1806 1635 1867 Nicomachus)
1662 1807 1967 1879 ἐννοιὸφατον
1992 1810 2226 1877 θεώρημα

646 1900 948 1969 perlicieus,
980 1909 1031 1953 et
1062 1899 1129 1953 ad
1162 1899 1487 1952 Platonicam
1520 1898 1573 1949 in
1604 1897 1808 1950 Timzno
1839 1896 2030 1949 anima:
2068 1909 2229 1962 gene-

648 1992 943 2053 rationem,
992 1998 1048 2043 et
1095 1990 1160 2041 ad
1209 1988 1486 2043 intervalla
1537 1988 1861 2040 harmonicen
1908 1985 2225 2055 disciplina.

649 2078 722 2131 lbi
745 2079 887 2131 enim
909 2078 1162 2145 jubemur
1187 2077 1477 2145 perducere
1503 2084 1662 2144 atque
1687 2076 1981 2129 extendere
2010 2084 2118 2128 tres
2146 2073 2229 2127 vel

647 2178 875 2235 quatuor
898 2166 1300 2234 sesquialteros,
1325 2167 1406 2219 vel
1429 2165 1691 2233 quotlibet
1712 2163 2083 2232 sesquitertias
2109 2178 2233 2232 pro-

651 2257 946 2324 portiones,
975 2264 1029 2309 et
1056 2254 1461 2323 sesquiquartas
1488 2252 1939 2320 comparationes,
1984 2267 2075 2305 eas
2114 2235 2233 2320 ηερε

649 2346 943 2400 secundum
978 2334 1308 2413 propositum
1350 2342 1618 2409 ordinem,
1654 2356 1796 2410 saepe
1826 2341 2108 2395 continuas
2149 2342 2235 2409 ju-

649 2438 839 2492 bemur
885 2438 1194 2492 extendere.
1255 2435 1332 2490 Ne
1375 2442 1553 2489 autem
1598 2434 1717 2498 hoc,
1767 2434 1951 2487 labore
2001 2434 2232 2501 quodam

650 2546 865 2611 semper
907 2530 1125 2603 quidem
1171 2530 1441 2593 maximo,
1491 2528 1825 2596 frequentius
1876 2527 2233 2589 inleraciliat,

649 2625 749 2680 hac
786 2626 939 2680 nobis
978 2626 1213 2689 ratione,
1252 2625 1303 2679 in
1345 2633 1477 2694 quat
1514 2622 1748 2676 numeris
1808 2621 1989 2690 quanti
2033 2617 2237 2689 possint

652 2710 770 2771 esse
813 2716 1353 2785 superparticulares,
1408 2712 1834 2781 investigandum
1885 2720 1987 2764 εει.
2038 2708 2238 2763 Omnes

651 2809 794 2862 enim
839 2809 1185 2878 multiplices,
1228 2816 1495 2862 tantarum
1542 2805 1798 2860 similium
1844 2802 2061 2858 sibimet
2108 2817 2237 2869 pro-

654 2899 954 2964 portionum
981 2898 1245 2966 principes
1273 2883 1448 2962 erunt,
1473 2907 1636 2967 quoto
1668 2896 1765 2963 ipsi
1798 2896 1916 2949 loco
1945 2894 2013 2947 ab
2036 2894 2238 2947 unitate

654 2986 1034 3041 discesserunt.
1079 2986 1231 3052 Quod
1255 2997 1430 3040 autem
1456 2986 1597 3051 dico,
1624 2986 1836 3039 sibimet
1857 2984 2109 3037 similium
2134 2984 2240 3037 tale

654 3084 754 3141 cst,
786 3084 842 3128 ut
868 3076 1012 3144 dupli
1040 3090 1252 3145 semper
1281 3076 1644 3145 multiplicitas
1667 3078 1749 3143 (ut
1774 3074 2016 3143 superius
2039 3074 2237 3129 dictum

655 3167 757 3235 cst)
790 3166 1171 3235 sesquialteros
1200 3176 1370 3233 creet,
1404 3175 1458 3220 et
1490 3167 1680 3235 triplex
1716 3165 1785 3218 sit
1815 3166 1918 3217 dux
1950 3164 2240 3232 sesqniter—

659 3256 871 3320 tiorum,
909 3256 1238 3324 quadruplus
1281 3257 1688 3325 sesquiquartis.
1740 3255 1946 3307 Primus
1980 3268 2109 3322 ergo
2144 3254 2240 3307 du-

658 3346 776 3411 plex
828 3360 989 3398 unum
1028 3346 1200 3399 solum
1246 3344 1461 3399 habebit
1502 3344 1931 3412 sesquialterum,
1975 3342 2240 3396 secundus

659 3434 822 3497 duos,
870 3436 1059 3487 tertius
1110 3446 1251 3499 tres,
1295 3444 1515 3503 quartus
1563 3443 1810 3503 quatuor,
1853 3442 1907 3488 et
1945 3432 2238 3488 secundum

661 3524 802 3577 hunc
843 3523 1084 3578 ordinem
1150 3524 1337 3578 eadem
1395 3524 1451 3577 lit
1510 3524 1564 3578 in
1610 3524 1872 3578 inﬁnitum
1920 3524 2238 3592 progressio.

663 3613 844 3681 Neque
872 3628 1105 3680 unquam
1136 3614 1253 3668 ﬁeri
1285 3623 1463 3683 potest
1492 3626 1549 3668 ut
1577 3615 1663 3669 vel
1694 3624 1914 3684 superet
1944 3617 2243 3683 praportio-

662 3719 786 3758 num
816 3718 1116 3775 numerum,
1147 3704 1230 3759 vel
1253 3705 1321 3760 ab
1349 3720 1413 3759 eo
1441 3705 1513 3758 sit
1538 3704 1852 3758 diminutior
1878 3704 2154 3771 aequabilis
2174 3705 2243 3761 ab

664 3795 864 3850 unitate
894 3794 1106 3849 locatio.
1154 3793 1362 3848 Primus
1390 3809 1520 3864 ergo
1549 3793 1747 3862 duplex
1778 3804 1862 3848 est
1890 3794 2124 3849 binarius
2145 3811 2245 3849 nu-

664 3899 861 3952 merus,
884 3888 971 3959 qui
1002 3902 1164 3942 unum
1195 3888 1369 3941 solum
1400 3887 1811 3956 sesquialterum
1842 3887 2049 3955 recipit,
2081 3886 2133 3941 id
2164 3897 2245 3942 εει

667 3981 977 4032 ternarium.
1030 3978 1279 4032 Binarius
1307 3977 1450 4032 enim
1483 3985 1669 4031 contra
1712 3976 1999 4031 ternarium
2030 3991 2244 4045 compa-

665 4077 813 4123 ratus
848 4070 1253 4137 sesquialteram
1299 4067 1462 4123 el‘licit
1491 4069 1908 4137 preportionem.
1960 4067 2245 4120 Ternarius

667 4168 810 4224 vero,
836 4160 1084 4227 quoniam
1116 4159 1458 4231 medietatem
1491 4172 1594 4211 non
1627 4158 1836 4225 recip’t,
1870 4172 1975 4209 non
2004 4163 2087 4210 est
2112 4154 2247 4208 alter

668 4264 919 4304 numerus
956 4250 1021 4303 ad
1053 4264 1209 4318 quem
1251 4250 1304 4302 in
1348 4248 1554 4302 ratione
1590 4247 1944 4316 scsquialtera
1971 4260 2245 4313 compare-

668 4345 772 4391 tur.
834 4337 1215 4401 Quwtcruarius
1254 4350 1382 4390 vero
1420 4349 1704 4400 numerus,
1745 4334 2013 4388 secundus
2049 4333 2246 4401 duplex

670 4436 772 4492 est,
808 4428 891 4480 hic
920 4441 1047 4495 ergo
1076 4427 1208 4482 duos
1245 4424 1626 4495 sesquialteros
1659 4425 1930 4493 prmcedit.
1986 4425 2077 4477 Est
2105 4424 2245 4478 enim

670 4515 736 4571 ad
774 4517 943 4585 ipsum
973 4516 1184 4586 quidem
1214 4524 1553 4584 comparatus
1590 4513 1833 4569 senarius
1863 4528 2148 4578 numerus,
2181 4514 2245 4568 ad

671 4607 937 4661 senarium
979 4622 1125 4672 vero,
1157 4605 1409 4675 quoniam
1444 4604 1779 4659 medietatem
1820 4602 1980 4657 habet
2023 4617 2254 4657 novena-

673 4700 807 4762 rius,
834 4708 887 4752 et
914 4708 1037 4751 sunt
1061 4697 1165 4751 duo
1192 4696 1549 4765 sesquialteri,
1584 4694 1650 4748 ad
1675 4696 1707 4749 4
1752 4694 1957 4748 scilicet
1982 4692 2034 4755 6,
2066 4692 2133 4746 ad
2160 4707 2252 4746 sex

676 4803 803 4840 vero
831 4789 885 4843 9.
943 4788 1269 4842 Novenarius
1298 4803 1447 4851 vero,
1478 4786 1729 4856 quoniam
1761 4787 2047 4840 medietate
2085 4794 2252 4851 caret,

677 4881 745 4934 ab
774 4881 872 4934 hac
900 4881 1298 4947 comparatione
1328 4878 1566 4933 seclusus
1597 4887 1696 4931 est.
1757 4876 1968 4931 Tertius
1998 4890 2123 4929 vero
2151 4875 2252 4928 du-

679 4970 799 5039 plex
831 4978 912 5022 est
942 4969 995 5031 8,
1028 4967 1114 5022 hic
1142 4984 1269 5039 ergo
1299 4968 1332 5022 3
1361 4966 1742 5035 sesquialteros
1774 4964 2059 5019 antecedit.
2098 4962 2255 5039 (Iom-

682 5068 897 5127 paratur
938 5059 1079 5112 enim
1128 5057 1195 5111 ad
1245 5058 1417 5127 ipsum
1468 5056 1827 5110 duodenarius
1874 5037 2160 5117 numerus,
2192 5054 2258 5105 ad

680 5149 1070 5203 duodenarium
1101 5149 1180 5212 l8,
1211 5148 1278 5201 ad
1308 5146 1373 5202 l8
1402 5160 1583 5201 rursus
1606 5146 1695 5200 2'7.
1744 5144 1811 5198 At
1836 5159 1965 5198 vero
1992 5144 2059 5196 27
2084 5142 2260 5197 medio

682 5251 882 5295 carent.
924 5240 1066 5296 Idem
1099 5253 1312 5309 quoque
1341 5238 1392 5292 in
1424 5236 1770 5307 sequentibus
1797 5234 2013 5288 evenire
2041 5247 2262 5288 necesse

682 5342 765 5387 est
793 5331 934 5402 quod
962 5345 1060 5385 nos
1100 5344 1220 5384 cum
1253 5327 1467 5397 propria
1511 5324 1850 5381 ordinatione
1902 5321 2257 5377 subdidimus.

672 5425 908 5508 |Semper
945 5424 1085 5479 enim
1122 5421 1249 5489 hoc,
1291 5420 1467 5477 divina
1498 5419 1726 5487 quadam
1757 5431 1852 5471 uec
1878 5414 2107 5469 humana
2135 5428 2263 5468 con-

672 5506 983 5580 Istitutione,
1014 5513 1459 5583 speculationibus
1512 5509 1765 5574 occurrit,
1800 5516 1857 5562 ut
1885 5506 2262 5576 quotienscun—

688 5624 788 5675 quc
816 5608 1035 5661 ultimus
1063 5618 1314 5679 umerus
1346 5603 1641 5666 invenitur,
1676 5599 1766 5670 qui
1795 5599 1913 5653 loco
1942 5596 2170 5665 duplicis
2196 5593 2263 5647 ab

689 5697 890 5749 unitate
919 5695 986 5749 sit
1017 5709 1130 5762 par,
1159 5694 1278 5747 talis
1308 5697 1375 5748 sit
1407 5702 1462 5746 ut
1494 5694 1547 5746 in
1582 5690 1892 5747 medietates
1919 5685 2082 5741 dividi
2112 5695 2262 5741 seca-

695 5782 843 5844 riqnc
872 5799 973 5836 non
1004 5781 1188 5845 possit.

1854 386 1959 439 AN.
2007 378 2210 438 :\I.\NL.
2254 377 2400 433 SEV.
2447 372 2671 429 BOETl-l

633 512 767 565 llinc
796 509 953 577 igitur
978 506 1025 559 si
1049 505 1166 573 quis
1199 501 1262 555 ad
1289 477 1422 554 alias
1456 498 1830 568 iumqualitatis
1858 498 2066 567 species
2097 495 2205 548 ani-
2240 502 2292 559 Α

2993 478 3229 529 Latitudo.

2436 569 3779 662 ιίιρίᾼᾼΛΛηιΔδ-[Ξᾼ

2655 660 3781 751 ι’διμμῌλέᾼ-ᾼέᾼ

2657 754 2979 843 VT
2883 764 2893 839 |
2980 754 3783 843 91w

2876 858 2885 931 Ι
2965 881 3027 922 βυ
3093 844 3780 931 Vw

3100 946 3246 1019 lla
3325 942 3335 1017 ι
3410 951 3463 997 δι
3545 938 3705 1019 lto;

3317 1028 3471 1107 Ivris
3544 1031 3553 1104 Ι
3621 1043 3707 1088 1ιὸ
3770 1028 3779 1101 Ι

2324 1172 2466 1226 Idem
2496 1169 2752 1237 contingit
2781 1170 2941 1222 etiam
2975 1169 3027 1220 in
3058 1167 3374 1234 triplicibus,
3399 1180 3463 1217 ex
3496 1165 3598 1217 illis
3622 1163 3763 1216 enim
3794 1175 3905 1214 ses.

2324 1261 2560 1331 quitcrtii
2591 1268 2953 1328 procreantur.
3033 1256 3163 1311 Nam
3202 1256 3451 1325 quoniam
3482 1254 3685 1322 primus
3716 1250 3901 1318 triplex

2326 1363 2407 1408 est
2435 1353 2697 1407 ternarius
2723 1363 3000 1416 nunnerus,
3022 1347 3180 1402 habet
3209 1362 3370 1401 unum
3405 1345 3825 1414 sesquitertium,
3855 1342 3902 1396 id

2326 1451 2407 1498 est
2434 1444 2485 1496 4.
2530 1441 2691 1510 Cujus
2721 1439 3047 1509 quaternarii
3080 1439 3237 1492 tertia
3268 1451 3391 1506 pars
3434 1449 3537 1489 non
3563 1443 3741 1503 potest
3762 1432 3901 1486 inve—

2328 1533 2452 1598 niri,
2478 1542 2637 1600 atque
2662 1530 2781 1584 ideo
2805 1530 2890 1583 hic
2912 1527 3128 1596 epitrito
3147 1534 3311 1581 caret.
3343 1523 3621 1581 Secundus
3648 1536 3796 1583 vero,
3817 1521 3902 1588 qui

2328 1633 2411 1678 e-t
2452 1636 2673 1685 novem,
2706 1620 2864 1674 habet
2898 1618 2962 1689 ad
2993 1632 3052 1672 se
3077 1616 3462 1671 duodenarium
3491 1627 3776 1667 numerum
3804 1623 3904 1663 ses-

2328 1712 2658 1781 qnitet'tium.
2696 1706 3061 1763 Duodenarius
3095 1713 3293 1768 autem,
3324 1702 3571 1773 quoniam
3603 1699 3774 1753 habet
3808 1708 3901 1751 tero

2333 1806 2457 1859 tiam
2491 1811 2715 1873 partem,
2743 1794 2805 1855 in'
2827 1798 3167 1869 sesqnitertia
3196 1792 3543 1867 proportione
3569 1797 3906 1857 comparatur

2331 1895 2397 1949 ad
2426 1909 2548 1949 eum
2583 1905 2834 1946 numerus
2864 1889 3124 1951 sedecim,
3155 1886 3242 1955 qui
3276 1886 3445 1939 tertia
3478 1882 3647 1952 partis
3677 1879 3907 1934 sectione

2331 1986 2537 2042 solutus
2556 1993 2660 2039 est.
2676 1980 2874 2050 Viginti
2895 1987 3099 2048 septem
3123 1985 3323 2041 autem,
3344 1974 3596 2044 quoniam
3627 1973 3819 2025 tertius
3838 1979 3909 2024 est

2334 2076 2549 2144 triplex,
2578 2074 2736 2127 habet
2764 2071 2830 2125 ad
2853 2084 2912 2124 se
2939 2067 3337 2137 sesquitertium
3364 2064 3580 2134 triginta
3608 2077 3736 2126 sex,
3758 2072 3813 2116 et
3831 2060 3911 2114 hic

2333 2181 2517 2222 rursus
2544 2167 2608 2220 ad
2638 2162 2985 2231 quadraginta
3024 2170 3146 2214 octo
3174 2157 3360 2212 eadem
3393 2155 3739 2225 proportione
3767 2167 3910 2206 como

2332 2264 2570 2327 paratur.
2615 2252 2711 2308 Cui
2752 2253 2796 2306 si
2842 2249 3116 2320 sexaginta
3154 2250 3383 2316 quat'ndr
3425 2244 3652 2314 appositi
3699 2243 3909 2303 fuerint.

2335 2348 2577 2403 eamdem
2628 2357 2815 2399 rursus
2860 2342 2963 2395 vim
3010 2338 3369 2409 proportionis
3417 2335 3729 2404 explebunt.
3775 2333 3913 2400 Quos

2336 2444 2609 2511 sexaginta
2660 2447 2886 2510 quatuor
2928 2435 2995 2491 ad
3040 2432 3243 2488 nullum
3290 2427 3690 2496 scsquitertium
3731 2438 3914 2477 rursus

2337 2532 2564 2602 aptabis,
2604 2529 2856 2598 quoniam
2887 2534 3038 2595 parte
3068 2520 3222 2576 tertia
3262 2531 3367 2585 non
3400 2522 3672 2579 tenentur.
3747 2514 3915 2579 Atque

2339 2624 2441 2678 hoc
2493 2624 2547 2675 in
2592 2620 2798 2675 cunetis
2849 2612 3148 2684 triplicibus
3194 2608 3491 2668 invenitur,
3540 2614 3599 2657 ut
3648 2612 3917 2657 extremus

2338 2712 2575 2783 ejusdem
2608 2706 2968 2778 preportionis
2999 2714 3272 2762 numerus,
3316 2705 3491 2750 tantos
3532 2702 3652 2746 ante
3687 2706 3743 2745 se
3782 2704 3915 2758 pra:-

2339 2802 2591 2859 cedentes
2630 2799 2850 2862 habeat,
2906 2802 3104 2865 quanto
3144 2790 3347 2859 primus
3385 2801 3566 2839 eorum
3604 2783 3668 2836 ab
3706 2782 3918 2833 unitate

2342 2890 2667 2947 discesserit.
2696 2887 2760 2941 Et
2785 2885 2874 2955 qui
2903 2892 2981 2937 tot
3005 2895 3164 2949 super
3197 2893 3254 2933 sc
3284 2874 3523 2944 ejusdem
3552 2870 3921 2943 proportion's

2343 2983 2591 3038 habuerit
2627 2990 2908 3039 numeros,
2942 2981 3137 3043 quotus
3165 2969 3232 3022 ab
3266 2968 3469 3021 unitate
3496 2965 3696 3032 primus
3732 2972 3923 3013 eorum

2338 3076 2503 3145 jacet,
2534 3072 2648 3140 ejus
2690 3081 2812 3137 pars
2841 3072 2945 3135 qua
2977 3061 3055 3117 illi
3074 3064 3421 3127 comparatus
3451 3066 3725 3114 numerus,
3760 3048 3918 3145 possit

2343 3137 2587 3219 eamdem
2624 3159 2799 3212 facere
2839 3151 3260 3226 proportionem,
3297 3143 3525 3200 inveniri
3562 3147 3814 3210 nequeat.
3854 3137 3921 3191 Et

2349 3252 2572 3323 triplicis
2600 3248 2816 3319 quidem
2848 3244 2963 3298 ha‘c
2990 3249 3075 3297 est
3101 3236 3389 3305 descriptio
3416 3252 3427 3287 :

3024 3327 3251 3378 Latitudo

2689 3512 3193 3603 WF
3221 3512 3282 3570 36
3358 3515 3366 3581 ρ
3434 3518 3516 3563 ιυδ
3577 3512 3588 3586 ε
3649 3515 3741 3562 set
3804 3522 3813 3557 ι

2693 3601 2841 3694 Mn
2920 3617 2929 3691 I
3008 3601 3818 3694 πίω

3131 3782 3517 3869 mea;
3579 3787 3589 3861 ι
3648 3782 3814 3857 res]

3257 3871 3375 3956 ’Τ
3391 3869 3815 3956 “eri—reg

2350 4008 2417 4057 At
2449 4003 2728 4072 quadrupli
2758 4000 3049 4055 secundum
3081 3996 3215 4050 hanc
3246 3996 3467 4048 formam
3500 3987 3789 4055 descriptio
3817 3995 3917 4045 est.

2350 4092 2415 4145 ad
2445 4106 2602 4161 quam
2631 4090 2856 4151 scilicet,
2890 4088 2977 4157 qui
3011 4102 3038 4139 a
3068 4084 3337 4156 prioribus
3374 4083 3664 4135 instructus
3689 4089 3929 4130 accesse-

2352 4182 2451 4247 rit,
2483 4180 2625 4233 nulla
2671 4178 2874 4231 ratione
2919 4175 3239 4245 trepidabit,
3272 4180 3325 4226 et
3359 4172 3425 4224 de
3466 4171 3676 4223 caeteris
3717 4164 3934 4235 quidem

2352 4272 2749 4341 multiplicibus,
2782 4269 3021 4324 eamdem
3046 4263 3468 4320 convenientiam
3502 4257 3824 4328 pernotabit.

3030 4355 3274 4406 latitudo.

3218 4462 3279 4509 δι
3357 4456 3365 4531 ι
3429 4459 3522 4505 236
3581 4450 3811 4531 [neu

2348 3878 2572 3888 *-

2576 3877 2945 3887 -σ-ο--ρ

3041 3872 3255 3884 .———-—-

2970 3961 3207 3969 .————————

3211 3957 3492 3967 ——-———-——

2367 5054 2499 5110 Hinc
2554 5069 2762 5124 quoque
2815 5054 3151 5122 pchpicuum
3205 5061 3323 5113 est,
3379 5044 3943 5117 superparticularium

2366 5145 2834 5217 (quemadmodum
2882 5145 3027 5211 prius
3075 5152 3350 5197 ostensum
3400 5138 3520 5207 est)
3571 5136 3773 5206 primos
3821 5147 3945 5186 esse

2364 5238 2705 5307 multiplices.
2729 5235 3001 5305 Siquidem
3023 5234 3264 5302 duplices
3286 5222 3688 5300 sesquialteros,
3711 5223 3947 5291 triplices

2364 5328 2751 5396 sesquitertios,
2781 5334 2834 5381 et
2862 5326 3035 5378 cuncti
3087 5314 3408 5391 multiplices
3452 5326 3675 5375 cunctos
3713 5316 3766 5367 in
3796 5311 3945 5365 ordi-

2366 5432 2487 5471 nem
2535 5415 3043 5484 supcrparticnlares
3086 5421 3307 5468 creant.
3340 5411 3434 5464 Est
3464 5408 3624 5463 etiam
3653 5407 3705 5458 in
3734 5403 3818 5457 bis
3846 5401 3951 5455 hoc

2367 5520 2577 5575 quoque
2605 5504 2867 5558 mirabile.
2918 5504 3153 5572 Namque
3183 5501 3271 5556 ubi
3307 5500 3479 5570 prima
3524 5494 3751 5551 latitudo
3789 5490 3951 5544 fuerit

2366 5594 2587 5662 duplex,
2620 5601 2673 5647 et
2719 5593 2819 5647 sub
2846 5593 3048 5648 eisdem
3080 5592 3169 5661 qui
3212 5600 3335 5645 sunt
3372 5602 3559 5643 versus
3603 5581 3842 5639 continui
3872 5580 3954 5634 al-

2371 5683 2613 5738 ternatim
2647 5682 2822 5750 positi,
2848 5683 3139 5738 secundum
3162 5682 3354 5736 seriem
3380 5676 3677 5734 latitudinis
3708 5672 3953 5740 duplices

2373 5781 2545 5829 erunt.
2581 5769 2638 5827 Si
2670 5786 2797 5827 vero
2829 5771 3025 5827 fuerint
3056 5772 3291 5837 triplices
3320 5779 3373 5824 et
3402 5765 3683 5823 inferiores
3710 5760 3949 5823 ordines,
