4160 6256
388 397 529 495 {H7

385 511 541 576 tripla
570 524 626 562 se
656 509 707 563 in
735 509 846 563 suis
873 508 1115 562 terminis
1133 505 1576 575 multiplicatione
1606 513 1953 578 superabunt.
1989 517 2033 570 A

385 602 453 652 At
481 601 530 651 in
558 599 873 667 quadrupla,
895 598 1196 668 quadrupli,
1214 606 1371 665 atque
1395 595 1497 652 hoc
1520 600 1720 652 inﬁnita
1744 602 1957 655 ductum

385 690 753 759 speculatione
802 706 905 745 non
956 689 1107 742 fallit.
1156 691 1445 757 Angulares
1495 700 1674 745 autem
1722 696 1958 746 omnium

386 781 708 848 multiplices
738 782 954 835 evenire
985 794 1206 835 necesse
1246 790 1345 834 est.
1378 782 1543 834 Erunt
1570 792 1749 838 autem
1785 784 1961 852 dupli-

386 872 529 925 cium
585 871 799 940 quidem
865 872 1137 938 triplices,
1197 873 1484 944 triplicium
1540 874 1959 942 quadruplices,

387 961 798 1030 quadruplorum
827 976 954 1015 vero
979 962 1273 1030 quincupli,
1302 974 1357 1019 et
1384 965 1675 1019 secundum
1718 966 1961 1021 eamdem

388 1052 588 1105 ordinis
636 1052 1116 1106 incommutabilem
1166 1054 1466 1119 rationem,
1515 1056 1729 1110 sibimet
1774 1068 1962 1110 cuncta

388 1143 737 1205 consentient,
767 1142 959 1209 quibus
1002 1146 1282 1211 expositis,
1317 1147 1384 1200 ad
1430 1158 1743 1215 sequentem
1782 1150 1965 1218 operis

386 1230 576 1282 seriem
601 1239 910 1299 competens
936 1232 1224 1301 disputatio
1250 1245 1613 1290 convertatur.

1002 1385 1228 1442 CAPUT
1267 1388 1355 1443 ΙΙΙ.
1972 1388 1977 1391 ’

393 1489 540 1555 Quod
570 1493 832 1560 multiplex
859 1494 1187 1549 intervallum
1228 1514 1289 1551 ea:
1319 1499 1497 1567 quibus
1534 1503 1970 1572 superparticula-

1583 396 1671 449 DE
1702 396 2164 450 AlllTllMETICA
2210 396 2335 449 LIB.
2378 395 2440 449 ll.

2644 1000 2871 1009 .__———

3124 456 3131 457 ί
3510 393 3644 445 ms

2751 524 2948 587 Triplus
3524 488 3535 501 ι

2540 1344 2730 1405 Duplus
2945 1337 3245 1400 Sesquialter
3311 1369 3331 1387 .

2072 1493 2136 1547 Et
2167 1488 2351 1560 positis
2385 1489 2613 1553 eisdem,
2642 1489 2675 1543 6
2702 1498 2757 1543 et
2801 1490 2888 1552 18,
2924 1483 3240 1539 novenarius
3269 1483 3322 1536 in
3356 1481 3638 1535 medietate

463 1582 601 1635 ribus
628 1585 890 1639 medietate
929 1588 1111 1656 posita,
1145 1591 1422 1646 intervallis
1449 1594 1561 1662 ﬁat,
1589 1571 1798 1665 ἡμέρας
1831 1596 1969 1651 in".
2069 1593 2326 1653 ponatur,
2353 1581 2456 1636 erit
2498 1580 2564 1635 ad
2614 1580 2881 1633 senarium
2929 1577 3262 1644 sesquialter,
3294 1575 3382 1643 qui
3438 1572 3503 1626 ad
3554 1571 3636 1627 18.

463 1674 635 1725 utendi
662 1676 862 1744 regula.

392 1781 447 1834 Si
480 1782 637 1850 igitur
675 1785 792 1839 dua:
824 1788 1010 1855 prima:
1032 1794 1546 1861 superparticulares
1589 1799 1797 1865 species
1834 1813 1967 1853 con-

390 1870 715 1941 iungantur,
767 1879 935 1944 prima
994 1881 1204 1947 species
1250 1882 1660 1953 multiplicitatis
1710 1890 1972 1945 exoritur.

394 1958 581 2016 Omnis
609 1974 785 2018 autem
816 1966 1010 2035 duplex
1040 1983 1105 2023 ex
1145 1973 1497 2039 sesquialtero
1527 1977 1975 2048 sesquitertioque

394 2055 758 2121 componitur,
810 2068 861 2111 et
911 2061 1083 2114 omnis
1142 2064 1460 2131 sesquialter
1505 2076 1559 2121 et
1602 2056 1977 2137 seSquitertius

394 2140 658 2209 duplicem
706 2145 949 2214 jungunt.
1007 2149 1137 2204 Nam
1193 2154 1487 2219 ternarius,
1533 2159 1849 2225 sesquialter
1895 2168 1979 2214 est

398 2232 650 2301 duorum,
696 2247 925 2305 quatuor
968 2256 1114 2307 vero,
1158 2246 1528 2315 sesquitertius
1579 2250 1832 2320 ternarii,
1880 2252 1978 2307 sed

396 2322 433 2378 li
463 2323 655 2396 duplus
681 2328 928 2384 duorum.

1095 2592 1269 2652 duplus

720 2857 748 2901 ε
953 2848 965 2924 ε
1167 2861 1194 2904 δ
1563 2834 1823 2901 “7"—

1095 2592 1269 2652 duplus

795 3176 1099 3240 Sesqulalter

1219 3179 1573 3242 Sesquitertius

400 3323 489 3378 Sic
513 3320 669 3391 igitur
699 3316 1015 3387 sesquialter
1045 3312 1487 3383 et'sesquitertius
1513 3323 1675 3365 unum
1704 3306 1976 3375 duplicem

402 3419 750 3479 componunt.
785 3410 853 3462 At
894 3420 1020 3461 vero
1064 3405 1107 3459 si
1150 3403 1346 3458 fuerint
1394 3401 1650 3457 medietas
1677 3405 1733 3453 et
1759 3395 1972 3463 duplus,

402 3503 542 3557 inter
569 3499 833 3568 duplicem
864 3506 917 3551 et
948 3495 1182 3550 medium
1216 3503 1390 3561 potest
1418 3506 1517 3545 una
1564 3487 1823 3542 medietas
1860 3484 1979 3539 talis

401 3592 648 3653 inveniri,
678 3605 797 3658 quae
834 3588 900 3641 ad
941 3587 1163 3640 alteram
1191 3582 1583 3639 extremi'atem
1629 3576 1978 3646 sesquialtera

402 3683 495 3749 sit,
527 3682 593 3734 ad
624 3682 841 3741 alteram
870 3676 1226 3746 sesquitertia.
1263 3672 1592 3727 Altrinsecus
1622 3665 1980 3735 enimpositis

404 3771 618 3826 senario
646 3780 699 3823 et
730 3768 982 3831 ternario,
1031 3768 1081 3820 id
1132 3775 1215 3820 est
1260 3762 1456 3831 duplici
1496 3769 1552 3815 et
1595 3758 1900 3821 medietate,
1932 3753 1979 3805 si

407 3861 779 3929 qnateruarius
808 3859 861 3911 in
891 3857 1063 3911 medio
1106 3858 1417 3922 collocetur,
1452 3852 1516 3906 ad
1558 3848 1850 3903 ternarium
1882 3860 1982 3898 nu-

408 3965 616 4005 merum
642 3950 1031 4019 sesquitertiam
1051 3949 1288 4003 continet
1308 3946 1593 4006 rationem,
1612 3939 1678 3994 ad
1712 3936 1979 3995 senarium

408 4056 538 4096 vero
566 4042 993 4109 sesquialteram.

1109 4331 1283 4391 duplus

738 4601 766 4644 δ
972 4602 982 4659 ι
1184 4563 1663 4649 [⁸Ἷή

1109 4331 1283 4391 duplus

1284 4911 1586 4972 Sesquialter
1662 4926 1687 4945 ττι

808 4918 1161 4978 Sesquitertius

409 5063 578 5120 Recte
608 5065 767 5133 igitur
810 5062 1008 5116 dictum
1051 5072 1154 5130 est,
1188 5071 1241 5117 et
1268 5060 1549 5130 duplicem
1580 5076 1607 5111 a
1638 5059 1984 5125 srsquia'tero

411 5154 860 5225 sesquitertioque
886 5155 1158 5223 conjungi,
1192 5164 1245 5209 et
1295 5154 1388 5207 has
1430 5152 1562 5206 duas
1591 5152 1987 5219 superparticu-

414 5248 542 5301 laris
584 5246 791 5315 species
835 5245 1098 5313 duplicem
1144 5259 1469 5313 procreare,
1528 5246 1578 5299 id
1627 5255 1708 5299 est
1760 5246 1986 5312 primam

414 5338 642 5405 speciem
666 5335 971 5403 multiplicis
986 5338 1314 5406 quantitatis.
1333 5337 1531 5391 Rursus
1546 5353 1609 5392 ex
1633 5338 1796 5404 prima
1813 5338 1985 5391 multi-

418 5426 567 5495 plicis
594 5427 791 5494 specie,
821 5426 871 5479 id
887 5434 967 5481 est
989 5441 1058 5481 ex
1087 5426 1306 5496 duplici,
1326 5437 1378 5481 et
1402 5428 1567 5495 prima
1590 5429 1989 5498 superparticu-

417 5516 536 5582 lari,
555 5515 607 5571 id
627 5523 710 5570 est
732 5517 1097 5586 sesquialtera.
1120 5519 1399 5572 continens
1425 5519 1733 5587 multiplicis
1755 5521 1985 5588 species,

416 5610 467 5663 id
494 5619 573 5662 est
601 5609 753 5677 tripla
783 5609 1143 5677 conjungitur.
1194 5610 1432 5678 Namque
1464 5611 1530 5663 12
1557 5611 1751 5665 senarii
1783 5612 1989 5667 numeri

417 5700 610 5766 duplus
649 5708 750 5764 est,
785 5698 967 5752 decem
1020 5716 1147 5755 vero
1200 5711 1253 5755 et
1300 5711 1440 5764 octo,
1490 5703 1554 5754 ad
1604 5703 1989 5756 duodenarium

421 5791 757 5856 sesquialter,
778 5791 873 5855 qui
898 5790 963 5843 ad
988 5793 1257 5845 senarium
1292 5808 1569 5846 numerum
1603 5795 1789 5861 triplus
1819 5802 1920 5849 est.

2077 1672 2386 1743 Subduplus
2411 1680 2514 1739 est,
2541 1680 2595 1726 et
2624 1671 2690 1725 ad
2722 1668 2986 1725 senarium
3018 1669 3082 1722 l8
3112 1668 3298 1737 triplus
3317 1675 3419 1720 est.

2764 1811 2961 1875 Triplus

2487 2635 2787 2697 Sesquialter
3002 2629 3191 2689 Duplus

2088 2772 2165 2826 Ex
2202 2773 2398 2841 duplici
2443 2773 2602 2841 igitur
2649 2781 2703 2827 et
2748 2771 3122 2840 sesquialtero,
3153 2768 3341 2835 trip'ex
3372 2767 3507 2820 ratio
3537 2784 3641 2833 pro

1988 2918 2007 2935 ,
2086 2863 2347 2929 partionis
2372 2863 2631 2929 exoritur,
2664 2870 2721 2915 et
2746 2863 2797 2914 in
2825 2875 2916 2914 eas
2946 2874 3129 2914 rursus
3170 2855 3498 2912 resolutione
3519 2855 3647 2910 facta

2089 2960 2391 3005 revocatur.
2421 2952 2476 3006 Si
2502 2962 2678 3005 autem
2726 2952 2831 3018 hic,
2864 2949 2913 3004 id
2940 2956 3023 3003 est
3055 2948 3247 3016 triplus
3270 2960 3544 3011 numerus,
3567 2947 3650 3015 qui

2086 3050 2169 3095 est
2197 3044 2405 3109 species
2434 3042 2663 3097 secunda
2713 3040 3040 3109 multiplicis,
3070 3038 3316 3094 secundae
3341 3038 3539 3107 speciei
3569 3053 3650 3091 su-

2088 3133 2517 3199 perparticularis
2560 3141 2803 3201 aptetur,
2846 3130 3125 3199 quadrupli
3188 3124 3442 3183 continuo
3489 3128 3651 3182 forma

2009 3209 2055 3273 C
2086 3223 2407 3289 conitexitur,
2440 3232 2494 3278 et
2522 3224 2575 3277 in
2604 3223 2817 3278 easdem
2847 3236 3031 3275 rursus
3060 3228 3241 3290 partes
3285 3220 3507 3273 naturali
3538 3233 3651 3285 par-

2083 3316 2268 3368 titione
2310 3314 2570 3378 solvetur,
2603 3312 2895 3368 secundum
2943 3312 3159 3365 modum
3207 3324 3364 3380 quem
3410 3307 3652 3376 superiui
3746 3328 3759 3345 ι

2079 3405 2586 3460 demonstravimus.

2738 3549 3038 3611 Quadrttplus

2573 4376 2767 4438 Triplos
2948 4369 3302 4437 Sesquitertitut

2096 4537 2149 4592 Si
2181 4552 2307 4590 vero
2337 4535 2661 4603 qnmlruplus
2706 4548 2824 4586 sese
2853 4547 2915 4584 ac
2953 4533 3265 4599 sesquiqnnr
3292 4544 3353 4582 us
3384 4528 3652 4596 agglotnc~

2087 4639 2233 4688 rent,
2261 4627 2578 4696 quincuplus
2605 4639 2705 4677 con
2734 4624 2859 4675 inuo
2893 4622 2974 4672 fiet
3004 4635 3020 4671 :

2443 5222 2660 5231 -——.——.

2736 4744 3032 4806 Quiucuplus

2221 5218 2231 5320 Ῑ
2386 5218 3421 5309 ⁷”Γ“”Ἷ“-ῖῐῑ”“Ἷ-Ἴ(ἷ“
3527 5221 3538 5322 |

2534 5570 2835 5632 Qttatlruplus
2923 5571 3297 5633 Sesquiquut'tus

2100 5708 2168 5762 Et
2208 5707 2252 5761 si
2303 5706 2616 5777 quincuplus
2655 5723 2775 5762 cum
2822 5709 3221 5779 sesquiquinto,
3275 5726 3396 5765 mox
3442 5709 3649 5778 scsCUpl

2105 5801 2375 5864 proportio
2402 5797 2785 5887 conjugabitur.
