4202 6250
634 359 766 410 1119

681 454 696 468 ⁸
1288 459 1552 520 Sescuplus

964 533 1890 912 ﬂ

1841 916 1980 986 3V—
2083 916 2091 1015 l

1759 1014 1889 1214 λ

1642 1214 1756 1238 ...κ

1476 1268 1833 1329 δεςιιυὶιιυὶιιυε

981 917 1202 925 ————..

1447 915 1658 926 __———

1072 1266 1368 1328 Quiucuplus

639 1370 812 1436 Atque
867 1368 938 1420 ita
989 1367 1283 1420 secundum
1337 1370 1473 1422 hanc
1530 1371 1958 1438 progressionem
2009 1379 2215 1423 cunctas

642 1455 1049 1524 multiplicitatis
1093 1456 1300 1525 species
1329 1457 1446 1511 sine
1479 1458 1585 1511 ulla
1627 1457 1727 1510 rati
1770 1458 1976 1511 ordinis
2007 1472 2219 1525 permu-

640 1544 842 1598 tatione
891 1554 1195 1598 nascentur.
1233 1548 1304 1599 Ita
1336 1561 1462 1600 vero
1489 1556 1545 1600 ut
1573 1547 1766 1616 duplus
1795 1563 1915 1602 eum
1958 1549 2219 1617 sesquial-

641 1645 755 1690 tcro
805 1636 1064 1704 triplicem
1115 1647 1289 1704 creet,
1340 1627 1396 1691 et
1438 1637 1629 1707 triplus
1674 1653 1799 1694 cum
1847 1638 2213 1707 sesquitertio,

642 1726 1024 1795 quadruplum,
1057 1729 1385 1797 quadruplus
1411 1745 1532 1784 cum
1557 1730 1954 1799 sesquiquarto,
1987 1731 2214 1799 quincu-

1859 348 1964 402 ΑΝ.
2011 346 2214 404 MANL.
2257 344 2405 403 θεν.
2451 345 2668 403 BOETII

3767 332 3905 385 ΗΞῦ

2239 462 2287 520 Α
2315 478 2372 517 se
2392 465 2611 527 retinet,
2636 469 2711 514 tot
2742 459 3030 513 unitatibus
3053 457 3333 525 designare
3362 469 3519 525 quam
3551 454 3776 508 notulis.
3807 454 3902 507 Est

2317 553 2476 619 igitur
2506 553 2679 604 unitas
2712 552 2880 604 vicem
2917 548 3167 603 obtinens
3200 533 3408 615 puncti,
3441 544 3751 608 intervalli,
3784 545 3901 597 lon—

2317 640 2680 711 gitudinisque
2721 639 3075 708 principium,
3119 637 3232 706 ipsa
3260 650 3390 690 vero
3439 649 3539 690 nec
3585 634 3896 699 intervalli,

2317 746 2415 786 nec
2469 730 2817 799 longitudinis
2873 744 3076 798 capax,
3127 726 3579 796 quemadmodum
3639 733 3901 795 punctum

2317 823 2638 892 principium
2670 821 2881 891 quidem
2911 822 3066 898 linea:
3093 828 3176 874 est
3205 829 3365 889 atque
3394 817 3658 873 intervalli
3678 860 3691 882 ,
3721 819 3900 886 ipsum

2319 929 2446 968 vero
2493 928 2591 969 nec
2629 913 2962 968 intervallum
3005 926 3102 966 nec
3146 911 3308 966 linea.
3357 910 3544 978 Neque
3585 911 3730 962 enim
3786 924 3896 978 pun

2317 1013 2467 1056 etum
2492 1013 2692 1071 puncto
2721 1003 3114 1072 superpositum
3145 1001 3307 1056 ullum
3338 999 3504 1055 efﬁcit
3532 1001 3903 1066 intervallum,

2322 1094 2463 1147 velut
2501 1095 2545 1146 si
2578 1093 2712 1147 nihil
2758 1094 2894 1147 nulli
2933 1093 3146 1162 jungas.
3175 1091 3316 1146 Nihil
3345 1093 3486 1146 enim
3520 1102 3601 1145 est
3648 1092 3797 1161 quod
3840 1109 3903 1148 ex

2321 1184 2587 1238 nullorum
2663 1184 3036 1253 procreatione
3092 1190 3364 1236 nascatur.
3438 1182 3639 1236 Eadem
3703 1185 3908 1251 quippe

2319 1275 2478 1329 etiam
2530 1275 2670 1327 circa
2719 1273 3049 1342 mqualitates
3099 1274 3374 1343 pr0portio
3420 1283 3620 1326 manet.
3676 1273 3814 1327 Nam
3862 1292 3908 1330 SI

2321 1366 2580 1435 quotlibet
2612 1365 2808 1420 fuerint
2847 1364 3064 1420 termini
3105 1379 3286 1434 pares,
3317 1373 3523 1418 tantum
3561 1365 3779 1434 quidem
3821 1377 3906 1420 est

2318 1470 2348 1508 a
2380 1455 2550 1524 primo
2586 1455 2652 1509 ad
2696 1455 3017 1521 secundum,
3060 1463 3315 1524 quantum
3359 1469 3388 1507 a
3417 1455 3656 1509 secundo
3699 1456 3770 1509 ad
3805 1466 3907 1509 ter-

2322 1546 2472 1600 tium.
2499 1545 2604 1600 Sed
2631 1546 2770 1600 inter
2795 1545 3018 1613 primum
3045 1553 3097 1598 et
3137 1544 3458 1610 secundum,
3489 1544 3574 1597 vel
3603 1545 3908 1598 secundum

2321 1647 2374 1690 et
2405 1637 2639 1701 tertium,
2666 1635 2810 1689 nulla
2835 1643 2917 1688 est
2940 1634 3205 1688 intervalli
3236 1633 3510 1702 longitudo
3533 1635 3614 1688 vel
3647 1636 3910 1702 spatium.

2323 1728 2378 1782 Si
2409 1728 2550 1782 enim
2576 1739 2684 1782 tres
2705 1727 2944 1781 senarios
2967 1741 3132 1794 ponas
3159 1726 3260 1779 hoc
3284 1726 3442 1780 modo
3468 1727 3522 1791 6,
3551 1725 3607 1791 6,
3632 1726 3690 1790 6,
3722 1743 3913 1795 quem-

641 1815 784 1882 plum
804 1857 818 1880 ,
852 1828 906 1869 et
937 1819 1116 1869 εἱειετὶ
1145 1818 1332 1871 eodem
1365 1818 1546 1884 modo,
1572 1829 1626 1873 ut
1657 1820 1831 1874 nullus
1877 1820 2012 1873 hanc
2040 1819 2213 1873 conti-
2250 1805 2297 1863 Β
2321 1818 2610 1873 admodum
2644 1819 2845 1887 primus
2869 1825 2951 1871 est
2975 1817 3040 1870 ad
3071 1818 3393 1883 secundum,
3423 1819 3500 1871 sic
3526 1828 3604 1870 est
3634 1821 3910 1873 secundus

642 1909 943 1961 nuitionem
969 1908 1088 1961 linis
1111 1909 1388 1977 impediat.

1258 1997 1482 2051 CAPUT
1521 1997 1606 2049 IV.

643 2081 720 2136 De
746 2101 780 2152 p
811 2100 835 2135 r
865 2101 917 2136 se
950 2094 1210 2138 constante
1236 2088 1536 2155 quantitate,
1563 2103 1676 2155 qua:
1708 2086 1758 2139 in
1791 2088 1970 2156 ﬁguris
2017 2104 2219 2158 geome-

713 2173 854 2224 tricis
881 2175 1266 2238 consideratur;
1297 2176 1576 2227 communis
1608 2177 1736 2228 ratio
1767 2179 1992 2229 omnium
2022 2179 2219 2245 magni-

717 2264 971 2317 tudinum.

711 2353 837 2407 Haec
865 2353 1078 2422 quidem
1103 2355 1172 2409 de
1200 2355 1493 2424 quantitate
1521 2371 1679 2424 quam
1711 2357 2003 2410 secundum
2029 2357 2092 2410 ad
2124 2358 2220 2410 ali—

645 2443 771 2513 quid
802 2445 1158 2513 speculamur,
1193 2445 1258 2498 ad
1291 2461 1524 2513 prtesens
1552 2446 1693 2500 dicta
1737 2446 2026 2500 sufﬁciant.
2067 2447 2218 2501 Nunc

612 2543 818 2590 autem
862 2536 915 2589 in
962 2537 1062 2592 hac
1103 2539 1412 2607 sequentia,
1450 2538 1692 2606 quaedam
1719 2539 1784 2592 de
1822 2553 1884 2592 ea
1924 2540 2217 2608 quantitate

645 2640 760 2691 qua:
813 2640 906 2694 per
945 2627 1174 2695 seipsam
1205 2636 1443 2693 constat,
1485 2644 1655 2696 neque
1695 2628 1760 2681 ad
1805 2628 2002 2697 aliquid
2052 2629 2217 2684 refer-

646 2723 752 2781 tur,
785 2716 1062 2784 expediam
1085 2757 1098 2783 ,
1128 2732 1248 2786 qua:
1287 2718 1441 2772 nobis
1474 2717 1540 2771 ad
1569 2733 1631 2773 ea
1666 2717 1918 2785 prodesse
1962 2730 2214 2788 possunt,

645 2821 764 2876 qua:
795 2818 912 2873 post
942 2808 1056 2863 huic
1099 2825 1283 2864 rursus
1313 2811 1382 2865 de
1408 2810 1574 2865 relata
1600 2811 1666 2863 ad
1699 2811 1898 2879 aliquid
1924 2811 2214 2880 quantitate

647 2899 1008 2954 tractabimus.
1088 2903 1247 2955 Amat
1323 2902 1467 2957 enim
1551 2901 1944 2971 quodammodo
2010 2903 2215 2958 mathe-

648 3007 764 3048 neos
801 2995 1094 3063 speculatio
1129 2998 1333 3052 alterna
1375 2998 1745 3067 probationum
1776 2997 1982 3051 ratione
2010 2996 2212 3050 consti-

648 3085 742 3139 tui.
774 3085 928 3141 Nunc
967 3095 1144 3142 autem
1173 3088 1327 3142 nobis
1357 3089 1423 3142 de
1461 3087 1546 3142 his
1577 3088 1812 3141 numeris
1848 3099 2026 3141 sermo
2066 3083 2210 3138 futu-

2324 1910 2389 1964 ad
2421 1910 2656 1970 tertium.
2685 1909 2791 1963 Sed
2824 1907 2962 1961 inter
2991 1907 3218 1975 primum
3247 1917 3301 1962 et
3328 1908 3619 1962 secundum
3652 1909 3794 1961 nihil
3835 1910 3911 1961 in-

2325 2007 2510 2063 terest,
2535 1998 2568 2052 6
2596 1999 2738 2053 enim
2769 2005 2823 2052 et
2850 1998 2881 2051 6
2912 1998 3054 2054 nulla
3084 1998 3238 2065 spatii
3271 1997 3544 2051 intervalla
3569 1999 3905 2066 disjungunt.

2323 2087 2398 2139 lta
2424 2088 2585 2140 etiam
2616 2088 2791 2142 unitas
2813 2089 2864 2141 in
2893 2088 3067 2156 seipsa
3096 2086 3438 2154 multiplicata
3469 2087 3600 2139 nihil
3632 2097 3903 2154 procreat.

2324 2177 2506 2232 Semel
2549 2178 2691 2246 enim
2724 2177 2776 2231 in
2808 2192 2970 2231 unum
3002 2177 3134 2231 nihil
3163 2178 3305 2230 aliud
3335 2191 3406 2230 ex
3449 2190 3509 2229 se
3537 2177 3713 2245 gignit
3750 2191 3904 2246 quam

2325 2266 2435 2334 ipsa
2465 2274 2566 2321 est.
2611 2265 2743 2320 Nam
2783 2265 2923 2335 quod
2953 2266 3228 2319 intervallo
3257 2274 3430 2330 caret,
3459 2265 3618 2318 etiam
3656 2266 3768 2318 vim
3799 2268 3903 2335 gig-

2325 2357 2484 2410 nendi
2528 2357 2809 2410 intervalla
2851 2371 2956 2410 non
2995 2355 3210 2424 recipit,
3254 2356 3394 2424 quod
3433 2356 3484 2409 in
3519 2356 3637 2409 aliis
3667 2358 3901 2410 numeris

2328 2459 2431 2498 non
2454 2445 2662 2499 videtur
2683 2446 2918 2500 evenire.
2937 2446 3124 2500 Omnis
3145 2447 3286 2500 enim
3311 2461 3564 2501 numerus
3587 2448 3638 2500 in
3661 2449 3742 2501 sei
3751 2464 3899 2514 psum

2321 2536 2701 2604 multiplicatus
2730 2537 2892 2590 alium
2939 2538 3222 2606 quemdam
3252 2537 3414 2592 efﬁcit
3446 2538 3710 2606 majorem
3744 2555 3898 2607 quam

2323 2626 2438 2694 ipse
2464 2635 2569 2692 est,
2601 2625 2800 2682 idcirco
2823 2628 3073 2697 quoniam
3107 2628 3385 2682 intervalla
3412 2629 3759 2696 multiplicata
3788 2645 3896 2683 ma-

2314 2717 2434 2784 jore
2465 2733 2585 2772 sese
2611 2720 2765 2787 spatii
2813 2720 3114 2789 prolixitate
3140 2721 3474 2776 distendunt.
3509 2721 3562 2775 Id
3595 2736 3717 2776 vero
3745 2725 3889 2788 quod

2316 2810 2434 2863 sine
2461 2809 2747 2865 intervallo
2775 2820 2883 2879 est,
2907 2813 3025 2880 plus
3051 2828 3209 2881 quam
3239 2813 3351 2881 ipsa
3381 2821 3484 2878 est,
3518 2812 3752 2881 pariendi
3781 2829 3896 2866 non

2320 2897 2479 2954 habet
2524 2909 2861 2968 potestatem.
2904 2902 2979 2954 Et
3034 2901 3138 2956 hoc
3182 2902 3342 2971 igitur
3388 2901 3666 2971 principio,
3713 2901 3766 2954 id
3811 2912 3902 2956 est

2317 3005 2383 3044 ex
2415 2991 2614 3045 unitate
2643 2992 2810 3061 prima
2847 2993 3088 3047 omnium
3120 2994 3395 3062 longitudo
3424 2995 3745 3057 succrescit,
3775 3008 3893 3062 qua:

2317 3096 2348 3134 a
2377 3082 2568 3135 binarii
2614 3085 2822 3137 numeri
2855 3084 3114 3153 principio
3152 3085 3205 3139 in
3243 3095 3464 3139 cunctos
3492 3099 3611 3138 sese
3644 3099 3899 3138 numeros

650 3191 736 3230 rus
763 3187 864 3242 est,
889 3179 977 3246 qui
1004 3179 1146 3233 circa
1172 3179 1367 3249 ﬁguras
1391 3181 1745 3248 geometricas
1768 3189 1820 3234 et
1846 3193 2028 3233 earum
2052 3178 2218 3245 spatia
2246 3152 2294 3214 ο
2326 3171 2585 3238 explicat,
2638 3174 2888 3241 quoniam
2940 3174 3167 3242 primum
3217 3174 3551 3228 intervallum
3596 3173 3740 3227 linea
3789 3182 3897 3238 est,

649 3266 1116 3339 dimensionesque
1161 3281 1465 3337 versantur,
1492 3271 1545 3325 id
1585 3281 1668 3326 est
1703 3271 1768 3325 de
1798 3271 2086 3325 linearibus
2129 3286 2224 3323 nu-

651 3359 830 3424 meris,
859 3369 914 3412 et
943 3359 1009 3413 de
1039 3362 1446 3439 triangularibus
1473 3362 1554 3415 vel
1581 3362 1876 3430 quadratis,
1903 3361 2223 3427 cmterisque

652 3461 780 3512 quos
808 3447 918 3499 sola
957 3449 1137 3514 pandit
1186 3450 1341 3516 plana
1370 3449 1662 3514 dimensio,
1706 3466 1806 3505 nec
1838 3467 1944 3505 non
1992 3451 2060 3506 de
2090 3450 2222 3504 inae-

651 3535 787 3602 quali
838 3535 1064 3589 laterum
1111 3539 1502 3606 compositione
1547 3540 1867 3608 conjunctis.
1915 3542 1988 3595 De
2037 3541 2226 3594 solidis

653 3623 830 3688 etiam,
858 3625 908 3676 id
939 3634 1022 3678 est
1049 3626 1200 3680 cubis
1228 3637 1282 3681 et
1311 3628 1591 3696 sphmricis
1618 3632 1700 3683 vel
1729 3631 2042 3698 pyramidis,
2068 3630 2228 3684 later-

653 3712 784 3768 culis
807 3715 1072 3772 etiam_vel
1108 3717 1321 3784 tignulis
1348 3726 1403 3773 et
1430 3719 1637 3784 cuneis,
1667 3735 1784 3788 quae
1811 3721 1986 3773 omnia
2015 3721 2226 3788 quidem

654 3807 992 3874 geometrica:
1020 3809 1252 3876 propria:
1283 3808 1733 3862 considerationis
1772 3819 1920 3863 sunt.
1961 3809 2068 3864 Sed
2095 3810 2231 3863 sicut

654 3896 765 3965 ipsa
799 3899 1134 3966 geometrica:
1169 3898 1393 3953 scientia
1433 3897 1502 3952 ab
1545 3899 1882 3953 arithmetica
1926 3899 2071 3954 velut
2098 3915 2230 3969 qua-

655 3987 773 4040 dam
812 3988 989 4042 radice
1031 4003 1091 4042 ac
1135 4000 1308 4044 matre
1353 3988 1609 4059 producta
1647 3999 1758 4057 est,
1801 3991 1870 4042 ita
1915 3993 2077 4047 etiam
2114 3990 2232 4056 ejus

649 4075 939 4143 ﬁgurarum
975 4079 1175 4131 semina
1206 4079 1258 4131 in
1289 4080 1470 4146 primis
1498 4079 1738 4134 numeris
1763 4080 2081 4135 invenimus.
2116 4081 2232 4135 Pla-

656 4179 780 4218 num
811 4166 1072 4233 siquidem
1115 4166 1341 4222 fecimus
1368 4169 1509 4236 quod
1551 4184 1737 4224 omnes
1777 4170 2092 4239 disciplinas
2119 4170 2234 4225 haec

657 4254 968 4322 interempta
998 4266 1370 4320 consumeret,
1399 4271 1533 4325 quas
1573 4260 1794 4314 minime
1822 4263 2110 4315 constituta
2154 4261 2237 4314 in-

658 4342 911 4399 ﬁrmaret.
963 4344 1072 4399 lloc
1099 4356 1272 4398 autem
1323 4348 1755 4414 cognoscendum
1805 4359 1888 4402 est
1930 4350 2072 4418 quod
2123 4351 2238 4403 haec

659 4435 806 4505 signa
837 4451 1178 4490 numerorum
1220 4438 1393 4505 posita
1422 4453 1538 4507 qum
1575 4453 1714 4492 nunc
1742 4454 1957 4508 quoque
1989 4441 2233 4495 homines

2325 3259 2431 3314 duo
2461 3276 2589 3313 vero
2619 3263 2899 3316 intervalla
2924 3273 3049 3317 sunt
3081 3262 3350 3333 longitudo
3382 3273 3434 3317 et
3464 3262 3707 3327 latitudo,
3742 3263 3793 3316 id
3823 3273 3903 3317 est

2327 3348 2462 3402 linea
2494 3361 2546 3403 et
2578 3352 2911 3419 superﬁcies.
2944 3353 3065 3406 Tria
3110 3368 3237 3422 ergo
3281 3353 3554 3407 intervalla
3596 3363 3755 3416 sunt,
3791 3353 3906 3405 lon-

2327 3439 2528 3507 gitudo,
2562 3440 2816 3507 latitudo,
2861 3443 3116 3511 altitudo,
3149 3443 3201 3497 id
3252 3453 3333 3497 est
3375 3443 3546 3511 linea,
3591 3444 3906 3511 superﬁcies

2326 3534 2487 3595 atque
2534 3529 2797 3583 soliditas.
2850 3529 3052 3584 Prmter
3100 3530 3214 3584 hcce
3253 3540 3427 3585 autem
3477 3531 3580 3585 alia
3626 3532 3905 3585 intervalla

2331 3616 2556 3669 inveniri
2600 3632 2706 3671 non
2751 3629 2993 3683 possunt.
3024 3621 3128 3674 Aut
3165 3621 3305 3674 enim
3349 3637 3513 3675 unum
3562 3622 3904 3676 intervallum

2330 3705 2430 3758 erit
2462 3706 2602 3774 quod
2633 3708 2907 3776 longitude
2937 3720 3047 3774 est,
3076 3721 3166 3765 aut
3193 3711 3391 3780 aliquid
3421 3712 3560 3780 quod
3589 3712 3798 3767 duobus
3827 3714 3909 3766 in-

2334 3797 2571 3850 tervallis
2605 3801 2908 3866 expositum
2938 3810 3050 3866 est,
3085 3812 3140 3854 ut
3167 3804 3213 3856 si
3251 3817 3352 3871 qua
3389 3818 3477 3856 res
3524 3803 3906 3872 longitudinem

2333 3885 2527 3941 habeat
2563 3897 2617 3942 et
2665 3888 3033 3956 latitudinem,
3073 3894 3156 3948 vel
3200 3895 3340 3948 trina
3383 3896 3646 3949 intervalli
3693 3897 3903 3950 dimenc

2333 3979 2486 4034 sione
2525 3981 2837 4051 porrigitur,
2873 3984 2918 4038 si
2961 3985 3308 4054 longitudine,
3339 3987 3638 4052 altitudine,
3671 3988 3906 4041 latitudi-

2336 4084 2507 4140 neque
2549 4082 2818 4137 censetur,
2867 4088 3133 4145 supraque
3180 4076 3315 4131 adeo
3358 4076 3486 4130 nihil
3536 4077 3764 4132 inveniri
3812 4092 3914 4146 po-

2337 4167 2472 4226 test,
2517 4170 2573 4216 ut
2619 4163 2854 4230 ipsorum
2905 4180 2996 4218 sex
3049 4175 3284 4220 motuum
3327 4167 3510 4221 formae
3551 4167 3619 4221 ad
3665 4168 3914 4222 interval-

2339 4249 2510 4304 lorum
2565 4261 2785 4307 naturas
2839 4263 2894 4307 et
2948 4269 3225 4310 numerum
3279 4267 3687 4326 componantur.
3741 4257 3915 4313 Unum

2339 4341 2482 4395 enim
2527 4345 2869 4398 intervallum
2911 4346 3046 4401 duos
3083 4348 3132 4402 in
3165 4363 3223 4402 se
3263 4350 3497 4403 continet
3543 4359 3742 4414 motus,
3768 4359 3825 4403 ut
3863 4352 3918 4406 in

2343 4432 2509 4486 tribus
2538 4434 2834 4489 intervallis
2864 4451 2955 4490 sex
2985 4452 3107 4492 sese
3148 4447 3384 4492 motuum
3417 4453 3623 4494 summa
3665 4441 3917 4495 conﬁciat

660 4530 712 4584 in
742 4543 1068 4583 summarum
1098 4529 1463 4598 designatione
1492 4532 1827 4596 describunt,
1861 4548 1966 4587 non
2003 4534 2231 4588 naturali
2267 4499 2314 4558 υ
2341 4521 2442 4577 1100
2489 4524 2670 4579 "1040-
2716 4525 2810 4578 Εεῐ
2851 4528 2992 4580 enim
3033 4528 3084 4581 ίιι
3130 4528 3460 4597 longitudine
3501 4541 3622 4584 “me
3650 4539 3707 4583 ει
3744 4539 3920 4596 rem).

661 4621 993 4677 inStitntione
1020 4622 1244 4676 formata
1268 4634 1421 4687 sunt;
1449 4633 1505 4677 ut
1525 4624 1664 4678 enim
1687 4625 1913 4694 quinarii
1939 4626 2230 4693 subjectam

661 4714 895 4766 notulam
919 4715 1125 4783 signant
1145 4713 1211 4767 de
1233 4730 1282 4780 v,
1310 4715 1390 4768 vel
1413 4714 1637 4784 denarii,
1662 4732 1820 4785 quam
1843 4717 2231 4786 descripsimus

661 4804 727 4857 de
755 4820 819 4869 x,
859 4811 913 4856 et
949 4805 1079 4859 alias
1127 4805 1462 4874 huiusmodi,
1504 4822 1610 4861 non
1657 4819 1843 4862 natura
1888 4810 2092 4877 posuit,
2136 4809 2231 4864 sed

662 4910 789 4948 usus
815 4896 1042 4951 aiﬁnxit.
1066 4897 1311 4965 Quinque
1336 4899 1477 4952 enim
1511 4900 1593 4953 vel
1623 4899 1834 4964 decem,
1859 4899 1943 4953 vel
1974 4900 2233 4969 quotlibet

660 4988 794 5040 alios
825 4987 932 5040 illis
970 4987 1166 5040 notulis
1196 5002 1294 5056 pro
1330 4989 1648 5056 compendio
1695 4999 1880 5042 notare
1910 4989 2232 5053 voluerunt,

660 5092 727 5130 ne
752 5079 999 5146 quotiens
1031 5077 1262 5131 unitates
1285 5077 1405 5146 quis
1435 5087 1736 5134 monstrare
1759 5079 1941 5147 vellet,
1967 5082 2160 5132 totiens
2184 5079 2231 5132 ei

661 5168 880 5238 virgula:
918 5169 1258 5223 ducerentur.
1285 5169 1392 5223 Nos
1433 5179 1610 5224 autem
1650 5170 2110 5238 quotienscunque
2139 5170 2234 5222 ali-

662 5260 786 5330 quid
817 5269 1113 5313 monstrare
1133 5259 1400 5324 volumus,
1435 5258 1489 5312 in
1519 5259 1600 5314 his
1638 5259 1931 5328 praesertim
1962 5259 2228 5322 formulis,

663 5349 1028 5404 ordina:arum
1051 5351 1372 5420 virgularum
1397 5351 1792 5406 multitudinem
1825 5367 1930 5406 non
1953 5367 2235 5422 gravamur

664 5457 951 5511 apponere.
975 5441 1107 5497 Cum
1134 5444 1274 5498 enim
1299 5445 1532 5513 quinque
1559 5446 1803 5500 volumus
1843 5446 2234 5509 demonstrare,

664 5529 885 5586 facimus
905 5532 1136 5601 quinque
1157 5533 1407 5602 virgulas,
1436 5535 1784 5604 ducimusque
1810 5551 1902 5589 eas
1933 5535 2032 5590 hoc
2055 5536 2234 5600 modo,

667 5621 688 5672 Ι
730 5622 751 5673 l
792 5623 813 5674 1
849 5621 871 5674 l
913 5623 956 5684 l,
981 5630 1033 5675 et
1059 5637 1177 5675 cum
1203 5624 1233 5675 7
1264 5624 1482 5684 totidem
1504 5668 1517 5690 ,
1548 5637 1601 5698 et
1630 5641 1747 5691 qum
1776 5625 1840 5679 lO
1872 5625 2232 5688 nihilominus,

669 5709 792 5773 quia
816 5711 1105 5764 naturalius
1155 5721 1233 5767 est
1264 5715 1553 5779 quemlibet
1583 5731 1860 5770 numerum
1913 5725 2136 5783 quantas
2182 5715 2233 5770 in

2294 4670 2303 4679 _
2341 4611 2393 4666 in
2426 4613 2703 4668 latitudine
2741 4616 2953 4670 sinistra
2982 4627 3036 4672 et
3065 4618 3277 4684 dextra,
3309 4619 3360 4673 in
3392 4621 3670 4675 altitudine
3697 4636 3926 4674 sursum.

2339 4718 2401 4759 ac
2435 4705 2705 4760 deorsum.
2749 4706 2982 4762 Necesse
3024 4718 3106 4763 est
3143 4720 3317 4763 autem
3360 4719 3418 4764 ut
3456 4709 3704 4780 quidquid
3750 4708 3925 4764 fuerit

2339 4799 2567 4854 solidum
2616 4816 2831 4870 corpus,
2869 4803 2970 4858 hoc
3001 4803 3192 4858 habeat
3231 4805 3614 4874 longitudinem
3635 4847 3648 4870 ,
3679 4804 3917 4858 latitudi-

2340 4906 2568 4960 nemque
2593 4903 2647 4947 et
2675 4894 3045 4961 altitudinem,
3087 4904 3140 4950 et
3180 4897 3437 4966 quidquid
3482 4897 3596 4950 haec
3629 4897 3727 4950 tria
3774 4897 3826 4948 in
3856 4911 3920 4949 se

2341 4982 2610 5048 continet,
2653 4984 2783 5038 illud
2828 4999 2926 5039 suo
2976 4985 3193 5055 nomine
3240 4986 3468 5040 solidum
3516 4994 3756 5039 vocetur.
3792 4985 3922 5038 Haec

2342 5072 2483 5125 enim
2503 5073 2602 5126 tria
2625 5074 2766 5127 circa
2783 5089 2942 5129 omne
2961 5089 3158 5145 corpus
3176 5075 3291 5130 inse
3300 5075 3523 5144 parabili
3541 5075 3923 5144 conjunctione

2343 5172 2642 5228 versantur,
2682 5173 2737 5218 et
2781 5165 2832 5219 in
2873 5174 3061 5220 natura
3108 5181 3391 5235 corporum
3435 5169 3726 5222 constituta
3771 5176 3919 5218 sunt.

2343 5251 2518 5317 Quare
2559 5253 2812 5323 quidquid
2853 5271 2975 5316 uno.
3000 5255 3283 5310 intervallo
3330 5258 3516 5322 caret,’
3549 5256 3679 5310 illud
3724 5271 3925 5323 corpus

2341 5344 2567 5397 solidum
2601 5361 2705 5399 non
2739 5357 2839 5402 est.
2883 5346 3015 5401 Nam
3059 5349 3201 5417 quod
3231 5348 3338 5403 duo
3380 5349 3495 5404 sola
3528 5348 3805 5419 intervalla
3839 5366 3923 5402 rr-

2344 5434 2493 5498 tinet,
2522 5433 2652 5488 illud
2680 5436 2993 5503 superﬁcies
3019 5437 3336 5506 appellatur.
3355 5437 3541 5492 Omnis
3563 5439 3704 5492 enim
3729 5451 3920 5505 super-

2343 5525 2489 5579 ﬁcies
2531 5525 2645 5579 sola
2698 5527 3029 5595 longitudine
3067 5537 3122 5583 et
3161 5529 3446 5584 latitudine
3487 5530 3820 5596 continetur,
3865 5541 3921 5582 et

2342 5624 2428 5680 hic
2454 5624 2638 5680 eadem
2672 5626 2758 5680 illa
2800 5628 3079 5682 conversio
3107 5638 3367 5684 remanet.
3392 5629 3564 5684 Omne
3590 5630 3733 5683 enim
3774 5631 3917 5697 quod

2341 5716 2653 5787 superﬁcies
2692 5727 2798 5785 est,
2833 5717 3215 5788 longitudinem
3245 5731 3298 5775 et
3331 5719 3658 5783 latitudinem
3688 5721 3908 5782 retinet,
