4160 6256
299 302 429 355 Ηίὶὶ

1494 299 1582 354 DE
1619 295 2087 359 ARITIIMETICA
2125 303 2252 359 [ΑΒ.
2295 305 2356 358 ll.

3425 308 3559 362 “92

294 423 349 468 et
377 412 517 481 quod
559 410 674 465 haec
716 410 937 476 retinet,
970 404 1104 463 illud
1142 410 1226 459 est
1253 404 1584 472 superﬁcies.
1615 413 1738 469 Haac
1765 429 1865 470 au-
1896 417 1943 475 Α
1973 417 2276 481 continent,
2305 426 2361 471 et
2402 403 2575 484 οῐῖἷιῖιε
2623 417 2963 486 triangularis
3009 417 3205 488 ﬁgura,
3251 419 3334 473 vel
3388 428 3553 474 tetra-

295 513 402 555 tem
448 500 761 568 superﬁcies
799 515 906 554 uno
936 509 1140 553 tantum
1184 496 1466 554 intervallo
1498 504 1652 558 solidi
1683 519 1874 574 corpo-

293 592 370 644 ris
398 590 731 644 dimensione
759 598 1059 658 superatur,
1089 604 1204 658 qua:
1233 605 1337 642 tino
1367 606 1551 647 rursus
1586 595 1870 651 intervallo

292 680 488 733 lineam
529 679 725 744 vincit,
765 695 880 747 quae
921 680 1266 748 longitudinis
1312 690 1558 738 naturam
1602 687 1864 752 retinens,

293 771 588 824 latitudinis
629 785 820 839 expers
858 781 958 824 est.
987 769 1114 836 Qure
1157 770 1295 824 linea
1329 787 1393 826 eo
1422 775 1564 842 quod
1601 777 1758 831 unius
1784 785 1869 832 est

290 859 556 914 intervalli
597 860 783 913 sortita
829 867 1102 924 naturam,
1144 874 1174 912 a
1219 861 1501 928 superﬁcie
1547 879 1654 919 uno
1699 867 1863 921 inter-

289 949 450 1015 vallo,
477 966 506 1003 a
542 949 806 1003 soliditate
842 948 1050 1003 duobus
1086 951 1272 1017 spatiis
1320 951 1570 1008 vincitur.
1602 955 1860 1011 Punctum

287 1041 448 1108 igitur
467 1040 572 1094 alio
603 1054 783 1092 rursus
809 1039 1087 1092 intervallo
1110 1055 1140 1093 a
1171 1041 1308 1095 linea
1339 1043 1588 1110 vincitur,
1618 1046 1730 1114 ipsa
1757 1047 1861 1100 sci-

288 1131 410 1184 licet
451 1113 569 1198 qua:
607 1129 809 1196 reliqua
834 1137 916 1182 est
949 1129 1297 1198 longitudine.
1326 1133 1499 1198 Quare
1525 1135 1568 1188 si
1603 1113 1856 1203 punctum

285 1236 392 1274 uno
420 1220 634 1288 quidem
665 1219 946 1273 intervallo
973 1235 1004 1272 a
1032 1220 1167 1274 linea
1205 1223 1794 1304 supergrediturhidem
1826 1243 1856 1281 a

284 1311 564 1380 superﬁcie
593 1310 822 1365 vincitur
859 1311 1286 1382 duobus,-tribus
1315 1329 1443 1369 vero
1473 1317 1735 1372 intervalli
1768 1321 1854 1374 di-

286 1401 652 1456 mensionibus
675 1415 704 1454 a
726 1402 991 1458 soliditate
1013 1404 1347 1473 relinquitur,
1374 1417 1582 1463 constat
1603 1421 1853 1478 punctum

285 1494 460 1559 ipsum
497 1492 612 1545 sine
652 1491 751 1545 ulla
781 1494 1024 1562 corporis
1063 1495 1425 1563 magnitudine
1455 1499 1537 1552 vel
1586 1498 1853 1555 intervalli

235 1634 239 1638 .
286 1583 640 1648 dimensione,
665 1598 784 1636 cum
808 1592 862 1637 et
886 1585 1230 1653 longitudinis
1252 1596 1306 1640 et
1332 1588 1626 1644 latitudinis
1648 1600 1702 1644 et
1730 1606 1853 1661 pro-

285 1672 557 1726 tunditatis
600 1686 791 1740 expers
841 1673 945 1738 sit,
993 1675 1228 1727 omnium
1283 1677 1680 1733 intervallorum
1732 1696 1851 1735 esse

285 1762 621 1830 principium,
654 1771 707 1815 et
728 1773 912 1815 natura
943 1762 1251 1829 insecabile,
1276 1768 1413 1834 quod
1439 1766 1607 1822 Grmci
1631 1766 1847 1826 atomon
1881 1763 1926 1823 Β

286 1860 504 1921 vocant,
539 1852 588 1906 id
619 1862 701 1906 est
728 1853 798 1905 ita
827 1852 1142 1907 diminutum
1174 1863 1330 1924 atque
1362 1860 1762 1929 parvissimum,
1797 1876 1854 1920 ut

285 1944 398 2010 rjus
421 1958 542 2012 pars
558 1943 780 1998 inveniri
799 1959 900 1998 non
925 1946 1109 2014 possit.
1132 1946 1225 2000 Est
1244 1947 1405 2017 igitur
1427 1965 1676 2017 punctum
1694 1958 1854 2025 primi

286 2033 546 2087 intervalli
566 2033 901 2102 principium,
923 2051 1028 2088 non
1050 2043 1226 2090 tamen
1251 2039 1610 2109 intervallum,
1629 2056 1681 2100 et
1701 2049 1855 2105 lineas

287 2134 471 2193 caput,
499 2126 592 2181 sed
623 2126 856 2180 nondum
896 2127 1055 2181 linea.
1082 2129 1232 2183 Sicut
1260 2130 1396 2185 linea
1427 2149 1640 2204 quoque
1670 2153 1856 2207 super.

288 2216 425 2269 liciei
455 2215 770 2283 principium
814 2222 925 2278 est,
956 2215 1051 2269 sed
1100 2216 1210 2285 ipsa
1251 2221 1559 2289 superﬁcies
1607 2240 1709 2280 non
1741 2239 1854 2296 est,

289 2312 340 2358 et
363 2304 587 2359 secundi
617 2304 878 2359 intervalli
909 2315 1067 2374 caput
1095 2316 1205 2374 est,
1242 2312 1534 2367 secundum
1571 2324 1747 2372 tamen
1778 2321 1860 2376 ir.-

289 2394 572 2448 tervallum
606 2395 716 2463 ipsa
749 2410 852 2448 non
903 2397 1113 2451 retinet.
1158 2399 1299 2453 Idem
1330 2416 1538 2472 quoque
1579 2417 1631 2459 et
1676 2409 1731 2462 in
1770 2426 1858 2464 su-

289 2485 522 2555 perﬁciei
552 2486 811 2563 rationem
843 2487 1015 2550 cadit,
1047 2505 1165 2557 qua:
1195 2501 1250 2544 et
1292 2492 1403 2560 ipsa
1432 2497 1587 2550 solidi
1619 2505 1858 2571 corporis

290 2586 340 2629 et
370 2575 588 2645 triplicis
617 2577 876 2630 intervalli
916 2579 1155 2634 naturale
1198 2582 1420 2637 sortitur
1460 2585 1700 2654 initium,
1743 2591 1861 2659 ipsa

292 2679 414 2720 vero
439 2681 538 2720 nec
566 2667 700 2720 trina
731 2668 990 2722 intervalli
1019 2670 1351 2726 dimensione
1379 2672 1722 2746 distenditur,
1759 2696 1859 2737 nec

293 2759 396 2813 ulla
418 2759 775 2816 crassitudine
800 2763 1085 2817 solidatur.

901 2851 1129 2907 CAPUT
1170 2854 1235 2908 V.

821 2940 899 2996 De
929 2961 1136 2997 numero
1166 2947 1365 3000 lineari.

363 3027 452 3084 Sic
491 3029 648 3084 etiam
681 3032 731 3086 in
766 3049 991 3087 numero
1031 3036 1204 3090 unitas
1249 3039 1463 3107 quidem
1493 3055 1613 3097 cum
1646 3047 1758 3113 ipsa
1797 3047 1862 3101 li-

294 3121 473 3174 nearis
501 3135 752 3177 numerus
784 3137 889 3176 non
915 3123 1021 3186 sit,
1055 3125 1107 3178 in
1139 3125 1517 3195 longitudinem
1551 3141 1726 3188 tamen
1757 3136 1864 3192 dis-
1891 3124 1936 3186 C

295 3211 424 3266 lenti
473 3214 679 3266 numeri
725 3213 1046 3282 principium
1094 3224 1194 3270 est.
1242 3217 1311 3271 Et
1356 3219 1572 3276 linearis
1610 3239 1864 3280 numerus

294 3320 411 3359 cum
440 3306 552 3381 ipse
583 3307 742 3361 totius
771 3307 1060 3362 latitudinis
1087 3324 1274 3378 expers
1301 3312 1403 3377 sit,
1439 3315 1488 3367 in
1514 3315 1657 3369 aliud
1691 3329 1865 3373 tamen

294 3397 522 3464 spatium
557 3396 850 3450 latitudinis
879 3399 1079 3451 extenti
1124 3399 1335 3453 numeri
1369 3402 1587 3456 sortitur
1633 3405 1863 3462 initium.

296 3485 616 3553 Superﬁcies
658 3501 866 3555 quoque
918 3503 1259 3541 numerorum
1310 3503 1432 3543 cum
1480 3491 1591 3559 ipsa
1641 3496 1867 3550 solidum

291 3588 493 3644 corpus
523 3590 628 3630 non
660 3577 761 3639 sit,
790 3576 970 3630 addita
1002 3588 1176 3630 tamen
1207 3578 1471 3633 altitudini
1500 3582 1655 3635 solidi
1682 3599 1870 3654 corpo-

297 3667 372 3721 ris
403 3677 558 3734 caput
583 3676 684 3720 est.
718 3668 828 3720 [loc
858 3680 1032 3722 autem
1063 3669 1268 3737 planius
1311 3670 1392 3724 liis
1417 3674 1677 3742 exemplis
1705 3675 1873 3744 lique-

296 3755 392 3810 bit.
425 3757 668 3810 Linearis
695 3771 945 3810 numerus
968 3767 1048 3810 est
1073 3773 1100 3809 a
1131 3746 1340 3814 dudbus
1364 3761 1638 3828 inclioans,
1668 3763 1872 3830 adjecta

298 3861 512 3914 semper
539 3846 745 3899 unitate
771 3844 824 3898 in
854 3861 1014 3900 unum
1045 3849 1397 3917 eumdemque
1422 3850 1637 3906 ductum
1664 3855 1874 3922 quanti—

299 3932 424 3985 tatis
453 3933 715 4000 explicata
754 3936 1051 4003 congeries,
1078 3946 1134 3989 ut
1162 3949 1242 3991 est
1270 3940 1319 3992 id
1363 3942 1501 4006 quod
1532 3942 1872 4008 subiecimus.

382 4043 392 4115 ι
499 4043 734 4122 ηίῑμρι
884 4058 930 4114 iij
1067 4048 1077 4122 ι
1209 4062 1272 4117 iiii

910 4159 1135 4216 CAPUT
1185 4165 1271 4217 VI.

301 4241 379 4298 De
403 4243 572 4312 planis
600 4248 867 4301 rectilineis
894 4250 1096 4317 ﬁguris,
1124 4253 1355 4321 quodque
1382 4266 1555 4308 earum
1575 4258 1879 4326 primipium

891 4341 955 4390 sit
985 4340 1288 4409 triangulus.
1596 4361 1599 4365 ‘

370 4424 533 4479 Plana
557 4439 686 4480 vero
712 4426 1023 4494 superﬁcies
1048 4428 1104 4481 in
1136 4433 1374 4486 numeris
1416 4433 1707 4502 invenitur,
1741 4453 1878 4507 quo-
1912 4473 1958 4531 Β

299 4513 436 4567 tiens
473 4529 502 4567 a
533 4515 702 4569 tribus
730 4515 1072 4568 inchoatione
1100 4516 1239 4572 facta
1267 4520 1448 4575 addita
1491 4523 1877 4592 descriptionis

298 4605 597 4670 latitudine,
623 4606 677 4658 in
718 4605 1053 4673 sequentium
1087 4623 1146 4661 se
1177 4612 1494 4665 naturalium
1526 4629 1875 4672 numerorum

299 4677 640 4749 multitudine
665 4695 846 4763 anguli
883 4695 1196 4763 dilatantur,
1222 4708 1280 4752 ut
1310 4703 1379 4755 sit
1409 4705 1614 4769 primus
1643 4707 1880 4776 triangu-

299 4783 385 4837 lus
429 4798 699 4848 numerus,
733 4784 999 4838 secundus
1047 4787 1361 4855 quadratus,
1409 4793 1604 4846 tertius
1646 4796 1738 4864 qui
1781 4799 1880 4853 sub

299 4872 534 4942 quinque
554 4875 762 4942 angulis
781 4875 1106 4942 continetur,
1133 4894 1293 4948 quem
1321 4892 1678 4953 pentagonum
1705 4887 1882 4944 Graeci

301 4961 608 5024 nominant;
640 4973 863 5030 quartus
895 4965 1226 5036 hexagonus,
1269 4970 1320 5024 id
1350 4981 1434 5026 est
1463 4974 1552 5042 qui
1593 4990 1688 5030 sex
1720 4993 1884 5048 angu-

303 5052 371 5105 lis
393 5052 703 5116 includitur;
722 5054 936 5122 quintus
959 5056 1312 5127 heptagonus,
1337 5073 1521 5117 sextus
1546 5066 1880 5137 ogdogonus,

303 5139 356 5194 id
386 5149 467 5195 est
497 5141 584 5208 qui
619 5143 650 5195 Ἰ
689 5143 772 5196 vel
802 5144 836 5197 8
864 5147 1177 5213 angulorum
1211 5153 1454 5207 terminis
1486 5155 1796 5224 dilatantur,
1829 5169 1886 5213 et

301 5230 485 5284 caueri
524 5229 712 5285 eodem
754 5232 912 5286 modo
953 5235 1261 5304 singillatim
1317 5256 1410 5308 per
1453 5246 1746 5300 naturalem
1780 5263 1882 5301 nu-

305 5333 513 5372 merum
556 5321 774 5389 angulos
802 5335 1048 5392 augeant,
1095 5326 1148 5379 in
1192 5327 1351 5396 plana
1386 5333 1592 5388 scilicet
1647 5336 1882 5407 descrip-

305 5407 449 5461 tione
479 5407 781 5477 ﬁgurarum.
808 5411 873 5465 Hi
914 5428 1044 5468 vero
1071 5415 1273 5472 idcirco
1316 5436 1346 5475 a
1391 5424 1628 5477 ternario
1657 5441 1882 5482 numero

305 5498 587 5565 inchoent,
621 5502 761 5569 quod
785 5501 1076 5563 latitudinis
1102 5516 1155 5561 et
1190 5511 1494 5577 superﬁciei
1527 5515 1672 5569 solus
1701 5527 1883 5572 terna-

307 5593 415 5645 rius
442 5591 760 5661 principium
782 5604 885 5647 est.
915 5595 972 5649 In
998 5602 1322 5666 geometrica
1352 5618 1563 5674 quoque
1600 5606 1736 5662 idem
1767 5610 1879 5678 pla-

230 5710 244 5768 ί
307 5684 426 5737 nius
464 5683 752 5740 invenitur.
780 5685 911 5740 Duae
943 5690 1085 5744 enim
1116 5691 1274 5747 lineae
1305 5704 1470 5751 recte
1499 5700 1732 5767 spatium
1773 5717 1880 5758 non

1975 507 2128 575 goni,
2163 509 2246 562 vel
2285 510 2598 578 pentagoni,
2645 509 2731 562 vel
2781 509 3081 577 hexagoni,
3125 511 3208 566 vel
3257 511 3544 580 cujuslibet

1973 598 2061 665 qui
2094 597 2333 665 pluribus
2357 599 2568 666 angulis
2603 598 2926 664 continetur,
2968 597 3014 652 si
3053 614 3083 652 a
3123 600 3410 654 medietate
3451 615 3548 667 per

1978 687 2218 756 singulos
2241 689 2478 756 angulos
2521 687 2678 742 lineae
2719 689 3104 755 producantur,
3135 697 3214 742 tot
3249 704 3368 742 eum
3413 689 3553 744 divi-

1971 777 2103 832 dunt
2147 779 2424 846 trianguli,
2467 787 2596 846 quot
2639 781 2806 848 ipsam
2839 780 3059 848 ﬁguram
3092 780 3320 849 angulos
3352 780 3554 836 habere

1967 868 2268 936 contigerit.
2305 869 2631 935 Quadratum
2674 868 2815 922 enim
2857 870 2926 922 ita
2962 869 3135 922 ducta:
3175 869 3330 922 lineae
3384 870 3436 921 in
3472 869 3542 934 4,

1966 966 2324 1026 pentagonum
2357 958 2410 1011 in
2451 958 2504 1022 5,
2535 958 2867 1026 hexagonum
2908 959 2960 1011 in
2991 958 3044 1024 6,
3088 958 3445 1026 beptagonum
3489 961 3544 1012 in

1966 1049 2017 1109 7,
2047 1058 2100 1103 et
2122 1058 2345 1104 creteros
2373 1051 2428 1102 in‘
2466 1064 2682 1104 suorum
2716 1050 3034 1117 angulorum
3075 1051 3233 1103 modo
3261 1066 3534 1104 mensura-

1963 1155 2069 1207 que
2115 1156 2212 1210 per
2247 1141 2543 1210 triangulos
2582 1141 2902 1210 partiuntur,
2949 1151 3004 1194 ut
3038 1150 3119 1194 est
3162 1138 3400 1208 subjecta
3441 1142 3539 1196 de-

1961 1232 2203 1302 scriptio.

1964 1333 3550 1881 ἓξ

1961 1916 2031 1970 At
2053 1930 2181 1970 vero
2216 1912 2475 1982 triangula
2506 1911 2671 1979 ﬁgura
2693 1926 2816 1966 cum
2843 1929 2959 1967 eam
2999 1916 3119 1984 quis
3149 1919 3220 1971 ita
3257 1920 3530 1992 diviserit,
3581 1971 3583 1973 ,

1962 2006 2014 2058 in
2039 2006 2171 2060 alias
2198 2005 2395 2074 ﬁguras
2424 2016 2528 2055 non
2561 2002 2848 2056 resolvitur
2877 2003 2981 2058 nisi
3009 2008 3059 2058 in
3085 2008 3338 2079 seipsam,
3365 2015 3416 2066 in
3441 2015 3542 2068 tria

1961 2096 2104 2151 cnim
2132 2094 2393 2165 triangula
2424 2090 2732 2159 di~sipatur.

2400 2369 2730 2928 β

1969 2977 2116 3035 Adeo
2145 2979 2260 3035 haec
2299 2979 2463 3050 ﬁgura
2492 2980 2739 3050 princeps
2763 2993 2844 3038 est
2886 2984 3202 3049 latitudinis,
3252 2992 3309 3038 ut
3335 2994 3544 3040 cauerat

1969 3086 2157 3125 omnes
2195 3071 2506 3139 superﬁcies
2553 3071 2604 3124 in
2653 3072 2791 3127 hanc
2836 3074 3205 3140 resolvantur,
3251 3074 3363 3142 ipsa
3414 3089 3543 3129 vero

1966 3163 2212 3231 quoniam
2243 3161 2399 3215 nullis
2427 3168 2509 3214 est
2548 3163 2821 3230 principiis
2849 3163 3102 3230 obnoxia,
3132 3179 3308 3234 neque
3347 3164 3414 3218 ab
3442 3164 3545 3220 alia

1967 3250 2245 3305 latitudine
2273 3250 2497 3317 sumpsit
2538 3251 2780 3319 initium,
2819 3253 2868 3306 in
2912 3268 3033 3307 sese
3065 3255 3174 3322 ipsa
3217 3255 3544 3308 resolvatur.

1971 3340 2112 3392 Idem
2145 3349 2321 3394 autem
2351 3347 2405 3393 et
2433 3341 2483 3393 in
2517 3344 2754 3396 numeris
2780 3343 2894 3398 ﬁeri
2935 3359 3165 3414 sequens
3191 3347 3369 3415 operis
3408 3347 3540 3401 ordo

1973 3430 2312 3483 monstrabit.

2571 3518 2794 3574 CAPUT
2834 3521 2949 3575 VH.

2236 3606 2517 3676 Dispositio
2544 3609 2913 3677 triangulorum
2946 3627 3292 3668 numerorum.

2046 3697 2140 3751 Est
2187 3698 2347 3765 igitur
2397 3699 2598 3766 primus
2646 3701 2938 3768 triangulus
2985 3718 3237 3758 numerus
3285 3705 3372 3772 qni
3423 3707 3549 3758 solis

1977 3789 2146 3841 trihus
2194 3788 2485 3841 tmitatibus
2533 3787 2854 3857 dissipatur,
2902 3793 3194 3846 secundum
3246 3794 3550 3862 superﬁciei

1977 3878 2316 3944 positionem,
2349 3877 2615 3945 triangula
2658 3865 2865 3933 sciiicet
2907 3879 3298 3949 descriptione,
3342 3892 3395 3937 et
3435 3891 3550 3951 pos:

1979 3970 2116 4021 hunc
2145 3968 2446 4036 quicunque
2475 3968 2831 4037 aequalitatem
2865 3970 3090 4025 laterum
3110 4011 3124 4036 ,
3155 3973 3206 4026 in
3239 3974 3378 4027 trina
3420 3975 3549 4029 late-

1979 4075 2095 4112 rum
2119 4057 2286 4127 spatia
2320 4066 2626 4127 segregant.

2382 4150 2406 4197 1
2752 4151 2782 4198 5
3111 4150 3144 4199 ὃ

2739 4314 2772 4375 ι
3038 4239 3040 4242 ﬁ
3100 4294 3134 4357 ι

2361 4385 2400 4455 ι
2624 4469 2659 4531 ι
2832 4478 2864 4539 ί
2907 4556 2912 4559 _
3005 4375 3127 4564 Ι
3157 4377 3187 4440 ι
3215 4477 3246 4533 ι

2426 4571 2510 4620 (ο
2923 4569 3205 4932 /5\

2303 5411 2367 5455 at
2649 5348 2657 5357 .
2705 5409 2786 5460 28
3128 5439 3197 5482 π

2335 5489 2406 5578 λ
2732 5494 2806 5580 ’.\

2188 5585 2506 5778 έῖῖῑῖῑῐῖκἶ
3002 5516 3296 5789 isi-15332:.
