4160 6256
593 301 729 357 {I25
846 319 857 326 ·
1346 344 1349 351 .

1177 407 1402 466 CAPUT
1443 402 1579 459 VIII.

813 531 890 585 De
920 528 1157 583 lateribus
1187 521 1556 593 triangulorum
1584 524 1930 567 numerorum.

663 644 742 700 Ad
782 643 922 696 hunc
969 638 1182 694 modum
1223 631 1426 688 inﬁnita
1472 624 1779 698 progressio
1808 630 1919 686 est,
1950 629 2166 672 omnes-

593 751 699 806 que
754 733 941 789 ordine
989 728 1235 798 trianguli
1290 713 1584 803 aequilateri
1631 712 2074 788 procreabuntur,
2116 716 2170 762 et

589 828 822 897 primum
854 823 1093 876 omnium
1145 825 1375 888 ponent,
1401 798 1459 871 id
1490 808 1629 880 quod
1662 822 1726 862 ex
1752 803 1968 859 unitate
1998 798 2169 854 nasci-

592 929 697 983 tur,
728 926 786 970 ut
831 916 945 968 brcc
988 913 1041 967 vi
1080 926 1176 965 sua
1220 896 1515 976 triangulus
1558 902 1656 965 sit,
1700 914 1805 953 non
1853 893 1978 949 inde
2007 893 2169 947 etiam

592 1023 757 1077 opere
782 1015 941 1074 atque
972 1012 1111 1056 actu.
1145 999 1275 1054 Nam
1304 998 1349 1051 si
1394 1002 1706 1050 cunctorum
1735 995 1819 1043 est
1855 993 2029 1038 mater
2068 996 2171 1035 nu-

593 1111 895 1159 merorum,
937 1090 1191 1161 quidquid
1225 1090 1277 1141 in
1319 1086 1382 1140 iis
1421 1084 1509 1151 qui
1539 1082 1605 1134 ab
1646 1093 1709 1133 ea
1740 1082 2032 1130 nascuntur
2076 1068 2176 1123 nu-

595 1189 758 1243 meris
789 1184 1074 1247 invenitur,
1106 1192 1328 1233 necesse
1359 1182 1444 1228 est
1472 1181 1529 1225 ut
1556 1174 1670 1239 ipsa
1693 1164 1918 1222 naturali
1947 1160 2175 1232 quadam

594 1286 859 1347 potestate
885 1272 1186 1333 contineat,
1217 1278 1270 1321 ct
1304 1264 1461 1331 hujus
1489 1257 1738 1328 trianguli
1770 1258 1909 1309 latus
1940 1260 2022 1306 est
2054 1249 2175 1303 uni—

598 1380 699 1424 tas.
727 1367 1018 1421 Ternarius
1043 1375 1168 1415 vero
1192 1360 1279 1427 qui
1310 1355 1513 1424 primus
1538 1360 1620 1406 est
1643 1362 1805 1418 opere
1836 1354 1891 1400 et
1915 1352 2033 1397 actu
2058 1342 2176 1410 ipso

598 1458 915 1527 triangulus,
945 1462 1219 1509 crescente
1247 1447 1451 1501 unitate
1486 1442 1749 1498 binarium
1780 1447 2060 1491 numerum
2103 1431 2172 1484 la-

600 1560 686 1605 tus
724 1518 956 1601 habebit.
989 1542 1052 1597 Vi
1093 1539 1235 1595 enim
1278 1547 1332 1591 et
1361 1540 1623 1605 potestate
1668 1525 1825 1597 primi
1879 1520 2092 1592 anguli,
2124 1518 2176 1573 id

600 1650 683 1696 est
724 1639 969 1699 unitatis,
1015 1634 1190 1687 unitas
1238 1630 1375 1681 latus
1419 1632 1534 1687 est,
1574 1628 1695 1673 actu
1738 1630 1869 1671 vero
1914 1621 1970 1668 et
2017 1624 2179 1677 opere

604 1730 852 1798 trianguli
883 1725 1069 1797 primi,
1098 1722 1150 1777 id
1180 1728 1262 1775 est
1291 1715 1509 1772 tcrnarii
1542 1711 1791 1773 dualitas,
1822 1720 1981 1775 quam
2005 1700 2179 1757 Graaci

604 1820 773 1892 dyada
796 1825 1004 1871 vocant.
1028 1811 1256 1869 Secundi
1289 1822 1417 1862 vero
1442 1800 1691 1871 trianguli
1717 1798 1805 1866 qui
1836 1809 2001 1863 opere
2024 1800 2182 1858 atque

606 1922 728 1967 actu
752 1906 1017 1963 secundus
1042 1912 1151 1966 est,
1182 1901 1235 1955 id
1266 1908 1346 1953 est
1375 1894 1603 1960 senarii,
1633 1896 1912 1945 crescente
1954 1880 2185 1937 naturali

608 2016 829 2055 numero
884 2000 937 2051 in
993 1994 1248 2049 lateribus
1302 1986 1568 2042 ternarius
1624 1979 1925 2035 invenitur.
1975 1973 2190 2029 Tertius

610 2104 761 2150 vero,
793 2087 844 2140 id
872 2093 954 2139 est
979 2083 1215 2147 denarii,
1259 2075 1635 2155 quaternarius
1667 2072 1805 2123 latus
1833 2066 2103 2129 continet,
2132 2071 2189 2117 et

613 2192 729 2246 quas
749 2178 785 2229 ti
808 2189 956 2237 vero,
987 2172 1038 2224 id
1060 2180 1142 2224 est
1164 2170 1250 2235 l5,
1276 2150 1549 2235 quinarius
1572 2162 1710 2214 latus
1732 2166 1900 2220 tenet,
1933 2162 1988 2209 et
2016 2150 2188 2217 quinti

616 2265 872 2320 senarius.
908 2261 1157 2327 Idemque
1188 2271 1354 2322 usque
1380 2254 1430 2307 in
1454 2250 1742 2306 infinitum.

1216 2358 1447 2419 CAPUT
1489 2360 1581 2415 IX.

809 2466 883 2519 De
907 2461 1233 2536 generatione
1263 2454 1632 2522 triangulorum
1656 2459 2003 2500 numerorum.

689 2579 988 2633 Nascuntur
1010 2582 1185 2627 autem
1217 2566 1462 2636 trianguli
1489 2562 1747 2631 disposita
1778 2558 2005 2613 naturali
2028 2570 2197 2625 quan-

621 2674 769 2725 titate
830 2680 1206 2726 numerorum,
1255 2661 1302 2715 si
1353 2656 1619 2728 prioribus
1656 2666 1871 2720 semper
1913 2646 2197 2703 multitudo

622 2759 953 2829 sequentium
982 2762 1355 2823 congregetur.
1397 2748 1719 2815 Disponatur
1748 2741 1891 2797 enim
1934 2735 2196 2792 naturalis

623 2864 875 2907 numerus
899 2850 1005 2905 hoc
1032 2845 1189 2900 modo
1214 2862 1227 2896 :

1076 2943 2187 2971 _________________—————

624 2963 2000 3075 filiai—ﬁsisiststvtstst

627 3122 702 3175 Ex
746 3120 828 3173 his
874 3098 1031 3187 igitur
1072 3115 1117 3169 si
1164 3112 1392 3182 primum
1441 3098 1721 3162 numerum
1763 3096 2087 3163 sumam,.id
2120 3102 2201 3150 est
2228 3113 2274 3174 ε

629 3213 917 3275 unitatem,
952 3207 1122 3262 habeo
1151 3207 1381 3273 primum
1414 3198 1770 3267 triangulum,
1810 3192 1898 3260 qui
1930 3198 2012 3243 est
2054 3187 2104 3240 vi
2149 3193 2203 3240 et

630 3310 911 3371 potestate,
939 3297 1173 3353 nondum
1200 3295 1362 3348 etiam
1397 3300 1517 3343 actu
1542 3301 1641 3341 nec
1669 3298 1849 3353 opere.
1880 3280 2014 3334 Huic
2042 3276 2087 3330 si
2118 3289 2206 3329 sc-

632 3391 860 3446 cundum
893 3397 1274 3455 aggregavero,
1326 3380 1418 3448 qui
1470 3378 1523 3430 in
1580 3371 1806 3428 naturali
1860 3378 2207 3423 numerorum

634 3466 977 3548 dispositione
1002 3476 1299 3539 descriptus
1338 3480 1449 3532 est,
1478 3467 1531 3521 id
1556 3475 1639 3520 est
1670 3461 1935 3517 binarium
1956 3501 1970 3522 ,
2005 3456 2208 3525 primus

636 3572 761 3625 mihi
791 3565 1085 3633 triangulus
1109 3576 1275 3629 Opere
1304 3570 1357 3617 et
1386 3568 1510 3612 actu
1539 3556 1794 3617 nascitur,
1827 3553 1879 3605 id
1922 3557 2002 3604 est
2035 3558 2212 3601 terna-

636 3664 768 3715 rius.
794 3659 850 3715 Si
894 3672 1020 3710 vero
1060 3653 1184 3706 huic
1227 3653 1440 3705 tertium
1471 3662 1537 3702 ex
1585 3644 1811 3699 naturali
1860 3653 2083 3695 numero
2112 3636 2209 3690 ado

639 3753 836 3819 iecero,
878 3744 1146 3803 secundus
1177 3741 1305 3799 mihi
1335 3751 1500 3808 opere
1525 3743 1582 3790 et
1619 3744 1739 3788 actu
1766 3729 2062 3799 triangulus
2093 3740 2215 3801 pro-_

644 3816 871 3899 creatur.
902 3837 1266 3905 Super‘unum
1297 3829 1441 3884 enim
1454 3816 1536 3903 tet
1561 3825 1665 3879 duo
1691 3824 1735 3878 si
1777 3821 2024 3884 tertium,
2052 3816 2105 3871 id
2135 3823 2219 3869 est

644 3934 962 3993 ternarium,
990 3936 1365 3998 aggregavero,
1396 3920 1640 3976 senarius
1670 3912 1887 3971 extendi
1916 3927 1998 3972 ur,
2028 3923 2219 3963 secun-

646 4026 742 4078 dus
796 4016 1001 4077 scilicet
1030 4016 1340 4085 triangulus.
1384 4012 1513 4066 Iluic
1558 4022 1687 4063 vero
1726 4006 1769 4061 si
1801 4009 2221 4069 consequentem

649 4110 1040 4183 quaternarium
1070 4117 1483 4176 superposuero,
1508 4097 1759 4153 denarius
1785 4091 2106 4160 explicatur,
2132 4086 2222 4155 qui

651 4178 730 4257 est
767 4200 955 4253 tertius
997 4206 1120 4250 actu
1165 4192 1485 4260 triangulus,
1525 4202 1661 4256 quos
1691 4201 1784 4253 per
1830 4185 1998 4236 latera
2046 4178 2226 4245 dispo-

652 4305 807 4354 nens,
836 4290 900 4343 ad
940 4286 1231 4357 superioris
1261 4279 1639 4347 descrip'ionis
1675 4273 1972 4342 exemplar,
2002 4276 2226 4324 cunctos

654 4382 943 4450 triangulus
974 4389 1224 4431 numeros
1247 4374 1365 4427 sine
1393 4364 1922 4423 ulliusidubitationis
1951 4359 2228 4415 erroribus

655 4472 982 4543 pernotabis,
1016 4478 1070 4524 et
1096 4474 1321 4536 quantas
1350 4462 1569 4517 ultimus
1595 4472 1848 4512 numerus
1880 4456 1932 4508 in
1965 4468 2025 4508 se
2052 4450 2223 4505 unita-
2254 4462 2306 4521 ι)

657 4542 737 4617 tes
784 4560 971 4624 habet,
1015 4571 1171 4627 quem
1218 4550 1583 4622 superioribus
1624 4545 1955 4616 aggregabis,
1997 4551 2073 4596 tot
2117 4542 2231 4608 ipse

657 4655 748 4725 qui
790 4652 847 4706 fit
889 4649 1185 4718 triangulus
1224 4646 1452 4698 unitates
1501 4639 1718 4692 lt..beb.t
1774 4638 1824 4688 in
1872 4636 2057 4687 latere.
2099 4629 2231 4683 Num

662 4745 974 4807 ternarium,
1002 4740 1090 4809 qui
1124 4746 1204 4792 est
1230 4737 1433 4805 primus
1481 4739 1602 4783 actu
1655 4727 1975 4795 triangu'us,
2027 4721 2235 4789 adjecto

662 4834 868 4889 b'mario
905 4830 1093 4885 unitati
1138 4829 1469 4887 feceramus;
1502 4832 1556 4874 at
1601 4819 1688 4873 hic
1714 4818 1849 4871 duos
1896 4814 2057 4867 habet
2082 4813 2132 4865 in
2164 4810 2238 4864 Ia-

664 4936 800 4991 tere,
844 4932 900 4979 et
951 4921 1223 4977 senarium
1258 4918 1364 4970 .his
1412 4916 1618 4982 adjecta
1670 4907 1890 4965 ternarii
1942 4905 2240 4975 quantitate

666 5017 1032 5087 produximus,
1060 5011 1212 5079 cujus
1240 5010 1378 5063 latus
1408 5007 1508 5060 soli
1540 5014 1648 5058 tres
1676 5002 1983 5061 continent,
2015 5007 2067 5050 et
2096 4996 2237 5050 idem

666 5107 720 5160 in
765 5105 884 5159 aliis
928 5100 1133 5156 cunctis
1175 5107 1307 5165 quot
1350 5096 1584 5149 unitates
1627 5092 1909 5145 habentem
1957 5098 2236 5139 numerum

667 5193 1029 5263 superioribus
1071 5187 1401 5259 aggregahis,
1452 5192 1529 5239 tot
1570 5181 1864 5236 unitatibus
1907 5176 2024 5246 ejus
2074 5175 2241 5231 latera

667 5288 1105 5345 cantiuebuntur.
1388 5263 1399 5273 ’

1284 5390 1509 5445 CAPUT
1553 5388 1618 5442 Χ.

1146 5481 1221 5535 De
1248 5483 1466 5551 quadrat
1488 5496 1512 5534 ι
1541 5477 1779 5531 numeris.

742 5600 1045 5671 Quadratus
1080 5610 1207 5648 vero
1238 5606 1492 5647 numerus
1521 5600 1604 5645 est
1646 5590 1734 5659 qui
1766 5588 1927 5643 etiam
1964 5587 2079 5655 ipse
2120 5586 2240 5653 qui-

672 5689 793 5743 dem
823 5688 1151 5743 latitudinem
1186 5684 1391 5754 pandit,
1417 5682 1513 5738 sed
1546 5696 1651 5736 non
1676 5680 1727 5735 in
1755 5680 1924 5734 tribus
1954 5676 2160 5740 angulis
2187 5686 2243 5730 ut

1798 282 1908 337 AN.
1951 280 2160 337 MANL.
2206 274 2358 331 ΜΝ.
2403 272 2623 331 ΒΟΕΊῚΙ

1918 378 1919 381 “
2199 393 2247 449 Λ
2276 387 2518 456 superior
2549 387 2738 447 forma,
2769 380 2862 435 sed
2890 384 3139 448 quatuor.
3168 374 3285 443 ipse
3311 383 3524 442 quoque
3554 366 3748 436 aequali
3776 365 3857 419 la-

3713 254 3852 306 {HI

2271 491 2445 534 terum
2465 473 2804 532 dimensione
2822 469 3129 542 porrigitur.
3153 465 3290 521 Sunt
3309 470 3488 516 autem
3507 456 3815 527 bujusmodi
3838 475 3852 508 :

2456 736 3254 1104 mm

2796 1260 2809 1263 _
2895 1198 3122 1257 CAPUT
3160 1196 3254 1251 XI.

2776 1314 2854 1367 De
2882 1326 3059 1367 eorum
3071 1298 3085 1314 ’
3098 1308 3365 1363 lateribus.

3750 627 3763 1092 Ι

2355 1433 2461 1487 Sed
2495 1432 2546 1486 in
2578 1430 2664 1483 his
2684 1442 2894 1497 quoque
2919 1425 3211 1480 secundum
3244 1422 3536 1476 naturalem
3564 1436 3863 1485 numerum,

2289 1528 2517 1580 laterum
2562 1529 2843 1591 augmenta
2899 1524 3265 1572 succrescunt.
3314 1514 3525 1567 Primus
3555 1514 3695 1567 enim
3723 1514 3777 1565 vi
3818 1522 3867 1567 ct

2290 1614 2529 1684 potentia
2560 1611 2873 1680 quadratus,
2907 1608 2958 1661 id
2990 1606 3299 1684 estunitas,
3329 1617 3492 1657 unum
3522 1601 3683 1656 habet
3714 1603 3769 1654 in
3798 1602 3870 1654 la-

2289 1716 2422 1761 tere.
2453 1703 2734 1759 Seeuudus
2759 1716 2910 1763 vero,
2940 1699 3029 1767 qui
3057 1682 3175 1751 actu
3204 1696 3424 1763 primus,
3466 1694 3517 1747 id
3544 1702 3625 1746 est
3649 1694 3706 1755 ι,
3740 1692 3872 1745 duo-

2217 1765 2260 1822 Β
2292 1799 2391 1853 bus
2424 1813 2517 1864 per
2541 1797 2703 1848 latera
2729 1792 2915 1861 positis
2942 1789 3265 1868 continetur.
3291 1786 3503 1840 Tertius
3534 1799 3683 1847 vero,
3714 1784 3769 1836 id
3797 1794 3873 1837 est

2294 1901 2485 1955 novem
2505 1926 2518 1948 ,
2551 1884 2640 1953 qui
2670 1886 2937 1936 secundus
2971 1887 3052 1932 est
3079 1891 3261 1945 opere,
3291 1875 3462 1928 tribus
3489 1874 3541 1927 in
3589 1874 3759 1927 latere
3788 1885 3874 1940 po-

2296 1981 2416 2037 sitis
2454 1981 2789 2047 aggregatur.
2835 1972 2899 2025 Et
2935 1969 3001 2023 ad
3041 1967 3283 2024 eamdem
3330 1966 3664 2034 sequentiam
3704 1963 3875 2019 cuncti

2299 2069 2615 2141 procedunt.

2905 2168 3129 2225 CAPUT
3162 2166 3275 2222 XII.

2336 2290 2413 2344 De
2438 2288 2810 2360 quadratorum
2838 2284 3183 2355 generatione,
3213 2295 3488 2349 rursusque
3517 2294 3692 2333 eorum
3718 2276 3841 2331 late-

3007 2373 3169 2426 ribus.

2294 2546 2297 2547 ,
2367 2493 2672 2547 Nascuntur
2693 2495 2869 2541 autem
2898 2484 3031 2539 tales
3062 2481 3271 2537 numeri
3295 2496 3357 2536 ex
3392 2477 3655 2534 naturalis
3677 2474 3878 2531 numeri

2299 2582 2673 2652 dispositione,
2716 2595 2823 2632 non
2869 2574 3321 2645 quemadmodum
3364 2572 3673 2641 superiores
3712 2571 3880 2622 trian-

2299 2674 2440 2744 guli,
2465 2680 2525 2725 ut
2549 2669 2810 2723 ordinatis
2838 2666 2903 2720 ad
2933 2679 2992 2720 se
3024 2667 3250 2719 invicem
3285 2662 3525 2717 numeris
3556 2673 3879 2728 congregen-

2302 2775 2410 2828 tur,
2434 2761 2527 2817 sed
2554 2775 2661 2814 uno
2682 2772 2895 2825 semper
2922 2752 3371 2820 intermisso,‘qui
3403 2752 3659 2820 sequitur,
3688 2750 3734 2801 si
3758 2762 3882 2802 cum

2302 2854 2566 2925 superiori
2595 2852 2675 2906 vel
2711 2846 3079 2919 superioribus
3108 2843 3407 2912 colligatur,
3435 2841 3700 2895 ordinatus
3724 2853 3791 2891 ex
3818 2851 3886 2890 so

2304 2945 2591 3016 quadratos
2621 2940 2838 2995 efficiet.
2875 2938 3194 3005 Disponatur
3222 2934 3366 2988 enim
3408 2930 3668 2985 naturalis
3696 2942 3887 2982 nume-
3938 2956 3943 2959 -

2306 3050 2399 3096 rus
2430 3035 2530 3086 hoc
2558 3029 2714 3083 modo
2737 3043 2751 3079 :

2532 3146 3639 3236 III25ltl5l6l7lsl9lwilli

2532 3215 2695 3236 I'l’
2834 3215 2841 3229 I
2932 3215 2940 3228 I
3033 3215 3041 3227 I
3134 3215 3141 3225 ι
3234 3215 3241 3225 1
3332 3215 3339 3223 1
3430 3215 3438 3223 .
3529 3215 3536 3221 .
3632 3215 3638 3218 .

2309 3321 2389 3376 Ex
2418 3318 2502 3373 his
2534 3315 2759 3391 igitursi
2786 3327 2949 3366 unum
2979 3307 3296 3377 respiciam,
3328 3306 3532 3375 primus
3572 3302 3705 3356 mihi
3734 3308 3887 3353 natus

2310 3418 2393 3465 est
2433 3416 2697 3479 potestate
2721 3402 3033 3471 quadratus.
3076 3398 3227 3464 Quod
3260 3398 3302 3449 si
3347 3412 3452 3449 uno
3496 3395 3687 3449 relicto
3728 3393 3894 3461 priori

2315 3502 2526 3555 tertium
2564 3498 2816 3566 junxero,
2845 3492 3111 3550 secundus
3152 3489 3281 3544 mihi
3312 3488 3602 3557 quadratus
3643 3484 3893 3537 efﬁcitur.

2315 3591 2447 3645 Nam
2493 3589 2538 3643 si
2593 3587 2680 3640 uni
2738 3585 2926 3640 relicto
2973 3582 3184 3635 biuario
3224 3579 3524 3650 quinarium
3576 3586 3897 3643 apposuero.

2316 3679 2688 3751 quaternarins
2711 3676 2839 3729 mihi
2854 3672 3153 3742 quadratus
3172 3672 3431 3725 ex0ritur.
3454 3667 3605 3732 Quod
3626 3666 3671 3717 si
3692 3677 3899 3723 rursus,

2264 3820 2267 3823 Α
2318 3772 2506 3827 relicto
2552 3771 2730 3824 medio
2759 3764 3124 3835 quaternm-io,
3170 3762 3469 3831 quinarium
3518 3755 3768 3810 similiter
3809 3767 3899 3820 ag-

2321 3875 2631 3933 gregavero,
2663 3857 2954 3929 quadratus
2984 3853 3112 3908 mihi
3146 3852 3353 3915 tertius,
3388 3848 3439 3901 id
3476 3855 3557 3900 est
3587 3841 3901 3896 uovenarius

2322 3960 2650 4023 procreatur.
2679 3947 2828 4003 Unus
2855 3947 2996 4000 enim
3020 3954 3074 3998 et
3099 3944 3132 3997 5
3160 3951 3214 3996 et
3242 3939 3274 3992 5
3301 3952 3492 3993 novem
3524 3935 3800 4002 colligunt.
3834 3935 3900 3983 At

2326 4059 2454 4100 vero
2476 4045 2521 4096 si
2555 4044 2658 4108 his,
2688 4041 2995 4094 intermisso
3019 4034 3252 4098 senario,
3280 4032 3640 4100 septenarium
3665 4028 3901 4095 jungam.

2328 4143 2436 4190 tota
2466 4135 2519 4188 in
2545 4134 2611 4187 16
2639 4133 2753 4201 ejus
2774 4144 2982 4184 summa
3004 4125 3334 4187 concrescit,
3376 4122 3426 4176 id
3457 4130 3534 4174 est
3567 4120 3744 4189 quarti
3780 4130 3907 4185 qua-

2329 4229 2466 4283 drati
2511 4224 2884 4280 numerositas.
2921 4221 2986 4273 Et
3026 4227 3083 4273 ut
3111 4217 3344 4272 breviter
3369 4212 3527 4280 hujus
3567 4210 3739 4264 forma
3782 4220 3909 4275 pro-

2331 4317 2618 4372 creationis
2646 4318 2927 4382 appareat,
2958 4309 3000 4363 si
3031 4307 3211 4363 cuncti
3243 4305 3477 4371 impares
3508 4300 3724 4353 sibimet
3750 4310 3909 4364 appo-

2334 4403 2546 4471 nantur',
2579 4407 2836 4460 collocato
2865 4401 3069 4455 scilicet
3114 4395 3341 4450 naturali
3388 4405 3637 4449 numero,
3685 4386 3911 4455 quadra-

2339 4511 2513 4553 torum
2554 4495 2687 4550 ordo
2728 4499 2955 4547 texetur.
3001 4489 3095 4543 Est
3132 4487 3289 4540 etiam
3332 4485 3386 4537 in
3425 4483 3507 4534 his
3552 4481 3667 4533 lucc
3713 4486 3914 4529 natura:

2341 4589 2604 4643 subtilitas
2645 4595 2697 4640 et
2737 4580 3023 4637 immobilis
3054 4576 3342 4637 ordinatio,
3378 4570 3519 4641 quod
3566 4579 3642 4622 tot
3684 4566 3918 4621 unitates

2342 4679 2708 4749 unusquisque
2744 4674 3119 4744 quadratorum
3150 4665 3400 4722 retinebit
3429 4666 3479 4716 in
3511 4662 3689 4721 latere,
3728 4655 3919 4723 quanti

2345 4772 2541 4827 fuerint
2570 4767 2775 4821 numeri
2818 4764 2884 4818 ad
2914 4761 3346 4830 conjunctionem
3379 4754 3643 4825 propriam
3687 4761 3919 4815 congre-

2344 4864 2473 4934 gati.
2503 4861 2633 4915 Nam
2674 4858 2726 4912 in
2765 4856 2939 4925 primo
2978 4851 3260 4921 quadrato,
3285 4846 3534 4917 quoniam
3579 4857 3644 4895 ex
3676 4853 3783 4891 uno
3828 4836 3916 4897 fit,

2346 4967 2483 5008 unus
2510 4958 2595 5005 est
2632 4949 2685 5003 in
2732 4947 2918 5000 latere.
2960 4943 3016 4997 In
3056 4941 3311 5001 secundo,
3344 4936 3395 4990 id
3433 4942 3516 4988 est
3552 4926 3916 5000 quaternario,

2347 5043 2595 5113 quoniam
2626 5053 2693 5093 ex
2725 5050 2834 5090 uno
2862 5042 2917 5089 et
2946 5032 3116 5086 tribus
3142 5036 3477 5099 procreatur,
3509 5024 3600 5092 qui
3642 5020 3750 5074 duo
3797 5023 3923 5070 sunt

2347 5132 2590 5194 termini,
2626 5126 2833 5182 binario
2858 5124 2998 5177 latus
3032 5121 3251 5185 texitur,
3286 5126 3340 5172 et
3369 5116 3419 5168 in
3450 5109 3767 5170 novenario,
3797 5120 3924 5172 quo-

2350 5224 2492 5278 niam
2522 5220 2692 5273 tribus
2715 5215 2950 5270 numeris
2975 5219 3307 5280 procreatur,
3333 5207 3469 5260 latus
3493 5201 3730 5257 ternario
3751 5194 3925 5251 conti-

2351 5320 2524 5372 uetur.
2551 5318 2719 5382 Atque
2742 5311 2879 5365 idem
2904 5310 2955 5362 in
2981 5306 3099 5360 aliis
3124 5304 3289 5358 videri
3315 5302 3458 5357 licet.

2928 5438 3151 5496 CAPUT
3187 5412 3325 5491 Xm.

2644 5557 2716 5611 De
2746 5555 3043 5627 pentagonis
3072 5564 3348 5619 eorumque
3375 5544 3637 5601 lateribus.

2423 5671 2758 5733 Pentagonus
2796 5679 2922 5720 vero
2960 5675 3212 5718 numerus
3241 5666 3322 5713 est
3358 5656 3443 5725 qui
3475 5654 3590 5723 ipse
3629 5647 3846 5719 quidem
3875 5642 3932 5697 in
