4160 6256
256 320 395 376 1125

1442 296 1546 361 De
1584 304 2057 384 ARIIIILIETICA
2101 303 2225 360 LIB.
2269 304 2330 359 tt.

3382 308 3517 362 1126

254 436 590 492 latitudinem
639 431 930 487 secundum
969 429 1216 482 unitatem
1257 412 1557 485 descriptis
1600 422 1837 491 quinque
1866 424 1914 480 Α
1945 432 2063 470 cum
2090 431 2150 471 se
2180 414 2389 469 binario
2425 421 2775 484 superarent;
2829 415 3107 482 pentagoni
3150 430 3279 469 vero
3327 424 3515 472 natura

257 526 467 596 angulis
503 523 829 583 continetur,
859 521 1060 573 cunctis
1103 514 1301 569 scilicet
1344 509 1608 567 lateribus
1642 512 1835 581 aequali

258 616 594 671 dimensione
617 610 906 680 dispositis.
930 611 1062 663 Sunt
1090 616 1265 659 autem
1296 603 1350 658 hi
1378 618 1392 655 :

258 922 458 977 Eodem
491 933 699 987 quoque
731 913 886 968 modo
905 925 1089 966 eorum
1122 896 1681 962 latera'succrescunt.
1705 904 1835 958 Nam

259 1010 415 1080 primi
450 1016 709 1075 potestate
752 1001 1065 1072 peutagoni,
1100 999 1149 1053 id
1182 1006 1265 1052 est
1301 994 1477 1061 unius,
1520 995 1657 1049 idem
1699 1008 1837 1047 unus

260 1100 487 1169 spatium
521 1097 702 1152 lateris
729 1100 891 1147 tenet.
930 1090 1162 1146 Secundi
1192 1104 1319 1143 vero
1348 1088 1575 1158 quinarii
1594 1127 1606 1147 ,
1636 1086 1725 1155 qui
1756 1094 1837 1139 est

260 1201 371 1244 Ictu
414 1192 530 1256 ipso
566 1195 724 1253 atque
753 1198 914 1251 opere
956 1182 1160 1249 primus
1193 1188 1549 1247 pentagonus,
1582 1176 1691 1231 bini
1740 1191 1838 1245 per

256 1278 417 1336 latera
462 1278 552 1332 ﬁxi
596 1286 743 1331 sunt.
779 1274 993 1328 Tertius
1030 1287 1178 1335 vero,
1211 1271 1260 1325 id
1301 1280 1385 1325 est
1432 1270 1530 1333 12,
1572 1269 1741 1323 tribus
1782 1268 1834 1321 in

259 1373 394 1429 latus
426 1379 612 1425 auctus
642 1377 743 1422 est.
769 1368 1001 1432 Quartus
1025 1366 1124 1427 Ἡ,
1148 1363 1180 1417 4
1214 1377 1555 1417 numerorum
1585 1362 1635 1414 in
1669 1361 1836 1415 latere

261 1446 551 1532 quantitate
601 1459 944 1514 distenditur.
986 1460 1160 1524 Atque
1199 1454 1337 1508 idem
1388 1453 1441 1507 in
1490 1454 1699 1511 cmteris
1744 1467 1833 1506 se-

264 1555 488 1610 tundum
519 1551 737 1606 unitatis
780 1550 1243 1618 progressionem,
1274 1546 1324 1597 in
1371 1544 1598 1598 naturali
1630 1544 1834 1598 scilicet

266 1659 503 1709 numero,
523 1643 811 1701 secundum
838 1641 1169 1710 superiorem
1193 1638 1476 1706 ﬁgurarum
1503 1637 1831 1695 incrementa

261 1737 575 1792 tenduntur.
636 1766 639 1767 ν

563 1888 602 1920 ut
984 1882 1041 1931 ις
1456 1887 1496 1929 ι)

417 2140 745 2266 \\___...//
863 2091 1208 2262 \\L_;_.J///
1248 2061 1658 2266 \\\t_.:__J;//

522 2388 567 2439 -2
595 2378 637 2437 ιχ
961 2363 1037 2426 ις
1374 2334 1411 2411 ς
1437 2338 1463 2416 ί,

436 2632 521 2702 ζ’
638 2611 722 2727 "3/
855 2620 1081 2708 ¹ΞΞΞΞΞΞ
1310 2623 1516 2711 ΞΞ⁵²ΞΞ.

419 2644 682 2787 ᾪνε-
852 2681 965 2806 ;
988 2727 1041 2783 ::
1068 2729 1103 2782 :*

476 2852 505 2898 ι
528 2853 653 2901 basis
850 2838 891 2925 8
914 2853 1044 2901 basis
1309 2852 1341 2899 6
1365 2850 1496 2897 basis

860 3031 1090 3087 CAPUT
1128 3028 1269 3083 XIV.

621 3148 695 3201 De
721 3146 1042 3218 generatione
1065 3152 1485 3213 pentagonorum.

337 3261 632 3317 Nascuntur
674 3267 847 3313 autem
881 3258 933 3311 lii
962 3257 1165 3310 numeri
1198 3255 1285 3324 qui
1329 3255 1535 3309 extensi
1578 3253 1630 3307 in
1662 3254 1841 3307 latitu-

232 3384 235 3387 -
272 3351 476 3415 dinem,
503 3351 735 3420 quinque
766 3349 991 3418 angulos
1020 3346 1290 3415 pandunt,
1316 3345 1384 3399 ab
1412 3344 1598 3399 eadem
1631 3352 1844 3398 natura-

274 3440 335 3499 lis
363 3443 568 3497 numeri
607 3442 904 3511 quantitate
929 3440 981 3493 in
1012 3453 1131 3492 sese
1160 3444 1472 3491 coacervata
1493 3477 1506 3498 ,
1537 3436 1609 3489 ita
1639 3444 1692 3488 ut
1722 3433 1846 3487 duo-

274 3530 367 3587 bus
394 3548 605 3601 semper
635 3531 930 3599 interjectis
977 3528 1219 3583 numeris
1260 3528 1521 3595 superiori
1552 3526 1636 3580 vel
1683 3538 1845 3593 supe-

272 3623 524 3686 rioribus,
566 3623 788 3676 vincens
844 3620 1080 3674 ternario
1127 3633 1247 3672 eum
1290 3617 1373 3670 cui
1419 3616 1724 3685 iungendus
1764 3623 1847 3669 est

271 3726 607 3785 Iggregetur.
643 3713 880 3780 Namque
919 3712 1141 3773 unitati,
1190 3708 1509 3762 intermissis
1556 3707 1765 3759 duobus
1795 3713 1849 3758 et

266 3804 463 3868 tribus,
493 3803 536 3854 si
577 3811 803 3869 quatuor
831 3800 1041 3867 iungas,
1082 3798 1170 3865 qui
1200 3797 1370 3850 tribus
1397 3797 1563 3864 ipsam
1595 3802 1850 3861 superent

271 3892 564 3956 unitatem,
599 3889 871 3958 quinarius
914 3872 1245 3957 pentagonus
1290 3886 1674 3955 procreabitur.
1721 3884 1848 3937 Post

273 3985 305 4036 ὁ
330 3995 454 4034 vero
476 3980 551 4043 si,
576 3980 881 4033 intermisso
907 3977 1148 4047 quinario
1174 3984 1228 4031 et
1251 3977 1485 4041 senario,
1513 3976 1543 4028 7
1570 3988 1846 4043 aggreges,

283 4069 668 4123 duodenarium
712 4078 1064 4138 pentagonum
1114 4068 1438 4134 procreabis.
1469 4066 1710 4133 Namque
1742 4064 1766 4116 1
1797 4074 1850 4117 et

273 4163 305 4214 li
337 4169 389 4214 et
419 4162 447 4212 7
480 4160 687 4213 numeri
722 4158 788 4211 12
820 4160 1130 4229 explebunt.
1172 4159 1282 4212 Hoc
1319 4159 1478 4211 etiam
1514 4158 1563 4210 in
1593 4157 1708 4210 aliis
1737 4155 1844 4210 ﬁet.

273 4246 401 4301 Nam
429 4248 472 4301 si
502 4246 586 4315 l0,
618 4248 701 4301 vel
736 4246 819 4309 15,
845 4249 928 4301 vel
960 4248 1045 4311 16,
1078 4247 1162 4300 vel
1195 4245 1284 4310 19,
1310 4246 1391 4298 vel
1421 4245 1520 4310 22,
1554 4245 1637 4297 vel
1668 4242 1737 4296 ‘25
1759 4258 1849 4298 Stl-

272 4336 566 4402 perioribus
595 4335 801 4389 cunctis
843 4335 1173 4401 adiunxeris,
1202 4332 1407 4388 eodem
1452 4348 1557 4401 quo
1605 4334 1849 4400 superius

274 4425 433 4478 modo
474 4423 760 4492 pentagoni
807 4422 967 4488 ﬁent,
1024 4422 1317 4477 secundum
1370 4423 1697 4485 superiorem
1749 4422 1847 4477 de-

275 4514 640 4582 scriptionem.

390 4636 1728 4715 teslsslstlrolsztml

869 4786 1093 4840 CAPUT
1138 4787 1251 4840 XV.

501 4897 578 4952 De
606 4900 883 4969 hexagonis
906 4914 1175 4967 eorumque
1200 4897 1620 4966 generationibus.

348 5010 617 5078 Hexagoni
662 5019 867 5076 autem,
906 5009 993 5078 qui
1040 5025 1130 5063 sex
1163 5007 1391 5076 angulis,
1433 5018 1486 5061 et
1526 5005 1842 5075 lieptagoni,

279 5099 365 5168 qui
393 5099 424 5151 7
455 5112 639 5151 rursus
668 5098 919 5152 lateribus
950 5100 1306 5161 continentur,
1356 5097 1648 5151 seCuudum
1701 5096 1842 5148 hunc

278 5189 490 5242 modum
523 5204 704 5243 eorum
736 5189 959 5243 laterum
991 5199 1268 5256 augmenta
1294 5196 1654 5242 succrescunt.
1688 5185 1846 5241 Nam-

277 5292 380 5345 que
412 5279 461 5329 io
490 5278 729 5347 trianguli
755 5280 960 5333 numeri
990 5287 1180 5334 natura
1207 5282 1681 5349 procreationeque
1702 5278 1846 5346 ipzos

256 5380 526 5438 Quumeros
548 5368 917 5437 jungebamus,
955 5370 1045 5438 qui
1086 5384 1206 5424 sese
1257 5370 1307 5422 in
1357 5369 1584 5423 naturali
1615 5367 1846 5435 disp'isi-

277 5456 421 5508 tione
456 5467 822 5525 sequerentur,
859 5466 913 5511 et
952 5474 1010 5512 se
1054 5466 1258 5512 tantum
1289 5457 1493 5511 unitate
1524 5458 1839 5520 transirent;

276 5545 473 5611 quadra
502 5547 514 5599 i
547 5562 672 5602 vero
716 5550 956 5612 numeri,
996 5549 1047 5603 id
1088 5560 1173 5604 eSt
1218 5544 1477 5617 tetragoni
1520 5549 1838 5616 procreatio,

277 5635 523 5691 debate:
570 5637 805 5692 numeris
830 5638 918 5705 qui
964 5653 1071 5701 uno
1098 5640 1402 5694 intermisso
1430 5640 1835 5706 copulabantur,
1910 5635 1956 5702 ἔ,

1810 1774 1817 1777 ’
1860 1775 1909 1832 Β

1943 510 2041 561 fuit
2063 523 2126 562 ex
2155 508 2362 561 duobus
2389 505 2715 574 interpositis
2745 505 3053 574 relictisque
3077 507 3163 574 qui
3192 521 3250 561 se
3280 507 3516 562 ternario

1944 599 2239 651 vincerent.
2267 596 2568 650 Secundum
2607 609 2819 663 quoque
2863 594 2985 648 talia
3015 605 3297 663 augmenta
3348 597 3514 651 hexa-

1940 703 2237 757 gonorum,
2284 688 2369 741 vel
2401 696 2814 755 octogonorum,
2845 686 2926 740 vel
2974 686 3005 739 9
3058 686 3282 740 laterum
3324 688 3513 755 ﬁgura,

1942 777 2025 831 vel
2068 777 2155 841 10,
2188 777 2270 829 vel
2310 776 2569 844 quotlibet
2597 776 2856 841 aliorum,
2892 776 3215 843 competenti
3265 791 3515 845 progres-

1940 864 2092 917 sione
2119 864 2418 925 conﬁcitnr.
2455 863 2521 917 Ut
2558 863 2699 916 enim
2733 864 2783 916 in
2830 873 3155 931 pentagono,
3188 863 3395 918 duobus
3434 866 3516 918 iu-

1942 952 2198 1005 termissis
2224 966 2317 1005 eos
2333 951 2683 1019 jungebamus
2704 952 2792 1019 qui
2820 966 2878 1005 se
2909 952 3142 1005 ternario
3173 963 3511 1020 superarent,

1942 1037 2013 1091 ita
2048 1040 2265 1092 nuncin
2315 1041 2609 1106 liexagono,
2646 1040 2813 1093 tribus
2854 1040 3171 1093 intermissis
3200 1055 3293 1094 eos
3330 1042 3515 1110 junge-

1939 1124 2056 1182 mus
2081 1128 2169 1197 qui
2207 1145 2266 1183 se
2296 1131 2634 1197 qnateruario
2666 1139 2969 1195 transeant,
3000 1140 3053 1185 et
3093 1143 3250 1185 erunt
3293 1135 3507 1207 quidem

1937 1233 2123 1272 eorum
2151 1220 2358 1274 radices
2381 1230 2437 1273 et
2477 1220 2842 1287 fundame..ta,
2866 1238 2931 1276 ex
2958 1223 3146 1291 quibus
3172 1223 3372 1292 junctis
3398 1242 3515 1280 om-

1939 1324 2033 1361 nes
2062 1308 2319 1376 liexagnni
2351 1318 2657 1363 nascuntur.

1940 1569 2004 1619 Et
2031 1568 2095 1621 ad
2137 1568 2385 1623 eumdem
2427 1571 2671 1623 ordinem
2712 1554 3119 1641 consequentes,
3149 1588 3307 1646 atquo
3331 1579 3401 1633 ab.
3427 1545 3507 1636 bis

1935 1660 2349 1726 sexangulorum
2377 1659 2560 1714 forma:
2586 1674 2896 1717 nascuntur.

1936 1921 2081 1986 Quos
2110 1924 2172 1975 ad
2205 1927 2536 1991 superiorem
2582 1930 2830 1994 modum,
2859 1932 3061 1987 scilicet
3106 1935 3425 2007 descriptos,
3459 1940 3514 1993 in

1937 2010 2169 2077 propriis
2200 2012 2478 2068 ordinibus
2507 2020 2832 2083 pernotabis.

1948 1421 2300 1431 .———-——_

2306 1422 3507 1446 ——.—_—.—1—_.-1~————‘

2274 1436 2289 1509 ι
2499 1436 2509 1510 t
2602 1450 2631 1496 9
2721 1439 2735 1511 J
2818 1450 2869 1494 ιλ
2945 1436 3400 1519 LnT‘Ft

2524 2152 2747 2208 CAPUT
2791 2155 2931 2210 XVI.

1940 2258 2016 2313 De
2045 2262 2345 2333 heptagom‘s
2392 2283 2663 2335 eorumque
2704 2272 3131 2339 generationibus,
3161 2287 3204 2328 et
3244 2280 3519 2334 communis

2012 2354 2232 2403 omnium
2263 2354 2549 2424 ﬁgurarum
2574 2357 2889 2412 invenitnda:
2931 2368 3271 2429 generationis
3310 2369 3520 2437 regula,

2010 2442 2494 2511 descriptionisqun.

2011 2551 2227 2619 Septem
2257 2570 2385 2609 vero
2428 2560 2740 2627 angulorum
2780 2556 2945 2634 ﬁgura
2973 2576 3083 2634 est,
3113 2584 3231 2624 cum
3276 2573 3340 2626 ad
3372 2589 3521 2629 eum-

1937 2638 2063 2692 dem
2093 2642 2336 2697 ordinem
2370 2651 2756 2716 progressionis
2784 2669 2890 2707 uno
2916 2657 3031 2723 plus
3057 2674 3214 2727 quam
3244 2662 3296 2713 in
3324 2676 3521 2717 sexan-

1941 2729 2183 2795 gulorum
2218 2732 2381 2799 ﬁgura
2411 2751 2630 2791 numero
2657 2742 2960 2798 intermisso
2984 2750 3245 2814 superiori
3282 2754 3509 2818 conjuna

1944 2818 2104 2870 xeris.
2128 2819 2260 2877 Nam
2294 2823 2336 2874 si
2362 2834 2589 2891 quatuor
2620 2828 2966 2897 interpositis,
3000 2839 3087 2902 qui
3119 2850 3237 2889 sese
3267 2840 3515 2905 quinario

1946 2910 2195 2975 vincant,
2246 2919 2646 2985 aggregaveris,
2700 2920 2977 2990 lteptagoni
3043 2927 3297 2981 continuo
3356 2930 3520 3000 ﬁgura

1948 3010 2213 3067 nascetur,
2239 3011 2295 3054 ut
2318 3003 2368 3056 hi
2399 3008 2605 3060 numeri
2631 3010 2737 3062 sint
2762 3025 2946 3066 eorum
2986 3014 3211 3080 radices,
3242 3027 3294 3071 ct
3324 3020 3402 3086 (ut
3429 3035 3519 3074 su-

1867 3119 1919 3181 ρ
1951 3090 2126 3155 peritis
2159 3090 2358 3143 dictum
2384 3094 2487 3160 εει)
2522 3096 2888 3173 fundamenta.

1958 3200 3521 3307 W

1947 3352 2045 3417 Qui
2075 3350 2202 3406 vezo
2224 3370 2285 3406 ex
2318 3355 2397 3406 his
2419 3366 2664 3409 constant
2701 3359 2749 3410 lii
2780 3369 2923 3413 sunt.

2440 3231 2469 3275 6

1949 3631 2147 3685 Novem
2175 3648 2301 3685 vero
2326 3633 2639 3702 angulorum
2677 3638 2969 3691 secundum
3001 3642 3246 3697 eumdem
3280 3646 3523 3702 ordinem

1950 3720 2119 3774 forma
2169 3734 2499 3789 procreatur,
2544 3725 2611 3777 ita
2662 3736 2717 3778 ut
2762 3729 3054 3782 secundum
3096 3734 3354 3800 :rqualem
3400 3753 3524 3803 pro-

1948 3809 2273 3877 gressionem
2329 3812 2481 3879 primi
2528 3828 2738 3882 quoque
2793 3830 2977 3870 eorum
3030 3822 3236 3874 numeri
3299 3823 3518 3878 distent.

1952 3902 2083 3956 Nam
2115 3904 2166 3955 in
2202 3906 2463 3972 triangulo
2506 3905 2595 3973 qui
2642 3915 2766 3959 sunt
2794 3910 3029 3975 numeri,
3065 3926 3182 3978 qua:
3230 3914 3399 3979 prima
3432 3931 3520 3967 su-

1952 3994 2186 4061 per-ﬁcici
2219 3994 2380 4063 ﬁgura
2407 4006 2516 4057 est,
2549 4010 2651 4049 uno
2681 4012 2803 4052 sese
2833 4009 3032 4052 tantum
3071 4008 3274 4057 numeri
3321 4019 3520 4073 prrcce-

1953 4083 2113 4145 dunt,
2148 4084 2234 4150 qni
2264 4085 2464 4138 Scilicet
2501 4101 2684 4140 eorum
2719 4098 2963 4143 naturam
3004 4084 3527 4165 descriptionemque

1952 4174 2253 4244 perﬁciunt.
2283 4177 2335 4230 lu
2377 4185 2652 4246 tetragono
2679 4196 2805 4234 vero
2839 4182 2927 4250 qui
2960 4186 3224 4238 secundus
3252 4196 3365 4252 est,
3392 4189 3529 4241 duo-

1953 4267 2052 4320 lius
2096 4282 2215 4321 sese
2256 4268 2423 4336 junCti
2473 4271 2680 4323 numeri
2723 4273 2971 4337 vincunt,
3017 4284 3070 4328 et
3125 4277 3177 4328 in
3226 4286 3528 4346 pentagono

1955 4358 2009 4421 5,
2035 4367 2087 4410 et
2117 4359 2166 4410 in
2202 4358 2477 4427 hexagono
2505 4362 2565 4427 4,
2595 4371 2647 4416 et
2675 4362 2726 4415 in
2759 4363 3057 4433 lieptagono
3084 4365 3136 4432 5,
3164 4366 3423 4435 linjnsque
3454 4373 3527 4421 rei

1958 4449 2132 4503 nullus
2160 4460 2240 4503 est
2272 4452 2477 4503 modus.
2512 4452 2626 4505 Hoc
2668 4462 2843 4511 autem
2886 4470 2982 4509 nos
3020 4456 3379 4521 subjectarnm
3421 4459 3529 4510 for-

1876 4538 1933 4602 Ι)
1962 4556 2167 4592 marum
2200 4542 2586 4607 descriptiones
2613 4541 2897 4593 docebunt.

2459 4720 2502 4769 1.
2533 4723 2576 4769 Ξ.
2664 4722 2673 4727 ’
2831 4722 2875 4770 1.
2904 4724 2953 4770 2.
2979 4724 3029 4769 3.
3188 4722 3231 4770 1.
3259 4726 3372 4773 2.3.
3398 4725 3444 4775 ι.

2087 4825 2170 4985 /3\
2490 4806 2545 4942 ’ἰ
2889 4816 2931 4862 G
3256 4815 3320 4856 Io

1912 5304 2184 5367 ⁸-
2428 5363 2446 5422 t
2628 5364 2653 5425 1

1909 5376 1921 5669 1
1964 5295 2727 5701 QE}
