4202 6250
710 298 838 352 1127

1239 3962 1465 4024 CAPUT
1505 3969 1670 4025 XVII.

747 4060 1030 4134 Descriptio
1059 4071 1395 4141 ﬁguratarum
1427 4098 1756 4136 numerorum
1786 4084 1838 4136 in
1873 4085 2073 4138 ordine.

749 4168 1005 4265 similiter
1033 4188 1209 4235 autem
1238 4185 1417 4242 licebit
1455 4201 1510 4244 et
1535 4193 1756 4247 aliarum
1794 4195 2107 4258 formarum,
2137 4211 2256 4265 quas

681 4257 918 4347 pluribus
953 4268 1157 4334 angulis
1200 4276 1564 4344 continentur,
1595 4285 1920 4347 quantitates
1961 4257 2251 4342 ascribere.

681 4345 782 4398 Sed
814 4353 1059 4416 quoniam
1093 4356 1296 4415 facilius
1335 4368 1506 4421 oculis
1540 4370 1780 4438 subjecta
1811 4375 2128 4438 retinentur,
2160 4391 2253 4430 su-

680 4438 807 4502 prad
835 4449 1038 4498 clarum
1091 4447 1384 4507 formarum
1434 4460 1792 4514 numerositas
1843 4462 1895 4515 in
1947 4464 2252 4520 subteriare

679 4523 1035 4597 descriptione
1069 4548 1317 4605 ponatur.

868 4701 2203 4783 Μειδιδιζιυιίδιὶιιῇ

752 4865 2206 4964 Il'etitagWIW

680 4939 883 4966 ._‘_—.
907 4950 916 4956 _
1074 4939 1082 4946 '
1232 4939 1240 4954 Ι
1390 4939 1392 4956 |

1393 4961 2038 4976 N———_—_

2045 4970 2246 4978 ——_

1553 5055 1708 5062 —__

1739 5059 2030 5067 -ξ

2045 5062 2240 5071 ——_.

1229 5208 1455 5267 CAPUT
1494 5216 1675 5269 XVIII.

673 5305 776 5371 Qui
800 5309 1009 5377 ﬁgurati
1055 5319 1252 5370 numeri
1273 5336 1334 5372 ea:
1357 5323 1539 5390 quibus
1569 5325 1804 5392 ﬁguratis
1832 5331 2063 5382 numeris
2095 5331 2242 5399 ﬁant,

743 5409 892 5465 atque
921 5405 1054 5467 quod
1082 5408 1364 5477 triangulus
1396 5429 1636 5466 numerus
1661 5415 1885 5468 omnium
1931 5420 2244 5488 reliquorum

740 5491 872 5550 print
887 5491 1046 5559 ipium
1074 5496 1157 5548 sit.

738 5599 830 5653 liis
875 5601 1033 5670 igitur
1069 5605 1138 5659 ita
1185 5621 1305 5663 sese
1351 5609 1687 5675 habentibus,
1715 5615 1841 5683 quid
1877 5617 1924 5670 in
1959 5587 2054 5672 hac
2087 5634 2144 5672 re
2172 5621 2241 5673 sit

665 5701 999 5759 consequens
1027 5695 1424 5766 investigemus.
1447 5699 1645 5757 Omnes
1676 5704 1816 5757 enim
1850 5707 2107 5774 tetragoni
2138 5708 2230 5774 qui

1917 313 2024 370 AN.
2069 315 2275 370 MANL.
2317 316 2468 372 ξεν.
2509 316 2733 372 ΒΟΕῙΊῙ

2306 434 2355 490 Α
2384 451 2482 504 sub
2513 451 2791 522 triangulis
2819 461 2942 507 sunt
2969 455 3198 509 naturali
3227 455 3562 512 ordinatione
3599 457 3875 528 dispositi,
3902 476 3967 514 ex

865 1183 871 1188 Ι
1137 1118 1182 1164 7.
1725 1128 1770 1176 1.
1793 1128 1914 1237 L21.
1942 1131 2025 1181 I0.

1098 1316 1115 1368 I
1853 1324 1874 1368 Ι

733 1270 2220 1991 Δρ

774 1547 805 1610 ὶ
1093 1543 1112 1604 Ι
1399 1563 1456 1611 ι·
1532 1561 1550 1609 ι
1735 1549 1754 1596 Ι
1967 1553 2002 1599 Ἰ
2175 1561 2248 1610 ορ

781 1711 787 1720 η
1554 1659 1572 1708 l
1735 1661 1757 1708 I
1865 1694 1871 1698 -
1963 1667 1986 1716 l
2141 1604 2236 1733 t/

789 1707 850 1796 τ’
1086 1722 1106 1780 ¹
1317 1577 1456 1979 /
1593 1787 1621 1836 ι
1751 1785 1769 1844 I
1928 1795 1952 1850 ι
2084 1799 2115 1852 ι
2300 1786 2348 1845 B

813 1822 1103 1980 Li
1632 1914 1657 1956 ι
1768 1752 2183 2001 .__..___./

1119 2185 1139 2234 ι
1772 2134 1886 2244 165.

1138 2298 1160 2312 ⁸
1812 2325 1831 2375 t

1067 2563 1103 2632 1
1681 2597 1686 2599 _

1526 2776 1544 2837 Ι
2089 2799 2110 2857 t

952 2849 1354 3015 \V//

2280 4501 2334 4562 D

3829 325 3970 401 tias

2382 544 2751 610 superioribus
2789 545 3067 615 triangulis
3098 556 3462 614 procreantur,
3502 549 3832 618 illorumque
3858 552 3970 605 col-

2382 633 2617 687 lectione
2667 635 2911 702 quadrati
2947 638 3108 706 figura
3154 639 3509 708 componitur.
3546 634 3790 706 Quatuor
3823 643 3969 695 enim

2383 731 2701 792 tetraganus
2730 725 2788 778 ﬁt
2815 741 2881 780 ex
2907 741 3013 780 uno
3041 737 3094 781 et
3113 729 3283 787 tribus
3304 769 3320 794 ,
3349 728 3400 783 id
3427 737 3594 784 estex
3623 730 3843 785 duobus
3884 746 3970 784 su-

2380 816 2683 883 perioribus
2707 817 3003 885 triangulis.
3043 817 3245 873 Navem
3269 835 3418 884 vero,
3441 821 3693 875 extribus
3722 831 3776 875 et
3793 824 3853 887 6,
3873 826 3968 877 sed

2387 904 2601 971 utrique
2623 915 2748 959 sunt
2779 906 3052 975 trianguli.
3076 908 3147 962 At
3175 909 3242 962 I6
3271 923 3334 963 ex
3369 910 3401 963 6
3429 920 3484 963 et
3507 909 3588 972 I0,
3611 921 3666 965 et
3691 913 3765 967 25
3796 927 3872 965 ex
3904 913 3968 966 I0

2378 996 2809 1067 etI5.Idemque
2845 997 2897 1051 in
2931 999 3175 1064 sequenti
3203 1001 3392 1054 ordine
3412 1001 3813 1069 quadratorum
3838 1019 3967 1058 con-

2377 1096 2527 1142 stans
2542 1098 2704 1158 alque
2721 1090 3050 1146 immutabile
3073 1093 3356 1162 reperitur.
3380 1094 3810 1164 Pentagonarum
3834 1111 3965 1152 vero

2375 1192 2600 1233 summa:
2638 1180 2992 1235 conﬁciuntur
3027 1198 3090 1236 ex
3135 1197 3246 1237 uno
3272 1197 3433 1253 super
3468 1199 3528 1239 se
3568 1194 3881 1253 tetragono,
3913 1197 3964 1242 et

2376 1268 2703 1325 altrinsecus
2734 1272 2997 1341 triangula
3027 1273 3336 1328 constituto.
3369 1274 3609 1344 Namque
3631 1277 3665 1332 5
3701 1289 3961 1348 pentago-

2375 1375 2494 1426 nus,
2531 1377 2596 1418 ex
2625 1373 2850 1431 quatuor
2875 1379 3036 1433 super
3071 1379 3129 1420 se
3156 1367 3330 1434 posito
3353 1375 3649 1436 tetragono,
3673 1378 3731 1422 et
3756 1385 3823 1424 ex
3853 1385 3960 1425 uno

2373 1452 2463 1518 qui
2491 1450 2545 1504 in
2575 1453 2956 1521 Iriangulorum
2979 1455 3171 1510 ordine
3193 1456 3427 1523 ponitur,
3454 1468 3796 1527 aggregatur.
3821 1461 3959 1514 Duo-

2373 1540 2546 1594 decim
2582 1556 2710 1596 vero
2739 1552 3088 1612 pentagonus,
3117 1560 3181 1599 ex
3213 1547 3504 1601 novenario
3546 1562 3713 1616 super
3741 1564 3803 1604 se
3830 1565 3958 1618 qua-

2373 1631 2549 1697 drato,
2579 1642 2635 1688 et
2665 1635 2834 1689 tribus
2874 1636 3112 1689 secundo
3151 1637 3415 1707 triangula
3458 1639 3719 1693 nascitur.
3755 1641 3954 1710 Viginti

2376 1721 2482 1777 duo
2511 1739 2638 1777 vero
2667 1739 2731 1778 ex
2778 1725 2843 1779 I6
2881 1735 2935 1780 et
2961 1727 3014 1793 6,
3047 1727 3304 1794 quadrato
3352 1729 3554 1784 scilicet
3595 1739 3762 1798 atque
3795 1733 3957 1786 trian-

2373 1815 2518 1882 gula,
2552 1825 2609 1870 et
2650 1817 2719 1871 55
2752 1831 2815 1870 ex
2849 1817 2920 1868 25
2946 1827 3000 1872 et
3031 1818 3118 1884 I0,
3143 1828 3196 1873 et
3236 1819 3287 1874 in
3316 1820 3555 1875 ordinem
3603 1824 3668 1877 ad
3703 1825 3953 1879 eumdem

2371 1902 2588 1956 modum
2619 1904 2916 1958 intuentem
2945 1906 3088 1958 nulla
3117 1909 3384 1962 cunetatio
3424 1912 3828 1966 contrarietatis
3860 1915 3953 1967 im-

2371 1993 2570 2062 pediet.
2610 1996 2677 2048 At
2712 2010 2840 2050 vero
2885 1996 2931 2049 si
2963 1997 3270 2065 bexagonos
3319 1999 3506 2054 librata
3551 2004 3951 2059 examinatione

2373 2086 2688 2155 perSpicias,
2723 2103 2792 2144 ex
2830 2088 3032 2144 eisdem
3074 2090 3349 2160 triangulis
3377 2101 3431 2146 et
3466 2107 3628 2161 super
3669 2109 3733 2148 se
3764 2098 3949 2164 positis

2374 2176 2688 2245 pentagonis
2733 2188 3103 2247 procreantur.
3130 2179 3368 2250 Namque
3407 2197 3501 2236 sex
3541 2182 3860 2252 bexagonus
3887 2201 3947 2239 ex

2369 2266 2615 2333 quinario
2646 2277 2946 2338 pentagono
2983 2280 3037 2325 et
3069 2287 3176 2325 uno
3215 2273 3302 2342 qui
3337 2283 3418 2327 est
3462 2273 3517 2326 in
3557 2274 3945 2344 trianguiorum

2370 2355 2560 2410 ordine
2612 2357 2908 2426 dispositus
2958 2360 3212 2414 nascitur.
3242 2361 3351 2415 Nec
3395 2361 3496 2415 alia
3545 2372 3630 2417 est
3680 2366 3834 2432 origo
3882 2367 3941 2420 I5

2371 2445 2658 2514 bexagoni,
2691 2449 2792 2501 nisi
2826 2464 2889 2502 ex
2919 2447 3246 2505 duodenario
3276 2460 3575 2521 pentagano
3613 2464 3669 2509 et
3709 2458 3938 2510 ternario

2372 2535 2660 2604 triangula.
2689 2537 2838 2603 Quod
2870 2539 2916 2592 si
2940 2541 3011 2592 28
3035 2556 3244 2595 rursum
3275 2544 3606 2611 hexagonum
3647 2559 3713 2599 ex
3756 2546 3941 2614 quibus

2370 2625 2739 2691 superioribus
2771 2637 3018 2683 nascatur
3051 2631 3315 2699 addiscas,
3349 2635 3523 2689 nullos
3554 2636 3797 2692 invenies
3835 2639 3937 2694 nisi

2367 2713 2440 2768 22
2468 2725 2826 2784 pentagonum
2859 2720 3235 2790 senariumque
3259 2724 3599 2794 triangulum.
3631 2729 3803 2798 Atque
3840 2729 3939 2783 hoc

2373 2805 2426 2859 in
2469 2807 2702 2861 caeteris.
2729 2807 2835 2863 Nec
2862 2807 3003 2864 hunc
3051 2814 3307 2880 geniturae
3340 2815 3581 2870 ordinem
3614 2816 3940 2886 beptagnno-

2370 2912 2488 2950 l‘llm
2515 2899 2813 2965 procreatio
2839 2901 3108 2955 refutabit.
3132 2902 3369 2972 Namque
3398 2920 3461 2958 ex
3492 2919 3653 2975 super
3677 2921 3732 2960 se
3772 2907 3940 2961 hexa—

2373 2987 2549 3054 gonis,
2598 2996 2653 3040 et
2700 3002 2763 3040 ex
2793 2990 3000 3043 eminus
3029 2991 3215 3058 positis
3265 2992 3543 3061 triangulis
3571 3005 3939 3063 procreantur.

2369 3075 2588 3142 Septem
2635 3076 2776 3129 enim
2812 3076 3142 3146 heptagonus
3184 3081 3422 3134 nascitur
3452 3095 3514 3134 ex
3541 3084 3757 3137 senario
3789 3084 3938 3139 ltexa.

2295 3141 2340 3201 Ο
2372 3141 2532 3233 gona,
2562 3173 2616 3217 et
2639 3179 2745 3218 uno
2772 3141 3035 3234 potestaIe
3062 3167 3345 3236 triangula,
3373 3170 3438 3223 I8
3459 3185 3584 3224 vero
3615 3171 3939 3241 heptaganus

2373 3272 2437 3311 ex
2462 3259 2529 3313 I5
2559 3257 2836 3328 hexagono
2866 3269 2919 3315 et
2944 3262 3176 3316 ternario
3204 3263 3466 3332 triangula
3490 3265 3871 3333 canjungatur,
3893 3275 3939 3324 et

2372 3349 2442 3403 54
2469 3364 2535 3404 ex
2563 3348 2656 3413 28,
2687 3349 2892 3404 scilicet
2921 3349 3198 3420 hexagona
3219 3361 3270 3406 et
3302 3353 3515 3407 senario
3537 3354 3828 3425 triangula,
3862 3367 3941 3410 at-

2370 3451 2474 3506 que
2496 3436 2597 3491 hoc
2619 3437 2671 3490 in
2697 3439 2903 3492 cunctis
2927 3439 3246 3494 inoffensum
3267 3441 3508 3510 reperire
3535 3433 3683 3497 licet.
3717 3444 3939 3501 Videsne

2368 3527 2531 3595 igitur
2559 3537 2617 3580 ut
2637 3529 2842 3594 primus
2866 3529 3108 3582 omnium
3139 3529 3434 3600 triangulus
3455 3543 3774 3587 cunctorum
3797 3549 3938 3588 sum-

2369 3630 2483 3670 mas
2510 3615 2728 3684 efficiat,
2759 3625 2812 3671 et
2839 3618 3074 3672 omnium
3121 3620 3585 3688 procreationibus
3616 3623 3937 3679 misceatur!

2950 3767 3174 3825 CAPUT
3213 3771 3356 3825 XIX.

2437 3855 2706 3910 Pertinens
2735 3858 2802 3910 ad
2830 3858 3167 3928 ﬁguratorum
3193 3877 3522 3918 numerarunt
3549 3865 3933 3934 descriptionem

3006 3954 3302 4021 Speculatio.

2434 4072 2498 4126 Ili
2525 4089 2654 4147 vero
2699 4089 2884 4130 omnes
2924 4077 2966 4130 si
2993 4077 3058 4131 ad
3099 4078 3432 4136 latitudinem
3482 4083 3680 4138 fuerint
3721 4099 3931 4153 compa.

2362 4163 2483 4227 rati,
2519 4163 2569 4217 id
2590 4172 2673 4218 est
2705 4167 2951 4233 trianguli
2998 4171 3305 4237 tetragonis,
3328 4172 3412 4226 vel
3455 4175 3712 4242 tetragoni
3754 4185 3931 4243 penta.

2361 4251 2533 4319 ganis,
2561 4253 2646 4307 vel
2695 4256 2978 4324 pentagoni
3029 4257 3340 4327 hexagonis,
3375 4261 3458 4314 vel
3492 4261 3545 4315 bi
3587 4278 3774 4317 rursus
3805 4265 3932 4333 hep-

2361 4342 2588 4410 tagonis,
2617 4344 2734 4397 sine
2776 4345 2954 4413 aliqua
2983 4346 3314 4402 dubitatione
3361 4351 3658 4420 triangulis,
3693 4367 3814 4407 sese
3843 4367 3929 4407 su-

2357 4434 2640 4502 perabunt.
2690 4435 2927 4505 Namque
2956 4437 3002 4493 si
3033 4442 3325 4494 ternarium
3362 4441 3686 4512 triangulum
3717 4454 3930 4513 qualer-

2360 4535 2541 4599 nario,
2570 4535 2651 4588 vel
2700 4539 3091 4606 quaternarium
3142 4548 3473 4611 tetragonum
3520 4543 3802 4612 quinario,
3844 4547 3930 4600 vel

2359 4625 2658 4691 quinarium
2689 4635 3043 4698 pentagonum
3073 4633 3285 4686 senario
3319 4633 3614 4703 hexagono,
3651 4636 3730 4688 vel
3767 4649 3932 4689 sena-

2359 4715 2498 4768 rium
2520 4718 2824 4785 septenario
2849 4718 3147 4790 ltcptagono
3169 4736 3469 4791 compares,
3493 4725 3659 4793 primo
3679 4737 3735 4776 se
3762 4722 3931 4777 trian-

2358 4803 2502 4871 gula,
2531 4805 2581 4859 id
2619 4816 2702 4860 est
2739 4809 2851 4862 sola
2883 4817 3159 4865 transeunt
3187 4813 3407 4867 unitate‘.
3436 4817 3505 4868 At
3535 4829 3666 4868 vero
3694 4815 3739 4867 si
3767 4829 3927 4868 sena-

2360 4893 2469 4946 rius
2497 4904 2682 4950 caulra
2728 4899 3104 4965 novenarium,
3131 4901 3216 4954 vel
3255 4901 3340 4955 hic
3370 4913 3553 4957 contra
3587 4903 3681 4967 I2,
3711 4903 3793 4957 vel
3839 4904 3928 4958 hic

2357 4993 2541 5038 contra
2583 4987 2681 5051 I5,
2731 4988 2819 5042 vel
2859 4990 2925 5043 15
2953 4999 3140 5045 contra
3171 4992 3235 5046 18
3273 5007 3367 5058 pro
3409 4992 3744 5046 inveniendis
3773 4992 3928 5047 diIIe-

2357 5075 2544 5129 rentiis
2564 5087 2957 5146 comparentur,
2977 5079 3215 5134 secundo
3238 5094 3297 5135 se
3328 5079 3610 5150 triangula,
3641 5080 3694 5134 id
3717 5090 3800 5136 est
3818 5089 3925 5134 ter-

2356 5169 2526 5229 nario.
2567 5170 2913 5234 superabunt.
2947 5171 3140 5226 Decem
3165 5186 3296 5226 vero
3325 5172 3391 5226 ad
3433 5171 3519 5235 I6,
3554 5181 3609 5226 et
3640 5173 3705 5226 I6
3732 5173 3798 5226 ad
3829 5172 3923 5232 9.2.

2351 5267 2405 5313 et
2431 5260 2502 5313 2‘2
2525 5261 2590 5313 ad
2621 5259 2709 5324 28,
2729 5272 2782 5314 et
2801 5262 2870 5315 28
2890 5261 2954 5314 ad
2979 5261 3045 5315 54
3073 5261 3118 5314 si
3148 5273 3462 5329 componas,
3488 5262 3646 5317 tertio
3673 5275 3731 5315 se
3760 5262 3916 5314 trian-

2349 5350 2473 5417 gula
2502 5351 2735 5414 vincent,
2753 5351 2804 5404 id
2827 5359 2909 5405 est
2937 5352 3168 5405 senario.
3199 5351 3371 5421 Atque
3389 5350 3490 5405 hoc
3521 5351 3627 5406 rite
3653 5352 3928 5405 notabitur

2349 5441 2402 5492 in
2432 5439 2549 5492 aliis
2575 5441 2781 5499 cunctis
2810 5441 3155 5510 sequentibus
3185 5455 3307 5496 esse
3331 5451 3688 5510 perspectum,
3707 5455 3926 5494 omnes-

2349 5543 2452 5596 que
2479 5544 2538 5583 se
2565 5530 2843 5598 triangulis
2869 5531 3202 5586 antecedent.
3220 5533 3395 5597 Quare
3419 5531 3676 5600 perfecte,
3704 5542 3760 5583 ut
3781 5531 3924 5584 arbi-

2348 5628 2478 5679 tror.
2492 5618 2914 5674 demonstratum
2939 5630 3019 5675 est
3037 5621 3272 5674 omnium
3289 5621 3580 5697 formarum
3601 5619 3920 5690 principium

2344 5709 2773 5774 elementumque
2807 5725 2927 5765 esse
2968 5711 3287 5783 triangulum
